3930 6218
359 239 498 313 1167

1507 232 1773 296 ΡΗΟΤΙΙ
1812 228 2324 293 ΡΑΤΒΙΑΒΟΗᾸΕ
2353 229 2462 291 CP.

3504 228 3656 297 1168

355 362 521 426 prout
559 351 815 407 humanae
865 359 949 406 est
1002 356 1213 403 natura:
1265 343 1582 400 inferiorem
1643 358 1764 399 sese
1820 357 1958 413 prae-

2069 359 2170 407 πος
2200 340 2301 407 ὣν,
2325 339 2663 412 κατηνέχθη,
2699 338 2927 403 εἰκότως
2972 338 3116 396 κατά
3146 340 3247 411 τὴν
3296 341 3528 411 καρδίαν
3566 345 3673 399 τοῦ

359 446 562 514 buerit,
629 444 773 499 haud
808 441 1128 505 immerito,
1179 438 1265 495 vel
1313 437 1616 495 secundum
1669 451 1767 492 cor
1814 435 1953 500 Dei,

355 538 612 610 praestitit
643 546 695 592 et
730 536 953 606 pietate,
978 542 1034 591 et
1064 531 1285 590 caeteris
1327 530 1661 591 virtutibus,
1716 543 1825 583 non
1864 543 1954 583 so-

356 630 472 685 lum
507 629 680 694 Sauli,
709 629 801 685 sed
843 627 1010 683 etiam
1049 625 1309 682 omnibus
1351 622 1465 677 fere
1495 621 1585 691 qui
1616 620 1769 675 illum
1802 631 1960 675 aetate

359 718 647 774 consecuti
683 728 833 775 sunt.
869 715 1043 771 Nemo
1082 714 1253 780 enim,
1287 712 1484 783 inquit,
1520 722 1579 766 ut
1610 712 1779 766 David
1813 721 1960 766 recte

357 800 499 865 vixit
538 824 722 865 coram
779 807 1040 863 Domino.
1095 802 1307 861 Idcirco
1352 802 1695 875 prospiciens
1743 801 1961 857 Davidis

359 897 618 955 virtutem
649 900 916 972 propheta
951 896 1089 953 dixit
1125 914 1139 953 :
1177 914 1196 947 ι
1244 894 1508 962 Quaesivit
1554 890 1825 947 Dominus
1856 892 1960 948 sibi

360 991 542 1047 virum
571 992 727 1063 juxta
762 1005 859 1047 cor
889 1005 1051 1046 suum
1099 989 1192 1053 qui
1232 987 1396 1045 faciet
1430 1001 1623 1045 omnes
1650 985 1962 1041 voluntates

360 1081 503 1152 ejus.
547 1102 567 1135 ι

439 1176 587 1233 Nihil
617 1178 874 1250 prohibet
913 1176 997 1232 vel
1037 1176 1091 1231 in
1133 1174 1435 1248 Scripturis
1467 1177 1765 1247 quominus
1802 1173 1964 1245 hujus

359 1275 643 1334 sententiae
672 1273 935 1328 interiora
984 1271 1241 1336 scrutati,
1302 1285 1422 1326 eam
1474 1286 1584 1325 non
1615 1270 1668 1325 in
1700 1269 1959 1326 Davidem

356 1380 575 1427 tantum
612 1366 945 1431 referamus,
981 1365 1077 1421 sed
1107 1366 1294 1438 potius
1344 1364 1415 1420 ad
1469 1366 1622 1419 illum
1662 1373 1843 1421 ortum
1894 1380 1962 1421 ex

359 1462 570 1519 semine
604 1458 826 1514 Davidis
853 1468 906 1513 et
940 1457 1119 1524 Jesse,
1143 1458 1450 1522 Christum,
1484 1457 1648 1529 cujus
1673 1458 1827 1528 regni
1852 1471 1961 1511 non

356 1556 464 1612 erit
497 1553 644 1609 linis.
684 1551 853 1607 Sacra
890 1551 1037 1607 enim
1073 1549 1362 1621 Scriptura
1404 1549 1473 1604 de
1506 1549 1601 1604 illo
1632 1548 1763 1603 alibi
1793 1545 1961 1603 dicit:

363 1666 385 1701 ι
424 1648 546 1717 Ipse
573 1645 852 1721 invocabit
878 1659 965 1700 me
998 1642 1201 1699 :Pater
1226 1657 1383 1699 meus
1415 1657 1476 1699 es
1507 1652 1561 1699 tu
1589 1662 1605 1711 ;
1636 1651 1691 1698 et
1716 1656 1816 1714 ego
1847 1642 1963 1714 pri-

356 1739 704 1812 mogenitum
748 1753 952 1809 ponam
1008 1737 1160 1794 illum
1235 1737 1513 1794 excelsum
1569 1751 1684 1807 pra:
1739 1735 1961 1807 regibus

355 1841 518 1888 terrae
534 1832 600 1885 ".
634 1851 650 1884 ι
683 1830 859 1898 Quem
884 1831 1269 1902 praenuntians
1295 1845 1391 1903 per
1425 1829 1756 1901 PrOphetam
1791 1827 1958 1895 Deus,

358 1925 640 1981 Christum
663 1934 845 1981 ortum
874 1940 905 1981 e
947 1925 1156 1982 semine
1189 1923 1435 1990 Davidis,
1467 1924 1614 1994 quod
1661 1923 1855 1978 attinet
1893 1922 1961 1978 ad

358 2018 660 2086 hominem,
699 2015 940 2074 Verbum
968 2027 1154 2074 autem
1205 2033 1272 2073 ex
1309 2017 1443 2085 Deo,
1488 2018 1655 2072 Deum
1710 2014 1961 2072 Salvato-

359 2124 475 2165 rem
528 2119 784 2166 nostrum
847 2112 923 2166 ait
976 2110 1254 2167 invenisse
1287 2109 1594 2166 secundum
1638 2123 1735 2164 cor
1773 2117 1957 2171 suum,

359 2209 552 2273 utpote
598 2204 694 2258 uni
724 2212 777 2259 et
807 2204 984 2259 eidem
1043 2219 1108 2259 ac
1140 2204 1257 2274 ipse
1295 2203 1455 2260 Pater
1482 2202 1746 2258 voluntati
1805 2201 1960 2256 addi-

361 2302 550 2360 ctum;
580 2294 727 2364 quod
756 2294 946 2351 videas
972 2294 1137 2350 etiam
1170 2293 1226 2348 in
1249 2292 1488 2348 humana
1530 2291 1733 2348 Christi
1764 2300 1959 2346 natura

361 2386 451 2441 cui
484 2387 675 2442 eadem
710 2388 969 2444 voluntas
1007 2398 1120 2455 est,
1154 2388 1345 2445 eadem
1407 2386 1708 2444 voluntatis
1732 2400 1959 2455 expresu

358 2479 446 2533 sio
473 2489 638 2549 atque
671 2479 779 2551 ipsi
810 2478 921 2536 Deo
948 2480 1119 2535 Patri.
1155 2482 1287 2549 Quae
1312 2480 1427 2535 vult
1451 2480 1621 2545 enim,
1652 2480 1751 2541 ait,
1778 2477 1959 2543 Pater,

358 2569 477 2626 haec
507 2572 622 2627 vult
654 2588 878 2645 quoque
908 2572 1082 2630 Filius
1103 2615 1119 2642 ,
1158 2584 1213 2629 et
1246 2583 1505 2629 sexcenta
1551 2572 1679 2627 alia.
1724 2571 1879 2638 Quod
1916 2572 1961 2627 si

2061 432 2199 491 Θεοῦ
2234 434 2331 489 τοῦ
2354 433 2522 489 Δαϐὶδ
2553 433 2615 487 οὐ
2643 432 2782 504 πρὸς
2812 432 3025 486 ἐκεῖνον
3054 433 3238 503 μόνον,
3284 433 3429 488 κατά
3466 452 3530 488 τε
3559 435 3671 507 τὴν

2062 527 2348 583 εὐσέϐειαν
2370 527 2465 581 καὶ
2493 525 2591 598 τὴν
2620 525 2789 594 ἀλλην
2815 524 3020 597 ἀρετὴν
3044 524 3143 596 τὴν
3164 525 3442 599 ὑπεροχήν
3489 522 3669 599 εἶχεν,

2062 621 2200 677 ἀλλὰ
2226 622 2324 676 καὶ
2358 621 2495 691 πρὸς
2519 619 2646 684 τοὺς
2680 617 2885 689 »ἐφεξῆς
2935 618 3137 690 μικροῦ
3192 618 3423 684 πάντας·
3470 622 3672 687 Οὐδεὶς

2062 714 2191 786 γὰρ,
2211 714 2398 784 φησὶν,
2419 713 2635 782 ἐγένετο
2653 711 2729 776 ὡς
2748 710 2916 765 Δαδίδ
2938 715 3171 781 ποιήσας
3187 711 3251 765 τὸ
3274 713 3405 766 εὐθὺ
3429 713 3670 768 ἐνώπιον

2063 807 2273 880 Κυρίου
2301 822 2316 838 ·
2356 806 2446 861 διά
2472 803 2633 859 τοῦτο
2658 801 3048 877 προορώμενος
3076 803 3177 874 τὴν
3208 803 3307 857 τοῦ
3338 804 3508 858 Δασιδ
3530 806 3670 879 ἀρε·
3713 862 3720 867 ,

2062 898 2161 971 τὴν
2182 901 2213 952 ό
2235 899 2529 971 προφήτης
2552 898 2750 968 φησὶν,
2797 896 2875 959 ὡς
2900 915 2917 947 ι
2950 894 3263 962 Ἐκλέξεται
3293 896 3445 968 αὐτῷ
3470 898 3499 951 ό
3522 896 3665 962 Θεὸς

2064 989 2234 1062 ἄνδρα
2262 989 2407 1044 κατὰ
2451 991 2552 1061 τὴν
2587 987 2815 1060 καρδίαν
2848 985 3035 1054 αὑτοῦ,
3084 988 3179 1041 καὶ
3223 989 3444 1060 ποιήσει
3482 990 3672 1045 πάντα

2064 1082 2132 1136 τὰ
2170 1080 2378 1154 άρεστά
2406 1082 2637 1137 ἐνώπιον
2670 1081 2859 1138 αὑτοῦ.
2892 1102 2912 1135 ι

2130 1174 2307 1231 Οὐδὲν
2338 1174 2394 1229 δι
2420 1175 2621 1229 κωλύει
2643 1176 2740 1229 καὶ
2779 1176 2891 1232 ἀπὸ
2913 1177 3007 1232 τοῦ
3041 1179 3370 1250 γράμματος
3393 1175 3532 1247 πρὸς
3565 1175 3675 1246 τὴν

2065 1267 2307 1321 διάνοιαν
2339 1268 2730 1339 ἀναχωροῦντα
2759 1270 2837 1339 μὴ
2867 1270 2955 1323 ἐπ’
2991 1270 3204 1325 ἐκείνου
3240 1271 3399 1343 μόνον
3432 1268 3530 1323 τοῦ
3561 1269 3674 1320 Δα-

2067 1360 2155 1416 6ὶδ
2192 1362 2282 1417 τὸν
2304 1361 2556 1433 χρησμὸν
2579 1361 2829 1433 ἐκϐῆναι,
2865 1362 3006 1417 ἀλλά
3036 1362 3172 1418 πολὺ
3208 1362 3410 1434 μᾶλλον
3434 1363 3527 1416 ἐπὶ
3568 1362 3675 1414 τὸν

2066 1454 2177 1509 ἀπὸ
2200 1455 2296 1509 τοῦ
2332 1457 2652 1529 σπέρματος
2691 1456 2857 1512 Δαὸὶδ
2906 1458 3005 1512 καὶ
3049 1457 3248 1512 Ἰεσσαὶ
3283 1457 3670 1528 καταγόμενον

2066 1550 2328 1621 Χριστὸν,
2368 1542 2430 1603 οὗ
2471 1550 2572 1621 τῆς
2613 1550 2889 1617 βασιλείας
2922 1552 3023 1606 οὐκ
3066 1551 3220 1605 ἔσται
3247 1551 3429 1615 τέλος
3464 1551 3527 1603 τὸ
3552 1550 3671 1620 γὰρ

2069 1641 2215 1713 ἱερὸν
2237 1642 2477 1713 Γράμμα
2500 1643 2666 1713 φησὶν
2688 1642 2921 1715 ἀλλαχοῦ
2942 1644 3073 1717 περὶ
3092 1642 3282 1696 αὑτοῦ
3308 1662 3326 1695 ι
3347 1643 3521 1706 Αὐτὸς
3550 1643 3672 1694 ὲπι-

2064 1734 2357 1788 καλέσεταί
2381 1752 2450 1806 με
2480 1735 2725 1806 Πατέρα,
2758 1733 2916 1807 κάγὼ
2956 1736 3301 1808 πρωτότοκον
3324 1735 3476 1808 θήσω
3496 1734 3669 1789 αὑτὸν

2066 1826 2271 1899 ὑψηλὸν
2299 1828 2451 1900 παρά
2474 1829 2686 1893 πάντας
2713 1830 2843 1893 τοὺς
2869 1828 3149 1901 βασιλεῖς·
3181 1846 3199 1880 ι
3231 1827 3435 1882 Τοῦτον
3481 1844 3669 1895 τοιγα-

2069 1920 2197 1991 ροῦν
2246 1920 2531 1993 προδηλῶν
2573 1923 2601 1976 ὁ
2651 1922 2780 1986 Θεὸς
2831 1921 2919 1976 διὰ
2967 1922 3065 1976 τοῦ
3109 1922 3423 1994 Προφήτου,
3461 1920 3555 1974 τὸν
3599 1924 3670 1973 ἐκ

2068 2012 2386 2086 σπέρματος
2419 2013 2520 2085 μὲν
2551 2014 2718 2068 Δαὸιδ
2748 2014 2892 2069 κατὰ
2920 2016 2981 2068 τὸ
3016 2014 3383 2087 ἀνθρώπινον,
3430 2017 3496 2068 ὲκ
3525 2013 3666 2067 Θεοῦ

2064 2106 2121 2161 δὲ
2153 2106 2287 2163 Θεὸν
2308 2107 2500 2178 Λόγον,
2527 2108 2764 2182 Χριστὸν
2791 2108 2885 2164 τὸν
2910 2109 3141 2181 Σωτῆρα
3162 2112 3194 2180 ή
3204 2109 3345 2181 μῶν,
3364 2111 3529 2180 φησιν
3562 2108 3668 2160 αὐ-

2066 2199 2160 2254 τὸν
2194 2200 2463 2273 εὕρασθαι
2514 2204 2658 2256 κατὰ
2699 2203 2804 2273 τήν
2852 2204 3085 2277 καρδίαν
3142 2202 3333 2267 αὑτοῦ,
3380 2202 3548 2255 οἱονεὶ
3581 2202 3668 2254 ἑνὶ

2068 2293 2265 2366 καὶτῷ
2286 2293 2433 2367 αὐτῷ
2464 2296 2870 2366 συναπτόμενον
2922 2297 3211 2369 θελήματι,
3250 2296 3355 2350 κᾶν
3382 2297 3440 2349 ὲν
3465 2295 3543 2367 τῷ
3564 2296 3667 2365 τῆς

2067 2385 2419 2458 ἀνθρωπίνης
2462 2386 2679 2457 φύσεως
2732 2388 3063 2460 ὲγνωρίζετο
3145 2389 3514 2459 συγκρίματι,
3566 2388 3666 2441 καὶ

2064 2475 2240 2545 τούτῳ
2266 2478 2298 2549 ἡ
2322 2477 2485 2549 βουλὴ
2508 2478 2653 2550 καὶή
2682 2479 2934 2549 ἐνέργεια
2972 2478 3068 2533 τοῦ
3111 2478 3390 2549 [ἰατρικοῦ
3423 2478 3669 2549 θελήμαο

2066 2587 2157 2635 τος
2190 2571 2534 2636 ἀδιάστατος·
2564 2574 2632 2625 Ἃ
2654 2572 2764 2643 γάρ
2783 2571 2952 2638 θέλει,
2974 2576 3162 2643 φησὶν,
3191 2575 3219 2627 ό
3250 2573 3459 2644 Πατὴρ,
3487 2572 3667 2628 ταῦτα

336 2647 431 2723 ’βό
473 2664 727 2720 strictum
783 2666 941 2721 verbi
999 2682 1224 2723 sensum
1269 2676 1501 2737 spectes,
1558 2680 1703 2720 unus
1746 2664 1838 2719 hic
1881 2661 1958 2719 esl

2070 2664 2214 2719 θέλει
2241 2665 2339 2719 κοιλ⁴
2387 2667 2415 2719 ό
2462 2665 2620 2729 Υίός*
2656 2667 2751 2719 καὶ
2804 2666 2976 2737 μυρία
3018 2665 3189 2720 ἄλλα·
3234 2666 3330 2719 καὶ
3378 2666 3523 2720 κατά
3570 2664 3665 2719 τὸν

359 2756 455 2827 qui
483 2757 790 2815 voluntates
820 2757 1002 2815 Patris
1041 2760 1128 2815 sui
1178 2757 1440 2825 iaciat“,
1492 2773 1619 2814 cum
1652 2757 1769 2828 ipse
1791 2754 1958 2812 David

2069 2759 2277 2830 ἀκριϐῆ
2300 2759 2480 2829 λόγον,
2509 2754 2661 2825 οὗτός
2678 2762 2825 2814 ἐστιν
2844 2760 2872 2814 ό
2890 2761 3067 2815 πάντα
3097 2761 3166 2816 τὰ
3207 2762 3414 2834 ἀρεστὰ
3446 2760 3663 2831 πεπλη-

336 2830 529 2936 ξνίιοηι
562 2850 833 2921 degendo,
888 2866 1000 2906 non
1045 2853 1277 2907 omnino
1338 2852 1501 2923 culpa
1547 2851 1818 2918 caruerit;
1862 2850 1958 2905 hoc

2072 2853 2266 2925 ρωκὼς
2281 2854 2374 2908 τοῦ
2388 2855 2621 2926 Πατρός’
2667 2854 2791 2907 ἐπεὶ
2820 2854 2849 2912 δ
2877 2871 2941 2924 γε
2975 2854 3142 2909 Δαδὶδ
3174 2830 3288 2927 ἔχοι
3319 2857 3384 2910 ἀν
3414 2872 3524 2908 τισι
3566 2830 3665 2907 καὶ

336 2941 581 3036 ,ρυὶάθω
643 2945 886 3036 maxime
947 2945 1283 3017 perspicitur
1314 2950 1401 3001 'ex
1473 2943 1611 3000 Uria
1664 2953 1720 2999 et
1778 2943 1958 3016 populi

2071 2943 2133 3010 ἐξ
2164 2937 2239 2998 ὧν
2262 2943 2468 3017 ἔπραξε
2498 2944 2669 3009 λαόἀς
2698 2947 3009 3018 παρασχεῖν
3039 2963 3053 2977 ο
3081 2944 3176 2999 ἐπὶ
3208 2947 3307 3015 μὲν
3332 2942 3425 2998 τοῦ
3455 2944 3661 3016 Οὐρίου

336 3035 814 3121 ξειιιιηιετθιὶοιιο,
866 3038 1287 3109 ρικεεηίηιᾳυθ
1333 3052 1399 3095 ex
1449 3036 1531 3092 ira
1584 3035 1822 3092 furentis
1853 3052 1958 3107 qua

2074 3036 2409 3109 περιφανῶς,
2433 3037 2529 3093 καὶ
2557 3038 2650 3091 ἐπὶ
2674 3041 2741 3110 τῇ
2772 3038 3151 3111 ἀπαριθμήσει
3177 3037 3272 3092 τοῦ
3324 3035 3480 3105 λαοῦ,
3516 3038 3661 3109 τάχα

336 3112 418 3206 lin
442 3124 617 3183 Nabal
648 3130 830 3196 irruit,
864 3138 919 3185 et
947 3144 1013 3186 eo
1038 3131 1185 3201 quod
1215 3145 1325 3186 non
1365 3131 1581 3201 expleta
1612 3130 1772 3203 plane
1806 3130 1943 3201 lege,

2063 3134 2101 3188 :2
2130 3136 2226 3187 καὶ
2266 3131 2361 3185 ἐπὶ
2387 3135 2453 3205 τῇ
2480 3132 2578 3185 τοῦ
2612 3131 2805 3186 Νάϐαλ
2837 3132 3137 3204 καταφὸρῳ
3162 3132 3314 3206 ῥύμῃ
3343 3133 3440 3187 καὶ
3479 3134 3652 3205 ὀργῇ,

338 3219 416 3303 [in
438 3221 881 3279 maledictionem
910 3223 1185 3279 inciderit.
1218 3221 1469 3295 Namque
1495 3223 1712 3280 videtur
1736 3223 1947 3281 Pascha

2063 3226 2141 3282 cui.
2157 3227 2238 3282 ὅτι
2265 3225 2339 3298 μὴ
2354 3226 2534 3280 πάντα
2552 3228 2620 3281 τὰ
2639 3226 2735 3280 τοῦ
2754 3226 2921 3299 νόμου
2941 3227 3228 3297 φυλάττων
3244 3225 3350 3279 ὑπὸ
3370 3225 3513 3298 ἀράν
3535 3242 3661 3280 τινα

336 3328 347 3389 ξ
357 3324 475 3368 non
503 3313 830 3382 comedisse,
859 3321 914 3369 et
935 3314 1143 3385 aliquot
1175 3314 1312 3383 legis
1335 3324 1607 3386 praecepta
1629 3314 1945 3379 violavisse,

2063 3318 2296 3369 ίπιπτεν’
2316 3314 2441 3368 οὔτε
2474 3316 2582 3388 γάρ
2606 3316 2665 3370 τὸ
2686 3316 2883 3389 Πάσχα
2905 3317 3157 3387 φαίνεται
3192 3314 3407 3386 φαγὼν,
3431 3316 3529 3370 καὶ
3554 3317 3660 3372 οὐκ

337 3378 471 3466 Ῐηοιι
493 3412 675 3460 tamen
694 3420 817 3477 qua:
836 3416 967 3462 sunt
986 3408 1210 3466 maximi
1235 3407 1520 3463 momenti.
1538 3408 1672 3463 Item
1691 3406 1759 3463 de
1792 3421 1951 3461 man-

2063 3408 2208 3478 5λίγα
2236 3409 2347 3464 τῶν
2372 3410 2430 3463 ὲν
2463 3378 2743 3482 τῷνόμῳ,
2771 3378 2876 3465 κάν
2899 3378 2977 3482 μὴ
2996 3408 3066 3463 τὰ
3095 3378 3311 3480 καίρια.
3336 3378 3659 3481 παραϐεϐα-

337 3495 505 3579 "datis
519 3510 639 3566 quae
656 3498 915 3568 praecepit
936 3497 1045 3552 lilio
1064 3495 1343 3558 Salomoni
1360 3497 1426 3553 de
1441 3496 1578 3554 Joab
1597 3508 1651 3553 et
1664 3496 1875 3564 Semei;
1898 3505 1951 3550 et

359 3602 428 3647 ex
450 3588 536 3646 his
559 3588 650 3646 Dei
675 3590 862 3648 verbis
892 3610 907 3647 :
940 3611 958 3645 ι
986 3590 1105 3648 Non
1132 3592 1264 3647 mihi
1292 3592 1546 3649 institues
1573 3593 1795 3649 domum
1821 3604 1956 3660 qvo-

338 3674 507 3736 ‘niam
546 3684 632 3737 vir
654 3684 985 3754 sanguinum
1014 3700 1076 3740 es
1112 3685 1178 3741 ³⁷.
1216 3703 1235 3738 ι
1265 3686 1392 3742 Haec
1437 3688 1688 3758 quamvis
1720 3700 1954 3741 excusa-

338 3766 538 3830 'tiones
564 3775 802 3831 habeant
833 3791 957 3847 quae
1002 3775 1225 3832 Davidis
1260 3778 1631 3833 innocentiam
1680 3784 1954 3842 tueantur,

339 3873 598 3921 'attamen
620 3866 798 3936 primo
818 3879 1041 3937 aspectu
1074 3868 1259 3924 multis
1285 3867 1571 3923 obstacula
1606 3867 1861 3929 videntur
1890 3881 1957 3920 ne

358 3959 529 4023 David
561 3959 752 4017 fecerit
775 3970 971 4017 cuncta
1003 3962 1307 4017 secundum
1336 3977 1432 4017 cor
1462 3960 1581 4016 Dei.

848 4052 1182 4125 QUAESTIO
1210 4052 1487 4112 cccxvr.

2056 3504 2256 3575 σμένος
2290 3519 2306 3535 ·
2342 3504 2438 3557 καὶ
2479 3504 2513 3574 ή
2540 3505 2682 3559 κατὰ
2707 3504 2800 3558 τοῦ
2834 3504 2991 3558 ’[ωάσ
3039 3505 3097 3559 δὲ
3143 3505 3241 3559 καὶ
3269 3505 3466 3576 Σεμεεὶ
3508 3505 3658 3559 δεδοο

2059 3596 2196 3668 μένη
2229 3596 2416 3668 ἐντολὴ
2443 3597 2520 3669 τῷ
2550 3596 2723 3651 παιδί’
2750 3599 2846 3652 καὶ
2882 3596 2965 3665 τὸ,
3002 3617 3022 3649 ι
3051 3599 3128 3652 Οὐ
3164 3600 3229 3653 σὺ
3278 3599 3658 3671 οίκοδομήσεις

2060 3703 2151 3757 μοι
2173 3681 2344 3755 οἷκον,
2372 3688 2457 3742 ὅτι
2487 3688 2626 3760 ἀνήρ
2659 3688 2909 3759 αἱμάτων
2932 3685 2984 3742 εἷ
3015 3705 3029 3719 ·
3059 3707 3078 3741 ι
3119 3691 3167 3746 εἰ
3197 3690 3290 3743 καὶ
3325 3689 3427 3754 τὰς
3463 3691 3655 3744 ἐπιλύ-

2058 3796 2173 3843 σεις
2215 3779 2433 3851 ἔχουσιν
2476 3782 2555 3844 είς
2610 3779 2862 3834 ἀθώωσιν
2898 3781 3274 3852 περιιστὼσας
3321 3780 3414 3836 τὸν
3465 3782 3653 3849 Δασιδ,

2060 3870 2176 3925 ἀλλ’
2191 3867 2285 3925 οῦν
2303 3872 2444 3926 κατά
2460 3873 2521 3926 τὸ
2548 3873 2840 3944 πρόχειρον
2858 3873 3077 3937 πολλοῖς
3098 3872 3358 3944 ἐμποδὼν
3377 3874 3651 3941 ἵστανται,

2061 3962 2137 4034 μὴ
2164 3963 2306 4017 κατά
2331 3962 2432 4034 τὴν
2467 3963 2693 4033 καρδίαν
2722 3964 2902 4018 πάντα
2922 3963 3143 4018 τελέσαι
3175 3964 3342 4019 αὐτὸν
3372 3964 3465 4020 τοῦ
3492 3964 3650 4022 Θεοῦ.

2586 4056 2922 4111 ΕΡΩΤΗΣΙΣ
2951 4057 3114 4125 τις.

1477 4176 1582 4233 Cur
1607 4192 1801 4231 manna
1833 4177 1887 4230 in
1918 4192 2092 4231 eremo
2114 4178 2178 4230 de
2211 4177 2340 4232 cmlo
2366 4177 2636 4232 ceciderit.

1497 4289 1638 4341 Edita
1667 4304 1694 4339 a
1725 4288 1851 4340 Maio
1884 4290 1942 4353 (l.
1975 4302 2019 4338 c.
2056 4303 2107 4355 p.
2146 4288 2256 4350 156,
2286 4302 2339 4339 n.
2372 4288 2509 4353 513).
2580 4338 2587 4343 .

428 4400 627 4461 Manna
677 4398 825 4469 quod
866 4399 921 4453 in
971 4397 1190 4453 deserto
1232 4410 1393 4453 mane
1448 4395 1711 4452 lsraelitis
1758 4394 1955 4451 funde-

2102 4426 2107 4429 ν
2132 4397 2206 4451 Τὸ
2233 4398 2290 4452 δὲ
2327 4400 2387 4452 ὲν
2418 4401 2484 4470 τῇ
2516 4400 2714 4471 ἐρήμῳ
2742 4398 2889 4470 πρωϊ
2918 4399 3022 4470 μὲν
3042 4399 3106 4452 τὸ
3141 4400 3317 4470 μάννα
3360 4403 3651 4474 καταπέμ-

342 4495 541 4561 batur,
571 4502 626 4548 et
647 4499 1018 4570 ortygometra
1048 4504 1172 4561 quae
1198 4504 1426 4560 vespere
1446 4489 1684 4560 pluebat,
1709 4489 1956 4544 eamdem

341 4574 425 4651 fati
458 4584 689 4656 figuram
721 4583 973 4649 attinent.
1029 4582 1230 4637 Manna
1280 4581 1504 4652 quidem
1560 4594 1721 4635 mane
1759 4579 1957 4636 funde-

341 4666 537 4740 !batur,
573 4674 702 4746 quia
733 4675 906 4746 ﬁgura
952 4682 1073 4729 erat
1111 4670 1352 4729 cdelestis
1384 4671 1566 4743 panis,
1609 4672 1815 4728 Christi
1862 4672 1957 4726 Dei

341 4750 555 4831 inostri,
580 4768 676 4836 qui
699 4765 931 4837 justitiae
956 4765 1038 4821 sol
1063 4776 1119 4819 et
1136 4763 1269 4819 solis
1288 4772 1443 4818 ortus
1470 4763 1629 4818 nobis
1651 4763 1704 4817 in
1721 4763 1958 4818 tenebris

342 4838 666 4931 'jacentibus
715 4859 991 4927 apparuit.
1043 4854 1181 4914 Cum
1232 4854 1401 4928 igitur
1442 4854 1702 4910 sensibile
1756 4870 1956 4909 manna

324 5023 327 5026 ἠ
358 4953 536 5010 simile
563 4952 824 5023 quiddam
867 4952 1068 5007 habeat
1094 4951 1227 5005 huic
1256 4949 1358 5005 soli
1402 4958 1457 5005 et
1490 4964 1707 5003 aurora:
1729 4948 1959 5019 justitiae

274 5053 291 5065 '
343 5033 749 5103 convenienter
805 5061 968 5103 mane
1029 5044 1282 5103 funditur.
1326 5053 1388 5098 ut
1440 5059 1595 5099 suam
1645 5058 1773 5099 cum
1813 5041 1958 5097 affini

358 5156 461 5197 suo
505 5139 923 5196 similitudinem
998 5142 1199 5195 servet.
1243 5139 1624 5217 Ortygometra
1675 5151 1808 5193 vero
1857 5138 1959 5193 sub

355 5247 586 5305 vespere
641 5233 827 5306 pluit,
878 5241 941 5290 ut
994 5232 1203 5289 hostias
1259 5230 1632 5287 Israelitarum
1684 5228 1959 5284 sacriﬁcio

358 5318 616 5395 prmbea't,
650 5338 778 5379 nam
830 5323 946 5394 ipsa
980 5323 1247 5394 ﬁgurabat
1301 5322 1509 5378 cultum
1540 5320 1634 5391 qui
1676 5321 1819 5389 apud
1852 5319 1951 5373 Ju~

2062 4491 2260 4545 πεσθαι
2298 4491 2381 4562 τῷ
2425 4491 2663 4563 Ἰσραὴλ,
2698 4492 2942 4563 ἑσπέρας
2968 4492 3026 4547 δὲ
3052 4492 3153 4565 τήν
3206 4495 3645 4566 ὀρτυγομήτραν,

2058 4584 2315 4655 τοιαύτης
2344 4584 2612 4656 ἀναφθείη
2644 4583 2711 4638 ἂν
2737 4584 2969 4655 θεωρίας
2991 4602 3007 4616 ·
3033 4585 3106 4638 Τὸ
3139 4585 3241 4654 μὲν
3281 4586 3457 4656 μάννα
3504 4586 3650 4659 πρωῒ

2058 4677 2386 4748 κατήρχετο,
2416 4678 2498 4731 ὅτι
2513 4677 2684 4742 τύπος
2710 4673 2780 4751 ἦν
2800 4677 2895 4732 τοῦ
2910 4678 3165 4750 οὐρανίου
3190 4678 3379 4748 ἄρτου,
3406 4680 3647 4749 Χριστοῦ

2057 4766 2152 4821 τοῦ
2177 4767 2312 4821 Θεοῦ
2348 4768 2525 4841 ήμῶν,
2566 4769 2627 4833 ὃς
2655 4768 3004 4840 δικαιοσύνης
3030 4769 3225 4832 Ἥλιος
3263 4770 3359 4822 καὶ
3414 4769 3647 4841 ἀνατολὴ

2059 4862 2210 4933 ἡλίου
2248 4863 2385 4933 ήμῖν
2413 4861 2730 4932 ἐπεδήμησε
2760 4863 2871 4924 τοῖς
2902 4862 2960 4913 ἐν
2986 4859 3187 4929 ,σκότει
3221 4875 3237 4891 ·
3270 4858 3392 4912 ἐπεὶ
3430 4855 3525 4913 οὖν
3550 4860 3651 4930 ’τῷ

2057 4953 2159 5025 τῆς
2187 4952 2539 5024 δικαιοσύνης
2572 4953 2740 5024 Ἡλίῳ
2768 4954 2862 5006 καὶ
2888 4954 2954 5023 τῇ
2981 4952 3217 5023 ἀνατολῇ
3251 4949 3649 5021 παρεικάζεται

2056 5048 2118 5101 τὸ
2155 5048 2415 5119 αίσθητὸν
2445 5047 2643 5119 μάννα,
2675 5046 2901 5110 εἰκότως
2924 5048 3143 5102 κάτεισι
3178 5045 3345 5116 πρωῒ,
3377 5044 3460 5116 τῷ
3514 5061 3649 5111 συγ-

2056 5142 2206 5211 γενεῖ
2226 5140 2326 5212 τὴν
2363 5139 2658 5209 ἀναλογίαν
2710 5138 2977 5209 φυλάττον
3012 5155 3027 5169 ο
3060 5142 3095 5210 ή
3140 5138 3199 5191 δὲ
3250 5136 3649 5208 ὀρτυγομήτρα

2057 5233 2300 5293 κάτεισιν
2329 5232 2570 5303 ἑσπέρας
2617 5231 2920 5295 ζωοθυσίαν
2941 5232 3057 5294 τοῖς
3108 5229 3474 5302 Ἰσραηλίταις
3512 5229 3652 5300 πλη-

2056 5324 2249 5395 ροῦσα,
2288 5322 2474 5396 ἐπειδὴ
2507 5323 2607 5395 τὴν
2640 5324 2699 5376 ὲν
2734 5321 2812 5392 τῷ
2841 5324 2993 5393 νόμῳ
3028 5320 3334 5393 παρεδήλου
3365 5320 3646 5390 λατρείαν,

358 5417 507 5472 datos
542 5418 595 5472 in
639 5417 881 5473 tenebris
913 5425 968 5471 et
1023 5417 1179 5487 quasi
1228 5415 1368 5469 inter
1424 5415 1663 5470 obscura
1710 5414 1953 5468 veritatis

2063 5417 2174 5487 ήτις
2205 5419 2261 5470 ἐν
2303 5418 2486 5481 σκιαῖς
2521 5433 2581 5469 τε
2606 5416 2703 5470 καὶ
2735 5416 3141 5488 ἀμυδροτέροις
3173 5415 3349 5486 ῖχνεσι
3369 5416 3471 5483 τῆς
3509 5414 3645 5487 ἀλη-

359 5512 590 5581 vestigia
652 5511 843 5578 ﬁebat,
896 5511 1190 5582 pinguibus
1255 5520 1307 5565 et
1364 5508 1597 5564 fumosis
1669 5506 1954 5579 vaporibus

2063 5508 2205 5573 θείας
2222 5510 2458 5564 ἐτελεῖτο
2488 5522 2503 5538 ·
2536 5508 2617 5562 ἔτι
2651 5507 2708 5563 δὲ
2729 5507 2826 5563 καὶ
2853 5507 3071 5591 κνίσσαι
3120 5507 3217 5562 καὶ
3259 5508 3426 5579 ἀτμοὶ
3458 5506 3645 5576 ζοφὼ-

440 5694 480 5728 "
541 5691 687 5748 Psal.
742 5708 1029 5754 unum,
1076 5693 1169 5748 '28,

1252 5694 1291 5725 δε
1338 5692 1535 5747 Matth.
1577 5710 1670 5761 ιιι,
1704 5694 1787 5748 9.1.
1868 5695 1907 5725 ³⁷
1939 5690 2135 5762 lliieg.
2182 5710 2295 5759 λιι,
2339 5696 2389 5748 8.
