  <div class='ocr_page' id='page_1' title='image "/cluster/home/n/w/nwhite01/storage/ocr_20150623/101/hvd.32044018872879/608.png"; bbox 0 0 3854 6318; ppageno 0'>
   <div class='ocr_carea' id='block_1_1' title="bbox 145 324 1741 411">
    <p class='ocr_par' dir='ltr' id='par_1_1' title="bbox 145 324 1741 401">
     <span class='ocr_line' id='line_1_1' title="bbox 145 324 1741 401; baseline 0.003 -13"><span class='ocrx_word' id='word_1_1' title='bbox 145 324 313 394; x_wconf 79' lang='grc'><strong>1169</strong></span> <span class='ocrx_word' id='word_1_2' title='bbox 935 331 1037 392; x_wconf 81' lang='grc' dir='ltr'><strong>ΑΙ)</strong></span> <span class='ocrx_word' id='word_1_3' title='bbox 1065 328 1660 392; x_wconf 84' lang='lat' dir='ltr'><strong>AMPHILOCHIUM</strong></span> <span class='ocrx_word' id='word_1_4' title='bbox 1691 330 1741 401; x_wconf 76' lang='grc' dir='ltr'>Ο</span> 
     </span>
    </p>
   </div>
   <div class='ocr_carea' id='block_1_2' title="bbox 1869 324 3463 411">
    <p class='ocr_par' dir='ltr' id='par_1_2' title="bbox 1869 330 3463 411">
     <span class='ocr_line' id='line_1_2' title="bbox 1869 330 3463 411; baseline 0.012 -19"><span class='ocrx_word' id='word_1_5' title='bbox 1869 330 2039 394; x_wconf 89' lang='lat' dir='ltr'><strong>STIO</strong></span> <span class='ocrx_word' id='word_1_6' title='bbox 2078 332 2675 400; x_wconf 81' lang='lat' dir='ltr'><strong>CCCXVII-CCCXX.</strong></span> <span class='ocrx_word' id='word_1_7' title='bbox 3321 341 3463 411; x_wconf 85' lang='grc'><strong>1170</strong></span> 
     </span>
    </p>
   </div>
   <div class='ocr_carea' id='block_1_3' title="bbox 138 436 1741 523">
    <p class='ocr_par' dir='ltr' id='par_1_3' title="bbox 138 436 1741 511">
     <span class='ocr_line' id='line_1_3' title="bbox 138 436 1741 511; baseline 0 -16"><span class='ocrx_word' id='word_1_8' title='bbox 138 441 282 505; x_wconf 81' lang='grc' dir='ltr'>δεις</span> <span class='ocrx_word' id='word_1_9' title='bbox 314 440 406 495; x_wconf 72' lang='grc' dir='ltr'>διὰ</span> <span class='ocrx_word' id='word_1_10' title='bbox 454 438 566 493; x_wconf 84' lang='grc' dir='ltr'><strong>τῶν</strong></span> <span class='ocrx_word' id='word_1_11' title='bbox 618 436 877 509; x_wconf 80' lang='grc' dir='ltr'>θυμάτων</span> <span class='ocrx_word' id='word_1_12' title='bbox 922 438 1263 508; x_wconf 76' lang='grc' dir='ltr'>έπελύγαζον</span> <span class='ocrx_word' id='word_1_13' title='bbox 1293 439 1388 494; x_wconf 82' lang='grc' dir='ltr'>τὸν</span> <span class='ocrx_word' id='word_1_14' title='bbox 1440 440 1583 511; x_wconf 85' lang='grc' dir='ltr'>ἀέρα</span> <span class='ocrx_word' id='word_1_15' title='bbox 1612 456 1627 472; x_wconf 92' lang='grc'><strong>·</strong></span> <span class='ocrx_word' id='word_1_16' title='bbox 1664 441 1741 495; x_wconf 74' lang='grc' dir='ltr'>κα¹</span> 
     </span>
    </p>
   </div>
   <div class='ocr_carea' id='block_1_4' title="bbox 1869 436 3457 523">
    <p class='ocr_par' dir='ltr' id='par_1_4' title="bbox 1869 442 3457 523">
     <span class='ocr_line' id='line_1_4' title="bbox 1869 442 3457 523; baseline 0.008 -27"><span class='ocrx_word' id='word_1_17' title='bbox 1869 442 2009 497; x_wconf 88' lang='lat' dir='ltr'><strong>inter</strong></span> <span class='ocrx_word' id='word_1_18' title='bbox 2034 442 2309 498; x_wconf 90' lang='lat' dir='ltr'><strong>sacriﬁcia</strong></span> <span class='ocrx_word' id='word_1_19' title='bbox 2345 458 2527 500; x_wconf 79' lang='lat' dir='ltr'><strong>aerem</strong></span> <span class='ocrx_word' id='word_1_20' title='bbox 2550 445 3001 505; x_wconf 86' lang='lat' dir='ltr'><strong>obscurantibus.</strong></span> <span class='ocrx_word' id='word_1_21' title='bbox 3027 447 3333 523; x_wconf 75' lang='lat' dir='ltr'><strong>Meritoque</strong></span> <span class='ocrx_word' id='word_1_22' title='bbox 3387 455 3457 509; x_wconf 85' lang='lat' dir='ltr'><strong>ad</strong></span> 
     </span>
    </p>
   </div>
   <div class='ocr_carea' id='block_1_5' title="bbox 140 527 1741 616">
    <p class='ocr_par' dir='ltr' id='par_1_5' title="bbox 140 527 1741 603">
     <span class='ocr_line' id='line_1_5' title="bbox 140 527 1741 603; baseline -0.001 -18"><span class='ocrx_word' id='word_1_23' title='bbox 140 532 399 596; x_wconf 80' lang='grc' dir='ltr'>εἰκότως</span> <span class='ocrx_word' id='word_1_24' title='bbox 427 530 565 602; x_wconf 73' lang='grc' dir='ltr'>πρὸς</span> <span class='ocrx_word' id='word_1_25' title='bbox 595 529 840 603; x_wconf 81' lang='grc' dir='ltr'>ἑσπέραν</span> <span class='ocrx_word' id='word_1_26' title='bbox 882 527 944 582; x_wconf 78' lang='grc' dir='ltr'>τὸ</span> <span class='ocrx_word' id='word_1_27' title='bbox 971 529 1349 601; x_wconf 84' lang='grc' dir='ltr'>προχαράττον</span> <span class='ocrx_word' id='word_1_28' title='bbox 1376 530 1476 601; x_wconf 82' lang='grc' dir='ltr'>τὴν</span> <span class='ocrx_word' id='word_1_29' title='bbox 1529 529 1741 602; x_wconf 68' lang='grc' dir='ltr'>νομικὴε</span> 
     </span>
    </p>
   </div>
   <div class='ocr_carea' id='block_1_6' title="bbox 1869 527 3458 616">
    <p class='ocr_par' dir='ltr' id='par_1_6' title="bbox 1869 535 3458 616">
     <span class='ocr_line' id='line_1_6' title="bbox 1869 535 3458 616; baseline 0.008 -29"><span class='ocrx_word' id='word_1_30' title='bbox 1869 549 2147 604; x_wconf 80' lang='lat' dir='ltr'><strong>vesperam</strong></span> <span class='ocrx_word' id='word_1_31' title='bbox 2228 535 2374 606; x_wconf 85' lang='lat' dir='ltr'><strong>quod</strong></span> <span class='ocrx_word' id='word_1_32' title='bbox 2457 536 2711 607; x_wconf 68' lang='lat' dir='ltr'><strong>legitima:</strong></span> <span class='ocrx_word' id='word_1_33' title='bbox 2770 549 2891 595; x_wconf 91' lang='lat' dir='ltr'><strong>erat</strong></span> <span class='ocrx_word' id='word_1_34' title='bbox 2966 541 3204 598; x_wconf 64' lang='lat' dir='ltr'><strong>victima:</strong></span> <span class='ocrx_word' id='word_1_35' title='bbox 3286 542 3458 616; x_wconf 81' lang='lat' dir='ltr'><strong>ﬁgura</strong></span> 
     </span>
    </p>
   </div>
   <div class='ocr_carea' id='block_1_7' title="bbox 140 622 1741 700">
    <p class='ocr_par' dir='ltr' id='par_1_7' title="bbox 140 622 1741 695">
     <span class='ocr_line' id='line_1_7' title="bbox 140 622 1741 695; baseline -0.002 -17"><span class='ocrx_word' id='word_1_36' title='bbox 140 625 361 680; x_wconf 80' lang='grc' dir='ltr'><strong>θυσίαν</strong></span> <span class='ocrx_word' id='word_1_37' title='bbox 408 624 743 695; x_wconf 77' lang='grc' dir='ltr'><strong>κατεφέρετο</strong></span> <span class='ocrx_word' id='word_1_38' title='bbox 781 625 893 688; x_wconf 86' lang='grc' dir='ltr'>τοῖς</span> <span class='ocrx_word' id='word_1_39' title='bbox 945 622 1306 695; x_wconf 77' lang='grc' dir='ltr'><strong>Ἰσραηλίταις</strong></span> <span class='ocrx_word' id='word_1_40' title='bbox 1346 639 1361 653; x_wconf 83' lang='lat'>&#39;</span> <span class='ocrx_word' id='word_1_41' title='bbox 1392 622 1655 689; x_wconf 78' lang='grc' dir='ltr'><strong>ὡσαύτως</strong></span> <span class='ocrx_word' id='word_1_42' title='bbox 1702 623 1741 678; x_wconf 74' lang='grc' dir='ltr'>δὲ</span> 
     </span>
    </p>
   </div>
   <div class='ocr_carea' id='block_1_8' title="bbox 1869 622 3455 700">
    <p class='ocr_par' dir='ltr' id='par_1_8' title="bbox 1869 624 3455 700">
     <span class='ocr_line' id='line_1_8' title="bbox 1869 624 3455 700; baseline 0.004 -19"><span class='ocrx_word' id='word_1_43' title='bbox 1869 624 2131 683; x_wconf 86' lang='lat' dir='ltr'><strong>Israelitis</strong></span> <span class='ocrx_word' id='word_1_44' title='bbox 2169 636 2542 700; x_wconf 79' lang='lat' dir='ltr'><strong>ortygometra</strong></span> <span class='ocrx_word' id='word_1_45' title='bbox 2588 629 2965 687; x_wconf 79' lang='lat' dir='ltr'><strong>differebatur.</strong></span> <span class='ocrx_word' id='word_1_46' title='bbox 3030 632 3233 690; x_wconf 87' lang='lat' dir='ltr'><strong>Eodem</strong></span> <span class='ocrx_word' id='word_1_47' title='bbox 3288 636 3455 691; x_wconf 86' lang='lat' dir='ltr'><strong>modo</strong></span> 
     </span>
    </p>
   </div>
   <div class='ocr_carea' id='block_1_9' title="bbox 140 716 1741 803">
    <p class='ocr_par' dir='ltr' id='par_1_9' title="bbox 140 716 1741 791">
     <span class='ocr_line' id='line_1_9' title="bbox 140 716 1741 791; baseline 0 -18"><span class='ocrx_word' id='word_1_48' title='bbox 140 720 216 773; x_wconf 69' lang='grc' dir='ltr'>εἰ</span> <span class='ocrx_word' id='word_1_49' title='bbox 247 739 335 786; x_wconf 85' lang='grc' dir='ltr'><strong>τις</strong></span> <span class='ocrx_word' id='word_1_50' title='bbox 375 720 533 784; x_wconf 80' lang='grc' dir='ltr'>ἄλλος</span> <span class='ocrx_word' id='word_1_51' title='bbox 571 718 822 791; x_wconf 80' lang='grc' dir='ltr'>έθελήσοι</span> <span class='ocrx_word' id='word_1_52' title='bbox 860 716 1047 773; x_wconf 73' lang='grc' dir='ltr'>λαϐεῖν</span> <span class='ocrx_word' id='word_1_53' title='bbox 1092 717 1252 771; x_wconf 86' lang='grc' dir='ltr'>τοῦτο</span> <span class='ocrx_word' id='word_1_54' title='bbox 1284 717 1362 782; x_wconf 84' lang='grc' dir='ltr'>ὡς</span> <span class='ocrx_word' id='word_1_55' title='bbox 1386 719 1741 791; x_wconf 71' lang='grc' dir='ltr'>προχάραγμα</span> 
     </span>
    </p>
   </div>
   <div class='ocr_carea' id='block_1_10' title="bbox 1869 716 3459 803">
    <p class='ocr_par' dir='ltr' id='par_1_10' title="bbox 1869 718 3459 803">
     <span class='ocr_line' id='line_1_10' title="bbox 1869 718 3459 803; baseline 0.004 -28"><span class='ocrx_word' id='word_1_56' title='bbox 1869 736 1971 775; x_wconf 91' lang='lat' dir='ltr'><strong>non</strong></span> <span class='ocrx_word' id='word_1_57' title='bbox 2014 735 2046 775; x_wconf 93' lang='lat' dir='ltr'><strong>a</strong></span> <span class='ocrx_word' id='word_1_58' title='bbox 2092 718 2457 803; x_wconf 86' lang='lat' dir='ltr'><strong>conjiciendis</strong></span> <span class='ocrx_word' id='word_1_59' title='bbox 2508 721 2836 778; x_wconf 82' lang='lat' dir='ltr'><strong>abhorreret</strong></span> <span class='ocrx_word' id='word_1_60' title='bbox 2894 722 2989 794; x_wconf 88' lang='lat' dir='ltr'><strong>qui</strong></span> <span class='ocrx_word' id='word_1_61' title='bbox 3046 723 3153 780; x_wconf 89' lang='lat' dir='ltr'><strong>hoc</strong></span> <span class='ocrx_word' id='word_1_62' title='bbox 3208 736 3459 782; x_wconf 84' lang='lat' dir='ltr'><strong>censeret</strong></span> 
     </span>
    </p>
   </div>
   <div class='ocr_carea' id='block_1_11' title="bbox 142 809 1757 885">
    <p class='ocr_par' dir='ltr' id='par_1_11' title="bbox 142 809 1757 885">
     <span class='ocr_line' id='line_1_11' title="bbox 142 809 1757 885; baseline -0.002 -18"><span class='ocrx_word' id='word_1_63' title='bbox 142 812 265 881; x_wconf 79' lang='grc' dir='ltr'>τῆς</span> <span class='ocrx_word' id='word_1_64' title='bbox 290 814 374 877; x_wconf 84' lang='grc' dir='ltr'><strong>είς</strong></span> <span class='ocrx_word' id='word_1_65' title='bbox 399 812 637 885; x_wconf 82' lang='grc' dir='ltr'>Χριστὸν</span> <span class='ocrx_word' id='word_1_66' title='bbox 684 811 942 875; x_wconf 76' lang='grc' dir='ltr'>πίστεως,</span> <span class='ocrx_word' id='word_1_67' title='bbox 983 812 1085 865; x_wconf 80' lang='grc' dir='ltr'>οὐκ</span> <span class='ocrx_word' id='word_1_68' title='bbox 1116 810 1184 865; x_wconf 76' lang='grc' dir='ltr'>ἂν</span> <span class='ocrx_word' id='word_1_69' title='bbox 1209 809 1304 863; x_wconf 88' lang='grc' dir='ltr'><strong>τοῦ</strong></span> <span class='ocrx_word' id='word_1_70' title='bbox 1339 810 1550 875; x_wconf 77' lang='grc' dir='ltr'><strong>εἰκότος</strong></span> <span class='ocrx_word' id='word_1_71' title='bbox 1578 828 1757 882; x_wconf 85' lang='grc' dir='ltr'>παρα-</span> 
     </span>
    </p>
   </div>
   <div class='ocr_carea' id='block_1_12' title="bbox 146 902 1754 977">
    <p class='ocr_par' dir='ltr' id='par_1_12' title="bbox 146 902 1754 977">
     <span class='ocr_line' id='line_1_12' title="bbox 146 902 1754 977; baseline 0.001 -19"><span class='ocrx_word' id='word_1_72' title='bbox 146 906 425 977; x_wconf 76' lang='grc' dir='ltr'>σφαλείηο</span> <span class='ocrx_word' id='word_1_73' title='bbox 452 904 547 960; x_wconf 80' lang='grc' dir='ltr'><strong>καὶ</strong></span> <span class='ocrx_word' id='word_1_74' title='bbox 583 904 675 959; x_wconf 83' lang='grc' dir='ltr'><strong>τοῦ</strong></span> <span class='ocrx_word' id='word_1_75' title='bbox 702 904 953 976; x_wconf 83' lang='grc' dir='ltr'>σώματος</span> <span class='ocrx_word' id='word_1_76' title='bbox 981 904 1038 959; x_wconf 79' lang='grc' dir='ltr'>δὲ</span> <span class='ocrx_word' id='word_1_77' title='bbox 1061 903 1303 977; x_wconf 76' lang='grc' dir='ltr'><strong>Χριστοῦ</strong></span> <span class='ocrx_word' id='word_1_78' title='bbox 1322 905 1352 958; x_wconf 84' lang='grc' dir='ltr'><strong>ὁ</strong></span> <span class='ocrx_word' id='word_1_79' title='bbox 1377 902 1556 958; x_wconf 79' lang='grc' dir='ltr'>λαϐὼν</span> <span class='ocrx_word' id='word_1_80' title='bbox 1579 904 1754 959; x_wconf 74' lang='grc' dir='ltr'>ἐδίδου</span> 
     </span>
    </p>
   </div>
   <div class='ocr_carea' id='block_1_13' title="bbox 141 997 1758 1071">
    <p class='ocr_par' dir='ltr' id='par_1_13' title="bbox 141 997 1758 1071">
     <span class='ocr_line' id='line_1_13' title="bbox 141 997 1758 1071; baseline 0.001 -22"><span class='ocrx_word' id='word_1_81' title='bbox 141 1000 277 1061; x_wconf 78' lang='grc' dir='ltr'>τοῖς</span> <span class='ocrx_word' id='word_1_82' title='bbox 299 999 573 1071; x_wconf 76' lang='grc' dir='ltr'><strong>μαθηταῖς</strong></span> <span class='ocrx_word' id='word_1_83' title='bbox 588 1000 619 1052; x_wconf 84' lang='grc' dir='ltr'><strong>δ</strong></span> <span class='ocrx_word' id='word_1_84' title='bbox 638 998 1042 1070; x_wconf 74' lang='grc' dir='ltr'>Σωτὴρλέγων·</span> <span class='ocrx_word' id='word_1_85' title='bbox 1071 997 1307 1067; x_wconf 79' lang='grc' dir='ltr'>«Φάγετε</span> <span class='ocrx_word' id='word_1_86' title='bbox 1325 998 1551 1065; x_wconf 80' lang='grc' dir='ltr'>πάντες,</span> <span class='ocrx_word' id='word_1_87' title='bbox 1581 1016 1599 1049; x_wconf 73' lang='grc' dir='ltr'><strong>ι</strong></span> <span class='ocrx_word' id='word_1_88' title='bbox 1620 997 1758 1061; x_wconf 84' lang='grc' dir='ltr'>εῐτις</span> 
     </span>
    </p>
   </div>
   <div class='ocr_carea' id='block_1_14' title="bbox 146 1089 1756 1163">
    <p class='ocr_par' dir='ltr' id='par_1_14' title="bbox 146 1089 1756 1163">
     <span class='ocr_line' id='line_1_14' title="bbox 146 1089 1756 1163; baseline 0.002 -21"><span class='ocrx_word' id='word_1_89' title='bbox 146 1091 527 1160; x_wconf 79' lang='grc' dir='ltr'>προ-τύπωσιν</span> <span class='ocrx_word' id='word_1_90' title='bbox 555 1090 691 1161; x_wconf 81' lang='grc' dir='ltr'>φαίη</span> <span class='ocrx_word' id='word_1_91' title='bbox 713 1089 785 1143; x_wconf 79' lang='grc' dir='ltr'><strong>’τὸ</strong></span> <span class='ocrx_word' id='word_1_92' title='bbox 813 1092 1011 1161; x_wconf 80' lang='grc' dir='ltr'><strong>μάννα,</strong></span> <span class='ocrx_word' id='word_1_93' title='bbox 1036 1089 1274 1160; x_wconf 82' lang='grc' dir='ltr'><strong>εὐλόγως</strong></span> <span class='ocrx_word' id='word_1_94' title='bbox 1301 1089 1369 1144; x_wconf 77' lang='grc' dir='ltr'>ἂν</span> <span class='ocrx_word' id='word_1_95' title='bbox 1406 1089 1559 1163; x_wconf 80' lang='grc' dir='ltr'>εὖροι</span> <span class='ocrx_word' id='word_1_96' title='bbox 1585 1090 1648 1144; x_wconf 73' lang='grc' dir='ltr'><strong>τὸ</strong></span> <span class='ocrx_word' id='word_1_97' title='bbox 1695 1091 1756 1145; x_wconf 74' lang='grc' dir='ltr'>ὲν</span> 
     </span>
    </p>
   </div>
   <div class='ocr_carea' id='block_1_15' title="bbox 146 1188 1755 1266">
    <p class='ocr_par' dir='ltr' id='par_1_15' title="bbox 146 1188 1755 1266">
     <span class='ocr_line' id='line_1_15' title="bbox 146 1188 1755 1266; baseline -0.002 -19"><span class='ocrx_word' id='word_1_98' title='bbox 146 1196 229 1266; x_wconf 74' lang='grc' dir='ltr'>τῇ</span> <span class='ocrx_word' id='word_1_99' title='bbox 263 1193 451 1266; x_wconf 78' lang='grc' dir='ltr'><strong>πρωῖᾳ</strong></span> <span class='ocrx_word' id='word_1_100' title='bbox 485 1189 644 1246; x_wconf 88' lang='grc' dir='ltr'>τοῦτο</span> <span class='ocrx_word' id='word_1_101' title='bbox 670 1188 936 1261; x_wconf 85' lang='grc' dir='ltr'>φέρεσθαι</span> <span class='ocrx_word' id='word_1_102' title='bbox 968 1190 1080 1253; x_wconf 84' lang='grc' dir='ltr'>τοῖς</span> <span class='ocrx_word' id='word_1_103' title='bbox 1112 1188 1617 1260; x_wconf 72' lang='grc' dir='ltr'>Ἰσραηλίταις’καὶ</span> <span class='ocrx_word' id='word_1_104' title='bbox 1646 1189 1755 1262; x_wconf 78' lang='grc' dir='ltr'>γὰρ</span> 
     </span>
    </p>
   </div>
   <div class='ocr_carea' id='block_1_16' title="bbox 147 1279 1755 1358">
    <p class='ocr_par' dir='ltr' id='par_1_16' title="bbox 147 1279 1755 1358">
     <span class='ocr_line' id='line_1_16' title="bbox 147 1279 1755 1358; baseline -0.003 -18"><span class='ocrx_word' id='word_1_105' title='bbox 147 1288 192 1358; x_wconf 74' lang='grc' dir='ltr'>ἡ</span> <span class='ocrx_word' id='word_1_106' title='bbox 227 1284 502 1356; x_wconf 75' lang='grc' dir='ltr'>καιθολικὴ</span> <span class='ocrx_word' id='word_1_107' title='bbox 531 1283 628 1339; x_wconf 82' lang='grc' dir='ltr'><strong>τοῦ</strong></span> <span class='ocrx_word' id='word_1_108' title='bbox 660 1281 798 1337; x_wconf 90' lang='grc' dir='ltr'>Θεοῦ</span> <span class='ocrx_word' id='word_1_109' title='bbox 822 1316 832 1328; x_wconf 83' lang='lat'><strong><em>-</em></strong></span> <span class='ocrx_word' id='word_1_110' title='bbox 856 1280 1175 1352; x_wconf 80' lang='grc' dir='ltr'>Ἐκκλησία,</span> <span class='ocrx_word' id='word_1_111' title='bbox 1206 1279 1369 1334; x_wconf 88' lang='grc' dir='ltr'>τοῦτο</span> <span class='ocrx_word' id='word_1_112' title='bbox 1396 1283 1515 1337; x_wconf 67' lang='grc' dir='ltr'>νυνὶ</span> <span class='ocrx_word' id='word_1_113' title='bbox 1559 1281 1755 1352; x_wconf 84' lang='grc' dir='ltr'>διαφυ-</span> 
     </span>
    </p>
   </div>
   <div class='ocr_carea' id='block_1_17' title="bbox 145 1374 1755 1448">
    <p class='ocr_par' dir='ltr' id='par_1_17' title="bbox 145 1374 1755 1448">
     <span class='ocr_line' id='line_1_17' title="bbox 145 1374 1755 1448; baseline -0.002 -15"><span class='ocrx_word' id='word_1_114' title='bbox 145 1380 373 1444; x_wconf 78' lang='grc' dir='ltr'>λάττει,</span> <span class='ocrx_word' id='word_1_115' title='bbox 398 1381 458 1433; x_wconf 77' lang='grc' dir='ltr'>ἐν</span> <span class='ocrx_word' id='word_1_116' title='bbox 488 1377 568 1447; x_wconf 82' lang='grc' dir='ltr'><strong>τῷ</strong></span> <span class='ocrx_word' id='word_1_117' title='bbox 597 1377 703 1447; x_wconf 80' lang='grc' dir='ltr'>τῆς</span> <span class='ocrx_word' id='word_1_118' title='bbox 732 1376 946 1448; x_wconf 79' lang='grc' dir='ltr'>πρωῖας</span> <span class='ocrx_word' id='word_1_119' title='bbox 984 1374 1162 1445; x_wconf 83' lang='grc' dir='ltr'>καιρῷ</span> <span class='ocrx_word' id='word_1_120' title='bbox 1190 1374 1290 1446; x_wconf 84' lang='grc' dir='ltr'>τὴν</span> <span class='ocrx_word' id='word_1_121' title='bbox 1321 1374 1475 1447; x_wconf 74' lang='grc' dir='ltr'>ίερέιν</span> <span class='ocrx_word' id='word_1_122' title='bbox 1526 1376 1620 1430; x_wconf 75' lang='grc' dir='ltr'>καὶ</span> <span class='ocrx_word' id='word_1_123' title='bbox 1653 1393 1755 1429; x_wconf 79' lang='grc' dir='ltr'>κα-</span> 
     </span>
    </p>
   </div>
   <div class='ocr_carea' id='block_1_18' title="bbox 144 1464 1750 1543">
    <p class='ocr_par' dir='ltr' id='par_1_18' title="bbox 144 1464 1750 1543">
     <span class='ocr_line' id='line_1_18' title="bbox 144 1464 1750 1543; baseline -0.002 -18"><span class='ocrx_word' id='word_1_124' title='bbox 144 1471 342 1543; x_wconf 78' lang='grc' dir='ltr'>θαρὰν</span> <span class='ocrx_word' id='word_1_125' title='bbox 370 1471 468 1525; x_wconf 76' lang='grc' dir='ltr'>καὶ</span> <span class='ocrx_word' id='word_1_126' title='bbox 489 1468 829 1541; x_wconf 75' lang='grc' dir='ltr'>ἀναίμακτον</span> <span class='ocrx_word' id='word_1_127' title='bbox 846 1466 1039 1521; x_wconf 77' lang='grc' dir='ltr'>θυσίαν</span> <span class='ocrx_word' id='word_1_128' title='bbox 1064 1464 1504 1536; x_wconf 81' lang='grc' dir='ltr'>μυσταγωγοῦσα</span> <span class='ocrx_word' id='word_1_129' title='bbox 1526 1467 1623 1521; x_wconf 60' lang='grc' dir='ltr'><strong>καὶ⁵</strong></span> <span class='ocrx_word' id='word_1_130' title='bbox 1650 1466 1750 1539; x_wconf 81' lang='grc' dir='ltr'><strong>τὴν</strong></span> 
     </span>
    </p>
   </div>
   <div class='ocr_carea' id='block_1_19' title="bbox 145 1558 1467 1635">
    <p class='ocr_par' dir='ltr' id='par_1_19' title="bbox 145 1558 1467 1635">
     <span class='ocr_line' id='line_1_19' title="bbox 145 1558 1467 1635; baseline -0.005 -15"><span class='ocrx_word' id='word_1_131' title='bbox 145 1564 258 1620; x_wconf 80' lang='grc' dir='ltr'><strong>τοῦ</strong></span> <span class='ocrx_word' id='word_1_132' title='bbox 289 1562 560 1635; x_wconf 84' lang='grc' dir='ltr'>παναγίου</span> <span class='ocrx_word' id='word_1_133' title='bbox 580 1560 898 1632; x_wconf 80' lang='grc' dir='ltr'>Πνεύματος</span> <span class='ocrx_word' id='word_1_134' title='bbox 920 1559 1083 1629; x_wconf 83' lang='grc' dir='ltr'>χάριν</span> <span class='ocrx_word' id='word_1_135' title='bbox 1106 1558 1467 1630; x_wconf 75' lang='grc' dir='ltr'>ἐκδεχομένη.</span> 
     </span>
    </p>
   </div>
   <div class='ocr_carea' id='block_1_20' title="bbox 684 1647 1220 1705">
    <p class='ocr_par' dir='ltr' id='par_1_20' title="bbox 684 1647 1220 1705">
     <span class='ocr_line' id='line_1_20' title="bbox 684 1647 1220 1705; baseline -0.006 0"><span class='ocrx_word' id='word_1_136' title='bbox 684 1649 1024 1705; x_wconf 80' lang='grc' dir='ltr'><strong>ΕΡΩΤΗΣΙΣ</strong></span> <span class='ocrx_word' id='word_1_137' title='bbox 1074 1647 1220 1702; x_wconf 85' lang='grc' dir='ltr'><strong>ἸΊΖ’.</strong></span> 
     </span>
    </p>
   </div>
   <div class='ocr_carea' id='block_1_21' title="bbox 1859 810 3455 887">
    <p class='ocr_par' dir='ltr' id='par_1_21' title="bbox 1859 810 3455 887">
     <span class='ocr_line' id='line_1_21' title="bbox 1859 810 3455 887; baseline 0.003 -20"><span class='ocrx_word' id='word_1_138' title='bbox 1859 812 2315 885; x_wconf 75' lang='lat' dir='ltr'><strong>przenuntiavisse</strong></span> <span class='ocrx_word' id='word_1_139' title='bbox 2357 812 2519 868; x_wconf 85' lang='lat' dir='ltr'><strong>ﬁdem</strong></span> <span class='ocrx_word' id='word_1_140' title='bbox 2551 810 2608 868; x_wconf 89' lang='lat' dir='ltr'><strong>in</strong></span> <span class='ocrx_word' id='word_1_141' title='bbox 2656 812 2964 869; x_wconf 84' lang='lat' dir='ltr'><strong>Christum.</strong></span> <span class='ocrx_word' id='word_1_142' title='bbox 3006 813 3223 887; x_wconf 89' lang='lat' dir='ltr'><strong>Corpus</strong></span> <span class='ocrx_word' id='word_1_143' title='bbox 3272 828 3455 872; x_wconf 84' lang='lat' dir='ltr'><strong>autem</strong></span> 
     </span>
    </p>
   </div>
   <div class='ocr_carea' id='block_1_22' title="bbox 1861 903 3458 977">
    <p class='ocr_par' dir='ltr' id='par_1_22' title="bbox 1861 903 3458 977">
     <span class='ocr_line' id='line_1_22' title="bbox 1861 903 3458 977; baseline 0.001 -14"><span class='ocrx_word' id='word_1_144' title='bbox 1861 903 2072 963; x_wconf 88' lang='lat' dir='ltr'><strong>Christi</strong></span> <span class='ocrx_word' id='word_1_145' title='bbox 2095 905 2243 976; x_wconf 91' lang='lat' dir='ltr'><strong>quod</strong></span> <span class='ocrx_word' id='word_1_146' title='bbox 2284 914 2573 976; x_wconf 84' lang='lat' dir='ltr'><strong>postquam</strong></span> <span class='ocrx_word' id='word_1_147' title='bbox 2622 906 2857 977; x_wconf 82' lang='lat' dir='ltr'><strong>cepisset</strong></span> <span class='ocrx_word' id='word_1_148' title='bbox 2908 906 3163 965; x_wconf 82' lang='lat' dir='ltr'><strong>Christus</strong></span> <span class='ocrx_word' id='word_1_149' title='bbox 3204 907 3458 964; x_wconf 84' lang='lat' dir='ltr'><strong>Salvator</strong></span> 
     </span>
    </p>
   </div>
   <div class='ocr_carea' id='block_1_23' title="bbox 1861 998 3453 1070">
    <p class='ocr_par' dir='ltr' id='par_1_23' title="bbox 1861 998 3453 1070">
     <span class='ocr_line' id='line_1_23' title="bbox 1861 998 3453 1070; baseline 0 -14"><span class='ocrx_word' id='word_1_150' title='bbox 1861 1008 2053 1056; x_wconf 86' lang='lat' dir='ltr'><strong>noster</strong></span> <span class='ocrx_word' id='word_1_151' title='bbox 2072 998 2360 1070; x_wconf 89' lang='lat' dir='ltr'><strong>discipulis</strong></span> <span class='ocrx_word' id='word_1_152' title='bbox 2376 998 2523 1053; x_wconf 87' lang='lat' dir='ltr'><strong>dedit</strong></span> <span class='ocrx_word' id='word_1_153' title='bbox 2547 999 2739 1055; x_wconf 90' lang='lat' dir='ltr'><strong>dicens</strong></span> <span class='ocrx_word' id='word_1_154' title='bbox 2760 1016 2775 1055; x_wconf 89' lang='lat'><strong>:</strong></span> <span class='ocrx_word' id='word_1_155' title='bbox 2800 999 3116 1058; x_wconf 71' lang='lat' dir='ltr'><strong>«Comedite</strong></span> <span class='ocrx_word' id='word_1_156' title='bbox 3138 1015 3331 1058; x_wconf 86' lang='lat' dir='ltr'><strong>omnes</strong></span> <span class='ocrx_word' id='word_1_157' title='bbox 3350 1000 3417 1058; x_wconf 85' lang='grc'><strong>³⁸.</strong></span> <span class='ocrx_word' id='word_1_158' title='bbox 3433 1022 3453 1055; x_wconf 68' lang='grc' dir='ltr'><strong>ι</strong></span> 
     </span>
    </p>
   </div>
   <div class='ocr_carea' id='block_1_24' title="bbox 1861 1093 3461 1167">
    <p class='ocr_par' dir='ltr' id='par_1_24' title="bbox 1861 1093 3461 1167">
     <span class='ocr_line' id='line_1_24' title="bbox 1861 1093 3461 1167; baseline 0 -16"><span class='ocrx_word' id='word_1_159' title='bbox 1861 1096 1919 1152; x_wconf 82' lang='lat' dir='ltr'><strong>Si</strong></span> <span class='ocrx_word' id='word_1_160' title='bbox 1960 1095 2085 1166; x_wconf 84' lang='lat' dir='ltr'><strong>quis</strong></span> <span class='ocrx_word' id='word_1_161' title='bbox 2113 1093 2520 1167; x_wconf 72' lang='lat' dir='ltr'><strong>prazliguratum</strong></span> <span class='ocrx_word' id='word_1_162' title='bbox 2548 1108 2668 1149; x_wconf 90' lang='lat' dir='ltr'><strong>esse</strong></span> <span class='ocrx_word' id='word_1_163' title='bbox 2696 1110 2895 1150; x_wconf 91' lang='lat' dir='ltr'><strong>manna</strong></span> <span class='ocrx_word' id='word_1_164' title='bbox 2929 1095 3158 1163; x_wconf 85' lang='lat' dir='ltr'><strong>diceret,</strong></span> <span class='ocrx_word' id='word_1_165' title='bbox 3209 1104 3461 1152; x_wconf 87' lang='lat' dir='ltr'><strong>censeret</strong></span> 
     </span>
    </p>
   </div>
   <div class='ocr_carea' id='block_1_25' title="bbox 1862 1186 3457 1260">
    <p class='ocr_par' dir='ltr' id='par_1_25' title="bbox 1862 1186 3457 1260">
     <span class='ocr_line' id='line_1_25' title="bbox 1862 1186 3457 1260; baseline 0.001 -16"><span class='ocrx_word' id='word_1_166' title='bbox 1862 1205 2066 1245; x_wconf 86' lang='lat' dir='ltr'><strong>manna</strong></span> <span class='ocrx_word' id='word_1_167' title='bbox 2089 1188 2290 1244; x_wconf 90' lang='lat' dir='ltr'><strong>merito</strong></span> <span class='ocrx_word' id='word_1_168' title='bbox 2315 1186 2575 1243; x_wconf 89' lang='lat' dir='ltr'><strong>Israelitis</strong></span> <span class='ocrx_word' id='word_1_169' title='bbox 2600 1203 2762 1243; x_wconf 89' lang='lat' dir='ltr'><strong>mane</strong></span> <span class='ocrx_word' id='word_1_170' title='bbox 2787 1188 3011 1244; x_wconf 88' lang='lat' dir='ltr'><strong>allatum</strong></span> <span class='ocrx_word' id='word_1_171' title='bbox 3034 1204 3191 1257; x_wconf 83' lang='lat' dir='ltr'><strong>esse;</strong></span> <span class='ocrx_word' id='word_1_172' title='bbox 3218 1205 3457 1260; x_wconf 88' lang='lat' dir='ltr'><strong>namque</strong></span> 
     </span>
    </p>
   </div>
   <div class='ocr_carea' id='block_1_26' title="bbox 1862 1280 3453 1341">
    <p class='ocr_par' dir='ltr' id='par_1_26' title="bbox 1862 1280 3453 1341">
     <span class='ocr_line' id='line_1_26' title="bbox 1862 1280 3453 1341; baseline 0.001 -4"><span class='ocrx_word' id='word_1_173' title='bbox 1862 1282 2133 1339; x_wconf 84' lang='lat' dir='ltr'><strong>catholica</strong></span> <span class='ocrx_word' id='word_1_174' title='bbox 2186 1280 2286 1337; x_wconf 89' lang='lat' dir='ltr'><strong>Dei</strong></span> <span class='ocrx_word' id='word_1_175' title='bbox 2336 1281 2582 1337; x_wconf 81' lang='lat' dir='ltr'><strong>Ecclesia</strong></span> <span class='ocrx_word' id='word_1_176' title='bbox 2634 1296 2845 1336; x_wconf 86' lang='lat' dir='ltr'><strong>morem</strong></span> <span class='ocrx_word' id='word_1_177' title='bbox 2878 1282 3027 1339; x_wconf 89' lang='lat' dir='ltr'><strong>hunc</strong></span> <span class='ocrx_word' id='word_1_178' title='bbox 3073 1284 3236 1341; x_wconf 89' lang='lat' dir='ltr'><strong>hodie</strong></span> <span class='ocrx_word' id='word_1_179' title='bbox 3286 1285 3453 1340; x_wconf 88' lang='lat' dir='ltr'><strong>etiam</strong></span> 
     </span>
    </p>
   </div>
   <div class='ocr_carea' id='block_1_27' title="bbox 1862 1375 3457 1447">
    <p class='ocr_par' dir='ltr' id='par_1_27' title="bbox 1862 1375 3457 1447">
     <span class='ocr_line' id='line_1_27' title="bbox 1862 1375 3457 1447; baseline 0.001 -18"><span class='ocrx_word' id='word_1_180' title='bbox 1862 1375 2118 1431; x_wconf 67' lang='lat' dir='ltr'><strong>observat</strong></span> <span class='ocrx_word' id='word_1_181' title='bbox 2148 1389 2275 1429; x_wconf 91' lang='lat' dir='ltr'><strong>cum</strong></span> <span class='ocrx_word' id='word_1_182' title='bbox 2309 1388 2473 1429; x_wconf 91' lang='lat' dir='ltr'><strong>mane</strong></span> <span class='ocrx_word' id='word_1_183' title='bbox 2497 1383 2748 1429; x_wconf 87' lang='lat' dir='ltr'><strong>sanctum</strong></span> <span class='ocrx_word' id='word_1_184' title='bbox 2783 1390 3087 1447; x_wconf 84' lang='lat' dir='ltr'><strong>purumque</strong></span> <span class='ocrx_word' id='word_1_185' title='bbox 3116 1385 3173 1433; x_wconf 91' lang='lat' dir='ltr'><strong>et</strong></span> <span class='ocrx_word' id='word_1_186' title='bbox 3201 1377 3457 1433; x_wconf 87' lang='lat' dir='ltr'><strong>incruen-</strong></span> 
     </span>
    </p>
   </div>
   <div class='ocr_carea' id='block_1_28' title="bbox 1859 1463 3455 1539">
    <p class='ocr_par' dir='ltr' id='par_1_28' title="bbox 1859 1463 3455 1539">
     <span class='ocr_line' id='line_1_28' title="bbox 1859 1463 3455 1539; baseline 0.005 -19"><span class='ocrx_word' id='word_1_187' title='bbox 1859 1474 1975 1520; x_wconf 87' lang='lat' dir='ltr'><strong>tum</strong></span> <span class='ocrx_word' id='word_1_188' title='bbox 2041 1464 2376 1522; x_wconf 86' lang='lat' dir='ltr'><strong>sacriﬁcium</strong></span> <span class='ocrx_word' id='word_1_189' title='bbox 2447 1463 2730 1532; x_wconf 91' lang='lat' dir='ltr'><strong>celebret,</strong></span> <span class='ocrx_word' id='word_1_190' title='bbox 2809 1476 3032 1539; x_wconf 79' lang='lat' dir='ltr'><strong>accepta</strong></span> <span class='ocrx_word' id='word_1_191' title='bbox 3114 1471 3455 1528; x_wconf 78' lang='lat' dir='ltr'><strong>sanctissimi</strong></span> 
     </span>
    </p>
   </div>
   <div class='ocr_carea' id='block_1_29' title="bbox 1858 1559 2322 1633">
    <p class='ocr_par' dir='ltr' id='par_1_29' title="bbox 1858 1559 2322 1633">
     <span class='ocr_line' id='line_1_29' title="bbox 1858 1559 2322 1633; baseline -0.004 -17"><span class='ocrx_word' id='word_1_192' title='bbox 1858 1559 2095 1631; x_wconf 86' lang='lat' dir='ltr'><strong>Spiritus</strong></span> <span class='ocrx_word' id='word_1_193' title='bbox 2121 1560 2322 1633; x_wconf 80' lang='lat' dir='ltr'><strong>gratia.</strong></span> 
     </span>
    </p>
   </div>
   <div class='ocr_carea' id='block_1_30' title="bbox 2336 1654 2990 1724">
    <p class='ocr_par' dir='ltr' id='par_1_30' title="bbox 2336 1654 2990 1724">
     <span class='ocr_line' id='line_1_30' title="bbox 2336 1654 2990 1724; baseline 0 -13"><span class='ocrx_word' id='word_1_194' title='bbox 2336 1654 2662 1724; x_wconf 66' lang='lat' dir='ltr'><strong>QUAZSTIO</strong></span> <span class='ocrx_word' id='word_1_195' title='bbox 2692 1654 2990 1712; x_wconf 77' lang='lat' dir='ltr'><strong>CCCXVII.</strong></span> 
     </span>
    </p>
   </div>
   <div class='ocr_carea' id='block_1_31' title="bbox 876 1770 1741 1841">
    <p class='ocr_par' dir='ltr' id='par_1_31' title="bbox 876 1770 1741 1836">
     <span class='ocr_line' id='line_1_31' title="bbox 876 1770 1741 1836; baseline -0.006 -12"><span class='ocrx_word' id='word_1_196' title='bbox 876 1771 1022 1824; x_wconf 85' lang='lat' dir='ltr'><strong>Edita</strong></span> <span class='ocrx_word' id='word_1_197' title='bbox 1053 1784 1081 1820; x_wconf 72' lang='grc' dir='ltr'><strong>ε</strong></span> <span class='ocrx_word' id='word_1_198' title='bbox 1113 1770 1240 1823; x_wconf 73' lang='lat' dir='ltr'><strong>Maio</strong></span> <span class='ocrx_word' id='word_1_199' title='bbox 1272 1771 1331 1836; x_wconf 88' lang='grc' dir='ltr'><strong>(Ι.</strong></span> <span class='ocrx_word' id='word_1_200' title='bbox 1363 1784 1410 1823; x_wconf 92' lang='lat' dir='ltr'><strong>c.</strong></span> <span class='ocrx_word' id='word_1_201' title='bbox 1442 1785 1493 1836; x_wconf 92' lang='lat' dir='ltr'><strong>p.</strong></span> <span class='ocrx_word' id='word_1_202' title='bbox 1526 1771 1635 1833; x_wconf 76' lang='grc'>156,</span> <span class='ocrx_word' id='word_1_203' title='bbox 1673 1772 1741 1823; x_wconf 67' lang='grc' dir='ltr'><strong>ιδτ</strong></span> 
     </span>
    </p>
   </div>
   <div class='ocr_carea' id='block_1_32' title="bbox 1869 1770 2761 1841">
    <p class='ocr_par' dir='ltr' id='par_1_32' title="bbox 1894 1774 2761 1841">
     <span class='ocr_line' id='line_1_32' title="bbox 1894 1774 2761 1841; baseline 0.003 -16"><span class='ocrx_word' id='word_1_204' title='bbox 1894 1774 2029 1841; x_wconf 67' lang='grc'>514).</span> <span class='ocrx_word' id='word_1_205' title='bbox 2067 1803 2129 1815; x_wconf 89' lang='lat'><strong>--</strong></span> <span class='ocrx_word' id='word_1_206' title='bbox 2165 1777 2223 1828; x_wconf 90' lang='lat' dir='ltr'><strong>In</strong></span> <span class='ocrx_word' id='word_1_207' title='bbox 2254 1776 2379 1827; x_wconf 89' lang='lat' dir='ltr'><strong>Gen.</strong></span> <span class='ocrx_word' id='word_1_208' title='bbox 2410 1791 2530 1839; x_wconf 79' lang='lat' dir='ltr'><strong>xvn,</strong></span> <span class='ocrx_word' id='word_1_209' title='bbox 2561 1778 2593 1826; x_wconf 79' lang='lat'><strong>2</strong></span> <span class='ocrx_word' id='word_1_210' title='bbox 2620 1790 2761 1841; x_wconf 83' lang='lat' dir='ltr'><strong>seqq.</strong></span> 
     </span>
    </p>
   </div>
   <div class='ocr_carea' id='block_1_33' title="bbox 250 1858 1741 1935">
    <p class='ocr_par' dir='ltr' id='par_1_33' title="bbox 250 1858 1741 1931">
     <span class='ocr_line' id='line_1_33' title="bbox 250 1858 1741 1931; baseline -0.003 -13"><span class='ocrx_word' id='word_1_211' title='bbox 250 1864 347 1918; x_wconf 82' lang='grc' dir='ltr'>Ἐν</span> <span class='ocrx_word' id='word_1_212' title='bbox 374 1862 558 1931; x_wconf 83' lang='grc' dir='ltr'>μέντοι</span> <span class='ocrx_word' id='word_1_213' title='bbox 588 1860 686 1931; x_wconf 79' lang='grc' dir='ltr'><strong>τῷ’</strong></span> <span class='ocrx_word' id='word_1_214' title='bbox 716 1879 734 1912; x_wconf 83' lang='grc' dir='ltr'><strong>ι</strong></span> <span class='ocrx_word' id='word_1_215' title='bbox 762 1859 926 1931; x_wconf 85' lang='grc' dir='ltr'>Θήσω</span> <span class='ocrx_word' id='word_1_216' title='bbox 942 1859 1039 1931; x_wconf 78' lang='grc' dir='ltr'>τὴν</span> <span class='ocrx_word' id='word_1_217' title='bbox 1053 1858 1323 1930; x_wconf 75' lang='grc' dir='ltr'>διαθήκην</span> <span class='ocrx_word' id='word_1_218' title='bbox 1346 1875 1447 1931; x_wconf 84' lang='grc' dir='ltr'><strong>μου</strong></span> <span class='ocrx_word' id='word_1_219' title='bbox 1467 1858 1572 1913; x_wconf 81' lang='grc' dir='ltr'>ἀνὰ</span> <span class='ocrx_word' id='word_1_220' title='bbox 1592 1859 1741 1931; x_wconf 56' lang='grc' dir='ltr'>μέσοι</span> 
     </span>
    </p>
   </div>
   <div class='ocr_carea' id='block_1_34' title="bbox 1869 1858 3451 1935">
    <p class='ocr_par' dir='ltr' id='par_1_34' title="bbox 1931 1861 3451 1935">
     <span class='ocr_line' id='line_1_34' title="bbox 1931 1861 3451 1935; baseline 0.004 -19"><span class='ocrx_word' id='word_1_221' title='bbox 1931 1861 1988 1918; x_wconf 90' lang='lat' dir='ltr'><strong>In</strong></span> <span class='ocrx_word' id='word_1_222' title='bbox 2018 1863 2125 1918; x_wconf 90' lang='lat' dir='ltr'><strong>hoc</strong></span> <span class='ocrx_word' id='word_1_223' title='bbox 2151 1865 2341 1931; x_wconf 89' lang='lat' dir='ltr'><strong>verbo,</strong></span> <span class='ocrx_word' id='word_1_224' title='bbox 2386 1883 2404 1917; x_wconf 81' lang='grc' dir='ltr'><strong>ι</strong></span> <span class='ocrx_word' id='word_1_225' title='bbox 2437 1863 2686 1920; x_wconf 87' lang='lat' dir='ltr'><strong>Statuam</strong></span> <span class='ocrx_word' id='word_1_226' title='bbox 2719 1874 2940 1935; x_wconf 89' lang='lat' dir='ltr'><strong>pactum</strong></span> <span class='ocrx_word' id='word_1_227' title='bbox 2970 1880 3153 1922; x_wconf 87' lang='lat' dir='ltr'><strong>meum</strong></span> <span class='ocrx_word' id='word_1_228' title='bbox 3186 1865 3329 1923; x_wconf 80' lang='lat' dir='ltr'><strong>inter</strong></span> <span class='ocrx_word' id='word_1_229' title='bbox 3362 1882 3451 1922; x_wconf 92' lang='lat' dir='ltr'><strong>me</strong></span> 
     </span>
    </p>
   </div>
   <div class='ocr_carea' id='block_1_35' title="bbox 149 1949 1754 2029">
    <p class='ocr_par' dir='ltr' id='par_1_35' title="bbox 149 1949 1754 2029">
     <span class='ocr_line' id='line_1_35' title="bbox 149 1949 1754 2029; baseline -0.005 -18"><span class='ocrx_word' id='word_1_230' title='bbox 149 1956 300 2029; x_wconf 76' lang='grc' dir='ltr'>ἐμοῦ</span> <span class='ocrx_word' id='word_1_231' title='bbox 337 1956 431 2008; x_wconf 72' lang='grc' dir='ltr'>καὶ</span> <span class='ocrx_word' id='word_1_232' title='bbox 452 1952 547 2005; x_wconf 92' lang='grc' dir='ltr'><strong>σοῦ</strong></span> <span class='ocrx_word' id='word_1_233' title='bbox 577 1970 596 2004; x_wconf 76' lang='grc' dir='ltr'><strong>ι</strong></span> <span class='ocrx_word' id='word_1_234' title='bbox 621 1950 758 2023; x_wconf 87' lang='grc' dir='ltr'>πρὸς</span> <span class='ocrx_word' id='word_1_235' title='bbox 773 1950 865 2004; x_wconf 84' lang='grc' dir='ltr'>τὸν</span> <span class='ocrx_word' id='word_1_236' title='bbox 892 1949 1145 2022; x_wconf 77' lang='grc' dir='ltr'>Ἀδραὰμ</span> <span class='ocrx_word' id='word_1_237' title='bbox 1169 1951 1464 2022; x_wconf 75' lang='grc' dir='ltr'>εἰρημένῳ,</span> <span class='ocrx_word' id='word_1_238' title='bbox 1487 1950 1754 2022; x_wconf 80' lang='grc' dir='ltr'>διαθήκην</span> 
     </span>
    </p>
   </div>
   <div class='ocr_carea' id='block_1_36' title="bbox 153 2043 1753 2123">
    <p class='ocr_par' dir='ltr' id='par_1_36' title="bbox 153 2043 1753 2123">
     <span class='ocr_line' id='line_1_36' title="bbox 153 2043 1753 2123; baseline -0.005 -18"><span class='ocrx_word' id='word_1_239' title='bbox 153 2052 266 2123; x_wconf 75' lang='grc' dir='ltr'>μὲν</span> <span class='ocrx_word' id='word_1_240' title='bbox 291 2049 360 2103; x_wconf 76' lang='grc' dir='ltr'><strong>τὰ</strong></span> <span class='ocrx_word' id='word_1_241' title='bbox 393 2048 489 2102; x_wconf 86' lang='grc' dir='ltr'><strong>νῦν</strong></span> <span class='ocrx_word' id='word_1_242' title='bbox 513 2045 611 2117; x_wconf 72' lang='grc' dir='ltr'>τὴν</span> <span class='ocrx_word' id='word_1_243' title='bbox 643 2045 947 2117; x_wconf 77' lang='grc' dir='ltr'>περιτομὴν</span> <span class='ocrx_word' id='word_1_244' title='bbox 971 2043 1143 2116; x_wconf 84' lang='grc' dir='ltr'>δηλοῖ·</span> <span class='ocrx_word' id='word_1_245' title='bbox 1178 2044 1242 2097; x_wconf 80' lang='grc' dir='ltr'>τὸ</span> <span class='ocrx_word' id='word_1_246' title='bbox 1272 2044 1353 2108; x_wconf 77' lang='grc' dir='ltr'>δὲ,</span> <span class='ocrx_word' id='word_1_247' title='bbox 1384 2062 1403 2096; x_wconf 80' lang='grc' dir='ltr'><strong>ι</strong></span> <span class='ocrx_word' id='word_1_248' title='bbox 1428 2043 1553 2097; x_wconf 79' lang='grc' dir='ltr'>Ἀνὰ</span> <span class='ocrx_word' id='word_1_249' title='bbox 1584 2044 1753 2115; x_wconf 83' lang='grc' dir='ltr'>μέσον</span> 
     </span>
    </p>
   </div>
   <div class='ocr_carea' id='block_1_37' title="bbox 151 2135 1754 2215">
    <p class='ocr_par' dir='ltr' id='par_1_37' title="bbox 151 2135 1754 2215">
     <span class='ocr_line' id='line_1_37' title="bbox 151 2135 1754 2215; baseline -0.012 -17"><span class='ocrx_word' id='word_1_250' title='bbox 151 2141 303 2215; x_wconf 77' lang='grc' dir='ltr'>ἐμοῦ</span> <span class='ocrx_word' id='word_1_251' title='bbox 329 2141 425 2196; x_wconf 73' lang='grc' dir='ltr'>καὶ</span> <span class='ocrx_word' id='word_1_252' title='bbox 456 2139 573 2207; x_wconf 89' lang='grc' dir='ltr'>σοῦ,</span> <span class='ocrx_word' id='word_1_253' title='bbox 604 2140 686 2192; x_wconf 82' lang='grc' dir='ltr'>ὅτι</span> <span class='ocrx_word' id='word_1_254' title='bbox 714 2136 863 2208; x_wconf 72' lang='grc' dir='ltr'>Αὕτη</span> <span class='ocrx_word' id='word_1_255' title='bbox 883 2137 990 2209; x_wconf 82' lang='grc' dir='ltr'>ὲμή</span> <span class='ocrx_word' id='word_1_256' title='bbox 1020 2135 1259 2208; x_wconf 87' lang='grc' dir='ltr'>διαθήκη</span> <span class='ocrx_word' id='word_1_257' title='bbox 1302 2136 1613 2207; x_wconf 84' lang='grc' dir='ltr'>μεσιτεύσει</span> <span class='ocrx_word' id='word_1_258' title='bbox 1645 2140 1754 2208; x_wconf 83' lang='grc' dir='ltr'><strong>ἀμ-</strong></span> 
     </span>
    </p>
   </div>
   <div class='ocr_carea' id='block_1_38' title="bbox 150 2230 1746 2305">
    <p class='ocr_par' dir='ltr' id='par_1_38' title="bbox 150 2230 1746 2305">
     <span class='ocr_line' id='line_1_38' title="bbox 150 2230 1746 2305; baseline -0.004 -14"><span class='ocrx_word' id='word_1_259' title='bbox 150 2241 283 2305; x_wconf 67' lang='lat' dir='ltr'><strong>(potu</strong></span> <span class='ocrx_word' id='word_1_260' title='bbox 346 2233 687 2304; x_wconf 76' lang='grc' dir='ltr'>ἀναμεταξὺ,</span> <span class='ocrx_word' id='word_1_261' title='bbox 733 2232 817 2286; x_wconf 86' lang='grc' dir='ltr'>ὅτι</span> <span class='ocrx_word' id='word_1_262' title='bbox 868 2230 1121 2301; x_wconf 73' lang='grc' dir='ltr'><strong>ἀψευδεῖς</strong></span> <span class='ocrx_word' id='word_1_263' title='bbox 1186 2247 1270 2283; x_wconf 82' lang='grc' dir='ltr'><strong>σοι</strong></span> <span class='ocrx_word' id='word_1_264' title='bbox 1321 2232 1375 2284; x_wconf 77' lang='grc' dir='ltr'>αἱ</span> <span class='ocrx_word' id='word_1_265' title='bbox 1433 2230 1562 2302; x_wconf 83' lang='grc' dir='ltr'>παρ’</span> <span class='ocrx_word' id='word_1_266' title='bbox 1610 2230 1746 2301; x_wconf 67' lang='grc' dir='ltr'>ἐμοῦ</span> 
     </span>
    </p>
   </div>
   <div class='ocr_carea' id='block_1_39' title="bbox 149 2326 1754 2399">
    <p class='ocr_par' dir='ltr' id='par_1_39' title="bbox 149 2326 1754 2399">
     <span class='ocr_line' id='line_1_39' title="bbox 149 2326 1754 2399; baseline -0.002 -14"><span class='ocrx_word' id='word_1_267' title='bbox 149 2332 380 2385; x_wconf 76' lang='grc' dir='ltr'>ἔσονται</span> <span class='ocrx_word' id='word_1_268' title='bbox 408 2328 756 2398; x_wconf 80' lang='grc' dir='ltr'>ἐπαγγελίαι·</span> <span class='ocrx_word' id='word_1_269' title='bbox 772 2347 791 2380; x_wconf 75' lang='grc' dir='ltr'><strong>ι</strong></span> <span class='ocrx_word' id='word_1_270' title='bbox 812 2327 1039 2382; x_wconf 74' lang='grc' dir='ltr'>δύναται</span> <span class='ocrx_word' id='word_1_271' title='bbox 1057 2326 1208 2393; x_wconf 83' lang='grc' dir='ltr'>δὲτὸ,</span> <span class='ocrx_word' id='word_1_272' title='bbox 1236 2346 1254 2379; x_wconf 82' lang='grc' dir='ltr'><strong>ι</strong></span> <span class='ocrx_word' id='word_1_273' title='bbox 1277 2327 1405 2381; x_wconf 77' lang='grc' dir='ltr'><strong>’Δνά</strong></span> <span class='ocrx_word' id='word_1_274' title='bbox 1422 2328 1588 2399; x_wconf 82' lang='grc' dir='ltr'>μέσον</span> <span class='ocrx_word' id='word_1_275' title='bbox 1616 2326 1754 2399; x_wconf 80' lang='grc' dir='ltr'>ἐμοῦ</span> 
     </span>
    </p>
   </div>
   <div class='ocr_carea' id='block_1_40' title="bbox 149 2420 1752 2493">
    <p class='ocr_par' dir='ltr' id='par_1_40' title="bbox 149 2420 1752 2493">
     <span class='ocr_line' id='line_1_40' title="bbox 149 2420 1752 2493; baseline -0.002 -17"><span class='ocrx_word' id='word_1_276' title='bbox 149 2426 258 2478; x_wconf 80' lang='grc' dir='ltr'>καὶ</span> <span class='ocrx_word' id='word_1_277' title='bbox 293 2422 389 2477; x_wconf 92' lang='grc' dir='ltr'><strong>σοῦ</strong></span> <span class='ocrx_word' id='word_1_278' title='bbox 422 2443 440 2476; x_wconf 69' lang='grc' dir='ltr'><strong>ι</strong></span> <span class='ocrx_word' id='word_1_279' title='bbox 465 2424 560 2477; x_wconf 56' lang='grc' dir='ltr'><strong>καὶ⁸</strong></span> <span class='ocrx_word' id='word_1_280' title='bbox 584 2422 847 2493; x_wconf 85' lang='grc' dir='ltr'>χρονικήν</span> <span class='ocrx_word' id='word_1_281' title='bbox 871 2439 994 2475; x_wconf 85' lang='grc' dir='ltr'>τινα</span> <span class='ocrx_word' id='word_1_282' title='bbox 1016 2422 1327 2492; x_wconf 86' lang='grc' dir='ltr'>παράτασιν</span> <span class='ocrx_word' id='word_1_283' title='bbox 1360 2420 1752 2492; x_wconf 80' lang='grc' dir='ltr'>ὑπεμφαίνειν,</span> 
     </span>
    </p>
   </div>
   <div class='ocr_carea' id='block_1_41' title="bbox 151 2512 1751 2584">
    <p class='ocr_par' dir='ltr' id='par_1_41' title="bbox 151 2512 1751 2584">
     <span class='ocr_line' id='line_1_41' title="bbox 151 2512 1751 2584; baseline -0.003 -16"><span class='ocrx_word' id='word_1_284' title='bbox 151 2515 259 2569; x_wconf 74' lang='grc' dir='ltr'>καὶ</span> <span class='ocrx_word' id='word_1_285' title='bbox 313 2513 519 2583; x_wconf 81' lang='grc' dir='ltr'>ταύτην</span> <span class='ocrx_word' id='word_1_286' title='bbox 564 2512 618 2565; x_wconf 81' lang='grc' dir='ltr'><strong>εί</strong></span> <span class='ocrx_word' id='word_1_287' title='bbox 660 2529 745 2576; x_wconf 86' lang='grc' dir='ltr'><strong>τις</strong></span> <span class='ocrx_word' id='word_1_288' title='bbox 804 2512 997 2583; x_wconf 80' lang='grc' dir='ltr'>ἔμελλε</span> <span class='ocrx_word' id='word_1_289' title='bbox 1053 2514 1119 2583; x_wconf 81' lang='grc' dir='ltr'><strong>τῇ</strong></span> <span class='ocrx_word' id='word_1_290' title='bbox 1180 2513 1455 2583; x_wconf 80' lang='grc' dir='ltr'>περιτομῇ</span> <span class='ocrx_word' id='word_1_291' title='bbox 1496 2527 1751 2584; x_wconf 83' lang='grc' dir='ltr'>παραμε-</span> 
     </span>
    </p>
   </div>
   <div class='ocr_carea' id='block_1_42' title="bbox 149 2605 1754 2679">
    <p class='ocr_par' dir='ltr' id='par_1_42' title="bbox 149 2605 1754 2679">
     <span class='ocr_line' id='line_1_42' title="bbox 149 2605 1754 2679; baseline -0.002 -18"><span class='ocrx_word' id='word_1_292' title='bbox 149 2607 436 2679; x_wconf 82' lang='grc' dir='ltr'>τρεῖσθαι,</span> <span class='ocrx_word' id='word_1_293' title='bbox 467 2606 695 2660; x_wconf 75' lang='grc' dir='ltr'>ὡσανείο</span> <span class='ocrx_word' id='word_1_294' title='bbox 728 2606 787 2660; x_wconf 89' lang='grc' dir='ltr'><strong>Ὀ</strong></span> <span class='ocrx_word' id='word_1_295' title='bbox 811 2605 909 2677; x_wconf 84' lang='grc' dir='ltr'>τὴν</span> <span class='ocrx_word' id='word_1_296' title='bbox 932 2605 1066 2674; x_wconf 81' lang='grc' dir='ltr'>πρὸς</span> <span class='ocrx_word' id='word_1_297' title='bbox 1099 2605 1157 2659; x_wconf 79' lang='grc' dir='ltr'>σὲ</span> <span class='ocrx_word' id='word_1_298' title='bbox 1181 2606 1299 2659; x_wconf 74' lang='grc' dir='ltr'>νυνὶ</span> <span class='ocrx_word' id='word_1_299' title='bbox 1325 2605 1592 2677; x_wconf 87' lang='grc' dir='ltr'>διαθήκην</span> <span class='ocrx_word' id='word_1_300' title='bbox 1625 2621 1754 2658; x_wconf 90' lang='grc' dir='ltr'>συν-</span> 
     </span>
    </p>
   </div>
   <div class='ocr_carea' id='block_1_43' title="bbox 156 2696 1754 2770">
    <p class='ocr_par' dir='ltr' id='par_1_43' title="bbox 156 2696 1754 2770">
     <span class='ocr_line' id='line_1_43' title="bbox 156 2696 1754 2770; baseline -0.002 -17"><span class='ocrx_word' id='word_1_301' title='bbox 156 2702 322 2764; x_wconf 73' lang='grc' dir='ltr'>ιστὰς</span> <span class='ocrx_word' id='word_1_302' title='bbox 388 2697 521 2768; x_wconf 77' lang='grc' dir='ltr'>ἐγὼ,</span> <span class='ocrx_word' id='word_1_303' title='bbox 558 2698 714 2752; x_wconf 78' lang='grc' dir='ltr'>ἔσται</span> <span class='ocrx_word' id='word_1_304' title='bbox 740 2699 828 2752; x_wconf 79' lang='grc' dir='ltr'>ὅτε</span> <span class='ocrx_word' id='word_1_305' title='bbox 861 2699 1167 2769; x_wconf 85' lang='grc' dir='ltr'>γενήσομαι</span> <span class='ocrx_word' id='word_1_306' title='bbox 1212 2697 1504 2769; x_wconf 79' lang='grc' dir='ltr'>ἄνθρωπος</span> <span class='ocrx_word' id='word_1_307' title='bbox 1534 2713 1548 2727; x_wconf 74' lang='grc' dir='ltr'><strong><em>ο</em></strong></span> <span class='ocrx_word' id='word_1_308' title='bbox 1578 2696 1675 2750; x_wconf 73' lang='grc' dir='ltr'>καὶ</span> <span class='ocrx_word' id='word_1_309' title='bbox 1718 2698 1754 2770; x_wconf 80' lang='grc' dir='ltr'><strong>η</strong></span> 
     </span>
    </p>
   </div>
   <div class='ocr_carea' id='block_1_44' title="bbox 150 2789 1757 2863">
    <p class='ocr_par' dir='ltr' id='par_1_44' title="bbox 150 2789 1757 2863">
     <span class='ocr_line' id='line_1_44' title="bbox 150 2789 1757 2863; baseline -0.001 -17"><span class='ocrx_word' id='word_1_310' title='bbox 150 2791 398 2863; x_wconf 86' lang='grc' dir='ltr'>διαθήκη</span> <span class='ocrx_word' id='word_1_311' title='bbox 432 2809 533 2862; x_wconf 85' lang='grc' dir='ltr'><strong>μου</strong></span> <span class='ocrx_word' id='word_1_312' title='bbox 567 2790 707 2863; x_wconf 82' lang='grc' dir='ltr'>αῦτη</span> <span class='ocrx_word' id='word_1_313' title='bbox 739 2792 858 2860; x_wconf 83' lang='grc' dir='ltr'>ήτοι</span> <span class='ocrx_word' id='word_1_314' title='bbox 886 2793 919 2863; x_wconf 90' lang='grc' dir='ltr'><strong>ή</strong></span> <span class='ocrx_word' id='word_1_315' title='bbox 955 2790 1228 2862; x_wconf 80' lang='grc' dir='ltr'>περιτομὴ</span> <span class='ocrx_word' id='word_1_316' title='bbox 1263 2790 1370 2844; x_wconf 84' lang='grc' dir='ltr'><strong>ἀπὸ</strong></span> <span class='ocrx_word' id='word_1_317' title='bbox 1397 2789 1491 2844; x_wconf 89' lang='grc' dir='ltr'><strong>σοῦ</strong></span> <span class='ocrx_word' id='word_1_318' title='bbox 1521 2790 1621 2861; x_wconf 80' lang='grc' dir='ltr'>τὴν</span> <span class='ocrx_word' id='word_1_319' title='bbox 1652 2791 1757 2862; x_wconf 84' lang='grc' dir='ltr'><strong>ἀρ-</strong></span> 
     </span>
    </p>
   </div>
   <div class='ocr_carea' id='block_1_45' title="bbox 152 2880 1758 2956">
    <p class='ocr_par' dir='ltr' id='par_1_45' title="bbox 152 2880 1758 2956">
     <span class='ocr_line' id='line_1_45' title="bbox 152 2880 1758 2956; baseline -0.002 -19"><span class='ocrx_word' id='word_1_320' title='bbox 152 2884 265 2956; x_wconf 81' lang='grc' dir='ltr'><strong>χὴν</strong></span> <span class='ocrx_word' id='word_1_321' title='bbox 290 2882 553 2948; x_wconf 77' lang='grc' dir='ltr'>λαϐοῦσα,</span> <span class='ocrx_word' id='word_1_322' title='bbox 592 2882 787 2955; x_wconf 87' lang='grc' dir='ltr'>μέχρις</span> <span class='ocrx_word' id='word_1_323' title='bbox 826 2880 961 2953; x_wconf 73' lang='grc' dir='ltr'>ἐμοῦ</span> <span class='ocrx_word' id='word_1_324' title='bbox 995 2881 1415 2953; x_wconf 83' lang='grc' dir='ltr'>διακρατήσασα</span> <span class='ocrx_word' id='word_1_325' title='bbox 1442 2880 1595 2952; x_wconf 82' lang='grc' dir='ltr'>λήξει</span> <span class='ocrx_word' id='word_1_326' title='bbox 1619 2897 1634 2912; x_wconf 77' lang='grc' dir='ltr'><strong>ο</strong></span> <span class='ocrx_word' id='word_1_327' title='bbox 1660 2880 1758 2936; x_wconf 81' lang='grc' dir='ltr'>καὶ</span> 
     </span>
    </p>
   </div>
   <div class='ocr_carea' id='block_1_46' title="bbox 148 2968 1753 3045">
    <p class='ocr_par' dir='ltr' id='par_1_46' title="bbox 148 2968 1753 3045">
     <span class='ocr_line' id='line_1_46' title="bbox 148 2968 1753 3045; baseline -0.002 -18"><span class='ocrx_word' id='word_1_328' title='bbox 148 2976 294 3045; x_wconf 62' lang='grc' dir='ltr'>γὰρὶ</span> <span class='ocrx_word' id='word_1_329' title='bbox 340 2975 481 3045; x_wconf 81' lang='grc' dir='ltr'>μετὰ</span> <span class='ocrx_word' id='word_1_330' title='bbox 512 2972 613 3044; x_wconf 77' lang='grc' dir='ltr'>τὴν</span> <span class='ocrx_word' id='word_1_331' title='bbox 665 2970 970 3043; x_wconf 83' lang='grc' dir='ltr'>περιτομὴν</span> <span class='ocrx_word' id='word_1_332' title='bbox 1013 2970 1108 3024; x_wconf 86' lang='grc' dir='ltr'><strong>τοῦ</strong></span> <span class='ocrx_word' id='word_1_333' title='bbox 1157 2970 1430 3025; x_wconf 86' lang='grc' dir='ltr'>Δεσπότου</span> <span class='ocrx_word' id='word_1_334' title='bbox 1491 2968 1753 3041; x_wconf 84' lang='grc' dir='ltr'>Χριστοῦ,</span> 
     </span>
    </p>
   </div>
   <div class='ocr_carea' id='block_1_47' title="bbox 151 3062 1757 3138">
    <p class='ocr_par' dir='ltr' id='par_1_47' title="bbox 151 3062 1757 3138">
     <span class='ocr_line' id='line_1_47' title="bbox 151 3062 1757 3138; baseline -0.004 -17"><span class='ocrx_word' id='word_1_335' title='bbox 151 3067 351 3121; x_wconf 79' lang='grc' dir='ltr'>οὐκέτι</span> <span class='ocrx_word' id='word_1_336' title='bbox 380 3064 565 3138; x_wconf 82' lang='grc' dir='ltr'>χώραν</span> <span class='ocrx_word' id='word_1_337' title='bbox 607 3063 766 3135; x_wconf 77' lang='grc' dir='ltr'>ἔσχεν</span> <span class='ocrx_word' id='word_1_338' title='bbox 797 3066 855 3135; x_wconf 74' lang='grc' dir='ltr'>ιή</span> <span class='ocrx_word' id='word_1_339' title='bbox 903 3063 1046 3118; x_wconf 84' lang='grc' dir='ltr'>κατὰ</span> <span class='ocrx_word' id='word_1_340' title='bbox 1110 3064 1275 3134; x_wconf 87' lang='grc' dir='ltr'>νόμον</span> <span class='ocrx_word' id='word_1_341' title='bbox 1333 3062 1605 3133; x_wconf 82' lang='grc' dir='ltr'>γενομένη</span> <span class='ocrx_word' id='word_1_342' title='bbox 1657 3062 1757 3133; x_wconf 75' lang='grc' dir='ltr'>τῆς</span> 
     </span>
    </p>
   </div>
   <div class='ocr_carea' id='block_1_48' title="bbox 150 3150 1758 3229">
    <p class='ocr_par' dir='ltr' id='par_1_48' title="bbox 150 3150 1758 3229">
     <span class='ocr_line' id='line_1_48' title="bbox 150 3150 1758 3229; baseline -0.005 -18"><span class='ocrx_word' id='word_1_343' title='bbox 150 3155 529 3229; x_wconf 81' lang='grc' dir='ltr'>ἀκροὸυστίας</span> <span class='ocrx_word' id='word_1_344' title='bbox 559 3155 829 3227; x_wconf 87' lang='grc' dir='ltr'>περιτομή</span> <span class='ocrx_word' id='word_1_345' title='bbox 851 3153 1001 3209; x_wconf 79' lang='grc' dir='ltr'>’ἀλλ’</span> <span class='ocrx_word' id='word_1_346' title='bbox 1032 3154 1147 3207; x_wconf 88' lang='grc' dir='ltr'>ὅσοι</span> <span class='ocrx_word' id='word_1_347' title='bbox 1182 3150 1634 3225; x_wconf 81' lang='grc' dir='ltr'>περιετμήθησαν</span> <span class='ocrx_word' id='word_1_348' title='bbox 1661 3154 1758 3205; x_wconf 71' lang='grc' dir='ltr'>καὶ</span> 
     </span>
    </p>
   </div>
   <div class='ocr_carea' id='block_1_49' title="bbox 1855 1954 3449 2027">
    <p class='ocr_par' dir='ltr' id='par_1_49' title="bbox 1855 1954 3449 2027">
     <span class='ocr_line' id='line_1_49' title="bbox 1855 1954 3449 2027; baseline 0.002 -17"><span class='ocrx_word' id='word_1_349' title='bbox 1855 1961 1910 2010; x_wconf 89' lang='lat' dir='ltr'><strong>et</strong></span> <span class='ocrx_word' id='word_1_350' title='bbox 1938 1962 2009 2021; x_wconf 90' lang='lat' dir='ltr'><strong>te,</strong></span> <span class='ocrx_word' id='word_1_351' title='bbox 2050 1972 2068 2006; x_wconf 72' lang='grc' dir='ltr'><strong>ι</strong></span> <span class='ocrx_word' id='word_1_352' title='bbox 2093 1954 2369 2011; x_wconf 85' lang='lat' dir='ltr'><strong>Abraham</strong></span> <span class='ocrx_word' id='word_1_353' title='bbox 2402 1954 2569 2022; x_wconf 88' lang='lat' dir='ltr'><strong>dicto,</strong></span> <span class='ocrx_word' id='word_1_354' title='bbox 2598 1957 2740 2013; x_wconf 88' lang='lat' dir='ltr'><strong>Deus</strong></span> <span class='ocrx_word' id='word_1_355' title='bbox 2774 1956 3020 2013; x_wconf 89' lang='lat' dir='ltr'><strong>ostendit</strong></span> <span class='ocrx_word' id='word_1_356' title='bbox 3057 1957 3201 2027; x_wconf 86' lang='lat' dir='ltr'><strong>pacti</strong></span> <span class='ocrx_word' id='word_1_357' title='bbox 3227 1957 3449 2027; x_wconf 86' lang='lat' dir='ltr'><strong>quidem</strong></span> 
     </span>
    </p>
   </div>
   <div class='ocr_carea' id='block_1_50' title="bbox 1856 2044 3454 2116">
    <p class='ocr_par' dir='ltr' id='par_1_50' title="bbox 1856 2044 3454 2116">
     <span class='ocr_line' id='line_1_50' title="bbox 1856 2044 3454 2116; baseline 0.003 -18"><span class='ocrx_word' id='word_1_358' title='bbox 1856 2044 1939 2099; x_wconf 88' lang='lat' dir='ltr'><strong>sui</strong></span> <span class='ocrx_word' id='word_1_359' title='bbox 1969 2046 2186 2116; x_wconf 70' lang='lat' dir='ltr'><strong>signum</strong></span> <span class='ocrx_word' id='word_1_360' title='bbox 2219 2062 2345 2102; x_wconf 88' lang='lat' dir='ltr'><strong>esse</strong></span> <span class='ocrx_word' id='word_1_361' title='bbox 2374 2047 2879 2103; x_wconf 90' lang='lat' dir='ltr'><strong>circumcisionem.</strong></span> <span class='ocrx_word' id='word_1_362' title='bbox 2924 2046 3039 2103; x_wconf 82' lang='lat' dir='ltr'><strong>Hoc</strong></span> <span class='ocrx_word' id='word_1_363' title='bbox 3069 2062 3223 2115; x_wconf 91' lang='lat' dir='ltr'><strong>vero,</strong></span> <span class='ocrx_word' id='word_1_364' title='bbox 3254 2066 3273 2099; x_wconf 73' lang='grc' dir='ltr'><strong>ι</strong></span> <span class='ocrx_word' id='word_1_365' title='bbox 3305 2048 3454 2103; x_wconf 86' lang='lat' dir='ltr'><strong>Inter</strong></span> 
     </span>
    </p>
   </div>
   <div class='ocr_carea' id='block_1_51' title="bbox 1857 2137 3452 2210">
    <p class='ocr_par' dir='ltr' id='par_1_51' title="bbox 1857 2137 3452 2210">
     <span class='ocr_line' id='line_1_51' title="bbox 1857 2137 3452 2210; baseline 0.001 -19"><span class='ocrx_word' id='word_1_366' title='bbox 1857 2152 1944 2192; x_wconf 84' lang='lat' dir='ltr'><strong>me</strong></span> <span class='ocrx_word' id='word_1_367' title='bbox 1972 2147 2027 2193; x_wconf 92' lang='lat' dir='ltr'><strong>et</strong></span> <span class='ocrx_word' id='word_1_368' title='bbox 2050 2150 2121 2203; x_wconf 90' lang='lat' dir='ltr'><strong>te,</strong></span> <span class='ocrx_word' id='word_1_369' title='bbox 2150 2158 2169 2192; x_wconf 75' lang='grc' dir='ltr'><strong>ι</strong></span> <span class='ocrx_word' id='word_1_370' title='bbox 2198 2138 2344 2194; x_wconf 88' lang='lat' dir='ltr'><strong>hanc</strong></span> <span class='ocrx_word' id='word_1_371' title='bbox 2373 2138 2482 2193; x_wconf 89' lang='lat' dir='ltr'><strong>vim</strong></span> <span class='ocrx_word' id='word_1_372' title='bbox 2515 2138 2679 2195; x_wconf 91' lang='lat' dir='ltr'><strong>habet</strong></span> <span class='ocrx_word' id='word_1_373' title='bbox 2706 2157 2721 2194; x_wconf 89' lang='lat'><strong>:</strong></span> <span class='ocrx_word' id='word_1_374' title='bbox 2759 2157 2777 2190; x_wconf 76' lang='grc' dir='ltr'><strong>ι</strong></span> <span class='ocrx_word' id='word_1_375' title='bbox 2810 2137 2995 2210; x_wconf 90' lang='lat' dir='ltr'><strong>Ipsum</strong></span> <span class='ocrx_word' id='word_1_376' title='bbox 3022 2154 3205 2195; x_wconf 90' lang='lat' dir='ltr'><strong>meum</strong></span> <span class='ocrx_word' id='word_1_377' title='bbox 3232 2148 3452 2210; x_wconf 88' lang='lat' dir='ltr'><strong>pactum</strong></span> 
     </span>
    </p>
   </div>
   <div class='ocr_carea' id='block_1_52' title="bbox 1856 2234 3455 2307">
    <p class='ocr_par' dir='ltr' id='par_1_52' title="bbox 1856 2234 3455 2307">
     <span class='ocr_line' id='line_1_52' title="bbox 1856 2234 3455 2307; baseline 0 -18"><span class='ocrx_word' id='word_1_378' title='bbox 1856 2235 1911 2289; x_wconf 89' lang='lat' dir='ltr'><strong>in</strong></span> <span class='ocrx_word' id='word_1_379' title='bbox 1938 2234 2120 2290; x_wconf 87' lang='lat' dir='ltr'><strong>medio</strong></span> <span class='ocrx_word' id='word_1_380' title='bbox 2156 2236 2264 2291; x_wconf 89' lang='lat' dir='ltr'><strong>erit</strong></span> <span class='ocrx_word' id='word_1_381' title='bbox 2312 2235 2454 2292; x_wconf 88' lang='lat' dir='ltr'><strong>inter</strong></span> <span class='ocrx_word' id='word_1_382' title='bbox 2487 2252 2590 2292; x_wconf 86' lang='lat' dir='ltr'><strong>nos</strong></span> <span class='ocrx_word' id='word_1_383' title='bbox 2639 2236 2903 2307; x_wconf 82' lang='lat' dir='ltr'><strong>quoniam</strong></span> <span class='ocrx_word' id='word_1_384' title='bbox 2948 2251 3083 2291; x_wconf 71' lang='lat' dir='ltr'><strong>mete</strong></span> <span class='ocrx_word' id='word_1_385' title='bbox 3134 2252 3243 2291; x_wconf 89' lang='lat' dir='ltr'><strong>non</strong></span> <span class='ocrx_word' id='word_1_386' title='bbox 3292 2245 3455 2291; x_wconf 87' lang='lat' dir='ltr'><strong>ernnt</strong></span> 
     </span>
    </p>
   </div>
   <div class='ocr_carea' id='block_1_53' title="bbox 1856 2326 3453 2400">
    <p class='ocr_par' dir='ltr' id='par_1_53' title="bbox 1856 2326 3453 2400">
     <span class='ocr_line' id='line_1_53' title="bbox 1856 2326 3453 2400; baseline -0.002 -18"><span class='ocrx_word' id='word_1_387' title='bbox 1856 2326 2009 2384; x_wconf 81' lang='lat' dir='ltr'><strong>falsae</strong></span> <span class='ocrx_word' id='word_1_388' title='bbox 2038 2329 2459 2399; x_wconf 85' lang='lat' dir='ltr'><strong>promissiones.</strong></span> <span class='ocrx_word' id='word_1_389' title='bbox 2489 2349 2507 2382; x_wconf 74' lang='grc' dir='ltr'><strong>ι</strong></span> <span class='ocrx_word' id='word_1_390' title='bbox 2558 2328 2750 2386; x_wconf 86' lang='lat' dir='ltr'><strong>Potest</strong></span> <span class='ocrx_word' id='word_1_391' title='bbox 2774 2344 2995 2400; x_wconf 90' lang='lat' dir='ltr'><strong>quoque</strong></span> <span class='ocrx_word' id='word_1_392' title='bbox 3018 2330 3124 2384; x_wconf 91' lang='lat' dir='ltr'><strong>hoc</strong></span> <span class='ocrx_word' id='word_1_393' title='bbox 3150 2346 3168 2379; x_wconf 82' lang='grc' dir='ltr'><strong>ι</strong></span> <span class='ocrx_word' id='word_1_394' title='bbox 3196 2326 3339 2382; x_wconf 91' lang='lat' dir='ltr'><strong>Inter</strong></span> <span class='ocrx_word' id='word_1_395' title='bbox 3364 2343 3453 2382; x_wconf 88' lang='lat' dir='ltr'><strong>me</strong></span> 
     </span>
    </p>
   </div>
   <div class='ocr_carea' id='block_1_54' title="bbox 1855 2416 3451 2491">
    <p class='ocr_par' dir='ltr' id='par_1_54' title="bbox 1855 2416 3451 2491">
     <span class='ocr_line' id='line_1_54' title="bbox 1855 2416 3451 2491; baseline -0.004 -15"><span class='ocrx_word' id='word_1_396' title='bbox 1855 2427 1912 2476; x_wconf 88' lang='lat' dir='ltr'><strong>et</strong></span> <span class='ocrx_word' id='word_1_397' title='bbox 1944 2429 1996 2476; x_wconf 90' lang='lat' dir='ltr'><strong>te</strong></span> <span class='ocrx_word' id='word_1_398' title='bbox 2033 2439 2052 2472; x_wconf 71' lang='grc' dir='ltr'><strong>ι</strong></span> <span class='ocrx_word' id='word_1_399' title='bbox 2090 2421 2324 2490; x_wconf 88' lang='lat' dir='ltr'><strong>spatium</strong></span> <span class='ocrx_word' id='word_1_400' title='bbox 2379 2421 2647 2491; x_wconf 87' lang='lat' dir='ltr'><strong>temporis</strong></span> <span class='ocrx_word' id='word_1_401' title='bbox 2687 2420 2997 2490; x_wconf 79' lang='lat' dir='ltr'><strong>designare,</strong></span> <span class='ocrx_word' id='word_1_402' title='bbox 3029 2419 3195 2487; x_wconf 84' lang='lat' dir='ltr'><strong>qnod,</strong></span> <span class='ocrx_word' id='word_1_403' title='bbox 3247 2419 3290 2471; x_wconf 90' lang='lat' dir='ltr'><strong>si</strong></span> <span class='ocrx_word' id='word_1_404' title='bbox 3324 2416 3451 2487; x_wconf 91' lang='lat' dir='ltr'><strong>quis</strong></span> 
     </span>
    </p>
   </div>
   <div class='ocr_carea' id='block_1_55' title="bbox 1857 2508 3450 2576">
    <p class='ocr_par' dir='ltr' id='par_1_55' title="bbox 1857 2508 3450 2576">
     <span class='ocr_line' id='line_1_55' title="bbox 1857 2508 3450 2576; baseline -0.003 -7"><span class='ocrx_word' id='word_1_405' title='bbox 1857 2513 1987 2569; x_wconf 81' lang='lat' dir='ltr'><strong>velit</strong></span> <span class='ocrx_word' id='word_1_406' title='bbox 2021 2513 2444 2569; x_wconf 89' lang='lat' dir='ltr'><strong>circumcisione</strong></span> <span class='ocrx_word' id='word_1_407' title='bbox 2472 2513 2676 2576; x_wconf 88' lang='lat' dir='ltr'><strong>metiri,</strong></span> <span class='ocrx_word' id='word_1_408' title='bbox 2709 2512 2995 2567; x_wconf 85' lang='lat' dir='ltr'><strong>habebitur</strong></span> <span class='ocrx_word' id='word_1_409' title='bbox 3023 2511 3167 2567; x_wconf 83' lang='lat' dir='ltr'><strong>Deus</strong></span> <span class='ocrx_word' id='word_1_410' title='bbox 3194 2512 3310 2565; x_wconf 65' lang='lat' dir='ltr'><strong>haec</strong></span> <span class='ocrx_word' id='word_1_411' title='bbox 3333 2508 3450 2565; x_wconf 82' lang='lat' dir='ltr'><strong>fere</strong></span> 
     </span>
    </p>
   </div>
   <div class='ocr_carea' id='block_1_56' title="bbox 1856 2599 3450 2673">
    <p class='ocr_par' dir='ltr' id='par_1_56' title="bbox 1856 2599 3450 2673">
     <span class='ocr_line' id='line_1_56' title="bbox 1856 2599 3450 2673; baseline -0.004 -15"><span class='ocrx_word' id='word_1_412' title='bbox 1856 2603 2047 2659; x_wconf 90' lang='lat' dir='ltr'><strong>dicens</strong></span> <span class='ocrx_word' id='word_1_413' title='bbox 2082 2601 2350 2659; x_wconf 85' lang='lat' dir='ltr'><strong>:Pactum</strong></span> <span class='ocrx_word' id='word_1_414' title='bbox 2386 2603 2530 2673; x_wconf 88' lang='lat' dir='ltr'><strong>quod</strong></span> <span class='ocrx_word' id='word_1_415' title='bbox 2561 2618 2662 2673; x_wconf 74' lang='lat' dir='ltr'><strong>ego</strong></span> <span class='ocrx_word' id='word_1_416' title='bbox 2695 2601 2873 2672; x_wconf 78' lang='lat' dir='ltr'><strong>pepigi</strong></span> <span class='ocrx_word' id='word_1_417' title='bbox 2920 2608 3098 2656; x_wconf 88' lang='lat' dir='ltr'><strong>tecum</strong></span> <span class='ocrx_word' id='word_1_418' title='bbox 3142 2599 3247 2653; x_wconf 91' lang='lat' dir='ltr'><strong>erit</strong></span> <span class='ocrx_word' id='word_1_419' title='bbox 3272 2612 3450 2668; x_wconf 83' lang='lat' dir='ltr'><strong>usque</strong></span> 
     </span>
    </p>
   </div>
   <div class='ocr_carea' id='block_1_57' title="bbox 1857 2690 3449 2764">
    <p class='ocr_par' dir='ltr' id='par_1_57' title="bbox 1857 2690 3449 2764">
     <span class='ocr_line' id='line_1_57' title="bbox 1857 2690 3449 2764; baseline -0.002 -17"><span class='ocrx_word' id='word_1_420' title='bbox 1857 2691 1926 2747; x_wconf 90' lang='lat' dir='ltr'><strong>ad</strong></span> <span class='ocrx_word' id='word_1_421' title='bbox 1945 2702 2162 2763; x_wconf 89' lang='lat' dir='ltr'><strong>tempus</strong></span> <span class='ocrx_word' id='word_1_422' title='bbox 2188 2709 2297 2764; x_wconf 87' lang='lat' dir='ltr'><strong>quo</strong></span> <span class='ocrx_word' id='word_1_423' title='bbox 2328 2695 2494 2748; x_wconf 91' lang='lat' dir='ltr'><strong>homo</strong></span> <span class='ocrx_word' id='word_1_424' title='bbox 2525 2696 2672 2747; x_wconf 88' lang='lat' dir='ltr'><strong>ﬁam.</strong></span> <span class='ocrx_word' id='word_1_425' title='bbox 2707 2693 2773 2747; x_wconf 87' lang='lat' dir='ltr'><strong>Et</strong></span> <span class='ocrx_word' id='word_1_426' title='bbox 2806 2708 2987 2748; x_wconf 85' lang='lat' dir='ltr'><strong>meum</strong></span> <span class='ocrx_word' id='word_1_427' title='bbox 3015 2700 3257 2763; x_wconf 85' lang='lat' dir='ltr'><strong>pactum,</strong></span> <span class='ocrx_word' id='word_1_428' title='bbox 3290 2690 3449 2747; x_wconf 88' lang='lat' dir='ltr'><strong>scili-</strong></span> 
     </span>
    </p>
   </div>
   <div class='ocr_carea' id='block_1_58' title="bbox 1857 2789 3448 2860">
    <p class='ocr_par' dir='ltr' id='par_1_58' title="bbox 1857 2789 3448 2860">
     <span class='ocr_line' id='line_1_58' title="bbox 1857 2789 3448 2860; baseline -0.002 -16"><span class='ocrx_word' id='word_1_429' title='bbox 1857 2798 1942 2844; x_wconf 91' lang='lat' dir='ltr'><strong>cet</strong></span> <span class='ocrx_word' id='word_1_430' title='bbox 1977 2789 2327 2845; x_wconf 87' lang='lat' dir='ltr'><strong>circumcisio</strong></span> <span class='ocrx_word' id='word_1_431' title='bbox 2377 2805 2501 2860; x_wconf 82' lang='lat' dir='ltr'><strong>quae</strong></span> <span class='ocrx_word' id='word_1_432' title='bbox 2552 2804 2585 2844; x_wconf 86' lang='lat' dir='ltr'><strong>a</strong></span> <span class='ocrx_word' id='word_1_433' title='bbox 2632 2797 2686 2844; x_wconf 90' lang='lat' dir='ltr'><strong>te</strong></span> <span class='ocrx_word' id='word_1_434' title='bbox 2739 2789 2963 2860; x_wconf 85' lang='lat' dir='ltr'><strong>incipiet</strong></span> <span class='ocrx_word' id='word_1_435' title='bbox 3017 2803 3193 2859; x_wconf 81' lang='lat' dir='ltr'><strong>usque</strong></span> <span class='ocrx_word' id='word_1_436' title='bbox 3246 2789 3311 2842; x_wconf 87' lang='lat' dir='ltr'><strong>ad</strong></span> <span class='ocrx_word' id='word_1_437' title='bbox 3360 2802 3448 2842; x_wconf 87' lang='lat' dir='ltr'><strong>me</strong></span> 
     </span>
    </p>
   </div>
   <div class='ocr_carea' id='block_1_59' title="bbox 1856 2881 3447 2955">
    <p class='ocr_par' dir='ltr' id='par_1_59' title="bbox 1856 2881 3447 2955">
     <span class='ocr_line' id='line_1_59' title="bbox 1856 2881 3447 2955; baseline 0 -20"><span class='ocrx_word' id='word_1_438' title='bbox 1856 2882 2082 2955; x_wconf 78' lang='lat' dir='ltr'><strong>vigebit.</strong></span> <span class='ocrx_word' id='word_1_439' title='bbox 2152 2881 2366 2937; x_wconf 83' lang='lat' dir='ltr'><strong>Etenim</strong></span> <span class='ocrx_word' id='word_1_440' title='bbox 2428 2890 2552 2953; x_wconf 87' lang='lat' dir='ltr'><strong>post</strong></span> <span class='ocrx_word' id='word_1_441' title='bbox 2616 2881 2830 2936; x_wconf 89' lang='lat' dir='ltr'><strong>Domini</strong></span> <span class='ocrx_word' id='word_1_442' title='bbox 2891 2882 3097 2937; x_wconf 78' lang='lat' dir='ltr'><strong>Christi</strong></span> <span class='ocrx_word' id='word_1_443' title='bbox 3152 2882 3447 2935; x_wconf 85' lang='lat' dir='ltr'><strong>circumci-</strong></span> 
     </span>
    </p>
   </div>
   <div class='ocr_carea' id='block_1_60' title="bbox 1858 2970 3446 3044">
    <p class='ocr_par' dir='ltr' id='par_1_60' title="bbox 1858 2970 3446 3044">
     <span class='ocr_line' id='line_1_60' title="bbox 1858 2970 3446 3044; baseline -0.003 -15"><span class='ocrx_word' id='word_1_444' title='bbox 1858 2972 2094 3036; x_wconf 89' lang='lat' dir='ltr'><strong>sionem,</strong></span> <span class='ocrx_word' id='word_1_445' title='bbox 2124 2973 2330 3028; x_wconf 91' lang='lat' dir='ltr'><strong>nullam</strong></span> <span class='ocrx_word' id='word_1_446' title='bbox 2359 2973 2475 3044; x_wconf 83' lang='lat' dir='ltr'><strong>jam</strong></span> <span class='ocrx_word' id='word_1_447' title='bbox 2514 2972 2705 3028; x_wconf 87' lang='lat' dir='ltr'><strong>habuit</strong></span> <span class='ocrx_word' id='word_1_448' title='bbox 2736 2971 2913 3027; x_wconf 88' lang='lat' dir='ltr'><strong>locum</strong></span> <span class='ocrx_word' id='word_1_449' title='bbox 2958 2970 3209 3041; x_wconf 85' lang='lat' dir='ltr'><strong>praeputii</strong></span> <span class='ocrx_word' id='word_1_450' title='bbox 3247 2985 3446 3026; x_wconf 83' lang='lat' dir='ltr'><strong>secun-</strong></span> 
     </span>
    </p>
   </div>
   <div class='ocr_carea' id='block_1_61' title="bbox 1858 3062 3449 3136">
    <p class='ocr_par' dir='ltr' id='par_1_61' title="bbox 1858 3062 3449 3136">
     <span class='ocr_line' id='line_1_61' title="bbox 1858 3062 3449 3136; baseline -0.002 -16"><span class='ocrx_word' id='word_1_451' title='bbox 1858 3066 1988 3120; x_wconf 88' lang='lat' dir='ltr'><strong>dum</strong></span> <span class='ocrx_word' id='word_1_452' title='bbox 2021 3066 2193 3136; x_wconf 80' lang='lat' dir='ltr'><strong>legem</strong></span> <span class='ocrx_word' id='word_1_453' title='bbox 2218 3065 2593 3121; x_wconf 77' lang='lat' dir='ltr'><strong>circumcisio.</strong></span> <span class='ocrx_word' id='word_1_454' title='bbox 2621 3065 2725 3120; x_wconf 87' lang='lat' dir='ltr'><strong>Sed</strong></span> <span class='ocrx_word' id='word_1_455' title='bbox 2756 3080 2921 3135; x_wconf 92' lang='lat' dir='ltr'><strong>quam</strong></span> <span class='ocrx_word' id='word_1_456' title='bbox 2951 3064 3108 3118; x_wconf 88' lang='lat' dir='ltr'><strong>multi</strong></span> <span class='ocrx_word' id='word_1_457' title='bbox 3139 3062 3449 3119; x_wconf 85' lang='lat' dir='ltr'><strong>circumcisi</strong></span> 
     </span>
    </p>
   </div>
   <div class='ocr_carea' id='block_1_62' title="bbox 1860 3154 3449 3227">
    <p class='ocr_par' dir='ltr' id='par_1_62' title="bbox 1860 3154 3449 3227">
     <span class='ocr_line' id='line_1_62' title="bbox 1860 3154 3449 3227; baseline -0.004 -12"><span class='ocrx_word' id='word_1_458' title='bbox 1860 3166 1990 3215; x_wconf 90' lang='lat' dir='ltr'><strong>sunt</strong></span> <span class='ocrx_word' id='word_1_459' title='bbox 2014 3166 2123 3212; x_wconf 82' lang='lat' dir='ltr'><strong>tam</strong></span> <span class='ocrx_word' id='word_1_460' title='bbox 2156 3158 2310 3212; x_wconf 91' lang='lat' dir='ltr'><strong>multi</strong></span> <span class='ocrx_word' id='word_1_461' title='bbox 2336 3164 2529 3213; x_wconf 90' lang='lat' dir='ltr'><strong>contra</strong></span> <span class='ocrx_word' id='word_1_462' title='bbox 2569 3157 2778 3227; x_wconf 84' lang='lat' dir='ltr'><strong>legem;</strong></span> <span class='ocrx_word' id='word_1_463' title='bbox 2818 3156 2934 3211; x_wconf 75' lang='lat' dir='ltr'><strong>lucc</strong></span> <span class='ocrx_word' id='word_1_464' title='bbox 2974 3165 3159 3209; x_wconf 85' lang='lat' dir='ltr'><strong>autem</strong></span> <span class='ocrx_word' id='word_1_465' title='bbox 3210 3154 3449 3209; x_wconf 84' lang='lat' dir='ltr'><strong>circnm-</strong></span> 
     </span>
    </p>
   </div>
   <div class='ocr_carea' id='block_1_63' title="bbox 154 3229 1741 3325">
    <p class='ocr_par' dir='ltr' id='par_1_63' title="bbox 154 3247 1741 3325">
     <span class='ocr_line' id='line_1_63' title="bbox 154 3247 1741 3325; baseline -0.005 -16"><span class='ocrx_word' id='word_1_466' title='bbox 154 3251 616 3325; x_wconf 81' lang='grc' dir='ltr'>παρανομοῦντες</span> <span class='ocrx_word' id='word_1_467' title='bbox 644 3249 1179 3324; x_wconf 76' lang='grc' dir='ltr'>περιετμήθησανοὴ</span> <span class='ocrx_word' id='word_1_468' title='bbox 1209 3249 1266 3302; x_wconf 79' lang='grc' dir='ltr'>δὲ</span> <span class='ocrx_word' id='word_1_469' title='bbox 1299 3249 1452 3321; x_wconf 83' lang='grc' dir='ltr'>παρὰ</span> <span class='ocrx_word' id='word_1_470' title='bbox 1472 3247 1593 3319; x_wconf 85' lang='grc' dir='ltr'><strong>Θεῷ</strong></span> <span class='ocrx_word' id='word_1_471' title='bbox 1622 3247 1741 3320; x_wconf 60' lang='lat' dir='ltr'><strong>dipt-</strong></span> 
     </span>
    </p>
   </div>
   <div class='ocr_carea' id='block_1_64' title="bbox 1869 3229 3397 3325">
    <p class='ocr_par' dir='ltr' id='par_1_64' title="bbox 1869 3248 3397 3321">
     <span class='ocr_line' id='line_1_64' title="bbox 1869 3248 3397 3321; baseline -0.005 -13"><span class='ocrx_word' id='word_1_472' title='bbox 1869 3250 2000 3308; x_wconf 82' lang='lat' dir='ltr'><strong>cisio</strong></span> <span class='ocrx_word' id='word_1_473' title='bbox 2032 3266 2064 3305; x_wconf 90' lang='lat' dir='ltr'><strong>a</strong></span> <span class='ocrx_word' id='word_1_474' title='bbox 2093 3250 2205 3306; x_wconf 89' lang='lat' dir='ltr'><strong>Deo</strong></span> <span class='ocrx_word' id='word_1_475' title='bbox 2236 3250 2502 3321; x_wconf 65' lang='lat' dir='ltr'><strong>praeﬁnita</strong></span> <span class='ocrx_word' id='word_1_476' title='bbox 2525 3249 2579 3305; x_wconf 90' lang='lat' dir='ltr'><strong>in</strong></span> <span class='ocrx_word' id='word_1_477' title='bbox 2610 3250 2730 3320; x_wconf 90' lang='lat' dir='ltr'><strong>ipso</strong></span> <span class='ocrx_word' id='word_1_478' title='bbox 2766 3249 2985 3305; x_wconf 87' lang='lat' dir='ltr'><strong>Christo</strong></span> <span class='ocrx_word' id='word_1_479' title='bbox 3016 3249 3180 3304; x_wconf 90' lang='lat' dir='ltr'><strong>ﬁnem</strong></span> <span class='ocrx_word' id='word_1_480' title='bbox 3214 3248 3397 3304; x_wconf 88' lang='lat' dir='ltr'><strong>habet.</strong></span> 
     </span>
    </p>
   </div>
   <div class='ocr_carea' id='block_1_65' title="bbox 160 3340 1609 3419">
    <p class='ocr_par' dir='ltr' id='par_1_65' title="bbox 160 3340 1609 3419">
     <span class='ocr_line' id='line_1_65' title="bbox 160 3340 1609 3419; baseline -0.003 -19"><span class='ocrx_word' id='word_1_481' title='bbox 160 3347 346 3419; x_wconf 86' lang='grc' dir='ltr'>σμένη</span> <span class='ocrx_word' id='word_1_482' title='bbox 382 3344 653 3417; x_wconf 81' lang='grc' dir='ltr'>περιτομή</span> <span class='ocrx_word' id='word_1_483' title='bbox 677 3345 735 3398; x_wconf 81' lang='grc' dir='ltr'>ἐν</span> <span class='ocrx_word' id='word_1_484' title='bbox 779 3343 930 3414; x_wconf 83' lang='grc' dir='ltr'><strong>αὐτῷ</strong></span> <span class='ocrx_word' id='word_1_485' title='bbox 950 3344 1229 3398; x_wconf 85' lang='grc' dir='ltr'>πέπαυται</span> <span class='ocrx_word' id='word_1_486' title='bbox 1256 3340 1336 3416; x_wconf 80' lang='grc' dir='ltr'><strong>τῷ</strong></span> <span class='ocrx_word' id='word_1_487' title='bbox 1366 3340 1609 3414; x_wconf 81' lang='grc' dir='ltr'>Χριστῷ.</span> 
     </span>
    </p>
   </div>
   <div class='ocr_carea' id='block_1_66' title="bbox 689 3458 1218 3513">
    <p class='ocr_par' dir='ltr' id='par_1_66' title="bbox 689 3458 1218 3513">
     <span class='ocr_line' id='line_1_66' title="bbox 689 3458 1218 3513; baseline -0.002 0"><span class='ocrx_word' id='word_1_488' title='bbox 689 3458 1027 3513; x_wconf 75' lang='grc' dir='ltr'><strong>ΕΡΩΤῙΙΣΙΣ</strong></span> <span class='ocrx_word' id='word_1_489' title='bbox 1060 3458 1218 3513; x_wconf 80' lang='grc' dir='ltr'><strong>ΤΙΗ¹.</strong></span> 
     </span>
    </p>
   </div>
   <div class='ocr_carea' id='block_1_67' title="bbox 157 3547 1757 3621">
    <p class='ocr_par' dir='ltr' id='par_1_67' title="bbox 157 3547 1757 3621">
     <span class='ocr_line' id='line_1_67' title="bbox 157 3547 1757 3621; baseline -0.004 -12"><span class='ocrx_word' id='word_1_490' title='bbox 157 3555 272 3609; x_wconf 83' lang='grc' dir='ltr'><strong>Διὰ</strong></span> <span class='ocrx_word' id='word_1_491' title='bbox 304 3553 362 3608; x_wconf 85' lang='grc' dir='ltr'><strong>τί</strong></span> <span class='ocrx_word' id='word_1_492' title='bbox 389 3552 757 3621; x_wconf 75' lang='grc' dir='ltr'>ἐπετίμησεν</span> <span class='ocrx_word' id='word_1_493' title='bbox 782 3555 814 3605; x_wconf 86' lang='grc' dir='ltr'><strong><em>ό</em></strong></span> <span class='ocrx_word' id='word_1_494' title='bbox 859 3549 1101 3620; x_wconf 84' lang='grc' dir='ltr'>Ἰησοῦς</span> <span class='ocrx_word' id='word_1_495' title='bbox 1130 3547 1211 3614; x_wconf 85' lang='grc' dir='ltr'>τῷ</span> <span class='ocrx_word' id='word_1_496' title='bbox 1239 3550 1459 3617; x_wconf 86' lang='grc' dir='ltr'>Πέτρῳ,</span> <span class='ocrx_word' id='word_1_497' title='bbox 1516 3550 1624 3604; x_wconf 83' lang='grc' dir='ltr'><strong>τὸν</strong></span> <span class='ocrx_word' id='word_1_498' title='bbox 1655 3548 1757 3604; x_wconf 78' lang='lat' dir='ltr'><strong>0d-</strong></span> 
     </span>
    </p>
   </div>
   <div class='ocr_carea' id='block_1_68' title="bbox 485 3621 1423 3692">
    <p class='ocr_par' dir='ltr' id='par_1_68' title="bbox 485 3621 1423 3692">
     <span class='ocr_line' id='line_1_68' title="bbox 485 3621 1423 3692; baseline -0.003 -13"><span class='ocrx_word' id='word_1_499' title='bbox 485 3641 675 3679; x_wconf 77' lang='grc' dir='ltr'>νατον</span> <span class='ocrx_word' id='word_1_500' title='bbox 707 3621 1276 3691; x_wconf 82' lang='grc' dir='ltr'>δυσανασχετοῦντι</span> <span class='ocrx_word' id='word_1_501' title='bbox 1306 3622 1382 3692; x_wconf 80' lang='lat' dir='ltr'><strong>(I)</strong></span> <span class='ocrx_word' id='word_1_502' title='bbox 1408 3637 1423 3686; x_wconf 90' lang='lat'><strong>;</strong></span> 
     </span>
    </p>
   </div>
   <div class='ocr_carea' id='block_1_69' title="bbox 1976 3451 3344 3526">
    <p class='ocr_par' dir='ltr' id='par_1_69' title="bbox 1976 3451 3344 3526">
     <span class='ocr_line' id='line_1_69' title="bbox 1976 3451 3344 3526; baseline -0.004 -16"><span class='ocrx_word' id='word_1_503' title='bbox 1976 3452 2308 3521; x_wconf 67' lang='lat' dir='ltr'><strong>QUESTIO</strong></span> <span class='ocrx_word' id='word_1_504' title='bbox 2345 3452 2648 3511; x_wconf 75' lang='lat' dir='ltr'><strong>CCCXVIII</strong></span> <span class='ocrx_word' id='word_1_505' title='bbox 2693 3453 2881 3526; x_wconf 78' lang='lat' dir='ltr'><strong>[CoiaL</strong></span> <span class='ocrx_word' id='word_1_506' title='bbox 2925 3454 3089 3509; x_wconf 74' lang='lat' dir='ltr'><strong>Tam.</strong></span> <span class='ocrx_word' id='word_1_507' title='bbox 3130 3451 3344 3525; x_wconf 68' lang='lat' dir='ltr'><strong>XCIII}.</strong></span> 
     </span>
    </p>
   </div>
   <div class='ocr_carea' id='block_1_70' title="bbox 1859 3541 3449 3671">
    <p class='ocr_par' dir='ltr' id='par_1_70' title="bbox 1859 3541 3449 3671">
     <span class='ocr_line' id='line_1_70' title="bbox 1859 3541 3449 3671; baseline 0 -74"><span class='ocrx_word' id='word_1_508' title='bbox 1859 3541 2039 3610; x_wconf 71' lang='lat' dir='ltr'><strong>Quare</strong></span> <span class='ocrx_word' id='word_1_509' title='bbox 2068 3542 2233 3598; x_wconf 71' lang='lat' dir='ltr'><strong>Iesus</strong></span> <span class='ocrx_word' id='word_1_510' title='bbox 2278 3541 2525 3624; x_wconf 61' lang='lat' dir='ltr'><strong>Petrum.</strong></span> <span class='ocrx_word' id='word_1_511' title='bbox 2569 3554 2821 3671; x_wconf 63' lang='lat' dir='ltr'><strong>mortem?</strong></span> <span class='ocrx_word' id='word_1_512' title='bbox 2839 3545 2956 3615; x_wconf 74' lang='lat' dir='ltr'><strong>ejus</strong></span> <span class='ocrx_word' id='word_1_513' title='bbox 2996 3559 3135 3615; x_wconf 71' lang='lat' dir='ltr'><strong>(egre</strong></span> <span class='ocrx_word' id='word_1_514' title='bbox 3177 3544 3449 3613; x_wconf 75' lang='lat' dir='ltr'><strong>ferentem,</strong></span> 
     </span>
     <span class='ocr_line' id='line_1_71' title="bbox 2490 3625 2781 3671; baseline -0.003 -3"><span class='ocrx_word' id='word_1_515' title='bbox 2490 3625 2781 3671; x_wconf 79' lang='lat' dir='ltr'><strong>tncrenamt</strong></span> 
     </span>
    </p>
   </div>
   <div class='ocr_carea' id='block_1_71' title="bbox 2490 3625 2781 3685">
    <p class='ocr_par' dir='ltr' id='par_1_71' title="bbox 2490 3625 2781 3685">
     <span class='ocr_line' id='line_1_72' title="bbox 2490 3625 2781 3685; baseline -0.003 -17"><span class='ocrx_word' id='word_1_516' title='bbox 2490 3625 2781 3685; x_wconf 78' lang='lat' dir='ltr'><strong>tncrepamt</strong></span> 
     </span>
    </p>
   </div>
   <div class='ocr_carea' id='block_1_72' title="bbox 536 3730 3053 3804">
    <p class='ocr_par' dir='ltr' id='par_1_72' title="bbox 536 3730 3053 3804">
     <span class='ocr_line' id='line_1_73' title="bbox 536 3730 3053 3804; baseline -0.004 -10"><span class='ocrx_word' id='word_1_517' title='bbox 536 3742 795 3794; x_wconf 81' lang='lat' dir='ltr'><strong>Editarum</strong></span> <span class='ocrx_word' id='word_1_518' title='bbox 819 3741 847 3792; x_wconf 61' lang='grc' dir='ltr'><strong>ε</strong></span> <span class='ocrx_word' id='word_1_519' title='bbox 868 3741 1047 3792; x_wconf 74' lang='lat' dir='ltr'><strong>Wolﬁo</strong></span> <span class='ocrx_word' id='word_1_520' title='bbox 1064 3741 1443 3804; x_wconf 77' lang='lat' dir='ltr'><strong>quadragesima</strong></span> <span class='ocrx_word' id='word_1_521' title='bbox 1462 3741 1635 3802; x_wconf 80' lang='lat' dir='ltr'><strong>quinta</strong></span> <span class='ocrx_word' id='word_1_522' title='bbox 1667 3737 1812 3801; x_wconf 76' lang='lat' dir='ltr'><strong>(Cur.</strong></span> <span class='ocrx_word' id='word_1_523' title='bbox 1835 3730 2044 3795; x_wconf 75' lang='lat' dir='ltr'><strong>Pltilol.,</strong></span> <span class='ocrx_word' id='word_1_524' title='bbox 2068 3738 2109 3784; x_wconf 82' lang='lat' dir='ltr'><strong>t.</strong></span> <span class='ocrx_word' id='word_1_525' title='bbox 2130 3733 2191 3795; x_wconf 88' lang='lat' dir='ltr'><strong>V,</strong></span> <span class='ocrx_word' id='word_1_526' title='bbox 2224 3749 2274 3798; x_wconf 89' lang='lat' dir='ltr'><strong>p.</strong></span> <span class='ocrx_word' id='word_1_527' title='bbox 2299 3734 2412 3785; x_wconf 66' lang='lat' dir='ltr'><strong>68L</strong></span> <span class='ocrx_word' id='word_1_528' title='bbox 2442 3735 2649 3786; x_wconf 78' lang='lat' dir='ltr'><strong>Galland</strong></span> <span class='ocrx_word' id='word_1_529' title='bbox 2690 3750 2743 3799; x_wconf 91' lang='lat' dir='ltr'><strong>p.</strong></span> <span class='ocrx_word' id='word_1_530' title='bbox 2774 3736 2883 3797; x_wconf 88' lang='lat'><strong>706,</strong></span> <span class='ocrx_word' id='word_1_531' title='bbox 2908 3749 2960 3785; x_wconf 80' lang='grc' dir='ltr'><strong>ιι.</strong></span> <span class='ocrx_word' id='word_1_532' title='bbox 2978 3735 3053 3799; x_wconf 84' lang='grc'><strong>9).</strong></span> 
     </span>
    </p>
   </div>
   <div class='ocr_carea' id='block_1_73' title="bbox 243 3826 1758 3904">
    <p class='ocr_par' dir='ltr' id='par_1_73' title="bbox 243 3826 1758 3904">
     <span class='ocr_line' id='line_1_74' title="bbox 243 3826 1758 3904; baseline -0.007 -17"><span class='ocrx_word' id='word_1_533' title='bbox 243 3834 487 3904; x_wconf 86' lang='grc' dir='ltr'>Ὀτιπερ</span> <span class='ocrx_word' id='word_1_534' title='bbox 519 3833 569 3885; x_wconf 83' lang='grc' dir='ltr'><strong>εί</strong></span> <span class='ocrx_word' id='word_1_535' title='bbox 625 3832 719 3885; x_wconf 75' lang='grc' dir='ltr'><strong>καὶ</strong></span> <span class='ocrx_word' id='word_1_536' title='bbox 754 3830 964 3902; x_wconf 86' lang='grc' dir='ltr'>φίλτρῳ</span> <span class='ocrx_word' id='word_1_537' title='bbox 1000 3828 1196 3895; x_wconf 82' lang='grc' dir='ltr'>ζέοντι,</span> <span class='ocrx_word' id='word_1_538' title='bbox 1253 3828 1347 3883; x_wconf 77' lang='grc' dir='ltr'>καὶ</span> <span class='ocrx_word' id='word_1_539' title='bbox 1398 3828 1602 3897; x_wconf 81' lang='grc' dir='ltr'>στοργῇ</span> <span class='ocrx_word' id='word_1_540' title='bbox 1658 3826 1758 3897; x_wconf 84' lang='grc' dir='ltr'><strong>ὲμ-</strong></span> 
     </span>
    </p>
   </div>
   <div class='ocr_carea' id='block_1_74' title="bbox 161 3913 1757 3998">
    <p class='ocr_par' dir='ltr' id='par_1_74' title="bbox 161 3913 1757 3998">
     <span class='ocr_line' id='line_1_75' title="bbox 161 3913 1757 3998; baseline -0.006 -17"><span class='ocrx_word' id='word_1_541' title='bbox 161 3929 332 3998; x_wconf 75' lang='grc' dir='ltr'>πόρῳ</span> <span class='ocrx_word' id='word_1_542' title='bbox 358 3926 534 3979; x_wconf 71' lang='grc' dir='ltr'>ἐδόκει</span> <span class='ocrx_word' id='word_1_543' title='bbox 563 3913 906 3996; x_wconf 68' lang='grc' dir='ltr'>προαγαγεῖν</span> <span class='ocrx_word' id='word_1_544' title='bbox 949 3922 1011 3976; x_wconf 85' lang='grc' dir='ltr'>τὸ</span> <span class='ocrx_word' id='word_1_545' title='bbox 1062 3921 1239 3994; x_wconf 77' lang='grc' dir='ltr'>ῥῆμα,</span> <span class='ocrx_word' id='word_1_546' title='bbox 1271 3920 1388 3974; x_wconf 71' lang='grc' dir='ltr'>ἀλλ’</span> <span class='ocrx_word' id='word_1_547' title='bbox 1416 3918 1510 3973; x_wconf 80' lang='grc' dir='ltr'>οὖν</span> <span class='ocrx_word' id='word_1_548' title='bbox 1559 3917 1757 3992; x_wconf 69' lang='grc' dir='ltr'>ἡδονὴν</span> 
     </span>
    </p>
   </div>
   <div class='ocr_carea' id='block_1_75' title="bbox 161 4008 1757 4091">
    <p class='ocr_par' dir='ltr' id='par_1_75' title="bbox 161 4008 1757 4091">
     <span class='ocr_line' id='line_1_76' title="bbox 161 4008 1757 4091; baseline -0.006 -16"><span class='ocrx_word' id='word_1_549' title='bbox 161 4022 367 4091; x_wconf 74' lang='grc' dir='ltr'>ἔφερεν</span> <span class='ocrx_word' id='word_1_550' title='bbox 412 4020 491 4090; x_wconf 81' lang='grc' dir='ltr'><strong>τῷ</strong></span> <span class='ocrx_word' id='word_1_551' title='bbox 540 4008 798 4087; x_wconf 77' lang='grc' dir='ltr'>διαϐόλῳ.</span> <span class='ocrx_word' id='word_1_552' title='bbox 834 4016 943 4069; x_wconf 85' lang='grc' dir='ltr'>Τοῦ</span> <span class='ocrx_word' id='word_1_553' title='bbox 974 4015 1083 4087; x_wconf 84' lang='grc' dir='ltr'>γὰρ</span> <span class='ocrx_word' id='word_1_554' title='bbox 1122 4015 1199 4087; x_wconf 84' lang='grc' dir='ltr'>μὴ</span> <span class='ocrx_word' id='word_1_555' title='bbox 1238 4014 1433 4068; x_wconf 77' lang='grc' dir='ltr'>παθεῖν</span> <span class='ocrx_word' id='word_1_556' title='bbox 1479 4013 1573 4067; x_wconf 86' lang='grc' dir='ltr'>τὸν</span> <span class='ocrx_word' id='word_1_557' title='bbox 1620 4014 1757 4085; x_wconf 84' lang='grc' dir='ltr'>Χρι-</span> 
     </span>
    </p>
   </div>
   <div class='ocr_carea' id='block_1_76' title="bbox 168 4105 1759 4182">
    <p class='ocr_par' dir='ltr' id='par_1_76' title="bbox 168 4105 1759 4182">
     <span class='ocr_line' id='line_1_77' title="bbox 168 4105 1759 4182; baseline -0.004 -14"><span class='ocrx_word' id='word_1_558' title='bbox 168 4114 324 4177; x_wconf 79' lang='grc' dir='ltr'>στὸν,</span> <span class='ocrx_word' id='word_1_559' title='bbox 369 4111 564 4182; x_wconf 85' lang='grc' dir='ltr'>κέρδος</span> <span class='ocrx_word' id='word_1_560' title='bbox 610 4105 679 4181; x_wconf 80' lang='grc' dir='ltr'>ἦν</span> <span class='ocrx_word' id='word_1_561' title='bbox 731 4110 991 4181; x_wconf 90' lang='grc' dir='ltr'>μέγιστον</span> <span class='ocrx_word' id='word_1_562' title='bbox 1018 4108 1097 4179; x_wconf 88' lang='grc' dir='ltr'>τῷ</span> <span class='ocrx_word' id='word_1_563' title='bbox 1127 4109 1375 4180; x_wconf 78' lang='grc' dir='ltr'>Σατανᾷ,</span> <span class='ocrx_word' id='word_1_564' title='bbox 1425 4107 1522 4162; x_wconf 81' lang='grc' dir='ltr'>ἆτε</span> <span class='ocrx_word' id='word_1_565' title='bbox 1565 4106 1630 4177; x_wconf 79' lang='grc' dir='ltr'>δὴ</span> <span class='ocrx_word' id='word_1_566' title='bbox 1659 4106 1759 4176; x_wconf 85' lang='grc' dir='ltr'>τῆς</span> 
     </span>
    </p>
   </div>
   <div class='ocr_carea' id='block_1_77' title="bbox 161 4198 1757 4275">
    <p class='ocr_par' dir='ltr' id='par_1_77' title="bbox 161 4198 1757 4275">
     <span class='ocr_line' id='line_1_78' title="bbox 161 4198 1757 4275; baseline -0.005 -14"><span class='ocrx_word' id='word_1_567' title='bbox 161 4206 280 4261; x_wconf 84' lang='grc' dir='ltr'><strong>τῶν</strong></span> <span class='ocrx_word' id='word_1_568' title='bbox 350 4204 659 4275; x_wconf 82' lang='grc' dir='ltr'>ἀνθρώπων</span> <span class='ocrx_word' id='word_1_569' title='bbox 708 4201 1027 4273; x_wconf 84' lang='grc' dir='ltr'>τυραννίδος</span> <span class='ocrx_word' id='word_1_570' title='bbox 1080 4201 1181 4255; x_wconf 81' lang='grc' dir='ltr'>οὐκ</span> <span class='ocrx_word' id='word_1_571' title='bbox 1236 4200 1597 4271; x_wconf 81' lang='grc' dir='ltr'>ἑξισταμένῳ.</span> <span class='ocrx_word' id='word_1_572' title='bbox 1658 4198 1757 4253; x_wconf 78' lang='grc' dir='ltr'><strong>Διὰ</strong></span> 
     </span>
    </p>
   </div>
   <div class='ocr_carea' id='block_1_78' title="bbox 1929 3819 3449 3893">
    <p class='ocr_par' dir='ltr' id='par_1_78' title="bbox 1929 3819 3449 3893">
     <span class='ocr_line' id='line_1_79' title="bbox 1929 3819 3449 3893; baseline 0.002 -17"><span class='ocrx_word' id='word_1_573' title='bbox 1929 3819 2118 3878; x_wconf 91' lang='lat' dir='ltr'><strong>Causa</strong></span> <span class='ocrx_word' id='word_1_574' title='bbox 2163 3822 2242 3876; x_wconf 87' lang='lat' dir='ltr'><strong>rei</strong></span> <span class='ocrx_word' id='word_1_575' title='bbox 2272 3822 2390 3878; x_wconf 66' lang='lat' dir='ltr'><strong>haec</strong></span> <span class='ocrx_word' id='word_1_576' title='bbox 2420 3831 2525 3887; x_wconf 87' lang='lat' dir='ltr'><strong>est,</strong></span> <span class='ocrx_word' id='word_1_577' title='bbox 2560 3824 2731 3893; x_wconf 88' lang='lat' dir='ltr'><strong>quod,</strong></span> <span class='ocrx_word' id='word_1_578' title='bbox 2764 3823 3020 3893; x_wconf 87' lang='lat' dir='ltr'><strong>quamvis</strong></span> <span class='ocrx_word' id='word_1_579' title='bbox 3048 3838 3117 3879; x_wconf 77' lang='lat' dir='ltr'><strong>ex</strong></span> <span class='ocrx_word' id='word_1_580' title='bbox 3151 3822 3327 3879; x_wconf 88' lang='lat' dir='ltr'><strong>calido</strong></span> <span class='ocrx_word' id='word_1_581' title='bbox 3361 3823 3449 3879; x_wconf 89' lang='lat' dir='ltr'><strong>af-</strong></span> 
     </span>
    </p>
   </div>
   <div class='ocr_carea' id='block_1_79' title="bbox 1864 3909 3449 3985">
    <p class='ocr_par' dir='ltr' id='par_1_79' title="bbox 1864 3909 3449 3985">
     <span class='ocr_line' id='line_1_80' title="bbox 1864 3909 3449 3985; baseline 0.004 -18"><span class='ocrx_word' id='word_1_582' title='bbox 1864 3909 2015 3968; x_wconf 85' lang='lat' dir='ltr'><strong>fectu</strong></span> <span class='ocrx_word' id='word_1_583' title='bbox 2047 3922 2101 3970; x_wconf 91' lang='lat' dir='ltr'><strong>et</strong></span> <span class='ocrx_word' id='word_1_584' title='bbox 2132 3927 2325 3969; x_wconf 89' lang='lat' dir='ltr'><strong>amore</strong></span> <span class='ocrx_word' id='word_1_585' title='bbox 2357 3912 2605 3969; x_wconf 77' lang='lat' dir='ltr'><strong>fervente</strong></span> <span class='ocrx_word' id='word_1_586' title='bbox 2649 3914 2722 3968; x_wconf 80' lang='lat' dir='ltr'><strong>ita</strong></span> <span class='ocrx_word' id='word_1_587' title='bbox 2748 3914 2898 3985; x_wconf 88' lang='lat' dir='ltr'><strong>loqui</strong></span> <span class='ocrx_word' id='word_1_588' title='bbox 2926 3914 3223 3983; x_wconf 86' lang='lat' dir='ltr'><strong>videretur,</strong></span> <span class='ocrx_word' id='word_1_589' title='bbox 3257 3918 3449 3974; x_wconf 82' lang='lat' dir='ltr'><strong>eadem</strong></span> 
     </span>
    </p>
   </div>
   <div class='ocr_carea' id='block_1_80' title="bbox 1861 4002 3450 4075">
    <p class='ocr_par' dir='ltr' id='par_1_80' title="bbox 1861 4002 3450 4075">
     <span class='ocr_line' id='line_1_81' title="bbox 1861 4002 3450 4075; baseline 0.005 -20"><span class='ocrx_word' id='word_1_590' title='bbox 1861 4007 2046 4055; x_wconf 88' lang='lat' dir='ltr'><strong>tamen</strong></span> <span class='ocrx_word' id='word_1_591' title='bbox 2114 4016 2281 4073; x_wconf 85' lang='lat' dir='ltr'><strong>opera</strong></span> <span class='ocrx_word' id='word_1_592' title='bbox 2338 4002 2559 4059; x_wconf 86' lang='lat' dir='ltr'><strong>diabolo</strong></span> <span class='ocrx_word' id='word_1_593' title='bbox 2600 4012 2815 4075; x_wconf 81' lang='lat' dir='ltr'><strong>gratum</strong></span> <span class='ocrx_word' id='word_1_594' title='bbox 2869 4004 3125 4062; x_wconf 85' lang='lat' dir='ltr'><strong>faciebat.</strong></span> <span class='ocrx_word' id='word_1_595' title='bbox 3168 4007 3450 4063; x_wconf 83' lang='lat' dir='ltr'><strong>Christum</strong></span> 
     </span>
    </p>
   </div>
   <div class='ocr_carea' id='block_1_81' title="bbox 1857 4092 3452 4165">
    <p class='ocr_par' dir='ltr' id='par_1_81' title="bbox 1857 4092 3452 4165">
     <span class='ocr_line' id='line_1_82' title="bbox 1857 4092 3452 4165; baseline 0.006 -20"><span class='ocrx_word' id='word_1_596' title='bbox 1857 4092 2011 4145; x_wconf 89' lang='lat' dir='ltr'><strong>enim</strong></span> <span class='ocrx_word' id='word_1_597' title='bbox 2054 4107 2165 4148; x_wconf 92' lang='lat' dir='ltr'><strong>non</strong></span> <span class='ocrx_word' id='word_1_598' title='bbox 2211 4094 2445 4165; x_wconf 88' lang='lat' dir='ltr'><strong>perpeti,</strong></span> <span class='ocrx_word' id='word_1_599' title='bbox 2506 4095 2807 4150; x_wconf 78' lang='lat' dir='ltr'><strong>maximum</strong></span> <span class='ocrx_word' id='word_1_600' title='bbox 2858 4096 3072 4152; x_wconf 92' lang='lat' dir='ltr'><strong>lucrum</strong></span> <span class='ocrx_word' id='word_1_601' title='bbox 3118 4099 3452 4155; x_wconf 82' lang='lat' dir='ltr'><strong>conciliabat</strong></span> 
     </span>
    </p>
   </div>
   <div class='ocr_carea' id='block_1_82' title="bbox 1860 4179 3447 4263">
    <p class='ocr_par' dir='ltr' id='par_1_82' title="bbox 1860 4179 3447 4263">
     <span class='ocr_line' id='line_1_83' title="bbox 1860 4179 3447 4263; baseline 0.007 -27"><span class='ocrx_word' id='word_1_602' title='bbox 1860 4179 2101 4251; x_wconf 59' lang='lat' dir='ltr'><strong>Satanae,</strong></span> <span class='ocrx_word' id='word_1_603' title='bbox 2154 4184 2223 4242; x_wconf 83' lang='lat' dir='ltr'><strong>de</strong></span> <span class='ocrx_word' id='word_1_604' title='bbox 2274 4193 2549 4254; x_wconf 85' lang='lat' dir='ltr'><strong>potestate</strong></span> <span class='ocrx_word' id='word_1_605' title='bbox 2602 4202 2703 4242; x_wconf 89' lang='lat' dir='ltr'><strong>sua</strong></span> <span class='ocrx_word' id='word_1_606' title='bbox 2750 4187 2808 4243; x_wconf 89' lang='lat' dir='ltr'><strong>in</strong></span> <span class='ocrx_word' id='word_1_607' title='bbox 2864 4189 3119 4247; x_wconf 87' lang='lat' dir='ltr'><strong>homines</strong></span> <span class='ocrx_word' id='word_1_608' title='bbox 3162 4207 3447 4263; x_wconf 87' lang='lat' dir='ltr'><strong>nunquam</strong></span> 
     </span>
    </p>
   </div>
   <div class='ocr_carea' id='block_1_83' title="bbox 156 4272 1741 4364">
    <p class='ocr_par' dir='ltr' id='par_1_83' title="bbox 156 4272 1741 4364">
     <span class='ocr_line' id='line_1_84' title="bbox 156 4272 1741 4364; baseline -0.004 -13"><span class='ocrx_word' id='word_1_609' title='bbox 156 4295 326 4351; x_wconf 79' lang='grc' dir='ltr'>τοῦτο</span> <span class='ocrx_word' id='word_1_610' title='bbox 354 4272 572 4349; x_wconf 22' lang='grc' dir='ltr'>οῦνγκαὶ</span> <span class='ocrx_word' id='word_1_611' title='bbox 601 4295 635 4364; x_wconf 82' lang='grc' dir='ltr'><strong>η</strong></span> <span class='ocrx_word' id='word_1_612' title='bbox 687 4272 1010 4363; x_wconf 75' lang='grc' dir='ltr'>ἐπιτίμησις</span> <span class='ocrx_word' id='word_1_613' title='bbox 1052 4291 1238 4359; x_wconf 80' lang='grc' dir='ltr'>λέγει’</span> <span class='ocrx_word' id='word_1_614' title='bbox 1274 4311 1293 4343; x_wconf 78' lang='grc' dir='ltr'><strong>ι</strong></span> <span class='ocrx_word' id='word_1_615' title='bbox 1328 4292 1547 4361; x_wconf 84' lang='grc' dir='ltr'>’Υπαγε</span> <span class='ocrx_word' id='word_1_616' title='bbox 1580 4290 1741 4345; x_wconf 76' lang='grc' dir='ltr'>ὀπίσα</span> 
     </span>
    </p>
   </div>
   <div class='ocr_carea' id='block_1_84' title="bbox 1869 4272 3450 4364">
    <p class='ocr_par' dir='ltr' id='par_1_84' title="bbox 1869 4272 3450 4354">
     <span class='ocr_line' id='line_1_85' title="bbox 1869 4272 3450 4354; baseline 0.008 -28"><span class='ocrx_word' id='word_1_617' title='bbox 1869 4272 2103 4345; x_wconf 68' lang='lat' dir='ltr'><strong>alioquin</strong></span> <span class='ocrx_word' id='word_1_618' title='bbox 2160 4275 2530 4332; x_wconf 89' lang='lat' dir='ltr'><strong>deturbando.</strong></span> <span class='ocrx_word' id='word_1_619' title='bbox 2582 4278 2878 4349; x_wconf 85' lang='lat' dir='ltr'><strong>Propterea</strong></span> <span class='ocrx_word' id='word_1_620' title='bbox 2928 4282 3092 4337; x_wconf 86' lang='lat' dir='ltr'><strong>etiam</strong></span> <span class='ocrx_word' id='word_1_621' title='bbox 3145 4282 3450 4354; x_wconf 84' lang='lat' dir='ltr'><strong>increpatio</strong></span> 
     </span>
    </p>
   </div>
   <div class='ocr_carea' id='block_1_85' title="bbox 164 4381 1550 4463">
    <p class='ocr_par' dir='ltr' id='par_1_85' title="bbox 164 4381 1550 4463">
     <span class='ocr_line' id='line_1_86' title="bbox 164 4381 1550 4463; baseline -0.006 -19"><span class='ocrx_word' id='word_1_622' title='bbox 164 4405 301 4463; x_wconf 85' lang='grc' dir='ltr'>μου,</span> <span class='ocrx_word' id='word_1_623' title='bbox 328 4387 568 4454; x_wconf 79' lang='grc' dir='ltr'>Σατανᾶ,</span> <span class='ocrx_word' id='word_1_624' title='bbox 603 4384 743 4440; x_wconf 82' lang='grc' dir='ltr'>διότι</span> <span class='ocrx_word' id='word_1_625' title='bbox 770 4384 835 4438; x_wconf 76' lang='grc' dir='ltr'><strong>οὐ</strong></span> <span class='ocrx_word' id='word_1_626' title='bbox 865 4385 1086 4456; x_wconf 80' lang='grc' dir='ltr'>φρονεῖς</span> <span class='ocrx_word' id='word_1_627' title='bbox 1107 4384 1178 4438; x_wconf 81' lang='grc' dir='ltr'>τὰ</span> <span class='ocrx_word' id='word_1_628' title='bbox 1200 4381 1296 4437; x_wconf 85' lang='grc' dir='ltr'><strong>τοῦ</strong></span> <span class='ocrx_word' id='word_1_629' title='bbox 1327 4382 1487 4439; x_wconf 86' lang='grc' dir='ltr'>Θεοῦ.</span> <span class='ocrx_word' id='word_1_630' title='bbox 1528 4400 1550 4435; x_wconf 73' lang='grc' dir='ltr'><strong>ι</strong></span> 
     </span>
    </p>
   </div>
   <div class='ocr_carea' id='block_1_86' title="bbox 1860 4363 3447 4447">
    <p class='ocr_par' dir='ltr' id='par_1_86' title="bbox 1860 4363 3447 4447">
     <span class='ocr_line' id='line_1_87' title="bbox 1860 4363 3447 4447; baseline 0.009 -28"><span class='ocrx_word' id='word_1_631' title='bbox 1860 4363 1938 4420; x_wconf 86' lang='lat' dir='ltr'><strong>ita</strong></span> <span class='ocrx_word' id='word_1_632' title='bbox 1997 4366 2276 4422; x_wconf 88' lang='lat' dir='ltr'><strong>habebat:</strong></span> <span class='ocrx_word' id='word_1_633' title='bbox 2313 4386 2333 4421; x_wconf 83' lang='grc' dir='ltr'><strong>ι</strong></span> <span class='ocrx_word' id='word_1_634' title='bbox 2372 4367 2711 4437; x_wconf 82' lang='lat' dir='ltr'><strong>Retrocede,</strong></span> <span class='ocrx_word' id='word_1_635' title='bbox 2779 4369 3020 4442; x_wconf 84' lang='lat' dir='ltr'><strong>Satana,</strong></span> <span class='ocrx_word' id='word_1_636' title='bbox 3071 4388 3248 4447; x_wconf 88' lang='lat' dir='ltr'><strong>neque</strong></span> <span class='ocrx_word' id='word_1_637' title='bbox 3297 4376 3447 4435; x_wconf 86' lang='lat' dir='ltr'><strong>enim</strong></span> 
     </span>
    </p>
   </div>
   <div class='ocr_carea' id='block_1_87' title="bbox 1861 4456 2732 4533">
    <p class='ocr_par' dir='ltr' id='par_1_87' title="bbox 1861 4456 2732 4533">
     <span class='ocr_line' id='line_1_88' title="bbox 1861 4456 2732 4533; baseline 0.008 -24"><span class='ocrx_word' id='word_1_638' title='bbox 1861 4456 2011 4527; x_wconf 88' lang='lat' dir='ltr'><strong>sapis</strong></span> <span class='ocrx_word' id='word_1_639' title='bbox 2040 4473 2126 4526; x_wconf 91' lang='lat' dir='ltr'><strong>ea,</strong></span> <span class='ocrx_word' id='word_1_640' title='bbox 2158 4474 2281 4530; x_wconf 69' lang='lat' dir='ltr'><strong>quae</strong></span> <span class='ocrx_word' id='word_1_641' title='bbox 2309 4459 2407 4518; x_wconf 90' lang='lat' dir='ltr'><strong>Dei</strong></span> <span class='ocrx_word' id='word_1_642' title='bbox 2438 4470 2569 4517; x_wconf 89' lang='lat' dir='ltr'><strong>sunt</strong></span> <span class='ocrx_word' id='word_1_643' title='bbox 2590 4460 2659 4517; x_wconf 81' lang='grc'><strong>³⁹.</strong></span> <span class='ocrx_word' id='word_1_644' title='bbox 2690 4462 2732 4533; x_wconf 77' lang='grc' dir='ltr'><strong>»Ι</strong></span> 
     </span>
    </p>
   </div>
   <div class='ocr_carea' id='block_1_88' title="bbox 1154 4558 2489 4649">
    <p class='ocr_par' dir='ltr' id='par_1_88' title="bbox 1154 4558 2489 4649">
     <span class='ocr_line' id='line_1_89' title="bbox 1154 4558 2489 4649; baseline 0.013 -35"><span class='ocrx_word' id='word_1_645' title='bbox 1154 4558 1485 4628; x_wconf 72' lang='lat' dir='ltr'><strong>QUASSTIO</strong></span> <span class='ocrx_word' id='word_1_646' title='bbox 1534 4561 1792 4622; x_wconf 80' lang='lat' dir='ltr'><strong>CCCXIX</strong></span> <span class='ocrx_word' id='word_1_647' title='bbox 1849 4568 2037 4642; x_wconf 79' lang='lat' dir='ltr'><strong>[CoisL</strong></span> <span class='ocrx_word' id='word_1_648' title='bbox 2080 4573 2240 4630; x_wconf 86' lang='lat' dir='ltr'><strong>Taur.</strong></span> <span class='ocrx_word' id='word_1_649' title='bbox 2280 4573 2489 4649; x_wconf 74' lang='lat' dir='ltr'><strong>XCIV].</strong></span> 
     </span>
    </p>
   </div>
   <div class='ocr_carea' id='block_1_89' title="bbox 1278 4652 2330 4723">
    <p class='ocr_par' dir='ltr' id='par_1_89' title="bbox 1278 4652 2330 4723">
     <span class='ocr_line' id='line_1_90' title="bbox 1278 4652 2330 4723; baseline 0.015 -16"><span class='ocrx_word' id='word_1_650' title='bbox 1278 4652 1358 4707; x_wconf 84' lang='lat' dir='ltr'><strong>De</strong></span> <span class='ocrx_word' id='word_1_651' title='bbox 1383 4653 1664 4710; x_wconf 78' lang='lat' dir='ltr'><strong>Abaalomi</strong></span> <span class='ocrx_word' id='word_1_652' title='bbox 1694 4658 1971 4717; x_wconf 74' lang='lat' dir='ltr'><strong>seditione.</strong></span> <span class='ocrx_word' id='word_1_653' title='bbox 2002 4694 2069 4707; x_wconf 94' lang='lat'>—</span> <span class='ocrx_word' id='word_1_654' title='bbox 2100 4665 2330 4723; x_wconf 84' lang='lat' dir='ltr'><strong>Inedita.</strong></span> 
     </span>
    </p>
   </div>
   <div class='ocr_carea' id='block_1_90' title="bbox 164 4746 1745 4825">
    <p class='ocr_par' dir='ltr' id='par_1_90' title="bbox 164 4746 1745 4825">
     <span class='ocr_line' id='line_1_91' title="bbox 164 4746 1745 4825; baseline -0.012 -10"><span class='ocrx_word' id='word_1_655' title='bbox 164 4759 228 4815; x_wconf 84' lang='grc' dir='ltr'>Τί</span> <span class='ocrx_word' id='word_1_656' title='bbox 267 4754 554 4825; x_wconf 78' lang='grc' dir='ltr'>σημαίνει</span> <span class='ocrx_word' id='word_1_657' title='bbox 599 4749 639 4819; x_wconf 79' lang='grc' dir='ltr'>ἠ</span> <span class='ocrx_word' id='word_1_658' title='bbox 689 4748 796 4805; x_wconf 86' lang='grc' dir='ltr'><strong>τοῦ</strong></span> <span class='ocrx_word' id='word_1_659' title='bbox 839 4747 1159 4819; x_wconf 75' lang='grc' dir='ltr'>Ἀσσαλὼμ</span> <span class='ocrx_word' id='word_1_660' title='bbox 1188 4746 1271 4815; x_wconf 84' lang='grc' dir='ltr'>τῷ</span> <span class='ocrx_word' id='word_1_661' title='bbox 1302 4751 1479 4819; x_wconf 72' lang='grc' dir='ltr'>πατρί</span> <span class='ocrx_word' id='word_1_662' title='bbox 1523 4751 1745 4809; x_wconf 79' lang='grc' dir='ltr'><strong>ἐπανά-</strong></span> 
     </span>
    </p>
   </div>
   <div class='ocr_carea' id='block_1_91' title="bbox 820 4837 1073 4886">
    <p class='ocr_par' dir='ltr' id='par_1_91' title="bbox 820 4837 1073 4886">
     <span class='ocr_line' id='line_1_92' title="bbox 820 4837 1073 4886; baseline 0.004 -12"><span class='ocrx_word' id='word_1_663' title='bbox 820 4837 1039 4886; x_wconf 85' lang='grc' dir='ltr'>στασις</span> <span class='ocrx_word' id='word_1_664' title='bbox 1052 4838 1073 4886; x_wconf 85' lang='grc'><em>;</em></span> 
     </span>
    </p>
   </div>
   <div class='ocr_carea' id='block_1_92' title="bbox 232 4911 1749 4992">
    <p class='ocr_par' dir='ltr' id='par_1_92' title="bbox 232 4911 1749 4992">
     <span class='ocr_line' id='line_1_93' title="bbox 232 4911 1749 4992; baseline 0.001 -22"><span class='ocrx_word' id='word_1_665' title='bbox 232 4918 350 4987; x_wconf 79' lang='grc' dir='ltr'><strong>Τὴν</strong></span> <span class='ocrx_word' id='word_1_666' title='bbox 394 4915 504 4969; x_wconf 84' lang='grc' dir='ltr'>τῶν</span> <span class='ocrx_word' id='word_1_667' title='bbox 553 4912 826 4967; x_wconf 81' lang='grc' dir='ltr'>Ἰουδαίων</span> <span class='ocrx_word' id='word_1_668' title='bbox 875 4911 1133 4977; x_wconf 71' lang='grc' dir='ltr'>εἰκονιζει</span> <span class='ocrx_word' id='word_1_669' title='bbox 1178 4913 1320 4969; x_wconf 76' lang='grc' dir='ltr'>κατὰ</span> <span class='ocrx_word' id='word_1_670' title='bbox 1348 4915 1442 4971; x_wconf 88' lang='grc' dir='ltr'><strong>τοῦ</strong></span> <span class='ocrx_word' id='word_1_671' title='bbox 1493 4917 1749 4992; x_wconf 86' lang='grc' dir='ltr'>Σωτῆρος</span> 
     </span>
    </p>
   </div>
   <div class='ocr_carea' id='block_1_93' title="bbox 158 5009 626 5064">
    <p class='ocr_par' dir='ltr' id='par_1_93' title="bbox 158 5009 626 5064">
     <span class='ocr_line' id='line_1_94' title="bbox 158 5009 626 5064; baseline -0.006 0"><span class='ocrx_word' id='word_1_672' title='bbox 158 5009 626 5064; x_wconf 73' lang='grc' dir='ltr'>ἑπανάστασιν....</span> 
     </span>
    </p>
   </div>
   <div class='ocr_carea' id='block_1_94' title="bbox 721 5097 1218 5152">
    <p class='ocr_par' dir='ltr' id='par_1_94' title="bbox 721 5097 1218 5152">
     <span class='ocr_line' id='line_1_95' title="bbox 721 5097 1218 5152; baseline 0.006 -3"><span class='ocrx_word' id='word_1_673' title='bbox 721 5097 1060 5150; x_wconf 77' lang='grc' dir='ltr'><strong>ΕΡΩΤΗΣῙΣ</strong></span> <span class='ocrx_word' id='word_1_674' title='bbox 1088 5097 1218 5152; x_wconf 79' lang='lat' dir='ltr'><strong>TK’.</strong></span> 
     </span>
    </p>
   </div>
   <div class='ocr_carea' id='block_1_95' title="bbox 163 5188 1747 5276">
    <p class='ocr_par' dir='ltr' id='par_1_95' title="bbox 163 5188 1747 5276">
     <span class='ocr_line' id='line_1_96' title="bbox 163 5188 1747 5276; baseline -0.004 -29"><span class='ocrx_word' id='word_1_675' title='bbox 163 5190 302 5276; x_wconf 72' lang='grc' dir='ltr'>Πῷς</span> <span class='ocrx_word' id='word_1_676' title='bbox 345 5188 420 5276; x_wconf 64' lang='grc'><strong>(2)</strong></span> <span class='ocrx_word' id='word_1_677' title='bbox 452 5188 889 5276; x_wconf 57' lang='grc' dir='ltr'><strong>ἐντελυζόμενος</strong></span> <span class='ocrx_word' id='word_1_678' title='bbox 914 5193 946 5242; x_wconf 80' lang='grc' dir='ltr'><strong><em>ό</em></strong></span> <span class='ocrx_word' id='word_1_679' title='bbox 972 5189 1460 5276; x_wconf 41' lang='grc' dir='ltr'>ιΣωτὴρΛπάριτας</span> <span class='ocrx_word' id='word_1_680' title='bbox 1485 5192 1747 5276; x_wconf 50' lang='grc' dir='ltr'>ἀγαπᾷς,</span> 
     </span>
    </p>
   </div>
   <div class='ocr_carea' id='block_1_96' title="bbox 233 5260 1752 5333">
    <p class='ocr_par' dir='ltr' id='par_1_96' title="bbox 233 5260 1752 5333">
     <span class='ocr_line' id='line_1_97' title="bbox 233 5260 1752 5333; baseline -0.006 -17"><span class='ocrx_word' id='word_1_681' title='bbox 233 5260 532 5316; x_wconf 78' lang='grc' dir='ltr'>ἐπιτάττει</span> <span class='ocrx_word' id='word_1_682' title='bbox 572 5262 842 5333; x_wconf 49' lang='grc' dir='ltr'>πέμπων</span> <span class='ocrx_word' id='word_1_683' title='bbox 890 5260 1034 5333; x_wconf 73' lang='grc' dir='ltr'>τοὺς</span> <span class='ocrx_word' id='word_1_684' title='bbox 1093 5262 1365 5333; x_wconf 78' lang='grc' dir='ltr'>μαθητὰς</span> <span class='ocrx_word' id='word_1_685' title='bbox 1403 5264 1490 5330; x_wconf 81' lang='grc' dir='ltr'><strong>εις</strong></span> <span class='ocrx_word' id='word_1_686' title='bbox 1524 5260 1591 5317; x_wconf 55' lang='lat' dir='ltr'><strong>id</strong></span> <span class='ocrx_word' id='word_1_687' title='bbox 1645 5260 1752 5333; x_wconf 51' lang='grc' dir='ltr'>κνμ</span> 
     </span>
    </p>
   </div>
   <div class='ocr_carea' id='block_1_97' title="bbox 227 5329 1665 5402">
    <p class='ocr_par' dir='ltr' id='par_1_97' title="bbox 227 5329 1665 5402">
     <span class='ocr_line' id='line_1_98' title="bbox 227 5329 1665 5402; baseline 0.001 -14"><span class='ocrx_word' id='word_1_688' title='bbox 227 5347 453 5402; x_wconf 58' lang='lat' dir='ltr'><strong>purga,</strong></span> <span class='ocrx_word' id='word_1_689' title='bbox 472 5330 707 5401; x_wconf 81' lang='grc' dir='ltr'>μηδένα</span> <span class='ocrx_word' id='word_1_690' title='bbox 732 5329 1107 5392; x_wconf 73' lang='grc' dir='ltr'>ἀσπάζεσθαι</span> <span class='ocrx_word' id='word_1_691' title='bbox 1144 5331 1296 5385; x_wconf 83' lang='grc' dir='ltr'>κατὰ</span> <span class='ocrx_word' id='word_1_692' title='bbox 1337 5329 1665 5402; x_wconf 27' lang='grc' dir='ltr'><strong>τὴνίόδόη</strong></span> 
     </span>
    </p>
   </div>
   <div class='ocr_carea' id='block_1_98' title="bbox 1930 4744 3447 4837">
    <p class='ocr_par' dir='ltr' id='par_1_98' title="bbox 1930 4744 3447 4837">
     <span class='ocr_line' id='line_1_99' title="bbox 1930 4744 3447 4837; baseline 0.009 -24"><span class='ocrx_word' id='word_1_693' title='bbox 1930 4758 2073 4826; x_wconf 83' lang='lat' dir='ltr'><strong>Quid</strong></span> <span class='ocrx_word' id='word_1_694' title='bbox 2099 4764 2374 4833; x_wconf 75' lang='lat' dir='ltr'><strong>signiﬁcat</strong></span> <span class='ocrx_word' id='word_1_695' title='bbox 2417 4744 2699 4820; x_wconf 66' lang='lat' dir='ltr'><strong>Absalomi</strong></span> <span class='ocrx_word' id='word_1_696' title='bbox 2736 4777 2924 4821; x_wconf 84' lang='lat' dir='ltr'><strong>contra</strong></span> <span class='ocrx_word' id='word_1_697' title='bbox 2966 4779 3173 4837; x_wconf 75' lang='lat' dir='ltr'><strong>patrem</strong></span> <span class='ocrx_word' id='word_1_698' title='bbox 3212 4770 3447 4827; x_wconf 79' lang='lat' dir='ltr'><strong>seditio?</strong></span> 
     </span>
    </p>
   </div>
   <div class='ocr_carea' id='block_1_99' title="bbox 1930 4912 3446 4987">
    <p class='ocr_par' dir='ltr' id='par_1_99' title="bbox 1930 4912 3446 4987">
     <span class='ocr_line' id='line_1_100' title="bbox 1930 4912 3446 4987; baseline 0.01 -18"><span class='ocrx_word' id='word_1_699' title='bbox 1930 4912 2156 4985; x_wconf 80' lang='lat' dir='ltr'><strong>Figurat</strong></span> <span class='ocrx_word' id='word_1_700' title='bbox 2204 4916 2521 4976; x_wconf 71' lang='lat' dir='ltr'><strong>Iudaeorum</strong></span> <span class='ocrx_word' id='word_1_701' title='bbox 2598 4925 2923 4981; x_wconf 85' lang='lat' dir='ltr'><strong>seditionem</strong></span> <span class='ocrx_word' id='word_1_702' title='bbox 2988 4938 3183 4985; x_wconf 84' lang='lat' dir='ltr'><strong>contra</strong></span> <span class='ocrx_word' id='word_1_703' title='bbox 3250 4929 3446 4987; x_wconf 77' lang='lat' dir='ltr'><strong>Salva-</strong></span> 
     </span>
    </p>
   </div>
   <div class='ocr_carea' id='block_1_100' title="bbox 1857 5015 2190 5064">
    <p class='ocr_par' dir='ltr' id='par_1_100' title="bbox 1857 5015 2190 5064">
     <span class='ocr_line' id='line_1_101' title="bbox 1857 5015 2190 5064; baseline 0.003 -2"><span class='ocrx_word' id='word_1_704' title='bbox 1857 5015 2032 5064; x_wconf 86' lang='lat' dir='ltr'><strong>torem</strong></span> <span class='ocrx_word' id='word_1_705' title='bbox 2073 5052 2085 5064; x_wconf 94' lang='lat'><strong>.</strong></span> <span class='ocrx_word' id='word_1_706' title='bbox 2123 5049 2138 5063; x_wconf 93' lang='lat'><strong>.</strong></span> <span class='ocrx_word' id='word_1_707' title='bbox 2175 5048 2190 5063; x_wconf 95' lang='lat'><strong>.</strong></span> 
     </span>
    </p>
   </div>
   <div class='ocr_carea' id='block_1_101' title="bbox 1998 5101 3286 5188">
    <p class='ocr_par' dir='ltr' id='par_1_101' title="bbox 1998 5101 3286 5188">
     <span class='ocr_line' id='line_1_102' title="bbox 1998 5101 3286 5188; baseline 0.011 -31"><span class='ocrx_word' id='word_1_708' title='bbox 1998 5101 2329 5168; x_wconf 63' lang='lat' dir='ltr'><strong>QUESTIO</strong></span> <span class='ocrx_word' id='word_1_709' title='bbox 2366 5104 2598 5161; x_wconf 75' lang='lat' dir='ltr'><strong>CCCXX</strong></span> <span class='ocrx_word' id='word_1_710' title='bbox 2640 5107 2834 5180; x_wconf 77' lang='lat' dir='ltr'><strong>[CoisL</strong></span> <span class='ocrx_word' id='word_1_711' title='bbox 2892 5109 3057 5166; x_wconf 84' lang='lat' dir='ltr'><strong>Taur.</strong></span> <span class='ocrx_word' id='word_1_712' title='bbox 3102 5112 3286 5188; x_wconf 73' lang='lat' dir='ltr'><strong>XCV].</strong></span> 
     </span>
    </p>
   </div>
   <div class='ocr_carea' id='block_1_102' title="bbox 1861 5194 3446 5279">
    <p class='ocr_par' dir='ltr' id='par_1_102' title="bbox 1861 5194 3446 5279">
     <span class='ocr_line' id='line_1_103' title="bbox 1861 5194 3446 5279; baseline 0.011 -32"><span class='ocrx_word' id='word_1_713' title='bbox 1861 5194 2442 5279; x_wconf 38' lang='lat' dir='ltr'><strong>QqutngSaluator</strong></span> <span class='ocrx_word' id='word_1_714' title='bbox 2502 5211 2679 5255; x_wconf 83' lang='lat' dir='ltr'><strong>noster</strong></span> <span class='ocrx_word' id='word_1_715' title='bbox 2703 5245 2725 5279; x_wconf 81' lang='lat'><strong>,_</strong></span> <span class='ocrx_word' id='word_1_716' title='bbox 2774 5219 2954 5279; x_wconf 79' lang='lat' dir='ltr'><strong>omnes</strong></span> <span class='ocrx_word' id='word_1_717' title='bbox 2996 5223 3176 5279; x_wconf 81' lang='lat' dir='ltr'><strong>amare</strong></span> <span class='ocrx_word' id='word_1_718' title='bbox 3215 5210 3446 5279; x_wconf 73' lang='lat' dir='ltr'><strong>jubms,</strong></span> 
     </span>
    </p>
   </div>
   <div class='ocr_carea' id='block_1_103' title="bbox 1933 5265 3447 5354">
    <p class='ocr_par' dir='ltr' id='par_1_103' title="bbox 1933 5265 3447 5354">
     <span class='ocr_line' id='line_1_104' title="bbox 1933 5265 3447 5354; baseline 0.012 -36"><span class='ocrx_word' id='word_1_719' title='bbox 1933 5265 2229 5352; x_wconf 69' lang='lat' dir='ltr'><strong>discipulos</strong></span> <span class='ocrx_word' id='word_1_720' title='bbox 2269 5280 2446 5324; x_wconf 81' lang='lat' dir='ltr'><strong>tamen</strong></span> <span class='ocrx_word' id='word_1_721' title='bbox 2489 5274 2725 5354; x_wconf 44' lang='lat' dir='ltr'><strong>suos-ad</strong></span> <span class='ocrx_word' id='word_1_722' title='bbox 2766 5278 3173 5354; x_wconf 66' lang='lat' dir='ltr'><strong>prwdicandum</strong></span> <span class='ocrx_word' id='word_1_723' title='bbox 3210 5265 3447 5350; x_wconf 62' lang='lat' dir='ltr'><strong>mittens;</strong></span> 
     </span>
    </p>
   </div>
   <div class='ocr_carea' id='block_1_104' title="bbox 1935 5346 3044 5410">
    <p class='ocr_par' dir='ltr' id='par_1_104' title="bbox 1935 5346 3044 5410">
     <span class='ocr_line' id='line_1_105' title="bbox 1935 5346 3044 5410; baseline 0.009 -19"><span class='ocrx_word' id='word_1_724' title='bbox 1935 5346 2198 5408; x_wconf 69' lang='lat' dir='ltr'><strong>pm’cipit,</strong></span> <span class='ocrx_word' id='word_1_725' title='bbox 2236 5357 2299 5394; x_wconf 86' lang='lat' dir='ltr'><strong>ne</strong></span> <span class='ocrx_word' id='word_1_726' title='bbox 2326 5357 2477 5410; x_wconf 84' lang='lat' dir='ltr'><strong>quem</strong></span> <span class='ocrx_word' id='word_1_727' title='bbox 2513 5346 2568 5395; x_wconf 82' lang='lat' dir='ltr'><strong>in</strong></span> <span class='ocrx_word' id='word_1_728' title='bbox 2598 5346 2680 5397; x_wconf 78' lang='lat' dir='ltr'><strong>ria</strong></span> <span class='ocrx_word' id='word_1_729' title='bbox 2709 5347 2943 5400; x_wconf 79' lang='lat' dir='ltr'><strong>salutent</strong></span> <span class='ocrx_word' id='word_1_730' title='bbox 2962 5346 3044 5401; x_wconf 64' lang='grc' dir='ltr'><strong>δοῖ</strong></span> 
     </span>
    </p>
   </div>
   <div class='ocr_carea' id='block_1_105' title="bbox 384 5446 3227 5525">
    <p class='ocr_par' dir='ltr' id='par_1_105' title="bbox 384 5446 3227 5525">
     <span class='ocr_line' id='line_1_106' title="bbox 384 5446 3227 5525; baseline 0.006 -29"><span class='ocrx_word' id='word_1_731' title='bbox 384 5446 636 5496; x_wconf 86' lang='lat' dir='ltr'><strong>Editarum</strong></span> <span class='ocrx_word' id='word_1_732' title='bbox 670 5462 698 5496; x_wconf 85' lang='lat' dir='ltr'><strong>a</strong></span> <span class='ocrx_word' id='word_1_733' title='bbox 725 5446 907 5497; x_wconf 80' lang='lat' dir='ltr'><strong>Wolfio</strong></span> <span class='ocrx_word' id='word_1_734' title='bbox 939 5447 1313 5510; x_wconf 81' lang='lat' dir='ltr'><strong>quadragesima</strong></span> <span class='ocrx_word' id='word_1_735' title='bbox 1347 5453 1490 5499; x_wconf 80' lang='lat' dir='ltr'><strong>sexta</strong></span> <span class='ocrx_word' id='word_1_736' title='bbox 1526 5450 1667 5512; x_wconf 87' lang='lat' dir='ltr'><strong>(Cur.</strong></span> <span class='ocrx_word' id='word_1_737' title='bbox 1689 5450 1898 5513; x_wconf 81' lang='lat' dir='ltr'><strong>Pltilol.,</strong></span> <span class='ocrx_word' id='word_1_738' title='bbox 1934 5458 1973 5500; x_wconf 83' lang='lat' dir='ltr'><strong>t.</strong></span> <span class='ocrx_word' id='word_1_739' title='bbox 2010 5452 2072 5513; x_wconf 74' lang='grc' dir='ltr'><strong>ν,</strong></span> <span class='ocrx_word' id='word_1_740' title='bbox 2109 5467 2160 5516; x_wconf 90' lang='lat' dir='ltr'><strong>p.</strong></span> <span class='ocrx_word' id='word_1_741' title='bbox 2194 5454 2304 5504; x_wconf 60' lang='lat' dir='ltr'><strong>68f.</strong></span> <span class='ocrx_word' id='word_1_742' title='bbox 2342 5456 2566 5506; x_wconf 82' lang='lat' dir='ltr'><strong>Galland.</strong></span> <span class='ocrx_word' id='word_1_743' title='bbox 2604 5472 2653 5520; x_wconf 87' lang='lat' dir='ltr'><strong>p.</strong></span> <span class='ocrx_word' id='word_1_744' title='bbox 2690 5458 2801 5520; x_wconf 86' lang='lat'><strong>706,</strong></span> <span class='ocrx_word' id='word_1_745' title='bbox 2835 5474 2887 5509; x_wconf 92' lang='lat' dir='ltr'><strong>n.</strong></span> <span class='ocrx_word' id='word_1_746' title='bbox 2930 5461 3003 5521; x_wconf 87' lang='lat' dir='ltr'><strong>IO,</strong></span> <span class='ocrx_word' id='word_1_747' title='bbox 3037 5477 3088 5525; x_wconf 89' lang='lat' dir='ltr'><strong>q.</strong></span> <span class='ocrx_word' id='word_1_748' title='bbox 3124 5464 3227 5524; x_wconf 70' lang='grc' dir='ltr'><strong>οε).</strong></span> 
     </span>
    </p>
   </div>
   <div class='ocr_carea' id='block_1_106' title="bbox 240 5531 1746 5605">
    <p class='ocr_par' dir='ltr' id='par_1_106' title="bbox 240 5531 1746 5605">
     <span class='ocr_line' id='line_1_107' title="bbox 240 5531 1746 5605; baseline 0.001 -18"><span class='ocrx_word' id='word_1_749' title='bbox 240 5532 418 5595; x_wconf 85' lang='grc' dir='ltr'>Ἔδει,</span> <span class='ocrx_word' id='word_1_750' title='bbox 476 5532 558 5585; x_wconf 83' lang='grc' dir='ltr'>ὅτι</span> <span class='ocrx_word' id='word_1_751' title='bbox 625 5532 728 5585; x_wconf 79' lang='grc' dir='ltr'>οὐκ</span> <span class='ocrx_word' id='word_1_752' title='bbox 782 5531 929 5585; x_wconf 74' lang='grc' dir='ltr'>ἐστιν</span> <span class='ocrx_word' id='word_1_753' title='bbox 981 5531 1201 5585; x_wconf 71' lang='grc' dir='ltr'>ἐναντία</span> <span class='ocrx_word' id='word_1_754' title='bbox 1259 5531 1430 5587; x_wconf 86' lang='grc' dir='ltr'>ταῦτα</span> <span class='ocrx_word' id='word_1_755' title='bbox 1479 5534 1746 5605; x_wconf 80' lang='grc' dir='ltr'>ἀλλήλων.</span> 
     </span>
    </p>
   </div>
   <div class='ocr_carea' id='block_1_107' title="bbox 238 5670 1443 5737">
    <p class='ocr_par' dir='ltr' id='par_1_107' title="bbox 238 5670 1443 5737">
     <span class='ocr_line' id='line_1_108' title="bbox 238 5670 1443 5737; baseline 0.001 -10"><span class='ocrx_word' id='word_1_756' title='bbox 238 5675 283 5706; x_wconf 81' lang='grc'><strong>³⁸</strong></span> <span class='ocrx_word' id='word_1_757' title='bbox 314 5672 509 5727; x_wconf 80' lang='lat' dir='ltr'><strong>Matth.</strong></span> <span class='ocrx_word' id='word_1_758' title='bbox 550 5687 699 5737; x_wconf 73' lang='lat' dir='ltr'><strong>xzn&#39;t,</strong></span> <span class='ocrx_word' id='word_1_759' title='bbox 735 5670 825 5725; x_wconf 73' lang='lat'><strong>28.</strong></span> <span class='ocrx_word' id='word_1_760' title='bbox 905 5672 947 5703; x_wconf 77' lang='grc'><strong>³⁸</strong></span> <span class='ocrx_word' id='word_1_761' title='bbox 984 5670 1179 5729; x_wconf 80' lang='lat' dir='ltr'><strong>Matth.</strong></span> <span class='ocrx_word' id='word_1_762' title='bbox 1224 5674 1443 5736; x_wconf 69' lang='grc' dir='ltr'>χν1,25.</span> 
     </span>
    </p>
   </div>
   <div class='ocr_carea' id='block_1_108' title="bbox 1935 5534 3451 5620">
    <p class='ocr_par' dir='ltr' id='par_1_108' title="bbox 1935 5534 3451 5620">
     <span class='ocr_line' id='line_1_109' title="bbox 1935 5534 3451 5620; baseline 0.011 -31"><span class='ocrx_word' id='word_1_763' title='bbox 1935 5534 2193 5606; x_wconf 80' lang='lat' dir='ltr'><strong>Noverat,</strong></span> <span class='ocrx_word' id='word_1_764' title='bbox 2223 5554 2285 5595; x_wconf 87' lang='lat' dir='ltr'><strong>ea</strong></span> <span class='ocrx_word' id='word_1_765' title='bbox 2317 5541 2421 5595; x_wconf 88' lang='lat' dir='ltr'><strong>sibi</strong></span> <span class='ocrx_word' id='word_1_766' title='bbox 2447 5542 2678 5599; x_wconf 84' lang='lat' dir='ltr'><strong>invicem</strong></span> <span class='ocrx_word' id='word_1_767' title='bbox 2701 5558 2810 5599; x_wconf 88' lang='lat' dir='ltr'><strong>non</strong></span> <span class='ocrx_word' id='word_1_768' title='bbox 2837 5546 3139 5602; x_wconf 86' lang='lat' dir='ltr'><strong>adversari.</strong></span> <span class='ocrx_word' id='word_1_769' title='bbox 3168 5550 3451 5620; x_wconf 73' lang='grc' dir='ltr'>Δωρίοιὶ-</span> 
     </span>
    </p>
   </div>
   <div class='ocr_carea' id='block_1_109' title="bbox 1523 5674 1911 5742">
    <p class='ocr_par' dir='ltr' id='par_1_109' title="bbox 1523 5674 1911 5742">
     <span class='ocr_line' id='line_1_110' title="bbox 1523 5674 1911 5742; baseline 0.005 -14"><span class='ocrx_word' id='word_1_770' title='bbox 1523 5676 1565 5706; x_wconf 71' lang='grc'><strong>⁸⁰</strong></span> <span class='ocrx_word' id='word_1_771' title='bbox 1599 5674 1728 5729; x_wconf 80' lang='lat' dir='ltr'><strong>an.</strong></span> <span class='ocrx_word' id='word_1_772' title='bbox 1759 5693 1812 5742; x_wconf 71' lang='grc' dir='ltr'><strong>κ,</strong></span> <span class='ocrx_word' id='word_1_773' title='bbox 1856 5677 1911 5730; x_wconf 72' lang='grc'>4.</span> 
     </span>
    </p>
   </div>
   <div class='ocr_carea' id='block_1_110' title="bbox 1655 5794 1889 5852">
    <p class='ocr_par' dir='ltr' id='par_1_110' title="bbox 1655 5794 1889 5852">
     <span class='ocr_line' id='line_1_111' title="bbox 1655 5794 1889 5852; baseline 0.004 -5"><span class='ocrx_word' id='word_1_774' title='bbox 1655 5794 1889 5852; x_wconf 60' lang='grc' dir='ltr'><strong>ΝΟΤᾸΕ.</strong></span> 
     </span>
    </p>
   </div>
   <div class='ocr_carea' id='block_1_111' title="bbox 239 5883 940 5954">
    <p class='ocr_par' dir='ltr' id='par_1_111' title="bbox 239 5883 940 5954">
     <span class='ocr_line' id='line_1_112' title="bbox 239 5883 940 5954; baseline 0.007 -17"><span class='ocrx_word' id='word_1_775' title='bbox 239 5885 322 5954; x_wconf 88' lang='lat' dir='ltr'><strong>(I)</strong></span> <span class='ocrx_word' id='word_1_776' title='bbox 358 5883 521 5942; x_wconf 88' lang='lat' dir='ltr'><strong>Decst</strong></span> <span class='ocrx_word' id='word_1_777' title='bbox 549 5885 606 5941; x_wconf 88' lang='lat' dir='ltr'><strong>in</strong></span> <span class='ocrx_word' id='word_1_778' title='bbox 634 5886 755 5944; x_wconf 85' lang='lat' dir='ltr'><strong>cod.</strong></span> <span class='ocrx_word' id='word_1_779' title='bbox 785 5884 940 5943; x_wconf 83' lang='lat' dir='ltr'><strong>Culb.</strong></span> 
     </span>
    </p>
   </div>
   <div class='ocr_carea' id='block_1_112' title="bbox 1945 5889 3229 5973">
    <p class='ocr_par' dir='ltr' id='par_1_112' title="bbox 1945 5889 3229 5973">
     <span class='ocr_line' id='line_1_113' title="bbox 1945 5889 3229 5973; baseline 0.01 -24"><span class='ocrx_word' id='word_1_780' title='bbox 1945 5892 2017 5961; x_wconf 71' lang='lat' dir='ltr'><strong>(i’)</strong></span> <span class='ocrx_word' id='word_1_781' title='bbox 2055 5889 2399 5953; x_wconf 80' lang='lat' dir='ltr'><strong>Desideratur</strong></span> <span class='ocrx_word' id='word_1_782' title='bbox 2428 5906 2479 5955; x_wconf 90' lang='lat' dir='ltr'><strong>et</strong></span> <span class='ocrx_word' id='word_1_783' title='bbox 2515 5899 2618 5956; x_wconf 89' lang='lat' dir='ltr'><strong>hoc</strong></span> <span class='ocrx_word' id='word_1_784' title='bbox 2646 5914 2968 5973; x_wconf 81' lang='lat' dir='ltr'><strong>responsum</strong></span> <span class='ocrx_word' id='word_1_785' title='bbox 2996 5900 3050 5959; x_wconf 89' lang='lat' dir='ltr'><strong>in</strong></span> <span class='ocrx_word' id='word_1_786' title='bbox 3074 5902 3229 5962; x_wconf 87' lang='lat' dir='ltr'><strong>Colb.</strong></span> 
     </span>
    </p>
   </div>
  </div>
