3930 6218
372 209 510 277 1191

1550 218 1810 280 ΡΙΙΟΤΙΙ
1842 220 2349 281 PATRIARCII/E
2387 222 2497 285 ΟΡ.

3508 222 3645 291 1192

370 342 517 392 nem,
550 325 694 397 quod
722 340 784 382 ea
820 325 1033 381 nullum
1064 325 1228 381 otiieii
1276 343 1446 399 genus
1472 367 1490 395 ,
1521 344 1632 399 quo
1666 330 1942 386 honestam

2065 334 2372 405 Παρθένον,
2422 334 2499 397 ὡς
2550 332 2869 402 φυλάξασαν
2927 336 3106 390 πάντα
3152 334 3222 391 τὰ
3274 339 3344 411 τῇ
3405 340 3643 413 σώφρονι

370 430 675 473 matronam
703 419 969 475 adversus
1001 420 1179 474 virum
1218 435 1380 475 suum
1416 421 1571 491 fungi
1600 421 1777 487 decet,
1821 436 1952 494 erga

366 526 489 564 cum
524 511 931 580 prmtermiserit
961 510 1062 582 (2).

404 623 553 690 Quod
586 624 723 678 enim
754 624 807 678 in
831 641 893 678 ea
925 634 1104 678 natum
1131 633 1205 679 est
1226 665 1239 690 ,
1271 623 1335 678 de
1367 622 1570 678 Spiritu
1598 632 1782 678 sancto
1819 633 1918 677 est.

439 823 642 879 Photii.
676 824 755 878 Ad
797 840 894 879 eos
925 823 1019 894 qui
1060 821 1197 878 forte
1220 834 1471 893 quaerant
1498 823 1852 895 quamobrem
1885 840 1949 879 ex

368 915 575 986 Spiritu
629 926 819 971 sancto
865 924 1163 983 conceptus
1220 916 1435 969 dicatur
1493 916 1746 971 Christus
1795 930 1950 969 :non

364 1008 510 1061 enim
531 1007 701 1061 Filius
727 1005 983 1074 Spiritus,
1008 1004 1101 1058 sed
1124 1002 1302 1059 Patris
1320 1004 1575 1061 Christus
1606 1023 1619 1060 :
1648 1006 1728 1060 sic
1752 1020 1949 1061 occur-

381 1100 545 1163 ritur,
586 1098 847 1168 Spiritum
894 1096 999 1149 dici
1037 1097 1291 1150 deitatem
1327 1097 1748 1167 omnem,juxta
1802 1096 1950 1167 quod

369 1192 617 1245 Salvator
642 1190 715 1242 ait
750 1207 762 1243 :
804 1186 1037 1256 Spiritus
1087 1197 1164 1241 est
1208 1187 1369 1255 Deus,
1393 1198 1441 1243 et
1482 1206 1569 1244 eos
1596 1191 1687 1261 qui
1724 1189 1948 1244 adorant

365 1285 560 1353 ipsum,
581 1284 635 1335 in
661 1280 863 1351 Spiritu
885 1289 934 1333 et
968 1280 1184 1334 veritate
1218 1291 1418 1350 oportet
1447 1282 1693 1336 adorare.
1727 1280 1951 1352 Proprie

360 1382 545 1426 tamen
595 1380 649 1425 et
679 1370 1031 1425 notionaliter
1065 1369 1266 1424 dicitur
1307 1371 1546 1440 Spiritus
1583 1381 1807 1426 sanctus
1842 1385 1946 1424 una

365 1479 596 1535 persona
628 1464 935 1517 Trinitatis.
990 1462 1258 1517 Cieterum
1321 1462 1425 1517 hoc
1484 1462 1606 1517 loco
1661 1463 1947 1517 mentione

362 1555 600 1619 Spiritus
633 1554 810 1608 sancti
838 1553 963 1606 licet
992 1552 1292 1622 intelligere
1322 1553 1579 1607 virtutem
1607 1552 1752 1606 Filii.
1808 1551 1944 1607 Nam

363 1658 416 1702 et
440 1647 609 1703 Filius
631 1647 865 1716 Spiritus
883 1654 1132 1710 vocatur,
1154 1654 1339 1715 utpote
1365 1645 1527 1701 Deus.
1552 1645 1734 1701 Mirari
1760 1656 1943 1701 autem

2055 425 2275 492 γυναικὶ
2309 425 2589 496 πρέποντα
2620 425 2761 498 πρὸς
2791 425 2883 481 τδν
2908 428 3112 500 ἑαυτῆς
3138 428 3395 500 σύζυγον.

2060 628 2130 684 Τὸ
2171 626 2282 698 γὰρ
2332 627 2405 683 ἐν
2447 627 2604 699 αὐτῇ
2628 630 2948 755 γενιέπγῆἓζ,
2987 631 3055 686 ἐκ
3092 634 3445 704 Πνεύματός
3470 633 3643 689 ἐστιν

2799 720 2949 772 γιου.

2124 816 2372 872 Φωτίου.
2424 815 2570 887 Πρὸς
2604 817 2732 879 τοὺς
2770 816 3031 885 λέγοντας
3070 817 3189 881 πῶς
3225 819 3291 871 ἑκ
3320 816 3640 889 Πνεύματος

2053 908 2212 977 ἁγίου
2247 910 2280 980 ἠ
2310 909 2507 981 κύησις
2544 926 2558 939 ’
2613 909 2676 962 ού
2710 910 2819 979 γάρ
2857 910 3006 962 ἐστιν
3034 911 3061 962 ὁ
3093 908 3327 981 Χριστὸς
3373 909 3505 971 Υἱὸς
3541 909 3638 962 τοῦ

2054 1002 2391 1072 Πνεύματος,
2424 1001 2560 1055 ἀλλὰ
2590 1001 2683 1054 τοῦ
2717 1002 2926 1073 Πατρός
2949 1019 2965 1035 ·
3016 1001 3162 1054 ἐστιν
3192 1002 3367 1055 εἰπεῖν
3389 1018 3405 1033 ο
3436 1002 3523 1055 ὅτι
3550 1001 3640 1054 λέ-

2052 1111 2209 1163 γεται
2257 1093 2481 1163 Πνεῦμα
2526 1094 2676 1147 πᾶσα
2721 1094 3003 1166 ήθεότης,
3039 1092 3117 1156 ὥς
3145 1111 3281 1164 φησι
3319 1097 3348 1148 ὀ
3399 1095 3593 1164 Σωτήρ
3618 1109 3636 1124 ⁹

2053 1186 2297 1255 Πνεῦμα
2328 1188 2360 1239 ό
2394 1184 2683 1252 Θεὸς-ἐκαὶ
2724 1184 2868 1251 τοὺς
2904 1186 3407 1254 προσκυνοῦντας
3451 1184 3642 1238 αὑτὸν

2051 1276 2121 1329 ὲν
2148 1274 2443 1345 Πνεύματι
2468 1274 2566 1327 καὶ
2593 1274 2841 1341 ἀληθείᾳ
2871 1274 2963 1328 δεῖ
2983 1278 3372 1344 προσκυνεῖν.
3405 1274 3639 1341 Λέγεται

2050 1369 2108 1421 δὲ
2143 1367 2286 1430 ίδίως
2318 1367 2411 1420 καὶ
2439 1367 2502 1418 τὸ
2555 1366 2781 1435 Πνεῦμα
2813 1365 2872 1418 τὸ
2902 1366 3056 1433 ἅγιον
3077 1407 3092 1430 ,
3135 1366 3413 1419 τουτέστιν
3456 1367 3491 1435 ἡ
3537 1365 3639 1435 μία

2051 1460 2349 1522 ὑπόστασις
2374 1456 2393 1488 ⁷⁸
2442 1456 2636 1512 οὐκοῦν
2677 1460 2773 1511 καὶ
2818 1458 3044 1528 Πνεῦμα
3077 1458 3233 1525 ἅγιον
3295 1457 3415 1509 ἔστι
3447 1457 3639 1526 νοῆσαι

2050 1554 2145 1608 καὶ
2195 1555 2294 1626 τὴν
2336 1552 2431 1606 τοῦ
2486 1551 2617 1605 Υίοῦ
2671 1551 2938 1621 δύναμινο
2995 1552 3090 1603 καὶ
3133 1552 3241 1619 γὰρ
3292 1549 3386 1602 καὶ
3431 1549 3461 1601 ὁ
3509 1547 3642 1607 Υἱὸς

2052 1649 2278 1721 Πνεῦμα
2310 1649 2579 1713 καλεῖται,
2616 1646 2755 1700 καθὸ
2780 1646 2913 1710 Θεός
2946 1658 2962 1675 ·
3018 1646 3077 1699 ού
3116 1647 3195 1699 δεῖ
3228 1646 3283 1698 δὲ
3311 1643 3593 1713 θαυμάσαι
3618 1656 3635 1672 ⁶

366 1756 473 1793 non
505 1748 737 1807 oportet.
763 1738 864 1805 Qui
890 1736 1033 1791 enim
1052 1750 1116 1790 ex
1139 1753 1247 1790 uno
1276 1738 1394 1790 viro
1421 1738 1610 1791 eduxit
1634 1738 1940 1800 mulierem,

2065 1743 2127 1814 τῷ
2156 1744 2265 1814 γὰρ
2316 1745 2382 1796 ἐκ
2429 1742 2591 1814 μόνου
2621 1738 2717 1793 τοῦ
2766 1740 2957 1811 ἀνδρὸς
3005 1740 3326 1807 ὲξαγαγόντι
3370 1739 3636 1805 γυναῖκα,

361 1831 551 1901 quidni
584 1831 754 1899 possit
783 1830 923 1885 idem
953 1846 1017 1886 ex
1049 1846 1154 1885 uua
1194 1843 1413 1900 quoque
1440 1828 1666 1883 muliere
1699 1843 1933 1899 puerum

363 1922 595 1976 educere
625 1923 700 1992 (5)
720 1923 742 1975 ?
1713 1925 1722 1934 '

368 2033 525 2088 Vens.
551 2035 642 2088 22.
677 2033 788 2086 Iloc
812 2046 985 2088 autent
1025 2044 1191 2087 totum
1223 2035 1421 2105 factum
1445 2043 1543 2095 est,
1580 2042 1636 2087 ut
1679 2034 1948 2104 adimple-

426 2114 571 2159 retur
597 2106 734 2174 quod
760 2105 961 2157 dictum
986 2115 1061 2158 est
1103 2122 1135 2159 a
1169 2105 1395 2158 Domino
1422 2122 1512 2175 per
1536 2105 1873 2175 prophetam.

436 2215 641 2270 Photii.
674 2216 900 2270 Comma
932 2217 1073 2270 istud
1119 2217 1199 2271 sie
1230 2232 1290 2272 se
1328 2217 1535 2273 habens
1568 2236 1581 2271 :
1620 2215 1734 2270 Iloc
1769 2227 1948 2269 autem

364 2314 531 2358 totum
560 2304 760 2373 factum
784 2313 882 2367 est,
913 2312 1015 2357 etc.
1049 2304 1265 2358 cuinam
1300 2304 1647 2357 tribuendum
1701 2318 1949 2373 personae

358 2400 486 2455 est?
512 2398 809 2469 Angelone,
839 2413 905 2451 an
953 2396 1349 2467 evangelista}?
1376 2396 1431 2450 lu
1463 2386 1702 2467 speciem
1728 2397 1945 2466 quidem

358 2489 539 2558 angeli
575 2500 697 2554 cst,
728 2498 787 2542 ut
841 2488 1008 2542 etiam
1057 2488 1418 2556 interpretum
1455 2486 1681 2556 quidam
1729 2486 1947 2554 docent,

360 2599 419 2637 re
447 2593 625 2637 tamen
658 2596 801 2646 vera,
835 2580 1117 2650 seriptoris
1153 2580 1251 2651 (4).

361 2695 489 2749 CAP.
543 2693 605 2748 ll.
664 2693 828 2746 Vens.
874 2692 961 2746 13.
997 2691 1099 2757 Qui
1129 2709 1245 2746 cum
1295 2693 1663 2758 recessissent,
1698 2708 1813 2745 ecce
1852 2709 1950 2745 an-

431 2763 576 2833 gelus
603 2762 813 2816 Domini
844 2764 1091 2830 apparuit
1124 2764 1179 2815 in
1224 2766 1423 2816 somnis
1457 2762 1676 2830 Ioseph,
1710 2762 1890 2833 dicens
1923 2779 1941 2816 :

434 2836 601 2903 Surge
630 2845 677 2887 et
703 2835 878 2903 accipe
931 2849 1152 2903 puerum
1192 2843 1241 2887 et
1276 2843 1503 2887 matrem
1549 2834 1684 2903 ejus,
1738 2842 1788 2888 et
1827 2832 1950 2903 fuge

426 2906 485 2958 in
516 2904 829 2974 zEgyptum.

436 3015 639 3070 Photii.
674 3015 731 3069 lu
766 3014 1059 3085 Egyptum
1122 3000 1287 3084 fugit-
1302 3013 1579 3080 Christus,
1631 3024 1693 3071 ut
1721 3024 1775 3072 et
1806 3016 1951 3073 hanc

2048 1836 2275 1891 δυνατόν
2321 1837 2435 1888 ἐστι
2491 1834 2585 1888 καὶ
2629 1834 2694 1885 ὲκ
2738 1833 2905 1903 μόνης
2939 1832 3197 1902 γυναικὸς
3237 1832 3401 1886 παῖδα
3434 1830 3640 1899 ἐξαγα-

2048 1944 2187 1996 γειν.

2055 2041 2235 2096 Τοῦτο
2276 2040 2345 2094 δὲ
2375 2040 2522 2095 ὅλον
2565 2041 2831 2110 γέγονεν,
2881 2040 2983 2092 ἵνα
3019 2035 3306 2110 πληρωθῇ
3346 2034 3412 2089 τὸ
3442 2032 3641 2103 ῥηθὲν

2262 2112 2379 2166 ὑπὸ
2406 2111 2514 2165 τοῦ
2548 2107 2769 2181 Κυρίου
2804 2109 2904 2164 διὰ
2939 2107 3046 2163 τοῦ
3086 2108 3418 2176 προφήτου.

2120 2226 2369 2281 Φωτίου.
2412 2225 2487 2279 Τὸ
2518 2225 2703 2297 ῥητὸν,
2737 2226 2799 2279 τὸ
2824 2224 2981 2293 λέγον
3003 2240 3017 2254 ’
3054 2223 3235 2277 Τοῦτο
3267 2220 3335 2274 δὲ
3369 2219 3518 2274 ὅλον
3542 2218 3639 2287 τέ-

2048 2336 2209 2389 γονε,
2232 2317 2375 2382 τίνος
2403 2318 2470 2372 ἂν
2491 2319 2597 2389 εἴη,
2624 2317 2715 2371 τοῦ
2741 2316 2975 2387 ἀγγέλου
3004 2316 3037 2386 ἢ
3062 2314 3156 2368 τοῦ
3203 2310 3593 2381 εὐαγγελιστοῦ
3617 2327 3635 2374 ;

2050 2412 2139 2479 Τῷ
2184 2414 2282 2483 μὲν
2336 2413 2514 2466 δοκεῖν
2564 2409 2658 2464 τοῦ
2707 2409 2940 2478 ἀγγέλου
2964 2450 2978 2473 ,
3027 2407 3102 2470 ὥς
3150 2405 3283 2475 φασί
3328 2420 3477 2467 τινες
3524 2402 3638 2455 τῶν

2050 2504 2423 2577 ἑρμηνευτῶν,
2455 2506 2523 2577 τῇ
2554 2504 2611 2558 δὲ
2640 2502 2876 2575 ἀληθεία
2906 2501 3000 2555 τοῦ
3030 2499 3414 2570 συγγραφέως.

2065 2698 2609 2771 Ἀναχωρησιὶντων
2635 2699 2702 2753 δὲ
2725 2698 2945 2771 αὑζῷν,
2974 2696 3103 2771 ἰδοὺ
3132 2696 3385 2771 ἅγγελος
3411 2696 3636 2771 Κυρίου

2123 2767 2394 2842 spuli-erat
2426 2772 2552 2823 κατ’
2577 2771 2722 2837 ὄναρ
2752 2768 3119 2842 τῷ-ἈῙωονὴςο,
3150 2767 3379 2842 λέγων·
3411 2767 3639 2842 ’Ἐγερ-

2123 2835 2248 2908 θεὶς
2277 2842 2586 2909 παράλαϐε
2625 2835 2695 2893 τό
2727 2840 2969 2892 παιδίον
2999 2838 3098 2891 καὶ
3140 2837 3253 2905 τὴν
3272 2835 3503 2907 μητέρα
3528 2838 3639 2891 αὑ-

2122 2913 2251 2979 τοῦ,
2284 2913 2383 2967 καὶ
2416 2912 2600 2981 φεῦγε
2631 2912 2721 2977 εἰς
2751 2910 3082 2979 Αιγυπτον.

2116 3024 2373 3082 Φωτίου.
2416 3026 2509 3089 Ei;
2541 3023 2815 3093 Αἴγυπτον
2843 3022 3037 3092 φεύγει
3064 3022 3093 3075 ὁ
3125 3020 3383 3091 Χριστὸς,
3425 3019 3514 3073 ἴνα
3544 3019 3643 3073 καὶ

363 3110 750 3171 sanetilicaret,
816 3104 1279 3176 quemadmodum
1330 3105 1662 3178 Babylonem
1695 3123 1793 3176 per
1828 3109 1942 3163 Ma-

2065 3119 2250 3189 ταύτην
2274 3087 2506 3191 ἁγιάσῃλ
2536 3087 2727 3186 ὥσπερ
2747 3087 3283 3186 τὴν-Βαθυλῶνα-διὰ
3306 3112 3419 3167 τῶν
3445 3114 3642 3183 μάγων

364 3216 462 3270 gos
489 3200 583 3270 qui
623 3199 689 3252 ad
746 3213 872 3253 eum
931 3197 1274 3253 adorandum
1306 3209 1594 3265 venerant,
1631 3200 1947 3256 sanctiﬁca-

361 3300 536 3346 verat.

366 3410 503 3463 CAP.
543 3408 629 3463 Ill.
666 3407 835 3463 Vens.
871 3406 926 3462 9.
968 3407 1037 3461 Et
1102 3424 1165 3460 ne
1220 3406 1392 3461 uelitis
1450 3407 1622 3463 dicere
1668 3409 1813 3461 intra
1836 3423 1944 3475 vos,

441 3479 649 3534 Patrem
676 3481 927 3533 habemus
964 3481 1232 3533 Abraham
1255 3494 1272 3531 :
1295 3480 1414 3531 dico
1454 3480 1592 3532 enim
1620 3479 1785 3538 vobis,
1818 3494 1947 3547 quo-

437 3552 581 3604 niam
613 3559 795 3618 potens
844 3559 921 3604 est
951 3550 1093 3604 Deus
1130 3548 1196 3601 de
1227 3548 1495 3617 lapidibus
1531 3550 1648 3603 istis
1678 3552 1941 3605 suscitare

441 3621 577 3691 ﬁlios
607 3621 851 3675 Abrahw.

436 3737 637 3793 Photii.
687 3737 844 3803 Quod
898 3722 1104 3807 lapides
1169 3735 1272 3791 hos
1332 3734 1486 3801 dicit,
1523 3746 1849 3791 nontamen
1888 3736 1943 3791 iu

359 3828 635 3897 lapidibus
693 3829 859 3881 lueret
916 3828 999 3882 vis
1058 3827 1362 3893 sententiae,
1424 3826 1517 3881 sed
1572 3828 1821 3883 homines
1851 3829 1945 3881 de-

363 3920 547 3988 signat
574 3933 734 3987 quos,
758 3917 1106 3987 imperfectos
1140 3917 1266 3971 licet
1294 3925 1349 3971 et
1389 3917 1633 3973 inﬁdeles
1664 3930 1717 3973 et
1744 3934 1943 3987 paupe-

364 4021 477 4071 res,
514 4015 695 4075 potest
745 4019 974 4073 magnos
1024 4012 1080 4058 et
1136 4004 1381 4059 illustres
1410 4003 1644 4071 clIicere,
1674 4007 1720 4059 si
1761 4015 1939 4059 tamen

360 4098 468 4169 ipsi
514 4101 698 4153 sinant
744 4103 799 4151 et
855 4095 1063 4163 velint;
1123 4096 1588 4164 quemadmodum
1642 4095 1937 4161 Abraham,

360 4193 511 4264 quod
563 4192 675 4248 Deo
725 4188 978 4257 credidit,
1013 4203 1084 4245 ex
1112 4188 1314 4260 ignotis
1336 4189 1609 4245 natalibus
1643 4189 1935 4256 obscurus,

358 4288 591 4346 illustris
620 4285 796 4341 evasit
824 4283 926 4355 (5).

497 4399 663 4455 Vsus.
694 4398 782 4453 12.
810 4397 979 4467 Cujus
1008 4396 1359 4453 ventilabrum
1385 4397 1443 4451 in
1468 4412 1627 4450 manu
1651 4397 1789 4467 ejus.

2049 3210 2278 3281 ἡγίασεν
2309 3208 2571 3263 ἐλθόντων
2603 3208 2687 3271 είς
2719 3205 3093 3278 προσκύνησιν
3126 3204 3316 3261 αὐτοῦ.

2048 3416 2160 3473 Καὶ
2186 3414 2272 3485 μὴ
2305 3414 2521 3485 δόξητε
2550 3411 2752 3485 λέγειν
2775 3410 2845 3464 ἐν
2865 3409 3125 3485 ἑαυτοῖς,
3155 3408 3391 3485 Ιζατέρα
3414 3411 3643 3485 ἔχομεν

2118 3480 2228 3563 τὸν
2260 3480 2529 3563 Ἅϐραάμ
2826 3482 2940 3563 γᾴρ
2978 3481 3140 3563 ὑμῖν,
3178 3481 3271 3560 fin
3316 3480 3566 3563 δύναται
3605 3484 3641 3560 ρ

2124 3555 2269 3621 Θεὸς
2304 3550 2381 3609 ἐπ’
2418 3550 2541 3608 τῶν
2571 3554 2760 3609 λίθων
2805 3552 3033 3605 τούτων
3075 3550 3291 3621 ὲγεῷαι
3340 3550 3525 3607 τέχνα
3555 3550 3642 3616 τῷ

2133 3628 2190 3681 Ἀ
2199 3625 2409 3696 ϐραάμ.

2116 3742 2362 3795 Φωτιου.
2397 3738 2471 3792 Τὸ
2497 3740 2561 3792 ἐκ
2591 3739 2700 3792 τῶν
2731 3737 2897 3792 λίθων
2934 3716 3161 3803 τούτων.
3192 3736 3253 3789 οὺ
3288 3735 3415 3799 τοὺς
3448 3734 3639 3798 λίθους

2046 3835 2246 3898 αὐτοὺς
2297 3834 2485 3901 λέγει·
2541 3832 2658 3886 ἀλλ’
2699 3832 2783 3885 ὅτι
2832 3831 2891 3896 ἐξ
2934 3830 3239 3902 ἀνθρώπων
3285 3828 3495 3884 ἀτελῶν
3538 3829 3640 3881 καὶ

2045 3926 2291 3980 ἀπίστων
2323 3926 2417 3980 καὶ
2446 3926 2696 3995 πενήτων
2728 3923 2950 3977 δύναται
2998 3923 3265 3994 μεγάλους
3290 3938 3349 3975 τε
3384 3921 3479 3974 καὶ
3508 3922 3638 3973 ἐπι-

2046 4021 2254 4090 σήμους
2276 4020 2517 4089 ποιῆσαι,
2544 4018 2748 4089 ἐάνπερ
2768 4017 2993 4071 ἐθέλωσι
3012 4035 3027 4048 ·
3058 4015 3309 4085 καθάπερ
3333 4012 3640 4085 ὁἋϐραὰμ

2042 4109 2342 4173 πιστεύσας
2368 4108 2487 4180 Θεῷ
2512 4108 2569 4176 ἐξ
2599 4109 2827 4180 ἀσήμων
2854 4108 3077 4178 γέγονεν
3110 4106 3402 4177 ἐπίσημος.

2318 4403 2401 4465 Οὔ
2434 4407 2500 4462 τὸ
2531 4406 2725 4461 πτύον
2757 4406 2829 4461 ἐν
2855 4404 2930 4474 τῇ
2957 4404 3110 4475 χειρὶ
3140 4404 3354 4460 αὑτοῦ.

366 4532 369 4533 ⁷
427 4515 626 4571 Photii.
666 4513 821 4570 Sicut
843 4511 990 4569 enim
1030 4513 1086 4567 in
1113 4512 1437 4582 supellectili
1470 4511 1699 4566 aliarum
1733 4512 1931 4567 artium

2111 4521 2358 4575 Φωτίου.
2401 4521 2610 4593 Ὥσπερ
2644 4520 2754 4591 γὰρ
2799 4520 2891 4572 ἐπὶ
2939 4518 3049 4572 τῶν
3092 4518 3268 4573 ἄλλων
3304 4518 3636 4589 ἐπιστημῶν

354 4620 483 4667 sunt
517 4610 883 4664 instrumenta
943 4615 1095 4662 certa
1155 4604 1223 4660 ad
1263 4605 1685 4661 discernendum
1724 4619 1787 4660 ea
1811 4621 1934 4674 quae

344 4702 507 4772 juxta
577 4702 738 4756 ﬁnem
792 4710 845 4755 et
893 4699 1204 4754 institutum
1245 4698 1516 4767 cujusque
1556 4697 1641 4751 vel
1674 4697 1813 4751 bona
1848 4698 1930 4752 vel

354 4780 517 4850 secus
541 4802 690 4858 sunt,
724 4794 805 4849 sic
835 4794 959 4847 etin
993 4790 1328 4862 agricultura
1357 4788 1713 4858 frugibusque
1741 4789 1928 4845 labore

356 4886 562 4941 rustico
627 4886 858 4949 eductis,
897 4898 1021 4937 area
1067 4892 1121 4939 et
1155 4882 1521 4937 ventilabrum
1553 4889 1658 4937 est.
1711 4880 1768 4935 ln
1796 4897 1923 4937 area

352 4979 555 5047 quippe
598 4976 935 5031 frumentum
973 4990 1000 5029 a
1046 4974 1202 5044 palea
1237 4973 1588 5029 discernitur.
1620 4973 1739 5040 Qua
1774 4974 1928 5029 simi-

353 5069 583 5125 litudine
629 5070 919 5123 adumbrat
980 5066 1300 5131 Ecclesium,
1354 5078 1410 5122 et
1460 5068 1549 5120 Uei
1583 5068 1691 5121 vim
1720 5068 1929 5126 discer-

348 5162 571 5215 nentem
611 5173 641 5213 a
676 5159 834 5215 bonis
866 5173 961 5213 eos
987 5156 1080 5227 qui
1111 5157 1248 5213 tales
1275 5172 1381 5213 non
1416 5167 1545 5213 sunt
1576 5158 1674 5231 (6).

2043 4612 2157 4665 ἐστι
2187 4611 2310 4666 τινὰ
2338 4611 2546 4683 ὄργανα
2592 4610 2906 4683 διακριτικὰ
2956 4609 3065 4663 τῶν
3115 4609 3260 4662 κατὰ
3285 4610 3387 4681 τὴν
3428 4612 3635 4681 τέχνην

2039 4702 2221 4757 καλῶν
2248 4719 2308 4756 τε
2335 4705 2429 4757 καὶ
2472 4702 2729 4757 ἐναντίων
2749 4719 2763 4733 ·
2821 4701 2964 4755 οῦτω
2997 4702 3088 4756 καὶ
3116 4702 3175 4754 ὲν
3198 4704 3310 4765 τοῖς
3340 4718 3635 4771 γεωργου-

2040 4794 2223 4865 μένοις
2253 4795 2288 4866 ή
2319 4794 2461 4857 ἆλως
2506 4796 2623 4847 ἐστὶ
2653 4795 2747 4847 καὶ
2774 4793 2835 4846 τδ
2872 4794 3061 4849 πτύον.
3093 4793 3185 4847 Ἐν
3213 4794 3323 4864 γὰρ
3348 4797 3415 4864 τῇ
3452 4794 3631 4850 ἃλωνι

2034 4887 2063 4941 ὁ
2093 4888 2238 4949 σῖτος
2298 4887 2405 4938 ἀπδ
2438 4886 2532 4939 τοῦ
2579 4886 2783 4957 ἀχύρου
2812 4886 3199 4955 διακρίνεται¹³
3250 4879 3447 4939 οἷστισι
3480 4904 3630 4958 παρ-

2035 4980 2244 5043 εικάζει
2271 4981 2369 5048 τήν
2397 4995 2460 5031 τε
2499 4978 2828 5048 Ἐκκλησίαν
2856 4978 2951 5031 καὶ
2985 4977 3082 5048 τὴν
3116 4978 3498 5050 διακρίνουσαν
3522 4980 3626 5031 το]

2034 5071 2170 5125 Θεοῦ
2229 5071 2457 5143 δύναμιν
2517 5070 2626 5124 ἀπὸ
2687 5071 2798 5125 τῶν
2858 5069 3079 5141 ἀγαθῶν
3125 5071 3251 5137 τοὺς
3305 5070 3383 5144 μὴ
3438 5069 3624 5124 τοιού-

2032 5180 2175 5228 τους.

1861 5360 2093 5419 NOTAE.

440 5522 498 5580 2)
529 5520 613 5579 Cf.
646 5520 1010 5588 Qumstiouem
1051 5522 1209 5585 XXII,
1243 5524 1298 5577 (Ἰ.

443 5592 907 5660 s)eLQ.xxu.

417 5661 905 5733 (utn.o.xxv.

2096 5523 2584 5596 m)ccq.xxxL

2101 5595 2644 5667 w)eLq.xxxu.
