3854 6314
241 366 400 434 1193

1380 369 1843 433 FRAGMENTA
1862 367 1943 427 IN
1959 366 2405 428 MATTIIIEUM
2416 412 2429 425 .

3391 352 3526 420 1194

246 481 403 535 Τότε
450 475 899 548 παραλαμϐάνει
947 479 1136 534 αὐτὸν
1183 481 1217 535 ὁ
1262 479 1544 544 διάϐολος
1591 480 1679 545 εις
1728 478 1834 545 τὴν

1955 476 2075 533 CAP.
2099 472 2188 528 IV.
2223 474 2385 548 Vens.
2416 471 2472 526 ες.
2524 470 2569 525 Τ
2574 486 2673 524 unc
2708 469 2995 548 assumpsit
3033 483 3153 523 eum
3184 465 3427 548 diabolus
3468 467 3527 519 in

321 551 509 619 ἁγίαν
533 552 735 619 πόλιν,
777 551 876 619 καὶ
923 549 1171 617 Ζστησιν
1210 551 1400 605 αὐτὸν
1434 549 1534 604 ἐπὶ
1572 549 1639 602 τὸ
1666 561 1844 617 πτερ-

329 617 505 689 ύγιον
531 618 636 673 τοῦ
671 617 852 687 ἱεροῦ.

322 710 573 765 Φωτίου.
590 710 683 775 Τὸ,
700 710 1150 781 Παρωαμόἀνει
1179 711 1367 765 αὑτὸν
1383 712 1417 765 ό
1435 708 1731 774 διάϐολος,
1748 708 1845 778 οὐχ

242 803 336 855 ὅτι
376 804 494 872 μετ’
519 802 768 866 ἐξουσίας
798 803 960 856 αὐτὸν
987 801 1176 855 ἐλαϐεν
1196 819 1213 834 ο
1262 802 1377 856 ἀλλ’
1408 799 1742 853 ἐνδείκνυται
1768 800 1844 861 ὡς

243 894 763 964 παραχωρήσαντος
792 893 885 947 τοῦ
914 891 1176 965 Χριστοῦ,
1211 890 1510 962 παρέλαϐε.
1549 890 1660 943 Καὶ
1683 888 1843 943 τοῦτο

242 985 615 1055 οἰκονομικῶς
653 1002 668 1018 ·
725 986 813 1040 ἵνα
862 984 1246 1056 πληρωθείσης
1291 984 1393 1053 τῆς
1443 981 1539 1036 τοῦ
1586 980 1835 1035 διαϐόλου

245 1076 552 1146 ἐπιθυμίας
579 1077 948 1148 καταισχυνθῇ
980 1075 1203 1139 τελείως
1235 1076 1329 1129 καὶ
1356 1074 1585 1145 ἡττηθῇ.

2013 555 2256 600 sanctam
2284 545 2571 666 qivitatem,
2600 550 2650 596 et
2672 541 2863 596 statuit
2917 556 3036 595 eum
3067 554 3221 608 super
3256 538 3520 593 vimineu-

2016 620 2126 666 tum
2157 625 2292 666 temo
2318 615 2356 666 ἱ.

2016 620 2126 669 tum
2157 615 2356 681 templi.

2015 703 2217 757 Pltotii.
2255 703 2349 757 Illa
2408 703 2572 758 verba
2608 718 2623 757 :
2662 699 2896 754 Assumit
2960 713 3078 752 eum
3107 695 3370 760 diabolus,
3415 709 3525 748 non

1942 809 2009 849 eo
2031 794 2311 864 pertinent
2346 802 2407 847 ut
2443 794 2684 863 aliquam
2717 796 3046 860 potestatem
3096 786 3349 840 habuerit
3375 799 3528 839 exer-

1941 885 2186 942 cueritve
2224 883 2476 939 diabolus
2508 883 2562 937 in
2619 880 2900 936 Christum
2944 895 2959 933 :
3011 874 3106 931 sed
3145 876 3219 931 ita
3264 884 3410 929 recte
3442 872 3526 925 in-

1943 977 2311 1047 telligentibus
2340 982 2538 1030 sonant
2574 982 2676 1039 ut,
2710 970 3076 1043 permissionc
3140 967 3217 1022 illi
3278 966 3346 1020 ab
3406 965 3528 1033 ipso

1942 1068 2162 1124 Christo
2193 1066 2358 1130 facta,
2382 1066 2665 1121 Christum
2695 1061 3081 1133 assumpserit.
3113 1057 3270 1126 Quod
3299 1072 3329 1111 a
3367 1055 3523 1110 Chri-

246 1174 345 1221 sto
384 1170 659 1239 sapienter
713 1170 992 1240 provisum
1043 1178 1149 1235 est,
1204 1178 1267 1223 ut
1324 1181 1551 1237 compos
1599 1163 1828 1236 improbi
1870 1161 2127 1218 desiderii
2156 1162 2357 1229 factus,
2394 1175 2497 1216 nec
2556 1169 2738 1215 tamen
2807 1158 2873 1213 ad
2925 1164 3203 1227 speratum
3236 1155 3523 1225 provectus

246 1258 448 1323 ﬁnem.
507 1261 937 1338 confunderetur
1004 1262 1234 1317 omnino
1307 1260 1562 1316 diabolus
1606 1267 1661 1314 et
1687 1258 1849 1329 plane
1882 1257 2219 1312 vinceretur.

258 1371 440 1428 Ἰδὼν
478 1373 546 1427 δὲ
578 1374 720 1442 τοὺς
763 1375 1007 1442 ὄχλους,
1059 1376 1243 1440 ἀνέϐη
1290 1377 1378 1441 είς
1422 1375 1489 1428 τὸ
1539 1374 1698 1441 ὄρος,
1737 1371 1837 1425 καί

327 1444 692 1515 καθΙο-αντος
730 1446 952 1509 αὐτοῦ,
1003 1446 1358 1515 προσῆλθον
1410 1442 1574 1509 αὐτῷ
1624 1446 1680 1497 οι
1705 1455 1837 1513 ’μα-

326 1512 501 1579 θηταί
524 1516 731 1569 αὐτοῦ.

326 1607 577 1660 Φωτίου.
608 1607 894 1661 Ἐκάθισεν
918 1610 945 1662 ὁ
965 1608 1218 1679 Χριστὸς,
1250 1608 1337 1661 ἵνα
1366 1606 1417 1659 οἱ
1450 1605 1550 1677 μὲν
1572 1603 1720 1677 ὄχλοι
1748 1605 1839 1660 διὰ

245 1697 326 1751 τὰ
357 1696 450 1749 ὑπ’
484 1697 650 1749 αὑτοῦ
680 1697 937 1768 γινόμενα
968 1698 1224 1768 θαύματα
1253 1697 1625 1751 πιστεύσωσιν
1646 1712 1662 1726 ’
1701 1699 1751 1751 oi
1782 1698 1837 1750 δὲ

1943 1372 2074 1429 CAP.
2108 1370 2173 1426 ν.
2209 1369 2380 1425 Vens.
2418 1369 2469 1423 1.
2502 1368 2693 1423 Videtis
2730 1376 2905 1422 autem
2930 1364 3089 1419 Iesus
3117 1362 3318 1425 turbas,
3340 1376 3526 1414 ascen-

2012 1443 2090 1496 dit
2129 1444 2182 1495 in
2232 1450 2500 1493 montem:
2543 1448 2592 1493 et
2648 1454 2765 1491 cum
2809 1440 3051 1502 sedisset,
3089 1440 3415 1487 accesserunt
3455 1428 3533 1483 ad-

2011 1528 2130 1567 eum
2158 1510 2409 1578 discipuli
2438 1508 2576 1577 ejus.

2016 1601 2224 1656 Photii.
2259 1600 2413 1655 Sedit
2437 1601 2697 1654 Christus
2753 1606 2815 1653 ut
2842 1597 3021 1652 turbae
3050 1593 3271 1666 quidem
3299 1598 3527 1663 propter

1943 1692 2211 1748 miracula
2276 1706 2397 1760 quae
2450 1690 2652 1746 ﬁebant
2695 1689 2768 1743 ab
2825 1688 2965 1757 ipso.
3001 1686 3323 1749 crederent;
3359 1682 3526 1737 disci-

252 1790 503 1861 μαθηταὶ
530 1790 904 1861 διδασκόμενοι
948 1791 1028 1845 ἔτι
1066 1791 1535 1863 ἐλλαμφθήσονται
1564 1790 1660 1846 καὶ
1701 1792 1829 1860 νοή-

1955 1782 2076 1837 nilis
2112 1795 2241 1836 vero
2267 1780 2599 1835 elucesccret
2635 1778 2816 1833 adhuc
2842 1777 3047 1833 clarius
3075 1774 3325 1830 doctrina
3355 1786 3522 1842 quam

252 1897 429 1934 σωσιν
451 1882 534 1934 ὃτι
563 1882 624 1934 οὐ
657 1882 814 1952 μόνον
845 1883 941 1936 ἄνθ
953 1883 1128 1953 ρωπός
1157 1884 1323 1949 ἐστιν,
1369 1882 1502 1937 ἀλλὰ
1548 1883 1644 1936 καὶ
1682 1883 1833 1943 Θεός.

250 1971 337 2025 Οὐ
373 1972 483 2043 γάρ
528 1974 796 2044 σωμάτων
829 1975 1009 2047 μόνον,
1057 1975 1194 2031 ἀλλὰ
1240 1978 1336 2031 καὶ
1391 1976 1581 2049 ψυχῶν
1627 1976 1838 2049 ὑπῆρξε

252 2063 627 2135 θεραπευτής.

254 2348 367 2416 Ei;
403 2347 585 2403 οὐδὲν
627 2350 826 2420 ισχύει
870 2350 978 2419 ἔτι,
1003 2353 1059 2407 εί
1097 2352 1185 2423 μὴ
1218 2354 1550 2426 βληθῆναι,
1599 2373 1656 2411 κ.
1697 2374 1751 2411 τ.
1785 2357 1835 2411 λ.

328 2509 574 2564 Φωτίου.
606 2510 777 2575 Ἀλας
805 2512 910 2583 γῆς
934 2530 1068 2585 φησι
1096 2515 1223 2578 τοὺς
1242 2516 1313 2570 τὰ
1341 2517 1460 2571 θεῖα
1488 2516 1839 2583 διδάσκοντας

252 2597 414 2666 λόγια
438 2638 454 2662 ,
521 2599 792 2683 στύφοντα
853 2605 948 2660 καὶ
1020 2605 1326 2675 ρωννύοντα
1389 2609 1481 2663 τὸν
1546 2610 1674 2665 νοῦν
1727 2610 1838 2665 τῶν

254 2688 588 2744 ἀκουόντων.

256 2802 383 2856 Οὐκ
393 2797 584 2872 ἦλθον
603 2805 961 2868 καταλῦσαι,
981 2807 1142 2861 ἀλλὰ
1168 2807 1483 2877 πληρῶσαι
1501 2811 1610 2866 τὸν
1624 2814 1833 2883 νόμον.

328 2896 575 2948 (beatior).
649 2896 705 2950 Ὁ
758 2896 984 2967 πληρῶν
1036 2899 1199 2968 νόμον
1266 2901 1363 2954 καὶ
1422 2903 1503 2966 είς
1551 2905 1838 2977 ἀκρίϐειαν

251 2984 405 3054 ἄγων
432 2987 613 3053 αὑτὸν,
651 2990 929 3058 φυλάττων
983 2992 1182 3062 μᾶλλον
1210 2991 1374 3063 νόμον
1419 2995 1589 3063 ἐστὶν,
1630 2997 1691 3050 οὐ
1728 2999 1837 3067 μὴν

252 3077 565 3133 καταλύων.
623 3079 682 3132 Ὀ
729 3082 838 3151 γὰρ
902 3082 1001 3153 τὴν
1052 3083 1423 3155 σκιαγραφίαν
1476 3083 1577 3156 τῆς
1628 3086 1837 3150 εἰκόνος

1942 1875 2262 1933 audiebant:
2296 1889 2361 1929 eo
2392 1887 2565 1942 usque
2631 1881 2687 1926 ut
2747 1871 3119 1939 intelligerent
3173 1878 3525 1934 nequaquam

1940 1985 2064 2025 esse
2123 1969 2275 2023 illum
2340 1966 2617 2020 hominem
2674 1964 2876 2025 solum,
2927 1978 3113 2017 verum
3160 1959 3322 2014 simul
3354 1958 3519 2012 etiam

1944 2062 2148 2128 Deum;
2218 2070 2406 2130 utpote
2461 2060 2555 2130 qui
2606 2072 2713 2113 noti
2762 2070 3065 2125 corporum
3129 2060 3360 2114 tantum,
3425 2049 3519 2104 sed

1940 2163 2201 2224 praetcrea
2254 2154 2569 2208 animarum-
2620 2165 2841 2222 quoque
2884 2155 3199 2205 curatorem
3266 2160 3327 2202 se
3385 2158 3524 2213 prte-

1942 2246 2151 2302 huisset
2179 2256 2233 2301 et
2260 2246 2557 2300 medicum.

1940 2360 2109 2417 Vens.
2143 2360 2230 2417 15.
2259 2361 2343 2414 Ad
2370 2357 2757 2499 nihilumfvalet
2795 2357 2960 2480 qum,
3011 2353 3121 2408 nisi
3164 2362 3225 2408 ut
3276 2349 3527 2404 mittatur

2603 2445 2745 2492 oras,
2780 2443 2810 2482 e
2835 2443 2885 2481 ιι.

2603 2445 2745 2492 oras,
2780 2443 2885 2482 etc.

2010 2523 2211 2580 Photii.
2246 2520 2341 2577 Sal
2391 2531 2551 2577 terra:
2602 2520 2736 2576 dicit
2803 2532 2899 2574 eos
2930 2515 3024 2587 qui
3061 2516 3245 2571 divina
3300 2513 3521 2569 oracula

1938 2614 2307 2685 promulgant,
2341 2611 2658 2685 colligentia
2699 2618 2755 2666 et
2815 2606 3233 2665 corroborantia
3283 2613 3517 2660 mentem

1938 2706 2298 2762 audientium.

1939 2813 2104 2869 Vens.
2147 2814 2235 2868 Π.
2275 2811 2400 2867 Non
2427 2812 2544 2866 veni
2580 2810 2778 2865 soluere
2830 2808 3015 2879 legem,
3062 2808 3150 2861 sed
3208 2804 3519 2874 adimplere.

2011 2907 2212 2962 Photii.
2246 2905 2348 2972 Qui
2380 2905 2554 2975 legem
2588 2902 2779 2973 implet
2830 2910 2883 2957 et
2911 2900 2978 2954 ad
3014 2898 3315 2969 perfectura
3347 2897 3521 2952 addu-

1937 3000 2009 3056 cit
2042 3001 2240 3070 ipsam,
2272 3014 2434 3053 vcrus
2493 2997 2541 3053 is
2594 2996 2813 3051 demum
2853 2994 3176 3049 observator
3204 2990 3371 3057 illius,
3409 3005 3521 3045 non

1937 3103 2120 3148 autem
2149 3092 2481 3156 destructor,
2510 3090 2621 3145 dici
2654 3088 2835 3143 debet.
2869 3086 2973 3154 Qui
3003 3085 3147 3139 enim
3182 3083 3519 3153 designatio-

250 3169 586 3240 ἀναπληρῶν
615 3172 704 3225 διὰ
730 3173 839 3226 τῶν
867 3174 1196 3246 χρωμάτων,
1217 3176 1503 3249 τελειωτὴς
1531 3178 1595 3232 ἂν
1626 3177 1834 3247 λέγοιτο

1955 3200 2063 3241 tem
2092 3184 2281 3240 rudem
2312 3182 2562 3255 imaginis
2597 3180 2936 3251 primoribus
2980 3187 3190 3235 tantum
3224 3176 3525 3233 lineamen~

247 3262 350 3332 τῆς
381 3264 619 3328 εἰκόνος·
661 3266 803 3337 ἥπερ
832 3268 1124 3339 ἁναιρέτης
1161 3270 1351 3339 αὐτῆς.
1393 3271 1503 3342 Τὴν
1529 3273 1639 3344 γὰρ
1672 3290 1830 3328 σκια-

248 3356 629 3427 γραφηθεῖσαν
662 3360 927 3432 πρότερον
955 3361 1012 3414 ἐν
1042 3360 1123 3430 τῷ
1153 3361 1304 3431 νόμῳ
1344 3362 1620 3419 πολιτείαν
1665 3365 1835 3420 ἐλθὼν

246 3450 281 3503 ὁ
306 3448 540 3520 Χριστὸς
572 3450 909 3521 ἐθεράπευσε
942 3469 1001 3506 τε
1032 3453 1125 3506 καὶ
1156 3454 1525 3512 τετελείωκεν.

251 3728 363 3800 ’ος
388 3727 499 3800 ἐὰν
523 3724 637 3784 οὖν
666 3730 840 3799 λύσῃ
855 3733 1005 3800 μίαν
1033 3732 1153 3787 τῶν
1183 3735 1448 3791 ἐντολῶν
1467 3740 1695 3795 τούτων
1717 3743 1839 3799 τῶν

317 3798 683 3879 ἐλαχίστων,
720 3798 1066 3879 κᾷαὶᾼδιδὰξῃ
1102 3806 1255 3879 οὕτω
1290 3809 1433 3879 {vim
1464 3810 1833 3879 ἀνθρώπους,

318 3867 645 3956 ἑνζάκκζτος
695 3867 1062 3939 κληθήσεταί
1111 3875 1181 3929 έν
1239 3876 1317 3945 τῦ
1364 3867 1658 3949 ,ϐασιλείᾳ
1718 3867 1837 3938 τὼί

318 3955 621 4006 ουρανων.

318 4028 569 4081 Φωτιου.
608 4028 933 4100 Ἐλαχίστην
971 4033 1138 4103 φησὶν
1184 4034 1405 4107 ἐντολὴν
1444 4037 1542 4109 τὴν
1573 4038 1837 4096 δοκοῦσαν

242 4134 358 4170 τισι
388 4118 642 4189 τοιαύτην
659 4134 691 4186 ,·
721 4123 817 4174 καὶ
851 4122 926 4191 μὴ
968 4124 1093 4177 καθ’
1121 4126 1343 4187 ἑαυτήν.
1383 4129 1569 4184 Ταῦτα
1604 4132 1661 4185 δὲ
1690 4133 1837 4201 λέγει

244 4209 469 4278 ἀνάγων
510 4212 659 4281 ἡμᾶς
693 4212 829 4282 πρὸς
857 4213 924 4266 τὰ
961 4214 1132 4283 μείζω
1181 4218 1291 4271 τῶν
1334 4221 1392 4271 ἐν
1430 4221 1507 4291 τῷ
1536 4223 1685 4293 νόμῳ
1720 4242 1836 4277 κει-

250 4302 451 4370 μένων.
507 4302 583 4356 Οὐ
628 4303 738 4374 γὰρ
767 4306 867 4373 τὴν
905 4308 1076 4377 αὐτὴν
1120 4310 1440 4381 ἐπιτίμησιν
1492 4315 1604 4384 ἔχει
1652 4316 1839 4386 ἐντολὴ

248 4394 437 4446 πᾶσαο
490 4394 615 4447 ἐπεὶ
677 4396 801 4448 οὐδὲ
853 4399 1003 4450 πᾶσα
1051 4400 1249 4469 πρᾶξις
1296 4402 1385 4471 ἴση
1434 4405 1549 4456 ἐστὶ
1592 4404 1832 4469 πὲισαις⁹

246 4484 366 4537 ἀλλ’
395 4486 503 4539 είσί
533 4503 678 4551 τινες
708 4488 765 4541 αἳ
791 4490 885 4542 καὶ
912 4492 1079 4561 χωρὶς
1120 4493 1390 4563 τιμωρίας
1423 4495 1675 4564 ἀφίενται
1721 4502 1834 4562 τοῖς

242 4578 693 4651 ἁμαρτάνουσινο
751 4580 816 4646 ἃς
866 4584 961 4636 καὶ
1005 4584 1292 4655 ἐλαχίστας
1335 4586 1465 4652 ἴσως
1512 4589 1773 4645 ἐκάλεσεν
1807 4596 1834 4645 ὁ

243 4670 499 4743 Χριστός.

252 4960 404 5047 Ἐγξι
441 4959 722 5047 ξιξ-λέγω
746 4965 931 5047 ῥμξν-
949 4966 1040 5047 ὅτι
1086 4969 1206 5036 πᾶς
1230 4974 1288 5047 μό
1322 4974 1700 5047 ὀργιζᾴμενος
1747 4980 1828 5047 τῷ

308 5030 556 5101 ἀδελφῷ
585 5030 953 5104 αὑτοῦἐίκῆ,
981 5030 1197 5108 ἔνοχοςῖ
1220 5030 1413 5096 ἕστᾶι’
1434 5030 1752 5115 τῇᾶρίὰὲω

310 5124 560 5179 Φωτίου.
590 5127 667 5179 Οὐ
701 5129 854 5182 πᾶσα
885 5129 1023 5201 ὀργὴ
1053 5132 1152 5202 τῆς
1184 5133 1421 5204 κρίσεως
1453 5138 1636 5208 ἔνοχος
1661 5159 1675 5172 θ
1708 5143 1825 5196 ἀλλ’

236 5213 270 5283 ἡ
293 5212 394 5283 μὲν
417 5215 621 5283 ματαία
648 5216 743 5269 καὶ
771 5217 894 5287 είκῆ
928 5220 1074 5271 ἐστιν
1104 5218 1287 5290 ἔνοχος
1306 5238 1319 5251 ·
1348 5224 1383 5293 ἡ
1414 5224 1594 5293 ἥττων
1618 5228 1823 5301 ταύτης

235 5305 333 5359 καὶ
363 5305 443 5378 μὴ
479 5306 568 5360 διὰ
604 5309 904 5380 χρημάτων
933 5311 1195 5384 εὐπορίαν
1226 5314 1259 5382 ἢ
1304 5315 1498 5383 φθόνον
1547 5325 1823 5391 γεγονυῖα,

237 5397 379 5469 μήτε
406 5397 514 5470 μὴν
559 5399 626 5452 δι’
655 5400 857 5473 ἀρετὴν
888 5402 922 5476 ἢ
954 5403 1133 5474 ψυχῆς
1162 5404 1451 5475 ὠφέλειαν,
1489 5413 1825 5485 συγγνώμης

235 5488 386 5545 ἐστὶν
413 5489 562 5555 ἀξία.
606 5491 673 5547 Ἦ
704 5492 761 5547 δὲ
808 5494 971 5565 ἑτέρα
1003 5496 1096 5552 καὶ
1135 5499 1275 5553 κατὰ
1327 5499 1435 5555 τῶν
1477 5502 1826 5574 ἀμελούντων

1937 3278 2009 3332 tis
2029 3275 2324 3347 designate
2350 3274 2668 3330 inducendis
2696 3273 2969 3329 coloribus
2996 3272 3063 3326 ad
3097 3270 3276 3324 vivum
3316 3269 3521 3343 implet,

1939 3368 2202 3437 perlicere
2257 3368 2451 3438 utique
2500 3366 2815 3435 imaginem,
2863 3379 2973 3418 non
3012 3372 3198 3417 autem
3229 3361 3413 3417 delere
3437 3361 3522 3416 di-

1937 3462 2143 3517 cendus
2178 3471 2281 3517 est.
2319 3461 2674 3530 Designatam
2728 3467 2916 3512 autem
2965 3456 3125 3527 quasi
3173 3456 3522 3511 lineamentis

1940 3552 2173 3609 rudibus
2232 3552 2371 3620 legis
2425 3551 2648 3615 veteris,
2703 3550 2858 3617 regni
2903 3549 3147 3605 caelestis
3173 3547 3523 3618 disciplinam

1939 3643 2244 3698 elaboravit
2270 3651 2325 3697 et
2355 3641 2594 3697 absolvit
2631 3640 2887 3695 Christus
2928 3639 3027 3711 (7).

1940 3755 2108 3811 νεεδ.
2136 3755 2225 3811 19.
2262 3755 2370 3823 Qui
2392 3772 2517 3827 ergo
2546 3757 2758 3811 solverit
2783 3773 2948 3810 unum
2999 3756 3066 3811 de
3098 3757 3367 3811 mandatis
3398 3756 3516 3810 istis

2009 3827 2265 3893 minimis,
2307 3837 2355 3879 et
2389 3827 2625 3880 docuerit
2656 3829 2732 3882 sic
2766 3829 3023 3894 homines,
3061 3829 3314 3883 minimus
3368 3843 3521 3883 voca-

2010 3897 2234 3951 bitur'in
2261 3914 2417 3969 regno
2449 3897 2721 3953 caelorum.

2012 4044 2215 4099 Pltotii.
2243 4045 2531 4102 Minimum
2551 4048 2686 4103 dicit
2705 4048 3021 4103 mandatum
3043 4047 3173 4103 illud
3200 4048 3344 4119 quod
3377 4048 3519 4104 forte

1940 4138 2271 4209 quibusdam
2330 4139 2438 4193 tale
2490 4124 2785 4204 videretur,
2831 4155 2955 4193 cum
3007 4155 3195 4195 revera
3247 4140 3522 4211 ejusmodi

1942 4245 2050 4283 non
2082 4230 2172 4284 sit.
2198 4229 2322 4285 llazc
2348 4231 2679 4285 autemdicit
2702 4232 3085 4301 cogitationem
3120 4239 3365 4285 nostram
3396 4230 3523 4285 hinc

1942 4321 2199 4375 attollens
2243 4321 2308 4373 ad
2360 4321 2748 4390 suspicandum
2801 4337 2966 4390 quam
3014 4322 3177 4390 :gravi
3240 4321 3510 4391 supplicio

1943 4413 2177 4469 luendus
2211 4416 2283 4469 sit
2310 4416 2589 4484 neglectus
2623 4416 2899 4485 majorum
2934 4426 3331 4486 praceptorum
3362 4416 3518 4487 legis.

1944 4503 2062 4558 Non
2091 4506 2238 4560 enim
2272 4506 2435 4561 simili
2477 4508 2749 4577 supplicio
2791 4508 3035 4562 mandati
3065 4507 3312 4577 cujusvis
3351 4509 3523 4564 viola-

1940 4598 2016 4652 tio
2047 4598 2308 4667 punitur;
2365 4609 2420 4653 ut
2459 4615 2558 4654 nec
2603 4601 2782 4654 meriti
2832 4602 2978 4670 paris
3016 4602 3161 4655 actio
3206 4602 3522 4671 pra-cipitur

1939 4692 2152 4745 cunctis
2208 4691 2499 4747 mandatis.
2538 4691 2737 4747 Verum
2793 4694 3047 4749 mandata
3100 4694 3349 4763 quzedam
3392 4702 3523 4750 sunt

1940 4796 2062 4850 qua:
2100 4781 2219 4835 sine
2250 4798 2411 4852 pmna
2457 4785 2812 4839 remittuntur
2842 4787 3218 4855 peccantibus,
3256 4802 3378 4858 qua:
3412 4786 3519 4843 for-

1938 4881 2083 4927 tasse
2120 4874 2347 4929 minima
2373 4876 2624 4933 Christus
2649 4879 2964 4949 appellavit.

1935 4981 2100 5040 Vsus.
2141 4985 2233 5040 22.
2265 4986 2379 5069 Ego
2408 4999 2583 5069 autem
2608 4992 2726 5046 dico
2754 4994 2895 5047 vobis
2926 4995 3053 5069 quid
3085 4995 3255 5069 omnis
3291 4995 3382 5067 qui
3410 4996 3521 5052 ira-

2217 5062 2386 5111 scitur
2410 5062 2570 5131 fratri
2588 5078 2703 5125 suo,
2738 5079 2856 5117 reus
2882 5062 2983 5119 erit
3005 5065 3233 5135 judicio.

2004 5146 2209 5203 Photii.
2241 5149 2360 5206 Non
2412 5155 2590 5210 omnis
2621 5157 2699 5211 ira
2735 5157 2929 5227 judicii
2981 5174 3071 5214 rea
3115 5168 3221 5227 est,
3266 5157 3361 5215 sed
3400 5174 3523 5231 quas

1933 5238 2082 5294 nulla
2124 5239 2314 5296 idonea
2343 5243 2410 5298 de
2440 5261 2603 5300 causa
2638 5249 2968 5305 exardescit.
3001 5249 3117 5306 llac
3152 5252 3307 5322 siqua
3330 5261 3415 5308 est
3442 5252 3520 5306 le-

1934 5329 2075 5395 vior,
2110 5347 2286 5401 neque
2309 5348 2407 5403 per
2433 5335 2696 5391 invidiam
2722 5339 2794 5394 ob
2814 5340 3029 5409 copiam
3052 5341 3369 5397 divitiarum
3400 5357 3522 5413 qua:

1940 5421 1995 5476 in
2027 5422 2214 5494 aliquo
2243 5426 2315 5481 sit
2345 5468 2361 5494 ,
2393 5437 2488 5482 aut
2515 5440 2737 5500 propter
2776 5432 3031 5489 virtutem
3064 5435 3522 5505 spiritualemque

1934 5514 2234 5583 profectum
2294 5519 2345 5574 in
2391 5523 2703 5593 quempiam
2752 5526 3113 5597 concipiatur,
3155 5528 3314 5584 venia
3357 5526 3520 5597 digna

1756 5680 1991 5745 ΝΟΤιΕ.

212 5806 219 5813 ·
307 5791 390 5866 (7)
424 5792 509 5850 Cf.
536 5811 591 5867 q.
622 5795 849 5854 CXCIX.
