3930 6218
411 311 558 381 1199

1540 313 1804 374 ΡΗΟΤΙΙ
1844 314 2348 376 ΡΛΤΒῙΛΒΟΗᾺΕ
2386 313 2495 375 CP.

3543 301 3683 367 1200

450 424 614 483 Vsus.
654 423 745 480 l7.
789 420 971 495 Neque
1016 423 1233 478 mittunt
1270 422 1448 478 uinum
1489 437 1681 479 novum
1714 424 1770 478 in
1803 433 1944 479 utres

2128 420 2240 478 ’ὐδὲ
2283 421 2635 487 βάλλουσιν
2693 412 2864 495 οἶνον
2920 417 3063 495 artior
3134 416 3223 483 είς
3272 410 3512 479 ἀσκοὺς
3574 428 3688 465 πα-

1088 504 1300 549 veteres.

480 607 695 663 Plautii.
732 604 896 664 Utres
924 617 1158 674 veteres;
1195 608 1444 665 homines
1473 608 1527 664 in
1559 618 1702 666 statu
1736 610 1871 680 legis
1895 625 1989 665 ve-

2792 488 3025 554 λαιούς.

2160 603 2405 659 Φωτίου.
2481 603 2712 666 Ἀσκοὺς
2741 601 3006 666 παλαιοὺς
3052 600 3182 664 τοὺς
3231 600 3293 654 ἐν
3341 600 3423 671 τῷ
3466 596 3688 668 παλαιῷ

414 699 549 756 teris
581 697 911 754 constitutos
962 695 1115 753 dicit.
1148 695 1345 751 Vinum
1371 712 1501 752 vero
1531 714 1757 763 novum,
1785 696 1989 753 Christi

2128 698 2242 771 ύμῳ
2277 697 2569 768 κειμένους
2616 695 2790 765 λέγει’
2825 692 2971 750 οἶνον
3003 694 3059 748 δὲ
3096 695 3239 758 νέον,
3278 692 3380 764 τὴν
3412 691 3511 745 τοῦ
3548 689 3688 758 Χρι-

414 788 650 861 gratiam
691 788 851 845 nobis
879 787 1154 859 posterius
1191 787 1395 854 datam,
1434 798 1528 844 aut
1559 787 1768 844 Novum
1796 786 1990 843 Testa-

417 886 719 938 mentum.t

423 997 555 1054 CAP.
590 996 663 1053 Χ.
718 995 881 1052 Vsus.
905 994 997 1052 58.
1021 994 1092 1049 Et
1116 995 1206 1065 qui
1238 1010 1339 1049 non
1364 995 1558 1064 accipit
1587 1010 1795 1050 erucem
1813 1011 1992 1060 suum,

693 1076 744 1123 et
774 1067 1010 1136 sequitur
1037 1081 1136 1130 me,
1165 1082 1272 1120 non
1302 1075 1378 1119 est
1406 1082 1485 1120 me
1509 1066 1722 1136 dignus.

491 1159 695 1215 Plautii.
719 1158 824 1224 Qui
854 1175 959 1213 non
984 1158 1187 1227 bajulat
1209 1175 1415 1213 crucem
1444 1174 1635 1223 meam,
1668 1156 1867 1228 inquit,
1889 1174 1995 1214 non

419 1260 499 1307 est
549 1268 632 1307 me
677 1251 868 1321 dignus
900 1251 943 1306 ⁵.
991 1249 1108 1306 Hoc
1149 1260 1258 1316 est,
1304 1249 1555 1321 quisquis
1598 1259 1831 1305 mortem
1876 1265 1998 1303 mea

420 1359 588 1402 causa
607 1342 945 1399 subeundam
978 1356 1090 1397 non
1110 1356 1325 1410 semper
1344 1342 1530 1395 animo
1551 1340 1736 1407 volvit,
1751 1339 2001 1397 assidue.

420 1450 529 1507 que
551 1434 864 1500 meditatur,
891 1447 1001 1488 non
1032 1440 1119 1488 est
1145 1448 1232 1487 me
1249 1433 1469 1502 dignus.

488 1544 620 1602 CAP.
659 1543 755 1601 XI.
796 1544 966 1602 Vens.
998 1544 1051 1600 6.
1086 1543 1155 1597 Et
1186 1544 1371 1599 beatus
1404 1553 1481 1598 est
1508 1542 1599 1613 qui
1629 1559 1733 1597 non
1761 1543 1924 1613 fuerit

906 1615 1302 1669 scandalizatus
1323 1616 1379 1667 in
1401 1630 1502 1668 me.

494 1705 695 1762 Photii.
719 1707 921 1762 Multos
943 1703 1173 1762 oﬂendit
1195 1720 1258 1761 ea
1288 1720 1396 1776 qua
1416 1705 1527 1761 duo
1549 1704 1801 1775 discipuli
1832 1705 2001 1760 Joan-

2093 1002 2205 1057 Καὶ
2250 1000 2319 1066 ὃς
2364 1001 2438 1053 οὐ
2483 996 2777 1065 λαμϐάνει
2820 995 2929 1050 τὸν
2989 993 3259 1066 σταυρὸν

2095 790 2220 847 στοῦ
2248 790 2411 861 χάριν
2460 787 2559 859 τὴν
2589 788 2838 843 δοθεῖσαν
2868 789 3005 858 ἡμῖν
3036 785 3290 858 ὕστερον,
3320 784 3357 855 ἢ
3398 783 3500 855 τὴν
3539 782 3689 837 Νέαν

2095 885 2395 957 Διαθήκην.

3310 990 3504 1047 αὐτοῦ
3522 1030 3539 1051 .
3588 986 3691 1042 και

2201 1062 2522 1127 ἀκολουθεῖ
2546 1062 2742 1121 ὀπίσω
2766 1084 2909 1136 μου,
2944 1067 3056 1118 οὐκ
3078 1065 3213 1118 ἐστι
3234 1081 3355 1134 μου
3387 1062 3580 1125 ἄξιος.

2168 1161 2415 1217 Φωτίου.
2447 1162 2659 1225 Ὅστις
2694 1160 2765 1212 οὐ
2788 1156 3082 1223 βαστάζει
3106 1155 3214 1209 τὸν
3240 1152 3512 1219 σταυρόν
3533 1167 3690 1220 μου,

2100 1253 2293 1325 φησιν,
2330 1253 2445 1305 οὐκ
2485 1251 2618 1304 ἐστι
2649 1266 2770 1318 μου
2798 1246 2991 1313 ἄξιος.
3024 1245 3341 1310 Τουτὲστιν,
3394 1242 3548 1303 ὅστις
3598 1237 3693 1290 τὸν

2099 1348 2240 1416 ὑπὲρ
2292 1343 2428 1415 ἐμοῦ
2462 1343 2693 1399 θάνατον
2743 1341 2844 1395 οὐκ
2870 1340 2958 1393 ἀεὶ
2989 1338 3102 1409 ἔχει
3140 1339 3197 1390 ἐν
3222 1339 3289 1408 τῇ
3317 1335 3466 1408 ψυχῇ
3496 1331 3593 1386 καὶ
3616 1329 3693 1383 δι-

2098 1440 2309 1514 ηνεκῶς
2332 1439 2519 1493 τοῦτον
2555 1437 2774 1509 μελετᾷ,
2804 1436 2903 1490 οὐκ
2932 1435 3049 1489 ἐστι
3078 1450 3179 1505 μου
3200 1433 3369 1501 ἄξιος.

2101 1556 2212 1611 Καὶ
2256 1552 2543 1626 μακάριός
2581 1553 2753 1606 ἐστιν
2791 1550 3001 1675 ag“?
3029 1547 3115 1620 μὴ
3153 1542 3583 1611 σκανδαλισθῇ
3620 1541 3695 1595 ἐν

2894 1638 2973 1675 οι.

2821 1639 2853 1675 ε
2894 1639 2973 1675 οι.

2173 1718 2422 1773 Φωτίου.
2452 1716 2646 1773 Πολλοὶ⁵
2666 1639 3112 1777 ὲσκανδιάλίζοντο
3142 1709 3231 1764 διά
3256 1708 3355 1780 τὴν
3377 1707 3489 1763 τῶν
3517 1703 3697 1775 μαθη-

422 1798 531 1864 nis,
578 1799 823 1869 magistri
865 1798 950 1853 sui
1002 1797 1161 1869 jussu
1210 1811 1278 1851 ac
1316 1797 1559 1861 nomine,
1612 1796 1677 1851 ad
1726 1796 2002 1852 Christum

2128 1810 2214 1863 :th
2266 1810 2362 1863 τοῦ
2425 1810 2677 1863 Ἰωάννου
2721 1808 3015 1878 ἐρώτησιν,
3068 1802 3136 1873 ἣν
3177 1801 3565 1873 προσήνεγκαν
3614 1792 3697 1864 τῷ

424 1888 597 1943 functi
622 1897 770 1953 sunt,
805 1888 1022 1958 legatio,
1057 1887 1348 1958 quamdam
1380 1888 1435 1942 in
1463 1885 1674 1942 Joanne
1696 1887 1764 1943 de
1786 1887 2005 1945 Christo

2128 1904 2328 1976 (ριστῷ
2347 1922 2361 1935 ·
2408 1905 2509 1958 οὐκ
2530 1903 2751 1959 ἄλλοθεν
2775 1901 2868 1956 οὖν
2902 1898 3020 1953 λύει
3048 1896 3148 1966 τὴν
3176 1892 3510 1966 ἀμφιϐολίαν
3541 1890 3589 1942 εί
3620 1887 3698 1958 μὴ

422 1977 823 2032 dubitationem
848 1977 1091 2032 indicare
1122 1976 1264 2033 visa.
1294 1977 1720 2047 Ambiguitatem
1765 1993 1894 2049 ergo
1927 1982 2004 2036 rei

2128 1995 2170 2060 ;ξ
2200 1994 2381 2049 αὐτῶν
2432 1994 2541 2049 τῶν
2571 1992 2988 2064 ἐρωτησάντων,
3027 1986 3292 2059 μάρτυσιν
3330 1983 3515 2043 αὐτοῖς
3546 1977 3698 2051 χρῶ-

425 2069 627 2135 totius,
657 2070 1089 2140 scandalumque
1118 2070 1352 2126 astantis
1386 2070 1592 2141 populi,
1631 2087 1743 2127 non
1785 2073 2005 2129 aliunde

2128 2103 2297 2149 ιενος.
2325 2085 2497 2141 Τοῦτο
2522 2086 2565 2138 δ’
2593 2080 2662 2157 ἦν
2692 2086 2758 2137 ἐκ
2784 2081 2881 2136 τοῦ
2912 2078 3211 2134 Θεάσασθαι
3236 2074 3436 2138 αὐτοὺς
3462 2072 3534 2124 τὰ
3562 2068 3699 2123 Θαύ-

424 2159 624 2214 melius
662 2159 901 2213 tollenda
934 2158 1186 2216 Christus
1220 2160 1451 2230 putavit,
1490 2175 1653 2230 quam
1690 2165 2007 2220 testimonio

2128 2193 2279 2244 ιατα,
2329 2177 2426 2231 καὶ
2471 2178 2839 2246 ὑποστρέφειν
2882 2171 3020 2244 πρὸς
3066 2169 3345 2238 Ἰωάννην,
3386 2163 3483 2219 καὶ
3513 2164 3699 2230 ἀπαγ-

426 2249 675 2320 ipsorum
715 2250 807 2321 qui
855 2266 916 2307 se
960 2251 1449 2322 interrogaveram.
1490 2252 1670 2309 Utitur
1715 2270 1847 2326 ergo
1898 2258 2007 2313 illis

2128 2270 2288 2335 (enat
2320 2269 2469 2340 αὐτῷ
2500 2269 2536 2323 ἃ
2572 2268 2891 2321 ἐθεάσαντο.

429 2343 566 2409 ipsis
591 2343 837 2398 veritatis
862 2356 976 2397 suae
1000 2344 1251 2399 testibus.
1283 2343 1562 2400 Miraculis
1591 2347 1740 2402 enim
1806 2348 1862 2403 in
1926 2351 2172 2423 ipsorum
2237 2371 2535 2433 conspectu
2572 2358 2923 2431 perpetratis,
2991 2355 3169 2412 redire
3199 2351 3267 2407 ad
3297 2350 3572 2405 Joannem
3602 2360 3701 2403 eos

423 2435 601 2505 jubet,
627 2448 691 2487 ac
716 2433 1031 2489 renuntiare
1054 2434 1157 2504 ipsi
1186 2451 1308 2505 quae
1331 2436 1617 2493 vidissent.

432 2525 594 2589 Vens,
745 2524 850 2578 Hic
870 2533 948 2611 est
977 2527 1116 2579 enim
1142 2529 1205 2581 de
1228 2545 1329 2611 quo
1350 2530 1603 2611 scriptum
1627 2542 1724 2599 est,
1753 2533 1887 2591 Ecre
1909 2554 2004 2611 ego

555 2596 706 2652 mitto
734 2596 980 2666 angelum
1011 2613 1184 2652 meum
1207 2596 1328 2653 ante
1349 2596 1543 2669 faciem
1568 2596 1736 2671 tuam,
1768 2616 1878 2664 etc.

501 2752 704 2807 Photii.
735 2751 1035 2823 Pr0pterea
1080 2752 1149 2809 ad
1191 2754 1493 2825 discipulos
1522 2756 1753 2816 Joannis
1781 2761 1860 2817 ait
1893 2760 2012 2819 Sal-

426 2854 586 2899 vator
621 2860 637 2899 :
672 2841 861 2900 Videte
884 2843 1147 2900 miracula
1179 2856 1234 2900 et
1255 2847 1529 2910 nuntiate.
1564 2858 1624 2904 ut
1653 2852 2013 2923 solvatzsean-

429 2937 615 2991 dalum
631 2951 741 3007 quo
760 2937 1109 2993 scandalizati
1132 2946 1260 2993 sunt
1274 2937 1695 3013 Judaei,propter
1714 2945 2013 3017 interroga-

433 3030 638 3084 tionem
663 3028 916 3099 Joannis,
947 3030 1083 3101 ipsis
1115 3031 1221 3087 illis
1251 3030 1478 3087 Joannis
1532 3034 1816 3106 discipulis
1852 3048 2014 3093 utens

429 3122 699 3188 testibus,
728 3130 783 3176 et
826 3123 985 3192 quasi
1021 3123 1103 3178 eis
1148 3125 1379 3181 dicens:
1414 3125 1521 3182 Vos
1563 3128 1821 3196 praeclare
1863 3131 2016 3187 scitis

431 3213 579 3282 quod
614 3213 682 3268 de
732 3228 819 3268 me
850 3213 1089 3270 Joannes
1129 3218 1503 3273 testimonium
1542 3220 1774 3286 dederit,
1808 3222 2017 3290 qualis-

436 3320 544 3366 uue
566 3320 631 3360 ac
655 3315 895 3376 quantus
942 3318 1315 3379 quantumque
1354 3310 1458 3366 [ide
1490 3311 1686 3381 dignus
1721 3313 1766 3368 is
1797 3314 1880 3367 vir
1916 3315 2007 3383 sit,

435 3396 737 3465 iutelligitis
785 3397 1030 3451 omnium
1068 3400 1341 3467 maxime;
1388 3402 1477 3456 cui
1519 3418 1617 3458 vos
1660 3406 2009 3475 permisistis,

432 3497 694 3559 suscepto
723 3490 791 3544 ab
819 3504 884 3545 eo
918 3491 1191 3561 baptismo
1222 3494 1273 3547 in
1300 3492 1537 3551 Jordane
1570 3498 1706 3569 (l0).

468 3578 637 3635 Vens.
666 3580 755 3635 il.
793 3582 836 3635 Λ
867 3580 1050 3636 diebus
1077 3593 1250 3665 autem
1276 3583 1497 3665 Joqnnt's
1521 3587 1784 3665 Buplistaz
1810 3606 1976 3665 usque

610 3668 772 3717 nunc,
804 3668 1017 3722 regnum
1046 3654 1294 3707 cartorum
1332 3657 1437 3710 vim
1467 3654 1692 3727 patitur,
1725 3670 1831 3717 etc.

508 3808 711 3864 Photii.
736 3810 816 3865 Ad
843 3814 951 3865 vim
977 3811 1285 3880 expositum
1309 3812 1439 3869 dicit
1460 3830 1685 3885 regnum
1703 3818 1968 3873 cmlorum
1993 3858 2009 3884 ,

436 3910 489 3958 et
513 3902 768 3958 violentis
799 3903 1112 3970 raptoribus
1142 3904 1338 3974 praedae
1375 3905 1491 3960 fore
1522 3924 1537 3960 :
1570 3907 1734 3977 idque
1761 3927 1795 3963 a
1831 3912 2013 3965 diebus

435 3991 689 4058 Joannis,
720 3994 826 4049 isto
860 3994 1115 4064 loquendi
1143 3996 1305 4050 modo
1335 3996 1673 4067 signiﬁcans,
1702 4014 1810 4054 non
1838 4002 2015 4058 cuivis

437 4085 508 4140 de
541 4085 704 4154 vulgo
742 4086 988 4156 promitti
1033 4101 1261 4156 regnum
1299 4087 1464 4155 istud,
1498 4089 1590 4143 sed
1626 4095 2018 4164 contemptori-

434 4174 542 4229 bus
563 4188 751 4244 opum,
785 4173 991 4245 gloriae,
1024 4185 1337 4245 parentum,
1366 4176 1625 4244 ﬁliorum,
1655 4182 1847 4236 mortis
1880 4184 2015 4237 adeo

436 4264 635 4335 ipsius.
654 4264 793 4320 Ante
815 4280 984 4337 porro
1006 4281 1171 4336 quam
1202 4266 1422 4324 doceret
1444 4268 1719 4338 Christus,
1737 4288 2017 4344 quamque

438 4357 781 4427 apparuisset
805 4355 1062 4423 Joannes,
1098 4357 1341 4412 nondum
1372 4368 1489 4414 erat
1521 4361 1700 4430 palam
1729 4371 2013 4419 ostensum

438 4463 504 4503 ae
525 4448 854 4518 promissum
876 4464 1102 4521 regnum
1133 4452 1397 4507 cmlorum
1421 4471 1436 4521 ;
1459 4456 1550 4509 sed
1579 4470 1701 4523 quae
1721 4462 1836 4509 tum
1860 4466 2019 4512 erant

437 4538 856 4609 promissiones,
886 4542 1139 4597 carnales
1165 4551 1344 4597 erant.
1378 4542 1804 4599 Promittehatur
1822 4562 2017 4617 nempe

2114 2535 2303 2613 Οὗτος
2343 2536 2619 2613 γάρᾼὰγτι
2668 2533 2804 2613 περί
2843 2526 2916 2589 οὗ
2959 2530 3303 2613 γέγραπται,
3351 2524 3543 2613 Ἰδοὺ,

2179 2602 2541 2733 ἀποσξέζιλω
2578 2604 2839 2676 ἄγγελόν
2873 2618 2995 2674 μου
3042 2602 3157 2671 πρὸ
3195 2602 3525 2668 προσώπου
3556 2610 3702 2659 σου,

2182 2699 2238 2735 κ.
2269 2697 2320 2733 τ.
2388 2720 2401 2732 .
2532 2734 2535 2735 ν
2949 2702 2952 2705 λ

2181 2774 2425 2827 Φωτίου.
2462 2769 2561 2823 Διὰ
2590 2767 2748 2822 τοῦτο
2790 2766 2928 2837 πρὸς
2967 2763 3095 2827 τοὺς
3137 2760 3386 2833 μαθητάς
3446 2757 3706 2811 Ἰωάννου

2113 2865 2278 2936 φησιν
2303 2864 2333 2915 ὁ
2363 2860 2589 2932 Σωτήρ·
2646 2857 2882 2911 Βλέπετε
2920 2856 2993 2909 τὰ
3018 2853 3275 2924 θαύματα
3302 2851 3397 2904 καὶ
3427 2848 3705 2916 ἀπαγγεί-

2112 2958 2267 3019 λατε,
2317 2956 2408 3011 ἵνα
2437 2954 2578 3025 λύσῃ
2618 2950 2679 3005 τὸ
2725 2947 3023 3005 σκάνδαλον
3065 2946 3095 3001 ὃ
3122 2941 3623 3011 ἐσκανδαλίσθησαν
3653 2940 3706 2991 οι

2128 3050 2410 3115 Ἰουδαῖοι,
2458 3046 2546 3104 διὰ
2589 3042 2691 3118 τὴν
2734 3042 2828 3096 τοῦ
2874 3040 3125 3095 Ἰωάννου
3175 3036 3468 3107 ἐρώτησιν,
3517 3033 3706 3096 αὐτοῖς

2117 3140 2347 3200 ἐκείνοις
2410 3140 2524 3200 τοῖς
2597 3135 2694 3191 τοῦ
2764 3134 3016 3188 Ἰωάννου
3082 3130 3353 3201 μαθηταῖς
3418 3124 3707 3197 χρώμενος

2042 3258 2087 3319 c
2121 3232 2396 3303 μάρτυσι,
2441 3229 2617 3319 λέγων
2670 3226 2807 3299 πρὸς
2865 3223 3099 3319 αὐτούς·
3166 3222 3357 3319 Ὑμεῖς
3405 3216 3706 3319 snio-catae;

2115 3321 2359 3391 ἀκριϐῶς
2388 3319 2488 3391 τὴν
2509 3318 2607 3373 τοῦ
2630 3319 2880 3373 Ἰωάννου
2912 3316 3040 3391 περὶ
3069 3313 3205 3386 ἐμοῦ
3244 3311 3579 3383 μαρτυρίαν,
3608 3309 3706 3361 τὸν

2112 3414 2279 3485 ἄνδρα
2314 3412 2497 3474 ὁποῖός
2546 3412 2664 3464 ἐστι
2696 3408 3081 3479 γινώσκοντες,
3121 3404 3219 3460 καὶ
3264 3402 3358 3459 ὑπ’
3395 3402 3563 3458 αὑτοῦ
3598 3401 3705 3473 βα-

2112 3506 2427 3570 πτισθέντες
2458 3506 2514 3559 ἐν
2542 3504 2621 3574 τῷ
2655 3503 2916 3576 Ἰορδάνῃ.

2124 3599 2267 3655 Ἀπὸ
2326 3596 2395 3650 δὲ
2444 3595 2562 3650 τῶν
2599 3593 2835 3664 ἡμερῶν
2880 3593 3163 3664 Ἰωάννου
3203 3590 3321 3664 τοιξ
3356 3585 3709 3664 Βαπζίστοῦ

2184 3668 2295 3734 ἕως
2327 3668 2478 3789 dim,
2526 3667 2564 3735 ἡ
2594 3657 2887 3733 βασιλεία
2932 3663 3050 3718 τῶν
3094 3658 3370 3731 οὐρανῶν
3403 3657 3704 3723 βιάζεται,

2185 3755 2239 3791 κ.
2273 3755 2325 3790 τ.
2392 3777 2407 3791 .

2184 3830 2430 3884 Φωτίου.
2457 3826 2693 3899 Βιαστὴν
2725 3824 2847 3880 εἷπε
2874 3825 2973 3898 τὴν
2996 3823 3272 3896 βασιλείαν
3298 3822 3410 3876 τῶν
3432 3818 3709 3891 οὐρανῶν,

2114 3923 2210 3976 καὶ
2237 3921 2460 3993 βιαστὰς
2506 3920 2775 3992 ἁρπάζειν
2804 3918 2995 3989 αὐτὴν,
3030 3916 3124 3970 καὶ
3154 3915 3272 3969 ἀπὸ
3306 3913 3426 3966 τῶν
3466 3910 3712 3980 muspr

2130 4013 2435 4070 Ἰωάννου.
2457 4012 2519 4065 Ἦ
2539 4011 2765 4081 τοιαύτη
2785 4012 3006 4079 γέγονεν
3031 4009 3276 4080 ἁρπαγὴ,
3290 4006 3351 4059 ού
3375 4008 3489 4068 τοῖς
3502 4002 3710 4071 τι)χοῦ⁴⁵

2118 4122 2224 4170 σιν,
2276 4102 2412 4159 ἀλλὰ
2457 4105 2569 4162 τοῖς
2615 4102 3059 4173 καταφρονήσασι
3111 4096 3344 4152 πλούτου
3393 4096 3490 4149 καὶ
3540 4111 3709 4164 περι-

2120 4194 2366 4265 φανείας,
2398 4196 2491 4247 καὶ
2520 4197 2720 4262 γονέων
2752 4194 2869 4264 ἅμα
2899 4193 2994 4245 καὶ
3026 4190 3250 4254 παίδων,
3284 4188 3381 4242 καὶ
3414 4186 3583 4240 αὐτοῦ
3608 4184 3709 4237 τοῦ

2118 4287 2371 4343 Θανάτου.
2408 4288 2521 4357 Πρὸ
2564 4286 2619 4339 δὲ
2657 4286 2758 4355 τῆς
2802 4282 3151 4346 διδασκαλίας
3197 4281 3293 4335 τοῦ
3334 4278 3576 4347 Χριστοῦ
3606 4277 3711 4329 καὶ

2117 4377 2218 4447 τῆς
2251 4377 2344 4429 τοῦ
2375 4376 2621 4431 Ἰωάννου
2653 4374 2955 4446 παρουσίας
2985 4373 3139 4427 οῠπω
3157 4368 3224 4444 ἦν
3254 4374 3288 4443 η
3322 4369 3571 4440 βασιλεία
3595 4367 3710 4419 τῶν

2117 4466 2363 4537 οὐρανῶν
2398 4465 2847 4536 ἐπαγγελλομένη
2878 4465 3129 4534 φανερῶς
3158 4478 3171 4493 ⁸
3226 4463 3343 4516 ἀλλ’
3372 4459 3707 4527 ἐπαγγελίαι

2118 4554 2259 4629 ἦσαν
2282 4557 2541 4627 σαρκικαί
2560 4573 2573 4585 ·
2605 4556 2874 4619 τουτέστι,
2893 4555 3086 4624 γένους
3108 4554 3445 4623 πληουσμὸς,
3465 4552 3560 4605 καὶ
3581 4551 3708 4603 κατ’

436 4632 817 4703 multiplicatio
841 4634 1078 4700 generis,
1110 4635 1337 4690 victoria
1371 4636 1436 4691 de
1471 4638 1744 4700 hostibus,
1780 4649 1833 4693 et
1860 4640 2007 4694 simi-

2128 4620 2331 4721 ιἐχθρῶν
2357 4620 2584 4721 κράτος,
2626 4649 2723 4701 καὶ
2767 4648 2835 4701 τά
2881 4620 3284 4716 παραπ).ἡσιαζ’
3328 4620 3428 4713 *ἀφ’
3472 4638 3534 4697 οὗ
3576 4644 3632 4695 δὲ
3677 4645 3708 4696 ὁ

434 4719 533 4778 lia.
567 4721 641 4775 Ex
665 4736 776 4792 quo
798 4732 979 4776 autem
1001 4721 1240 4780 Joannes
1262 4725 1594 4795 baptismum
1632 4729 2013 4799 promulgavit,

434 4819 493 4869 et
514 4822 762 4869 nostrum
794 4828 861 4868 eo
889 4813 1181 4869 Dominum
1223 4818 1404 4880 tinxit,
1433 4826 1488 4872 et
1519 4816 1757 4886 Spiritus
1802 4836 1904 4875 suo
1935 4832 2017 4876 te-

437 4906 698 4961 stimonio
717 4906 1469 4978 demonstravitunigenitum
1500 4909 1679 4966 Patris
1708 4911 1905 4968 Filium
1925 4954 1939 4979 ,
1966 4926 2020 4970 et

437 4997 555 5066 ipse
582 4996 835 5054 Christus
859 4998 1159 5068 praedicare
1189 5002 1353 5070 cwpit
1383 5017 1611 5074 regnum
1644 5005 1931 5072 cmlorum,
1954 5022 2018 5061 ex

438 5100 506 5141 eo
534 5096 779 5159 tempore
814 5090 1104 5145 desideriis
1142 5092 1425 5147 hominum
1459 5109 1524 5149 ac
1551 5095 1834 5166 cupiditati
1865 5098 2016 5167 obje-

439 5186 587 5235 ctum
616 5187 702 5235 est
732 5180 1049 5253 rapinasque
1080 5186 1390 5255 expositum
1424 5188 1688 5244 caelorum
1718 5206 1965 5262 regnum.

513 5345 546 5391 δ’
572 5355 707 5412 Luc.
755 5373 865 5425 xw,
900 5360 990 5414 27.

2128 4742 2382 4812 Ἰωάννης
2409 4741 2613 4809 ἐπέστη
2655 4738 2734 4808 τῷ
2763 4738 3120 4809 βαπτίσματι,
3166 4736 3261 4790 καὶ
3305 4736 3396 4789 τὸν
3430 4735 3705 4805 ἡμέτερον

2117 4832 2391 4901 Δεσπότην
2422 4831 2704 4894 scamna,
2748 4831 2844 4887 καὶ
2888 4830 2948 4883 τὸ
2976 4829 3199 4898 Πνεῦμα
3227 4827 3583 4898 ἐμαρτύρησε
3611 4826 3707 4876 τὸν

2122 4922 2524 4994 μονογενῆ.τοῦ
2582 4923 2795 4993 Πατρὸς
2844 4922 2994 4985 Υίὸν,
3044 4922 3138 4973 καὶ
3186 4920 3348 4981 αὐτὸς
3398 4919 3425 4970 ὁ
3465 4916 3704 4987 Χριστὸς

2121 5016 2418 5085 κηρύσσειν
2444 5015 2647 5085 ἤρξατο
2679 5015 2779 5085 τὴν
2826 5013 3104 5085 βασιλείαν
3141 5012 3249 5064 τῶν
3279 5009 3547 5081 οὐρανῶν,
3592 5007 3706 5061 ἀπὸ

2125 5106 2246 5159 τότε
2283 5105 2474 5173 γέγονε
2516 5107 2630 5167 τοῖς
2662 5104 2972 5176 ἀνθρώποις
3014 5099 3331 5174 ὲπιθυμητὴ
3373 5098 3469 5153 καὶ
3507 5097 3706 5170 puni;

2125 5199 2158 5268 η
2195 5192 2436 5268 βασιλεία
2461 5197 2569 5251 τῶν
2601 5196 2867 5269 οὐρανῶν.

1954 5588 2185 5647 ΝΟΪᾹ..

512 5691 631 5765 (ιο)
660 5692 743 5749 Cf.
786 5709 839 5767 q.
868 5693 1065 5769 χχιχ,
1104 5698 1329 5758 CCCIX.
