3930 6218
1443 256 1906 318 FRAGMENTA
1923 255 2008 318 IN
2034 256 2504 325 MATTHEUM.

3469 262 3621 331 1202

356 368 496 421 Τότε
526 364 753 448 ἤρξατο
787 363 1100 448 ῥειδιζὲέν
1136 363 1243 448 τὰς
1288 365 1520 448 στάζεις.
1537 366 1609 448 ἐν
1651 362 1760 448 αῖς.
1804 366 1932 435 ere-

2045 364 2211 448 Vens.
2246 368 2337 448 20.
2392 368 2538 423 Tunc
2559 372 2709 448 erepit
2733 372 3057 448 exprobrare
3080 373 3385 448 ciuitatibus
3415 376 3473 430 in
3495 380 3617 448 qui-

423 453 605 559 γ’οέτο
633 438 692 489 αι
722 434 1002 492 πλεῖσται
1023 435 1309 505 δυνάμεις
1335 436 1546 504 αὐτοῦ,
1573 437 1662 489 ὅτι
1698 438 1771 491 οὐ
1796 434 1936 506 μετ-

423 522 493 559 εν
527 521 710 559 ησαν.
1436 514 1439 519 “

420 514 710 573 ενόησαν.
1006 560 1011 565 ,
1436 514 1439 519 “

423 597 670 651 (but/0v.
701 596 846 651 Ἔδει
868 596 970 661 τὰς
989 596 1177 662 πόλεις
1199 596 1503 665 ὀνειδίζειν,
1528 596 1617 651 ὅτε
1646 597 1937 670 ἐδικαιώθη

351 686 386 757 ἡ
414 687 577 757 σοφία
614 687 792 741 πάντα
840 688 1176 742 ὲκτελέσασα
1207 687 1277 741 τά
1310 688 1408 758 τῆς
1454 687 1728 758 σωτηρίας
1756 686 1941 742 αὐτῶν

347 780 498 835 αἴτια
525 797 541 814 ο
595 780 719 834 ἐπεὶ
749 780 806 835 δὲ
839 780 1019 835 πάντα.
1051 781 1281 851 ποιήσας
1329 781 1430 833 οὐκ
1472 779 1711 845 ἔπεισεν,
1745 780 1939 851 ἑτέραν

343 872 608 941 τρέπεται
637 873 777 939 ὁδὸν,
822 873 919 927 καὶ
947 873 1219 937 ταλανίζει
1267 872 1486 939 αὐτοὺς,
1541 872 1616 942 μή
1670 888 1789 935 πως
1826 871 1931 925 κᾶν

343 960 436 1016 διά
464 963 559 1015 τοῦ
590 962 923 1034 ταλανισμοῦ
971 962 1175 1035 ἐλκύσῃ
1215 960 1353 1033 πρὸς
1402 961 1679 1033 σωτηρίαν
1708 961 1927 1025 αὐτούς.

2111 441 2209 520 bus
2241 439 2400 523 facta:
2447 451 2568 523 sunt
2596 439 2854 523 plurima:
2887 446 3140 508 _-virtutes
3187 446 3322 515 ejus,
3353 448 3479 516 quia
3508 439 3617 503 'non

2096 514 2324 578 egissent
2352 514 2712 579 paenitentiam
2724 555 2737 569 .

2098 597 2307 656 Pltotii.
2355 598 2652 671 Oportebat
2688 605 3022 675 exprobrare
3072 605 3390 662 civitatibus
3424 646 3441 671 ,
3471 620 3612 676 quo-

2035 689 2184 745 niam
2208 691 2509 761 justiﬁcala
2566 706 2650 753 est
2701 698 2973 768 sapientia
3002 738 3019 765 ,
3070 698 3332 767 perfectis
3380 698 3449 752 ab
3498 698 3616 767 ipsa

2036 783 2319 839 cumu'ate
2372 784 2478 842 illis
2512 787 2790 855 omnibus,
2823 803 2945 859 qua:
2982 787 3048 842 ad
3082 787 3316 843 salutem
3372 788 3615 857 ipsorum

2035 873 2432 930 conﬁciendam
2458 876 2696 933 ellieacia
2729 893 2853 934 esse
2876 885 3120 947 possent.
3154 876 3616 946 Postquamvero

2037 965 2221 1019 omnia
2253 976 2530 1035 expertus,
2562 982 2671 1022 non
2697 970 2989 1037 persuasit,
3016 968 3123 1023 alia
3171 967 3262 1023 via
3291 976 3571 1038 grassatur
3597 982 3611 1019 :

268 1111 299 1145 ,κ
344 1056 581 1112 miseros
626 1056 777 1126 ipsos
825 1056 1149 1121 denuntiat,
1191 1054 1237 1111 si
1292 1054 1437 1110 forte
1487 1055 1572 1109 vel
1644 1053 1958 1109 ineutiendo
1996 1069 2254 1124 maerore,
2316 1067 2412 1113 aut
2462 1069 2630 1124 metu,
2687 1059 2912 1116 trahere
2943 1060 3008 1115 ad
3044 1060 3278 1116 salutem
3308 1058 3616 1115 obstinatos

285 1160 296 1199 τ
344 1160 532 1220 queat.

343 1242 475 1310 Πῶς
506 1243 795 1311 διον-ἦλθεν
821 1246 909 1311 είς
937 1244 1044 1298 τὸν
1085 1239 1257 1299 οἶκον
1292 1242 1399 1297 τοῦ
1447 1242 1617 1304 Θεοῦ.
1653 1241 1752 1296 καὶ
1783 1242 1927 1309 τοὺς

511 1314 731 1382 ἄρτους
762 1312 871 1381 τῆς
899 1314 1235 1382 προθέσεως
1260 1314 1502 1384 ἔφαγεν,
1534 1331 1587 1366 κ.
1617 1330 1669 1366 τ.
1701 1312 1751 1367 λ.

418 1408 666 1462 Φωτίου.
704 1408 765 1461 '0
795 1406 959 1460 Aa6‘t8
987 1406 1196 1471 δίκαιος
1223 1405 1298 1460 ὢν
1329 1407 1418 1460 ὅτε
1443 1406 1571 1469 τοὺς
1602 1406 1800 1476 ἄρτους
1827 1405 1927 1474 τῆς

345 1499 659 1569 προθέσεως
688 1498 880 1567 ἔφαγε,
913 1498 1009 1553 καὶ
1040 1500 1090 1551 οί
1124 1500 1289 1569 ἱερεῖς
1318 1498 1375 1552 δὲ
1403 1498 1733 1552 δικαιότατοι
1767 1500 1817 1551 oi
1840 1498 1926 1551 δε-

2029 1241 2161 1297 (ΞΑΡ.
2218 1239 2333 1294 XII.
2385 1240 2548 1295 Vens.
2599 1239 2656 1293 4.
2711 1240 2986 1305 Quomodo
3025 1240 3247 1294 intravit
3293 1240 3351 1292 in
3398 1239 3614 1293 domum

2241 1310 2335 1364 Dei
2365 1321 2413 1364 et
2436 1327 2597 1380 panes
2612 1311 2989 1381 propositionis
3020 1311 3266 1375 comedit,
3295 1320 3400 1363 etc.

2094 1403 2291 1459 Pltotii.
2328 1403 2493 1458 David
2518 1403 2699 1473 justus
2721 1415 2839 1458 erat
2869 1419 2993 1458 cum
3026 1418 3192 1474 panes
3216 1402 3609 1474 propositionis

2028 1497 2265 1553 comedit
2300 1515 2312 1551 :
2344 1478 2923 1568 sacerdotes‘quoque
2952 1496 3245 1567 justissimi
3288 1497 3384 1567 qui
3429 1511 3611 1552 come-

341 1594 577 1657 δωκότες
619 1592 767 1663 αὐτῷ
800 1593 926 1656 τοὺς
956 1592 1173 1664 ἄρτους.
1219 1590 1443 1663 Καίπερ
1479 1592 1580 1645 οὐκ
1617 1589 1684 1663 ἦν
1717 1590 1925 1645 δίκαιον

2045 1590 2237 1646 lendas
2275 1606 2369 1645 eos
2403 1605 2567 1658 panes
2597 1591 2908 1645 obtulerunt
2945 1588 3064 1659 {ipsi
3093 1629 3109 1653 ,
3160 1588 3409 1659 quamvis
3457 1586 3612 1642 nefas

346 1686 549 1741 ἐσθίειν
594 1688 690 1740 ἀπ’
742 1686 967 1739 ἐκείνων
1010 1685 1119 1738 τῶν
1155 1685 1338 1758 ἀρτων
1381 1686 1537 1748 τινὰ,
1588 1685 1636 1737 εί
1683 1683 1759 1755 μὴ
1801 1684 1927 1748 τοὺς

346 1777 510 1851 ἱερεῖς
564 1778 779 1848 μόνους.
833 1770 1000 1840 Οὗτος
1031 1775 1087 1828 δὲ
1138 1775 1322 1828 λαϐὼν
1361 1775 1425 1829 οὗ
1479 1773 1643 1845 μόνον
1699 1773 1927 1842 ἔφαγεν,

344 1870 481 1925 ἀλλὰ
520 1872 615 1923 καὶ¹
660 1872 775 1934 τοῖς
821 1869 938 1940 μετ’
979 1868 1146 1924 αὐτοῦ
1199 1867 1390 1923 ἔδωκε.
1445 1868 1618 1921 Τοῦτο
1652 1867 1708 1920 δὲ
1749 1867 1929 1938 πολλῷ

347 1962 534 2034 μεῖζον
584 1958 653 2034 ἦν
700 1962 735 2033 ἢ
783 1962 921 2030 ὅπερ
983 1960 1275 2015 ἐνεκάλουν
1331 1961 1447 2024 τοῖς
1504 1958 1827 2022 ἀποστόλοις
1876 1958 1928 2012 οί

357 2054 625 2108 Ἰουδαῖοι.

345 2146 417 2201 Εἰ
433 2146 501 2199 δὲ
539 2145 655 2216 ἐγὼ
699 2146 770 2200 ἐν
811 2143 1292 2216 ΠνεύματιίΘεοῦ
1317 2143 1635 2216 ’Ἐκϐάλλω
1676 2142 1750 2216 ta
1800 2142 1931 2216 dat:

412 2212 613 2341 goria,
647 2216 763 2286 ἄρα
792 2212 1059 2288 ἕφθαόνεν
1104 2215 1197 2285 ἐφ’
1237 2213 1394 2285 ὑμᾶς
1431 2215 1469 2284 ἡ
1501 2213 1789 2279 βασιλεία
1823 2212 1931 2268 τοῦ

466 2303 592 2341 εου.

417 2380 666 2434 Φωτίου.
693 2379 1011 2450 ’Λποτόμως
1034 2378 1182 2447 λέγει
1204 2378 1290 2432 ὅτι
1324 2378 1628 2447 Ἕςρθασεν
1656 2374 1749 2445 ἐφ’
1780 2374 1932 2445 ὑμᾶς

343 2469 384 2539 ἡ
408 2469 702 2537 βασιλεία
727 2469 834 2523 τοῦ
855 2467 1026 2533 Θεοῦ,
1052 2469 1332 2522 τουτέστιν
1356 2468 1478 2521 ὅσον
1506 2467 1659 2521 οὔπω
1692 2467 1930 2538 λήψεσθε

344 2562 445 2635 τὴν
472 2560 581 2615 τῶν
614 2560 1024 2633 ἡμαρτημένων
1047 2559 1176 2630 ὑμῖν
1205 2558 1583 2613 ἀνταπόδοσιν.

349 2825 428 2879 ’Ἠ
472 2822 597 2890 πῶς
652 2823 905 2878 δύναται
955 2840 1045 2889 τις
1093 2820 1393 2876 εἰσελθεῖν
1448 2821 1535 2885 εις
1587 2817 1704 2890 τὴν
1737 2817 1935 2890 οὶκίαν

418 2895 524 2949 τοῦ
554 2894 830 3017 ίιίχυροῦ,
866 2893 968 2948 καὶ
1016 2892 1090 2947 τὰ
1132 2893 1324 2960 σκεύη
1363 2890 1550 2944 αὐτοῦ
1583 2889 1930 2959 διαρπάσαι,

420 2983 474 3020 κ.
503 2982 556 3020 τ.
625 3004 641 3019 .

417 3056 662 3111 Φωτίου.
704 3054 884 3126 Σκεύη
919 3053 1154 3108 ἐνταῦθα
1191 3054 1318 3116 τοὺς
1343 3051 1604 3122 δαίμονας
1632 3051 1803 3118 λέγει,
1836 3050 1931 3117 οὒς

343 3149 375 3202 ὁ
392 3148 582 3218 Σωτὴρ
604 3147 925 3201 ἀπελαύνων
952 3146 1049 3199 καὶ
1074 3145 1287 3199 διώκων
1314 3147 1377 3198 ἐκ
1407 3144 1514 3197 τῶν
1542 3143 1929 3214 κατεχομένων

344 3246 438 3299 ὑπ·
468 3244 668 3309 αὐτῶν,
693 3241 947 3313 ἁρπάζει.
983 3240 1155 3293 Τοῦτο
1186 3239 1243 3291 δὲ
1275 3240 1376 3292 οὐκ
1411 3239 1477 3292 ἂν
1504 3238 1741 3308 ἐγένετο,
1774 3239 1822 3291 εἰ
1857 3236 1932 3310 μὴ

347 3337 377 3390 ὁ
403 3336 593 3407 Σωτὴρ
620 3336 757 3405 πρὸς
780 3334 928 3404 ἡμᾶς
954 3331 1332 3403 παραγέγονεν
1360 3330 1454 3384 ἐπὶ
1487 3328 1731 3402 σωτηρίᾳ
1751 3329 1929 3401 ἡμῶν,

344 3428 447 3500 τὴν
476 3428 629 3497 ἰσχὺν
658 3424 840 3479 αὐτῶν
865 3423 1131 3479 καθελών.

422 3520 517 3587 Τίς
565 3518 739 3573 ἐστιν
783 3518 822 3586 ἡ
843 3517 1230 3641 μήέἓτρλμοῖς
1268 3514 1366 3569 καὶ
1407 3513 1568 3581 τινες
1605 3511 1764 3567 elo-ir
1806 3512 1863 3567 οι

1002 3604 1032 3641 ε
1078 3604 1154 3641 σο
1209 3601 1360 3641 ιιου;

1002 3601 1176 3655 ελφοι
1202 3604 1322 3655 μου
1342 3601 1360 3647 ;

418 3681 664 3735 Φωτιου.
701 3679 931 3743 Διδάξας
974 3679 1121 3748 ἡμᾶς
1154 3680 1183 3731 ὁ
1212 3676 1403 3748 Σωτὴρ
1429 3676 1518 3730 διὰ
1548 3675 1708 3744 λόγου
1744 3692 1933 3746 προτι-

344 3774 496 3828 Θέναι
519 3773 618 3843 τὴν
644 3772 928 3826 εὐσέϐειαν
946 3808 964 3837 ,
996 3770 1119 3842 ἥτις
1142 3770 1290 3823 ἐστὶν
1309 3769 1453 3840 ἀρχὴ
1484 3767 1672 3821 πασῶν
1698 3768 1931 3839 ἀρετῶν,

344 3866 441 3920 καὶ
487 3868 626 3937 μήτε
679 3864 917 3934 πατέρα,
970 3865 1109 3934 μήτε
1159 3862 1371 3933 μητέρα
1411 3862 1686 3931 προτιμᾷν
1740 3860 1931 3931 αὐτῆς,

345 3956 444 4011 νῦν
498 3956 586 4010 διὰ
651 3956 761 4009 τῶν
816 3955 994 4025 ἔργων
1044 3954 1356 4007 ὲπιϐεϐαιοῖ
1410 3954 1554 4023 ἆπερ
1608 3952 1929 4023 ἐφθέγξατο.

359 4049 512 4102 Ἐπεὶ
543 4046 653 4117 γὰρ
692 4048 781 4100 ὅτε
810 4048 937 4109 τοὺς
970 4046 1161 4117 ὄχλους
1193 4044 1467 4115 ἐπιμελῶς
1504 4044 1771 4111 ἐδίδασκε,
1808 4046 1931 4097 τότε

344 4138 655 4206 ἐπέστησαν
681 4138 716 4208 ἥ
751 4154 811 4189 τε
846 4139 1029 4209 μήτηρ
1059 4137 1156 4190 καὶ
1190 4137 1240 4188 οἱ
1285 4134 1526 4203 ἀδελφοὶ,
1558 4135 1655 4204 οὐχ
1687 4134 1951 4212 ὑπήκουε.

349 4247 464 4294 σεν,
495 4230 555 4283 οὑ
592 4229 950 4298 καταφρονῶν
978 4229 1076 4297 τῆς
1112 4227 1344 4299 μητέρος
1366 4265 1382 4291 ,
1428 4225 1658 4279 ἀλλ’ἵνα
1690 4226 1765 4298 μὴ
1800 4228 1935 4297 ἀμε-

346 4322 462 4376 λεῖν
500 4321 628 4395 δόξῃ
658 4322 769 4376 τῶν
804 4320 1229 4390 διδασκομένων,
1275 4319 1370 4372 καὶ
1403 4318 1676 4391 περικόψῃ
1716 4320 1816 4388 τὴν
1853 4318 1934 4372 δι-

2030 1693 2149 1738 crat
2178 1684 2323 1737 vesci
2352 1682 2472 1739 istis
2506 1684 2742 1753 panibus
2771 1684 2908 1739 alios
2933 1699 3099 1753 quam
3133 1683 3467 1737 sacerdotes.
3501 1681 3611 1735 Da-

2030 1772 2121 1827 vid
2145 1781 2326 1826 autem
2363 1789 2471 1827 non
2500 1773 2740 1827 comedit
2769 1773 2885 1842 ipse
2915 1773 3093 1827 solum
3114 1812 3128 1833 .
3171 1772 3267 1827 sed
3313 1770 3610 1826 comitibus

2031 1879 2251 1935 quoque
2282 1863 2432 1919 dedit
2465 1864 2601 1919 suis.
2657 1864 2810 1930 Quod
2862 1874 2980 1919 erat
3016 1864 3161 1917 baud
3201 1863 3364 1934 paulo
3400 1862 3603 1932 majus,

2031 1971 2196 2026 quam
2252 1956 2451 2026 inquo
2501 1972 2648 2011 nunc
2694 1954 2870 2011 Judaei
2921 1957 3202 2027 apostolos
3238 1956 3610 2011 criminaban—

2033 2058 2141 2102 tur.

2031 2136 2198 2195 Vens.
2233 2136 2324 2192 28.
2359 2138 2420 2192 Si
2447 2147 2624 2191 autent
2657 2138 2831 2207 egoiin
2867 2136 3069 2204 Spiritu
3098 2137 3194 2192 Dei
3237 2138 3390 2205 ejicio
3411 2136 3607 2193 datmo-

2237 2224 2346 2274 nes,
2375 2209 2539 2279 igitur
2558 2209 2786 2277 pervenit
2810 2209 2865 2262 in
2894 2225 2980 2263 vos
3021 2225 3236 2279 regnum
3268 2207 3392 2262 Dei.

2106 2382 2302 2437 Photii.
2332 2380 2527 2453 Rigide
2560 2381 2695 2436 dicit
2750 2390 2916 2451 atque
2945 2381 2999 2435 in
3032 2396 3197 2436 sensu
3231 2381 3598 2438 comminato-

2030 2476 2136 2541 rio,
2161 2475 2406 2531 Pervenit
2440 2475 2495 2527 in
2518 2490 2606 2528 vos
2630 2490 2846 2544 regnum
2874 2472 2995 2538 Dei,
3029 2474 3184 2542 cujus
3210 2474 3314 2527 vim
3349 2477 3610 2544 nonzpro—

2029 2567 2241 2638 pitiam,
2282 2565 2377 2620 sed
2409 2562 2661 2618 infestam
2694 2561 2975 2631 experturi
3004 2562 3261 2614 nimirum
3289 2560 3376 2614 isti
3402 2569 3608 2622 essent,

2032 2661 2093 2706 ut
2125 2651 2304 2706 meriti
2329 2658 2504 2706 erant.
2552 2650 2759 2705 Sensus
2791 2649 2937 2704 enim
2961 2658 3046 2704 est
3083 2668 3096 2703 :
3132 2648 3461 2704 Praesentem
3487 2654 3610 2703 mox

2032 2744 2297 2798 ultionem
2332 2758 2363 2796 a
2390 2742 2498 2797 Deo
2528 2741 2806 2812 recipietis
2853 2751 3161 2797 vestrorum
3190 2750 3561 2811 peccatorum.

2032 2837 2201 2892 Vens.
2231 2833 2323 2888 29.
2358 2834 2463 2888 Aut
2510 2832 2768 2903 quomodo
2800 2844 2967 2902 potest
3007 2834 3284 2903 quisquam
3326 2834 3528 2888 intrare
3557 2834 3611 2887 in

2213 2905 2425 2958 domum
2456 2904 2611 2973 fortis
2635 2942 2651 2970 ,
2692 2913 2741 2958 et
2771 2920 2897 2958 vasa
2926 2905 3039 2974 ejus
3075 2906 3321 2974 diripere.
3347 2913 3454 2961 etc.

2098 3061 2305 3117 Photii.
2354 3060 2499 3117 Vasa
2552 3062 2645 3117 hic
2682 3060 2960 3117 daemonas
2991 3063 3160 3128 dicit,
3194 3078 3332 3134 quos
3364 3062 3617 3118 Salvator

2033 3154 2260 3224 cjiciens
2291 3162 2345 3210 et
2373 3155 2599 3223 abigens
2618 3169 2688 3210 ex
2721 3154 2788 3210 iis
2818 3170 2957 3225 quos
3001 3155 3372 3225 possidebant,
3404 3155 3613 3224 diripit.

2033 3247 2149 3304 Hoc
2177 3258 2359 3303 autem
2387 3264 2493 3303 non
2527 3248 2682 3305 lieret
2717 3248 2825 3303 nisi
2876 3248 3126 3302 Salvator
3158 3247 3224 3301 ad
3271 3261 3375 3302 nos
3421 3246 3616 3303 salutis

2034 3349 2239 3396 nostra:
2268 3355 2435 3396 causa
2466 3341 2800 3406 advenisset,
2828 3340 2935 3394 vim
2972 3355 3038 3394 ac
3083 3341 3250 3395 robur
3290 3354 3481 3394 eorum
3513 3339 3617 3395 eli-

2034 3447 2222 3488 ειη-υς.

2036 3524 2204 3581 Vens.
2238 3525 2331 3582 48.
2379 3525 2510 3592 Quae
2538 3532 2615 3580 est
2648 3533 2819 3579 mater
2859 3539 2993 3629 rufa,
3035 3531 3085 3576 et
3121 3521 3211 3592 qui
3256 3528 3376 3575 sunt
3422 3520 3617 3591 fratres

2772 3611 2872 3649 met
2892 3611 2905 3647 2

2096 3686 2300 3741 Photii.
2330 3683 2466 3740 Cum
2494 3685 2666 3742 verbo
2698 3701 2762 3740 ac
2794 3699 3050 3739 sermone
3087 3699 3189 3738 nos
3238 3682 3489 3737 Salvator
3518 3681 3621 3735 do.

2033 3779 2261 3843 cuisset,
2300 3777 2479 3832 olIicia
2536 3776 2815 3845 religionis
2840 3817 2855 3841 ,
2904 3792 3027 3846 qua:
3060 3776 3316 3846 princeps
3346 3774 3613 3828 virtutum

2033 3878 2117 3927 est
2144 3907 2159 3934 ,
2193 3869 2405 3925 caeteris
2459 3869 2714 3925 omnibus
2748 3866 2939 3924 ciliciis
2995 3867 3354 3937 praeponenda
3388 3904 3405 3930 ,
3439 3866 3514 3919 ita
3563 3874 3621 3919 ut

2034 3977 2137 4017 nec
2178 3962 2385 4033 patris',
2442 3978 2543 4017 nec
2577 3962 2771 4017 matris
2833 3962 2886 4014 in
2916 3959 3325 4030 comparatione
3359 3957 3451 4012 Dei
3480 3956 3621 4011 ratio

2036 4053 2305 4108 habeatur
2336 4092 2352 4119 ,
2386 4068 2535 4109 nunc
2563 4052 2725 4108 factis
2755 4061 2808 4107 et
2837 4054 3087 4121 exemplo
3118 4052 3311 4105 asserit
3340 4050 3483 4120 quod
3533 4050 3619 4103 di-

2034 4151 2210 4196 xerat.
2248 4141 2383 4197 Cum
2412 4144 2557 4197 enim
2605 4142 2708 4211 ipsi
2748 4142 2816 4196 de
2848 4140 3049 4195 divinis
3075 4140 3240 4193 rebus
3272 4138 3336 4191 ad
3362 4138 3620 4207 populum

2035 4234 2226 4288 sedqu
2260 4235 2437 4303 agenti
2470 4234 2919 4303 supervenissent
2962 4240 3137 4287 mater
3158 4240 3214 4284 et
3247 4229 3466 4293 lratres,
3500 4244 3611 4282 non

2036 4322 2293 4379 sustinuit
2323 4324 2657 4394 interpellari
2699 4339 2757 4379 se
2780 4366 2797 4391 ,
2830 4324 2976 4380 haud
3018 4324 3110 4378 ille
3138 4312 3361 4392 quidem
3390 4331 3621 4375 matrem

347 4394 667 4468 δασκαλίαν.
704 4415 813 4468 Καὶ
840 4414 901 4467 οὐ
933 4412 1305 4484 προτετίμηκε
1333 4411 1434 4480 τὴν
1466 4412 1681 4481 μητέρα
1703 4412 1801 4483 τῆς
1825 4412 1932 4466 τῶν

2045 4417 2345 4485 ερετηειιεζ,
2372 4416 2467 4471 sed
2520 4431 2588 4471 ne
2630 4431 2822 4471 eorum
2856 4430 2997 4486 quos
3026 4415 3392 4470 instituendos
3430 4414 3484 4467 in
3520 4413 3624 4467 lide

350 4504 566 4560 πολλῶν
593 4504 881 4574 ὡφελείας.

2041 4519 2378 4579 susceperat,
2425 4508 2694 4565 minorem
2747 4524 2911 4579 quam
2962 4506 3453 4577 consanguinitatis
3507 4518 3625 4559 sua:

351 4598 528 4670 ipsius
574 4614 763 4654 curam
806 4611 995 4669 gerere
1052 4604 1237 4667 posset
1315 4594 1525 4660 videri,
1565 4597 1610 4651 si
1668 4596 1722 4650 in
1764 4597 1959 4653 matris
1992 4601 2225 4670 gratiam
2284 4604 2605 4656 inchoatum
2652 4615 2965 4656 sermonem
3016 4602 3389 4668 abrumperet.
3445 4595 3622 4666 Igitur

350 4692 579 4747 salutem
620 4690 981 4761 plurimorum
1035 4688 1130 4758 qui
1179 4687 1432 4742 astabant
1488 4688 1891 4757 audiebantque
1928 4690 2113 4760 ipsum
2138 4731 2154 4754 ,
2196 4693 2391 4749 matris
2420 4692 2782 4747 consolationi
2813 4693 3048 4762 praetulit
3083 4691 3214 4760 (ll).

468 4780 654 4852 Ὑμεῖς
679 4776 795 4836 οὖν
832 4779 1134 4852 ἀκούσατε
1179 4777 1294 4844 τὴν
1328 4777 1685 4847 παραϐολὴν
1728 4779 1835 4832 τοῦ

958 4849 1344 4915 σπείραντος.

422 4942 672 4996 Φωτίου.
706 4938 829 4995 Τῶν
863 4939 1094 4993 ἐντολῶν
1133 4939 1226 4994 τοῦ
1258 4937 1496 5010 Χριστοῦ
1543 4939 1593 4991 οἱ
1633 4940 1732 5009 μὲν
1764 4940 1943 5011 ⁴ἥκου-

352 5051 454 5089 σαν
485 5033 703 5106 ἀμελῶς
736 5050 749 5064 ·
800 5024 948 5087 οὗτοί
980 5033 1119 5086 εἰσιν
1146 5032 1197 5085 oi
1227 5030 1382 5102 παρὰ
1405 5032 1503 5101 τὴν
1527 5031 1644 5085 ὁδὸν
1670 5033 1935 5101 κείμενοι.

352 5127 418 5181 0i
442 5127 501 5179 δὲ
532 5125 809 5196 ἐπιμελῶς
856 5124 976 5195 μὲν,
1003 5124 1065 5177 οὐ
1094 5123 1329 5195 βεϐαίως
1356 5123 1412 5180 δέ
1438 5141 1452 5155 ο
1502 5124 1616 5177 ὅσοι
1655 5125 1808 5196 παρά
1838 5127 1939 5199 τὴν

356 5217 589 5289 πέτραν.
626 5218 688 5270 Oi
713 5216 769 5269 δὲ
803 5214 1079 5286 ἐπιμελῶς
1107 5215 1208 5286 μὲν
1233 5215 1328 5269 καὶ
1354 5214 1611 5285 βεϐαίως,
1642 5216 1858 5286 ἔχοντες
1880 5217 1937 5270 δὲ

356 5309 663 5379 ὲπισποράν
698 5310 950 5365 ἀκανθῶν
984 5308 1082 5362 καὶ
1110 5308 1388 5374 ζιζανίων.
1438 5309 1651 5374 Οῖτινες
1701 5310 1795 5364 καὶ
1830 5311 1937 5365 ἁπ-

355 5393 659 5469 επνίγησαν
686 5398 808 5463 ταῖς
842 5396 1121 5468 βιωτικαῖς
1155 5397 1453 5469 φροντίσιν.

2044 4782 2196 4841 CAP.
2228 4782 2367 4838 Xlll.
2402 4781 2567 4838 Vens.
2604 4782 2689 4838 l8.
2739 4782 2937 4903 Audlite
2961 4798 3083 4851 ergo
3113 4777 3424 4850 parabolam
3466 4777 3623 4832 senti-

2737 4869 2841 4903 mm
2872 4868 2938 4903 τις.

2737 4868 2938 4906 uanus.

2111 4942 2312 4997 Pltotii.
2348 4942 2598 4998 Mandata
2631 4941 2833 4997 Christi
2895 4941 3118 5010 quidam
3173 4938 3499 4992 audiverunt
3532 4951 3625 4992 ne-

2041 5035 2324 5105 gligenter.
2355 5033 2423 5088 Ili
2451 5042 2584 5089 sunt
2608 5016 2701 5103 qui
2733 5048 2894 5087 secus
2922 5033 3063 5088 viam
3090 5031 3298 5100 jacent.
3320 5027 3423 5081 Alii
3458 5042 3624 5082 exce-

2038 5142 2166 5196 pere
2195 5128 2414 5198 quidem
2460 5128 2686 5182 verbum
2717 5134 2938 5181 strenue
2967 5134 3020 5179 et
3078 5139 3203 5179 cum
3236 5122 3421 5178 studio
3458 5161 3477 5187 ,
3526 5120 3624 5175 sed

2036 5217 2404 5273 constantiam
2478 5233 2585 5273 non
2646 5216 2958 5271 habuerunt
3005 5232 3017 5268 :
3071 5215 3263 5268 borum
3321 5219 3405 5266 est
3442 5210 3622 5266 solum

2034 5318 2338 5379 petrosum.
2388 5309 2676 5367 Nonnullis
2729 5326 2829 5365 nec
2877 5308 3116 5365 studium
3171 5304 3465 5371 audiendi,
3519 5315 3625 5357 nec

2039 5404 2447 5471 perseverantia
2479 5402 2700 5459 tenendi
2731 5401 2945 5470 defuit,
2986 5416 3174 5458 verum
3208 5414 3275 5456 ex
3318 5394 3626 5467 superiecta

1880 5539 2111 5598 NOTAS.

440 5651 657 5724 (ll)Cf.
694 5670 747 5725 (ι.
782 5652 944 5724 XLV,
980 5654 1176 5710 CCXV.
