3930 6218
246 312 386 380 1205

241 428 352 484 Kal
399 423 776 486 ἀκούσαντες
808 421 862 474 οι

419 511 585 549 ωπον
611 490 832 558 αὐτῶν,
857 487 954 544 καί
973 489 1362 558 ἐφοϐήθησαν
1393 487 1648 556 σφόδρα.

314 609 561 666 Φωτίου.
613 607 834 677 Ἐπειδὴ
869 606 929 659 τὸ
969 607 1066 676 τῆς
1093 605 1348 673 θεότητος
1387 603 1610 673 ἀξίωμα
1644 620 1826 674 παρα-

1353 303 1822 372 FRAGMENTA
1856 301 1936 362 ΙΝ
1969 298 2438 360 ΜΑΤΤΗΕΗΜ.

909 417 1170 489 μαθηται
1225 415 1462 478 ἔπεσον.
1493 414 1592 489 ἐπὶ
1646 414 1827 483 πρόσο

1960 410 2059 476 In.
2097 409 2258 464 XVII.
2280 409 2463 489 ﬂens.
2497 405 2550 460 6.
2609 404 2674 459 Et
2713 401 2985 489 audientes
3013 398 3292 489 discipuli3
3315 395 3514 452 cecide-

3369 281 3514 348 1206

2099 490 2223 533 runt
2273 481 2329 532 in
2357 477 2546 548 facient
2575 491 2726 528 suam
2747 513 2762 538 ,
2789 483 2836 527 et
2858 468 3342 526 timueruntvalde.

1998 591 2201 646 Photii.
2230 569 2529 660 Postquam
2575 583 2917 654 majestatem
2987 578 3288 634 divinitatis
3313 576 3515 632 nudam

243 701 624 774 γυμνούμενον
669 670 964 753 ἐθεάσαντο
1010 670 1060 750 οί
1110 670 1428 762 ἀπόστολοι,
1477 670 1574 750 καὶ
1604 698 1702 766 τῆς
1728 670 1827 748 τοῦ

1960 697 2038 736 am
2073 680 2302 750 apostoli
2355 677 2581 734 Conluill
2621 683 2791 740 sunt,
2829 682 2884 728 et
2939 670 3117 726 Patris
3173 683 3362 724 vocem
3417 683 3517 720 au-

246 795 461 865 Πατρδς
490 794 675 864 φωνῆς
703 792 968 862 ἥκουσαν,
994 785 1133 844 εἶδον
1157 789 1215 842 δὲ
1238 789 1330 842 τὸν
1353 790 1596 859 Μωῢσῆν
1621 789 1718 842 καὶ
1737 787 1830 842 τὸν

257 883 444 936 Ἠλίαν
479 880 867 954 δουλοπρεπιῖις
893 879 1343 951 παρεστηκότας,
1374 881 1456 943 είς
1487 879 1830 950 τελειοτέραν

245 972 563 1044 ἀνήχθησαν
594 971 804 1026 ἔννοιαν
848 972 977 1042 περὶ
1018 971 1112 1026 τοῦ
1148 971 1400 1042 Σωτῆρος
1427 1009 1443 1036 ,
1478 971 1575 1024 καὶ
1604 971 1676 1034 ώς
1720 971 1831 1042 ἄρα

252 1064 473 1135 ἀληθῶς
493 1059 647 1128 οὗτός
676 1067 823 1118 ἐστιν
843 1065 872 1117 6
897 1064 1108 1137 μέλλων
1138 1063 1466 1144 λυτροῦσθαι
1490 1063 1583 1118 τὸν
1616 1063 1833 1136 Ἰσραὴλ

247 1159 346 1210 καὶ
375 1158 406 1210 6
448 1157 658 1226 μέλλων
684 1156 976 1228 ἔρχεσθαι,
1014 1147 1170 1220 οὗτος
1200 1159 1230 1210 6
1267 1155 1401 1221 Θεὸς
1431 1156 1542 1213 τῶν
1578 1158 1834 1228 πατέρων

247 1249 431 1321 ἡμῶν,
457 1250 712 1322 ὸΚριτὴς
741 1248 962 1315 ζώντων
985 1249 1081 1304 καὶ
1104 1249 1340 1321 νεκρῶν.

258 1429 396 1483 Τότε
424 1427 710 1498 συνῆκαν
763 1432 820 1484 ot
834 1431 1211 1501 yaontal‘b'tt
1263 1431 1398 1501 περι
1432 1433 1708 1490 Ἰωάννου
1729 1433 1836 1490 τοῦ

680 1497 1018 1556 Βαπίιστοῦ
1051 1497 1222 1556 εἶπεν
1257 1497 1481 1571 αὐτοῖς.

326 1618 573 1671 Φωτίου.
610 1617 686 1671 Ού
713 1618 789 1689 τῷ
818 1618 1044 1690 ὀνόματί
1071 1621 1222 1674 ἐστιν
1261 1620 1446 1685 Ἠλίας
1475 1624 1504 1676 6
1547 1623 1835 1697 Ἰωάννης,

254 1708 390 1764 ἀλλὰ
413 1713 480 1781 τῇ
505 1711 780 1780 ὁμοιότητι
811 1711 920 1764 τῶν
945 1711 1217 1782 πράξεων.
1255 1715 1364 1768 Καὶ
1387 1715 1496 1786 γὰρ
1534 1717 1836 1789 ἀμφότεροι

257 1802 556 1873 πρόδρομοι
604 1803 900 1872 ἐτύγχανον
940 1808 1042 1874 τῆς
1083 1805 1174 1858 τοῦ
1220 1808 1457 1878 Χριστοῦ
1498 1818 1834 1888 παρουσίας,

255 1896 284 1947 6
315 1895 415 1965 μὲν
457 1895 557 1965 τῆς
587 1895 891 1966 προτέρας,
923 1898 950 1950 6
981 1896 1039 1951 δὲ
1073 1899 1172 1968 τῆς
1198 1898 1482 1973 δευτέρας.
1514 1907 1626 1960 Καὶ
1657 1911 1840 1982 ἀμφό-

254 2003 407 2057 τεροι
440 1988 566 2052 τοὺς
603 1987 913 2053 πολιτικοὺς
940 1990 1200 2061 θορύϐους
1226 1991 1510 2064 ἐξέφυγον.
1539 2001 1650 2055 Καὶ
1684 2005 1712 2056 6
1739 2006 1839 2075 μὲν

269 2079 453 2143 Ἠλίας
501 2081 633 2152 ᾤκει
675 2081 768 2137 τὸν
813 2083 1131 2155 Κάρμηλονο
1179 2089 1207 2140 6
1247 2089 1304 2142 δὲ
1366 2090 1620 2164 Ἰωάννης
1661 2096 1722 2148 ὲν
1769 2099 1835 2169 τῇ

257 2174 450 2246 ἐρήμῳ
477 2174 737 2246 διέτριόεο
768 2177 862 2230 καὶ
901 2179 1042 2232 κατὰ
1072 2177 1141 2232 τὰ
1169 2180 1302 2234 ἄλλα
1331 2183 1389 2236 δὲ
1420 2185 1646 2258 πλείστη
1681 2189 1840 2259 ἐτύγ-

257 2283 421 2336 χανεν
453 2268 634 2331 αὐτοῖς
668 2269 701 2339 ή
734 2270 1009 2340 ὁμοιότης.
1039 2272 1150 2324 Καὶ
1175 2271 1336 2328 τοῦτο
1361 2276 1514 2346 δηλοῖ
1547 2279 1574 2330 6
1606 2269 1843 2350 Χριστὸς

258 2359 456 2428 λέγων,
503 2361 584 2414 ὅτι
614 2356 842 2416 ἾΙλθεν
882 2363 1112 2433 Ἠλίας,
1153 2365 1269 2418 ἀλλ’
1295 2369 1408 2421 οὐκ
1437 2369 1716 2439 ἔγνωσαν
1738 2377 1843 2428 αὺ-

258 2453 388 2508 τόνη
449 2456 730 2510 τουτέστιν
775 2458 804 2510 6
867 2456 1121 2528 Ἰωάννης
1171 2461 1198 2512 6
1235 2462 1377 2515 κατὰ
1429 2463 1611 2517 πάντα
1659 2466 1845 2536 ὅμοιος

260 2542 435 2614 αὐτῷ.

332 2638 443 2693 Καὶ
472 2638 834 2710 ἐπετίμησεν
855 2642 1017 2709 αὐτῷ
1039 2647 1072 2700 ό
1115 2645 1376 2715 Ἰησοῦς,
1410 2663 1466 2701 κ.
1495 2665 1547 2702 τ.
1584 2648 1636 2704 λ.

333 2733 583 2788 Φωτίοι).
635 2735 743 2787 Τοῦ
796 2737 873 2808 μὴ
909 2741 1093 2808 τυχεῖν
1145 2743 1244 2809 τῆς
1297 2741 1494 2805 ἰάσεως
1543 2741 1671 2814 τρία
1709 2743 1849 2796 είοὶν

266 2825 435 2890 atria,
463 2827 692 2882 ἀπιστία
716 2828 824 2883 τῶν
853 2831 1240 2902 παρεστώτων,
1268 2834 1365 2888 καὶ
1398 2837 1432 2906 ἡ
1457 2837 1588 2908 περὶ⁵
1613 2835 1684 2890 τὰ
1712 2835 1847 2890 θαύ-

270 2933 417 2989 ματα
453 2919 796 2989 ὀλιγοπιστία
825 2923 934 2977 τῶν
976 2925 1236 2994 μαθητῶν
1259 2967 1274 2992 ,
1319 2928 1416 2981 καὶ
1448 2929 1482 3000 ἡ
1512 2928 1608 2983 τοῦ
1653 2929 1848 2999 δαιμο-

268 3013 553 3082 νιζομένου
582 3017 1000 3088 γαστριμαργία
1031 3019 1129 3073 καὶ
1153 3019 1457 3090 ἀδηφαγία.

343 3129 490 3184 Οὐαί
517 3127 598 3198 τῷ
633 3131 840 3202 κόσμῳ
861 3131 983 3187 ἀπὸ
1013 3131 1134 3187 τῶν
1151 3134 1536 3193 σκανδάλων.

343 3269 593 3325 Φωτίου.
633 3269 868 3325 Πλείστα
911 3272 1042 3341 περὶ
1089 3271 1199 3325 τῶν
1253 3273 1568 3328 σκανδάλων
1607 3273 1777 3329 εἰπὼν
1821 3275 1851 3328 6

274 3359 466 3434 Σωτὴρ
518 3364 614 3416 καὶ
661 3361 938 3433 θρηνήσας
981 3363 1074 3416 τὸν
1110 3363 1338 3432 κόσμον,
1385 3363 1576 3435 θρηνεῖ
1621 3365 1719 3420 καὶ
1761 3365 1856 3420 τὸν

273 3449 560 3522 ἄνθρωπον
609 3451 686 3516 ώς
728 3454 988 3524 ἐργάτην,
1015 3453 1124 3507 τῶν
1154 3455 1362 3521 κακῶν,
1410 3456 1626 3520 δεικνὺς
1659 3457 1742 3510 ὅτι
1792 3457 1855 3510 ού

278 3542 441 3613 μόνον
463 3543 570 3617 χρὴ
595 3544 665 3598 τὰ
692 3546 964 3600 σκάνδαλα
985 3545 1276 3616 ἐκφεύγειν
1304 3549 1401 3602 καὶ
1423 3549 1855 3620 ἀποτρέπεσθαι,

275 3634 414 3689 ἀλλὰ
448 3637 542 3689 καὶ
586 3637 714 3700 τοὺς
744 3637 815 3691 τὰ
841 3637 1066 3691 τοιαῦτα
1097 3637 1443 3709 πράσσοντας
1497 3639 1571 3710 μὴ
1601 3639 1856 3710 ἀποδέχεο

279 3727 426 3784 σθαι.
458 3728 572 3800 Τὴν
599 3731 710 3800 γὰρ
739 3729 878 3799 μετὰ
903 3729 1109 3784 τούτων
1137 3731 1484 3804 ἀναστροφὴν
1511 3734 1591 3794 είς
1626 3732 1859 3804 μίμησιν

278 3820 458 3876 αὐτῶν
487 3821 833 3876 ἐκκαλεῖσθαι
858 3822 988 3886 τοὺς
1017 3821 1343 3893 ἀνθρώπους
1373 3824 1694 3894 ἀναγκαῖον.

280 3999 394 4058 Kal
439 4001 496 4055 εί
535 4002 572 4057 ό
615 4001 924 4071 ὀφθαλμός
978 4017 1097 4057 σου
1141 4003 1526 4066 σκανδαλίζει
1561 4020 1658 4071 σε,
1685 4004 1863 4072 ἔξελε

535 4073 725 4126 αὑτὸν
759 4073 858 4128 καὶ
885 4072 1048 4137 ,βάλε
1075 4073 1194 4128 ἀπὸ
1219 4074 1358 4141 σοῦ,
1391 4093 1448 4130 κ.
1483 4093 1536 4136 τ.
1568 4075 1620 4130 λ.
1668 4105 1670 4108 ν

354 4185 604 4242 Φωτιου.
635 4184 754 4239 Κᾶν
778 4185 1008 4255 φιλικῶς
1035 4188 1123 4257 εἴη
1148 4205 1232 4250 τις
1252 4188 1391 4259 πρὸς
1420 4189 1480 4242 σὲ
1499 4189 1863 4258 διακείμενος,

1931 774 2184 839 dierunt,
2247 769 2470 841 Moysen
2529 781 2751 838 quoque
2811 771 2977 833 atque
3045 761 3219 815 Eliam
3261 755 3518 813 famulari

1931 863 2117 933 specie
2180 877 2245 918 ac
2308 859 2615 917 reverentia
2679 864 3006 928 apparentes
3050 865 3411 922 conspexere;
3463 849 3518 903 in

1933 956 2312 1014 sublimiorem
2351 954 2525 1010 evecti
2556 951 2851 1022 quamdam
2872 958 3001 1004 sunt
3031 945 3423 1017 cogitationem
3453 942 3522 996 de

1934 1047 2241 1112 Salvatore,
2266 1043 2525 1101 nimirum
2565 1042 2718 1096 illum
2763 1054 2885 1096 esse
2937 1051 3126 1092 revera
3159 1049 3286 1090 eum
3318 1032 3411 1102 qui
3439 1045 3523 1087 re-

1933 1140 2256 1210 dempturus
2279 1145 2423 1193 esset
2452 1135 2617 1190 Israel
2643 1149 2660 1186 :
2697 1132 2852 1186 illum
2887 1129 2981 1200 qui
3005 1135 3270 1182 venturus
3291 1136 3523 1192 exspec-

1936 1231 2154 1286 tabatur
2182 1229 2327 1283 Deus
2357 1234 2571 1298 patrum
2610 1232 2952 1287 nostrorum,
2987 1217 3163 1274 Judcx
3192 1216 3437 1271 vivorum
3464 1218 3524 1265 ct

1937 1331 2306 1377 mortuorum.

1937 1413 2101 1470 Vens.
2129 1414 2216 1469 15.
2252 1410 2397 1467 Tunc
2413 1409 2786 1464 intellexerunt
2809 1403 3062 1474 discipuli
3093 1402 3214 1475 quia
3235 1399 3298 1456 de
3317 1398 3524 1456 Joanne

2417 1479 2666 1550 Baptista
2707 1477 2926 1532 dixisset
2944 1477 3044 1529 eis.

2010 1595 2215 1650 Photii.
2267 1592 2508 1648 Joannes
2539 1607 2651 1646 non
2705 1590 2926 1645 nomine
2969 1588 3196 1657 quidem.
3231 1583 3378 1638 Elias
3416 1593 3520 1648 est,

1943 1686 2036 1742 sed
2067 1683 2428 1742 similitudine
2459 1698 2644 1737 rerum
2677 1691 2974 1748 gestarum.
3003 1677 3180 1730 Ambo
3209 1673 3357 1726 enim
3385 1685 3524 1738 pra:-

1866 1756 1911 1813 B
1937 1792 2194 1832 cursores
2231 1776 2495 1829 adventus
2521 1771 2768 1837 Christi;
2808 1770 2898 1822 ille
2955 1768 3176 1838 prioris,
3223 1765 3310 1819 hic
3341 1771 3529 1833 posteo

1949 1869 2134 1923 rioris.
2177 1864 2423 1936 Uterque
2475 1863 2665 1919 civiles
2723 1861 2991 1916 tumultus
3032 1870 3082 1913 et
3120 1855 3529 1928 pertuhationes

1949 1960 2226 2016 szecularis
2262 1960 2387 2014 vita:
2451 1956 2760 2012 secedendo
2800 1954 2958 2024 fugit.
3012 1951 3077 2006 Et
3123 1951 3269 2004 Elias
3309 1948 3528 2018 quidem

1949 2052 2259 2108 Carmelom
2318 2049 2628 2114 habitavit,
2683 2047 2924 2102 Joannes
2982 2029 3162 2099 autem
3222 2043 3274 2096 in
3316 2041 3532 2095 deserto

1951 2153 2328 2201 commoratus
2354 2151 2460 2198 est.
2488 2141 2626 2196 Aliis
2657 2155 2876 2210 quoque
2911 2139 2963 2192 in
2991 2137 3268 2207 plerisque
3294 2132 3534 2187 maxima

1951 2237 2095 2292 inter
2127 2238 2276 2307 ipsos
2301 2233 2608 2292 similitudo
2637 2233 2868 2288 exstitit.
2900 2229 3013 2284 l'loc
3076 2228 3346 2299 signiticet
3375 2222 3533 2278 Chri-

1951 2341 2066 2385 stus
2081 2329 2278 2387 dicens
2304 2345 2317 2382 :
2357 2325 2672 2396 QuialElias
2707 2324 2866 2389 venit,
2895 2311 3010 2388 sed,
3041 2337 3143 2373 non
3177 2323 3527 2388 cognoverunt

1950 2439 2092 2479 eum.
2122 2421 2238 2476 Iloc
2272 2412 2614 2476 estloannes
2643 2417 2741 2488 ipsi
2764 2431 2859 2487 per
2881 2413 3065 2468 omnia
3101 2411 3298 2467 similis

2112 2591 2281 2648 Vens.
2315 2591 2402 2646 18.
2437 2591 2506 2642 Et
2533 2587 2820 2657 increpavit
2856 2584 3010 2638 illum
3039 2581 3220 2645 Iesus,
3253 2587 3359 2634 etc.

2027 2685 2234 2742 Photii.
2283 2683 2593 2751 Quominus
2614 2679 2952 2736 curationem
2974 2681 3407 2743 consequeretur
3433 2671 3537 2725 tria

1957 2777 2294 2833 obstiterunt
2332 2793 2348 2829 :
2387 2771 2744 2828 incredulitas
2778 2768 3098 2829 astantium,
3139 2773 3192 2817 et
3221 2764 3274 2816 in
3307 2761 3540 2815 miracu-

1957 2867 2135 2922 lorum
2163 2864 2486 2935 operatione
2523 2861 2721 2930 exigua
2761 2859 2896 2912 lides
2940 2855 3356 2925 discipulorum,
3385 2851 3538 2906 deni-

1958 2973 2066 3029 que
2117 2957 2242 3027 gula
2280 2965 2336 3012 et
2387 2954 2659 3010 voracitas
2710 2951 2855 3005 illius
2899 2947 2993 3018 qui
3028 2962 3059 3001 a
3097 2946 3345 3001 daemone
3373 2955 3540 2997 vexa-

1961 3050 2144 3104 batur.

1887 3141 1934 3206 C
2056 3127 2410 3217 CAPIXVI".
2445 3157 2607 3214 Vens.
2642 3157 2695 3213 7.
2756 3155 2847 3210 Va:
2890 3155 3088 3210 mundo
3115 3171 3148 3208 a
3180 3149 3472 3207 scandulis.

2031 3275 2232 3330 Photii.
2290 3276 2426 3331 Cum
2477 3274 2715 3345 plurima
2782 3272 2851 3328 de
2901 3271 3177 3326 scandulis
3238 3273 3548 3339 perorasset

1960 3366 2216 3422 Christus
2261 3376 2317 3421 et
2354 3365 2620 3420 mundum
2670 3363 3032 3433 deplorasset,
3065 3361 3316 3430 deplorat
3343 3367 3400 3415 et
3445 3357 3546 3413 bo-

1963 3457 2164 3513 minem
2223 3457 2488 3511 malorum
2535 3467 2840 3520 auctorem,
2879 3451 3175 3507 ostendens
3193 3464 3301 3505 non
3333 3456 3548 3504 tantum

1966 3549 2221 3621 fugienda
2250 3557 2305 3604 et
2333 3549 2642 3619 repellenda
2687 3562 2810 3603 esse
2843 3545 3127 3608 scandala,
3159 3558 3346 3596 verum
3369 3551 3425 3596 et
3453 3554 3550 3596 eos

1965 3640 2059 3710 qui
2089 3639 2216 3692 talia
2245 3647 2416 3710 agunt
2442 3653 2790 3708 nequaquam
2817 3651 2939 3691 esse
2962 3632 3330 3689 admittendos
3381 3630 3435 3684 in
3471 3629 3552 3684 l'a«

1968 3731 2338 3785 miliaritatetn
2369 3745 2434 3784 ac
2456 3729 2795 3784 convictum.
2829 3725 3258 3781 Conversatione
3284 3723 3552 3792 siquidem

1967 3832 2021 3878 et
2043 3821 2441 3878 consuetudine
2476 3821 2662 3874 talium
2697 3833 2918 3874 necesse
2946 3825 3029 3872 cst
3059 3815 3347 3887 provocari
3379 3813 3554 3867 horni-

1968 3920 2068 3971 nes
2100 3913 2166 3968 ad
2199 3913 2562 3968 imitationem
2595 3911 2727 3983 (12).

1968 4005 2133 4063 Vens.
2165 4007 2217 4064 9.
2249 4004 2319 4059 Et
2349 4006 2396 4059 si
2425 4005 2607 4058 oculus
2641 4013 2762 4056 tuus
2795 4002 3131 4056 scandalizat
3159 4012 3228 4067 te,
3257 4015 3381 4054 erue
3413 4013 3554 4061 eum,

2441 4089 2488 4131 et
2526 4076 2722 4145 projice
2759 4075 2853 4128 abs
2881 4086 2953 4137 te,
2971 4083 3078 4127 etc.

2041 4167 2243 4226 Photii.
2272 4168 2584 4236 Quamlibet
2626 4168 2888 4223 benevole
2944 4167 3018 4220 sit
3069 4163 3295 4218 allectus
3346 4174 3475 4229 erga
3505 4169 3560 4215 te

285 4275 375 4347 εἴη
400 4277 456 4330 δὲ
488 4276 725 4348 ἐργάτης
751 4294 812 4330 τε
843 4278 940 4333 καὶ
979 4279 1313 4350 δημιουργὸς
1353 4281 1462 4334 τῶν
1505 4281 1715 4346 κακῶν,
1737 4283 1845 4335 ἀπο

1972 4286 2244 4357 quispiam
2277 4326 2294 4352 ,
2323 4287 2394 4339 sit
2419 4292 2600 4338 autem
2639 4283 2778 4336 idem
2829 4279 3112 4350 operarius
3137 4287 3191 4332 et
3216 4285 3409 4331 auctor
3441 4291 3557 4329 ma-

287 4367 581 4440 κολλήθητι
633 4369 819 4437 αὐτοῦ,
859 4371 960 4441 τὴν
993 4370 1198 4442 βλάϐην
1243 4371 1506 4426 ἐκκλίνων
1538 4374 1638 4444 τῆς
1689 4373 1845 4444 ψυχῆς

1975 4382 2149 4434 lorum
2187 4394 2202 4431 :
2239 4377 2496 4432 abscinde
2539 4386 2589 4430 te
2624 4375 2692 4429 ab
2743 4375 2858 4436 illo,
2916 4373 3209 4442 perniciem
3243 4370 3438 4424 animae
3462 4370 3559 4424 de—

289 4461 388 4515 καὶ
415 4461 508 4515 τὸν
536 4463 600 4516 ὲκ
623 4461 725 4532 τῆς
758 4462 1045 4526 συνουσίας
1073 4463 1238 4517 αὑτοῦ
1272 4464 1370 4520 ίόν.

1978 4470 2214 4533 clinans,
2247 4476 2302 4522 et
2333 4481 2666 4537 proserpens
2685 4481 2750 4519 ex
2779 4465 3110 4534 contagione
3142 4461 3560 4516 consuetudinis

1979 4561 2138 4616 istius
2175 4573 2444 4614 venenum
2477 4572 2812 4628 praecavens.

1979 4653 2526 4712 Vsas.l$.Siautem
2541 4653 2832 4721 peccaverit
2861 4652 2914 4705 in
2956 4662 3004 4705 te
3037 4653 3202 4720 frater
3234 4661 3378 4714 tuus,
3409 4652 3558 4716 vade,

2258 4736 2307 4780 et
2331 4726 2533 4794 corripe
2561 4726 2696 4778 inter
2720 4734 2765 4778 te
2785 4733 2833 4777 et
2868 4725 3040 4793 ipsum
3067 4722 3240 4777 solum
3261 4762 3274 4774 .

305 4660 444 4715 Ἐὰν
487 4660 557 4715 δὲ
579 4660 894 4729 ἁμαρτήσῃ
919 4661 1008 4726 είς
1029 4659 1105 4714 σὲ
1149 4664 1183 4714 ὁ
1215 4661 1479 4730 ἁδελφός
1497 4677 1634 4724 σου,
1657 4661 1871 4728 ὕπαγε,

293 4731 393 4786 καί
421 4731 678 4800 ἔλεγξον
709 4732 898 4785 αὐτὸν
919 4730 1150 4801 μεταξὺ
1179 4731 1297 4786 σοῦ
1319 4733 1416 4786 καί
1446 4732 1634 4787 αὑτοῦ
1655 4733 1873 4802 μόνου.

367 4849 618 4905 Φωτίου.
664 4849 804 4912 Τοὺς
839 4847 1292 4912 σκανδαλίζοντας
1331 4846 1425 4901 τὸν
1469 4846 1698 4919 πλησίον
1739 4849 1845 4902 ἀπο

2054 4839 2264 4895 Photii.
2299 4837 2612 4894 Detestatus
2645 4836 2899 4893 Salvator
2926 4850 3023 4891 eos
3061 4835 3154 4905 qni
3192 4835 3566 4890 scandalizant

295 4941 636 5012 τρεπόμενος
663 4943 692 4994 6
720 4938 930 5010 Σωτὴρ,
971 4938 1066 4993 νῦν
1099 4937 1504 5009 παραμυθεῖται
1531 4940 1658 5001 τοὺς
1693 4955 1845 4991 exav-

1977 4933 2326 5004 proximum,
2387 4945 2535 4986 nunc
2589 4945 2685 4984 eos
2727 4929 3041 4984 consolatur
3101 4928 3193 4997 qni
3249 4929 3564 4982 scandalum

296 5030 685 5102 δαλιζομένους
709 5070 726 5096 ,
774 5031 870 5084 καὶ
917 5028 1065 5096 λέγει
1097 5028 1231 5098 πρὸς
1266 5027 1484 5093 αὐτούς’
1517 5029 1608 5098 Μὴ
1635 5027 1845 5081 καταπέ

1981 5025 2288 5094 patiuntur,
2323 5032 2376 5076 et
2415 5022 2551 5077 dicit
2576 5021 2644 5076 ad
2692 5020 2858 5076 illos:
2903 5019 2981 5074 Ne
3037 5020 3224 5072 animo
3245 5030 3568 5074 consterne-

301 5140 433 5195 σητε
475 5122 784 5185 ἐννοοῦντες
833 5123 900 5192 ἢν
940 5117 1210 5189 ὑπέστητε
1235 5118 1470 5184 ἀδικίαν,
1501 5119 1624 5172 ἐπεὶ
1655 5117 1845 5171 δυνατά

1985 5114 2117 5169 mini
2151 5122 2470 5184 reputantes
2505 5123 2772 5184 quantum
2804 5112 3026 5183 injuria:
3055 5111 3252 5166 vulnus
3287 5113 3566 5182 acceperi-

300 5218 450 5269 έςτιν
496 5215 577 5278 είς
620 5214 764 5284 μέγα
808 5213 997 5284 κέρδος
1032 5209 1392 5282 μεταστῆσαι.
1446 5209 1568 5273 Πῶς
1617 5209 1675 5263 δὲ
1721 5209 1845 5263 τοῦτ

1985 5207 2078 5270 tis,
2111 5207 2555 5276 quandoquidem
2585 5207 2697 5260 lieri
2733 5214 2913 5275 potest
2944 5213 3003 5259 ut
3035 5204 3168 5258 illud
3199 5204 3567 5274 quodcunque

302 5307 624 5377 γενήσεται;
659 5307 719 5358 El
747 5305 840 5358 τὸν
868 5303 1198 5376 ἀδικήσαντά
1224 5321 1282 5356 σε
1306 5302 1428 5356 κατ’
1460 5303 1595 5356 ἰδίαν
1620 5303 1845 5371 ἐλέγξεις

1988 5297 2042 5352 in
2076 5314 2333 5370 magnum
2384 5299 2542 5353 vobis
2588 5299 2803 5352 lucrum
2844 5305 3218 5352 convertatur.
3279 5296 3567 5362 Quomodo

304 5397 564 5451 δεικνύων
616 5395 764 5467 αὐτῷ
825 5397 885 5450 τὸ
949 5395 1272 5468 ἁμάρτημα.
1313 5392 1712 5457 Μετανοοῦντος
1764 5395 1845 5464 γὲι1

1982 5402 2163 5446 autem
2197 5393 2246 5445 id
2269 5392 2395 5446 ﬁet?
2411 5391 2466 5446 Si
2486 5401 2763 5446 auctorem
2793 5390 3002 5460 injuria:
3021 5389 3274 5460 privatim
3299 5390 3566 5459 argueris,

307 5486 516 5543 ἐκείνου
546 5487 630 5557 ἐφ’
660 5481 744 5551 οἷς
788 5485 1022 5558 ἔπραξεν
1048 5487 1127 5551 είς
1154 5487 1235 5554 σὲ,
1268 5485 1410 5557 μέγα
1437 5499 1522 5537 σοι
1561 5484 1750 5555 κέρδος
1783 5502 1845 5554 γε

1983 5500 2142 5542 suum
2171 5485 2244 5539 illi
2273 5493 2558 5555 peccatum
2583 5484 2896 5541 ostendens.
2936 5483 2994 5541 Si
3020 5484 3169 5538 enim
3229 5495 3355 5536 eum
3395 5481 3569 5551 paeni-

1784 5665 2014 5725 NOTIE.

387 5822 612 5898 (12)Ct.
645 5841 698 5893 q.
733 5823 798 5876 ν.
