3930 6218
352 210 519 287 ³1213

1566 219 2027 280 FRAGMENTA
2064 218 2147 279 ΙΝ
2187 217 2463 279 LUCAM.

3521 214 3658 282 1214

372 335 478 391 καὶ
506 334 581 407 μή
608 332 864 390 τοσοῦτον
895 334 1065 405 μῦσος
1094 332 1453 405 ἐργάσασθαι.
1493 333 1646 387 Ἐπεὶ
1669 334 1732 387 οὐ
1762 352 1949 389 παν-τα

2078 336 2357 405 piaculum
2414 332 2801 391 conscisceret.
2877 332 3066 404 Neque
3130 333 3281 389 enim
3332 333 3657 401 iuramentis

381 428 479 499 χοῦ
504 428 565 481 τὸ
608 428 859 496 coepiter
888 422 1093 494 ἀγαθόν
1116 442 1131 457 '
1170 426 1396 495 λέγεται
1423 425 1481 479 δὲ
1526 425 1919 497 σπεκουλάτωρ
1945 447 1949 471 ι

2083 437 2232 484 stare
2262 428 2317 483 in
2354 426 2505 482 omni
2560 442 2692 482 casu
2743 426 3016 481 laudabile
3064 434 3166 481 est.
3230 426 3438 482 Dicitur
3490 443 3657 498 porro

375 521 595 591 δήμιος,
641 518 983 591 στρατιώτης
1028 520 1056 573 ό
1102 516 1199 572 ἐπὶ
1240 518 1321 589 τῷ
1348 517 1596 588 φονεύειν
1629 520 1757 581 τοὺς
1795 535 1971 572 κατα-

376 613 596 681 κρίτους
618 610 973 681 τεταγμένος.
999 608 1216 681 Πτῶμα
1238 610 1296 664 δὲ
1317 609 1537 679 λέγεται
1567 609 1629 663 τὸ
1648 608 1743 663 τοῦ
1769 609 1967 683 νεκροῦ

379 704 562 771 σῶμα.

382 794 486 849 Καὶ
522 792 692 850 εἶπεν
726 796 931 860 αὐτοῖς
954 810 967 823 ·
1012 794 1189 849 Δεῦτε
1224 794 1338 862 ὑμε

485 870 573 931 είς
597 866 821 933 spatior
846 870 1050 927 τόπον,
1082 866 1179 917 καὶ
1206 864 1593 919 ἀναπαύεσθε
1620 862 1853 931 ὀλίγον.

447 958 695 1012 Φωτίου.
724 955 825 1009 Διὰ
852 954 1060 1010 τούτων
1086 956 1327 1008 διδάσκει
1355 956 1481 1017 τοὺς
1512 955 1606 1023 τῆς
1642 952 1967 1022 Ἐκκλησίας

373 1050 759 1112 διδασκάλους,
801 1049 877 1119 μὴ
911 1048 1206 1112 διαπαντὸς
1247 1050 1362 1111 τοῖς
1394 1048 1571 1118 ὄχλοις
1615 1046 1843 1109 ἑαυτοὺς
1870 1047 1964 1097 ὲκ-

372 1144 611 1207 διδόναι,
667 1140 803 1193 ἀλλὰ
854 1139 949 1192 καὶ
995 1138 1381 1192 συστέλλεσθαι
1424 1138 1521 1192 καὶ
1566 1138 1792 1201 ἰδιάζειν
1840 1136 1967 1189 καθ’

374 1234 623 1297 ἑαυτοὺς,
665 1232 763 1286 καὶ
808 1230 900 1284 τὸν
930 1229 1056 1284 νοῦν
1103 1231 1362 1300 συνάγειν
1398 1232 1462 1283 ὲκ
1516 1231 1611 1301 τῆς
1658 1230 1763 1297 ἔξω
1806 1246 1965 1300 περι-

374 1310 570 1391 φορᾶς,
602 1318 700 1372 καὶ
736 1317 862 1380 τοὺς
899 1318 1213 1381 κοπιῶντας
1248 1321 1303 1372 ὲν
1337 1318 1480 1389 λόγῳ
1512 1318 1837 1389 θεραπεύειν
1869 1317 1964 1371 καὶ

376 1411 709 1482 σωματικῶς
761 1409 1088 1476 ἀναπαύειν,
1138 1411 1378 1482 μάλιστα
1414 1411 1555 1481 μετὰ
1581 1411 1681 1484 τὴν
1709 1410 1810 1481 τῆς
1842 1410 1961 1464 δια-

374 1503 561 1574 κονίας
592 1502 768 1573 ὲκπλή
777 1519 965 1572 ρωσινι

1340 792 1396 859 ῖς
1433 791 1602 847 αὐτοὶ
1640 791 1769 845 κατ’
1809 792 1967 846 ιδίαν

2081 519 2396 591 speculator
2422 519 2673 588 publicus
2702 517 2948 573 carnifex
2996 517 3066 571 ad
3112 516 3425 573 multandos
3476 529 3657 572 morte

2076 625 2217 680 quos
2258 611 2377 665 neci
2438 610 2652 679 judices
2701 608 3027 662 addixerunt
3068 608 3415 663 constitutus.
3452 607 3659 678 Πτῶμα

2076 712 2223 767 vero,
2248 706 2490 766 cadauer,
2517 700 2716 755 dicitur
2746 714 2945 768 corpus
2980 698 3199 753 mortui.

2078 793 2244 849 Vsus.
2275 794 2365 848 5|.
2408 792 2473 845 Et
2505 794 2583 845 ait
2609 792 2719 845 illis
2751 807 2769 844 :
2812 789 2989 844 Venite
3028 806 3265 844 seorsum
3300 790 3355 843 in
3394 788 3656 844 deserturi:

2409 862 2605 928 locum,
2630 874 2675 916 et
2712 862 3014 931 requiescite
3039 862 3314 929 pusillum.

2144 952 2349 1010 Photii.
2389 956 2494 1009 Per
2530 954 2645 1010 haec
2677 954 2835 1008 docet
2856 954 3114 1008 Ecclesia:
3144 953 3458 1023 magistros,
3484 966 3552 1006 ne
3599 969 3658 1009 se

2077 1056 2224 1102 totos
2254 1056 2308 1101 et
2339 1046 2392 1100 in
2432 1062 2595 1101 omne
2626 1057 2841 1116 tempus
2876 1046 3188 1100 condonent
3216 1046 3406 1100 usibus
3435 1053 3489 1099 et
3509 1061 3657 1100 cura:

2074 1137 2443 1192 multitudinis
2475 1153 2489 1191 :
2521 1137 2614 1193 sed
2651 1137 2976 1191 contrahant
3006 1152 3062 1190 se
3094 1136 3389 1201 interdum,
3419 1144 3474 1190 et
3503 1135 3647 1205 apud

2080 1246 2142 1286 se
2182 1231 2311 1297 sint,
2337 1230 2563 1285 collecta
2589 1245 2653 1284 ex
2700 1229 2866 1283 nimia
2901 1227 3192 1283 diﬁ‘usione
3229 1239 3436 1281 mente.
3490 1228 3656 1280 Doert

2076 1329 2339 1389 praeterea
2372 1320 2712 1389 praepositos,
2736 1328 2794 1374 ut
2826 1318 3026 1389 quibus
3052 1327 3280 1372 utuntur
3305 1316 3571 1370 ministris
3599 1320 3651 1369 iu

2077 1410 2351 1465 laborioso
2379 1409 2642 1463 exercitio
2664 1408 3092 1479 praedicationis,
3115 1415 3169 1460 et
3192 1407 3370 1477 plebis
3399 1407 3655 1461 erudien-

2077 1503 2180 1565 dae,
2205 1518 2445 1571 congrua
2478 1502 2821 1573 providentia
2849 1502 3158 1567 consulant,
3191 1515 3449 1555 concessa
3475 1502 3650 1561 statis,

374 1601 538 1661 prout
558 1607 701 1661 opus
722 1599 827 1658 est,
875 1592 1212 1663 temporibus
1242 1607 1511 1665 corporea
1559 1594 1725 1650 etiam
1770 1594 2091 1650 remissione
2125 1609 2191 1650 ac
2256 1595 2461 1665 quiete,
2527 1592 2764 1649 maxime
2829 1600 2954 1663 post
3017 1592 3290 1663 expletum
3349 1589 3650 1662 prmseripti

377 1701 603 1757 pensum
628 1686 833 1757 operis.

388 1778 452 1834 Ὀ
492 1780 561 1834 δὲ
611 1777 861 1852 Ἰησοῦς⁸
898 1776 1108 1836 εἶπεν-ο
1170 1782 1375 1850 Ἄφετε
1416 1781 1650 1849 αὐτήν·
1697 1782 1757 1836 τί
1802 1781 1949 1852 αὐτῇ

2061 1781 2186 1839 CAP.
2213 1780 2355 1837 XIV.
2390 1781 2552 1837 Vens.
2597 1780 2650 1835 6.
2684 1780 2841 1837 Jesus
2872 1792 3046 1836 autem
3087 1781 3219 1837 dixit
3248 1799 3268 1837 :
3301 1782 3470 1838 Sinite
3507 1797 3646 1843 eam,

446 1853 676 1975 :dtttovc
713 1849 1032 1921 παρέχετες
1076 1849 1271 1908 καλὸν
1308 1851 1488 1922 ἔργον
1524 1852 1845 1923 εἰργάσατο
1889 1849 1953 1908 ἐν

478 1938 551 1975 uo
582 1961 596 1974 .

471 1938 596 1991 μοι.

448 2014 696 2070 Φωτίου.
734 2013 802 2067 Τί
835 2013 1039 2076 κόπους
1069 2011 1343 2084 παρέχετε
1391 2015 1457 2085 τῇ
1504 2014 1725 2083 γυναικί
1756 2013 1963 2086 ;φησὶν

375 2105 404 2158 δ
442 2088 635 2177 Σωτήρ
665 2121 680 2137 ·
734 2104 813 2168 ε’ίς
845 2107 952 2176 γὰρ
981 2105 1071 2159 τὸν
1114 2105 1488 2175 ἐνταφιασμόν
1531 2122 1633 2175 μου
1667 2104 1826 2160 τοῦτο
1862 2122 1965 2159 πε-

375 2198 593 2269 ποίηκε.
619 2197 807 2252 ταῦτα
826 2198 883 2251 δὲ
903 2196 1051 2266 λέγει
1077 2198 1564 2269 παραμυθούμενος
1588 2199 1961 2270 τὴν-γυναῖκα,

375 2292 470 2347 καὶ
489 2290 780 2362 ἐλευθέραν
798 2292 1062 2345 δεικνύων
1084 2292 1181 2361 τῆς
1202 2293 1310 2345 τῶν
1331 2292 1649 2347 ἀποστόλων
1676 2292 1960 2364 μέμψεως.

375 2380 639 2434 Τοσοῦτον
665 2382 775 2451 γὰρ
806 2381 1017 2450 ἀπέχω,
1062 2382 1218 2453 φησὶ,
1267 2382 1361 2436 τοῦ
1409 2382 1731 2455 μέμψασθαι
1768 2383 1961 2454 αὐτὴν,

381 2471 524 2524 ὥστε
574 2471 699 2525 οὐδὲ
753 2473 953 2543 ἀφήσω
1001 2472 1185 2526 λαθεῖν
1246 2475 1308 2527 τὸ
1361 2474 1737 2545 γεγενημένον
1796 2474 1968 2547 αὐτῆς

2131 1855 2257 1936 quid
2289 1854 2372 1907 illi
2422 1851 2629 1907 molesti
2675 1854 2844 1907 estis?
2878 1853 3086 1907 Bonum
3140 1871 3268 1921 opus
3316 1862 3532 1923 aperata
3569 1861 3647 1905 est

2134 1941 2191 1979 ιη
2226 1940 2325 1978 me.

2135 2012 2336 2068 Photii.
2370 2013 2513 2081 Quid
2545 2014 2755 2070 molesti
2784 2014 2919 2070 estis
2950 2013 3165 2068 mulieri
3196 2011 3318 2067 ?ait
3367 2011 3642 2075 Salvator,

2067 2107 2122 2163 in
2155 2108 2489 2179 sepulturam
2514 2109 2657 2163 enim
2692 2120 2867 2162 meam
2904 2107 3007 2160 hoc
3032 2105 3181 2161 fecit.
3206 2104 3329 2160 llaec
3350 2117 3481 2159 vero
3507 2104 3648 2157 dixit

2066 2203 2362 2257 consolans
2390 2200 2698 2265 mulierem,
2736 2209 2790 2255 et
2816 2198 3113 2255 ostendens
3152 2198 3220 2252 ab
3250 2196 3514 2267 apostolis
3538 2196 3647 2250 im-

2068 2292 2268 2348 merito
2295 2292 2527 2363 culpari.
2561 2291 2796 2347 Tantum
2831 2291 3002 2357 enim,
3038 2289 3237 2360 inquit,
3269 2288 3464 2343 absum
3495 2303 3526 2342 a
3558 2303 3644 2342 re-

2070 2383 2647 2455 preliendendoillam,
2680 2390 2739 2437 ut
2770 2397 2879 2436 non
2913 2396 3179 2452 passurus
3211 2379 3316 2433 sim
3344 2378 3513 2433 latere
3536 2377 3645 2432 hoc

2071 2475 2217 2546 quod
2248 2473 2375 2530 fecit
2400 2488 2537 2545 opus
2566 2491 2581 2529 :
2611 2475 2704 2529 sed
2730 2472 3026 2529 ellecturus
3051 2479 3113 2527 ut
3143 2481 3291 2526 totus
3314 2470 3446 2524 illud
3481 2485 3641 2524 mun-

376 2564 538 2634 ἔργον
562 2580 578 2596 ο
595 2563 711 2619 ἀλλ’
741 2565 883 2629 ἅπας
912 2567 939 2619 ὀ
965 2565 1169 2635 κόσμος
1196 2564 1490 2633 γνώσεταιο
1515 2566 1623 2620 ἀπὸ
1654 2566 1764 2638 γὰρ
1796 2569 1949 2638 μεγόι⁴

2077 2567 2181 2622 dus
2216 2566 2377 2622 sciat.
2408 2567 2452 2620 Δ
2486 2580 2682 2635 magno
2710 2565 2957 2620 videlicet
2993 2566 3178 2619 animo
3225 2563 3277 2618 id
3328 2563 3645 2639 proﬁcisce-

371 2655 472 2727 λης
495 2656 733 2721 διανοίας
760 2653 829 2730 ἦν
853 2658 1030 2724 τοῦτο,
1047 2657 1142 2711 καὶ
1164 2656 1364 2729 πολλῆς
1376 2660 1684 2731 τεκμήριον
1708 2660 1967 2725 πίστεως.

1265 2936 1984 3031 FRAGMENTA
2090 2938 2214 3027 IN

446 3087 692 3143 Φωτίου.
754 3089 829 3143 Τὸ
898 3091 1185 3164 προοίμιον
1243 3092 1338 3146 τοῦ
1418 3090 1806 3159 εὐαγγελιποῦ
1858 3072 1973 3143 δύο

2074 2662 2255 2723 batur,
2279 2666 2332 2714 et
2355 2656 2540 2713 multa
2564 2665 2684 2711 erat
2715 2654 2978 2710 indicium
3006 2653 3151 2709 ﬁdei.

2323 2935 2755 3026 LUCAM.

2127 3087 2258 3142 Car.
2326 3086 2367 3141 l.
2437 3085 2640 3141 Photii.
2712 3085 3070 3155 Evangelistae
3144 3086 3472 3156 prooemium
3532 3088 3641 3144 duo

368 3177 495 3230 τινὰ
516 3178 789 3248 κεφάλαια
822 3182 1067 3253 περιέχει
1085 3199 1100 3214 ο
1122 3182 1394 3236 σύστασίν
1425 3197 1484 3234 τε
1502 3180 1612 3234 τῶν
1641 3180 1751 3249 πρὸ
1781 3178 1946 3233 αὐτοῦ

2061 3180 2305 3250 quaedam
2329 3194 2529 3250 puncta
2558 3178 2940 3248 complectitur
2964 3194 2980 3231 :
3026 3179 3302 3249 objectum
3326 3195 3515 3234 eorum
3542 3181 3634 3249 qui

370 3269 431 3321 τὸ
479 3269 809 3337 Εὑαγγέλιον
854 3273 1307 3344 συγγραψάντων,
1360 3270 1470 3327 οἷον
1520 3272 1802 3326 Mareotico
1851 3272 1948 3324 καὶ

2061 3282 2182 3326 ante
2226 3273 2402 3341 ipsum
2446 3270 2800 3340 Evangelium
2835 3271 3315 3341 conscripserunt,
3348 3271 3636 3326 Mattbreus

368 3359 623 3430 Μάρκου,
636 3362 728 3412 καὶ
746 3361 1039 3431 ἀπολογίαν
1054 3364 1118 3417 δι’
1136 3366 1201 3432 ἥν
1226 3365 1319 3416 καὶ
1339 3362 1501 3426 αύτὺς
1518 3361 1614 3414 ἐπὶ
1634 3363 1695 3415 τὸ
1715 3360 1949 3429 συγγρά-

2061 3367 2263 3421 scilicet
2310 3372 2364 3418 et
2417 3364 2654 3428 Marcus,
2693 3374 2748 3418 et
2785 3365 3016 3419 rationis
3085 3365 3531 3433 explicationem,
3564 3367 3637 3419 ob

369 3469 492 3521 φειν
512 3450 697 3522 ἦλθεν.
721 3452 907 3508 Εἰπὼν
922 3456 1074 3522 δὲτὸ,
1092 3456 1517 3525 ἐπεχείρησαν,
1537 3454 1682 3520 λέξιν
1715 3453 1948 3521 δυναμέ-

2061 3472 2214 3527 quam
2273 3460 2339 3511 ad
2372 3456 2723 3512 scribendum
2774 3457 2971 3512 ductus
3007 3466 3108 3511 est.
3154 3455 3390 3511 Dicenda
3426 3450 3633 3522 autem,

367 3560 467 3615 νην
476 3543 567 3597 ἐπί
579 3561 638 3597 τε
652 3545 760 3598 τῶν
776 3546 1059 3619 τολμηρῶς
1076 3550 1397 3619 ἁπτομένων
1414 3548 1515 3616 τῆς
1532 3546 1841 3607 ὑποθέσεως
1859 3546 1949 3615 ἀρε

2061 3551 2229 3604 renati
2257 3558 2399 3610 sunt,
2428 3564 2616 3605 vocem
2655 3549 2875 3604 adhibet
2900 3558 3025 3618 apte
3063 3550 3425 3619 scriptoribus
3462 3551 3634 3605 auda-

371 3637 608 3706 μόττειν,
629 3638 721 3689 καὶ
742 3638 955 3692 ἐπὶτῶν
977 3639 1223 3703 εὐλαὸὦς
1244 3640 1381 3709 αὐτῇ
1407 3639 1741 3709 προσιόντων
1763 3653 1774 3705 ζ
1795 3637 1946 3689 δυσὶν

2061 3642 2169 3695 eius
2222 3641 2497 3709 quoddam
2567 3640 2962 3694 intentantibus
3020 3649 3403 3708 argumentum
3433 3655 3634 3695 conve—

330 3748 333 3749 ν
367 3728 779 3799 ἐπιδιορθώσεσι
808 3730 871 3783 τὸ
902 3730 1206 3800 ἀμφίϐολον
1240 3734 1339 3802 τῆς
1374 3732 1573 3796 λέξεως
1601 3728 1943 3798 ὲπιδιορθοῠ-

364 3837 477 3886 ται,
510 3821 575 3873 ἐκ
599 3837 658 3873 τε
682 3821 776 3874 τοῦ
807 3823 983 3875 εἰπεῖν
1005 3822 1137 3890 περὶ
1168 3821 1287 3876 τῶν
1310 3817 1945 3890 πεπληροφορημένων

365 3912 510 3980 ἡμῖν
537 3912 915 3981 πραγμάτων,
960 3916 1054 3967 καὶ
1098 3918 1161 3968 ὲκ
1199 3914 1292 3968 τοῦ
1340 3916 1535 3978 εἰπεῖν,
1568 3912 1761 3975 καθὼς
1793 3926 1942 3977 παρ-

362 4000 593 4055 έδοσαν
630 4005 683 4055 oi
733 4005 1043 4068 αὐτόπται,
1079 4007 1168 4057 καὶ
1214 4002 1361 4076 ἑξῆς.
1408 4006 1469 4058 Ol
1495 4007 1602 4075 γὰρ
1629 4005 1747 4057 κατ’
1777 4004 1943 4072 ἄμφω

362 4092 538 4146 ταῦτα
550 4094 963 4164 ἐπιχειροῦντες
979 4097 1310 4166 διηγεῖσθαι,
1329 4096 1569 4165 δηλονότι
1588 4093 1940 4157 πανευλαδῶς

364 4184 459 4235 καὶ
489 4182 706 4246 οἰκείως
738 4184 1078 4255 ἐπιχειροῦσι
1103 4202 1118 4218 ο
1149 4189 1216 4257 τῇ
1259 4188 1357 4256 μὲν
1397 4186 1705 4255 ἀδιστάκτῳ
1734 4184 1940 4255 πληρο-

364 4273 529 4344 φορίᾳ
563 4274 624 4327 τὸ
662 4274 861 4345 ἀληθὲς
902 4278 1376 4345 ἀπαγγέλλοντες,
1423 4281 1488 4345 τῇ
1534 4278 1589 4330 δὲ
1628 4274 1941 4345 ἀξιοπιστίᾳ

361 4364 471 4418 τῶν
495 4364 954 4433 παραδεδωκότων
980 4369 1039 4421 τὸ
1073 4369 1484 4438 εὐπαράδεκτον
1518 4367 1900 4438 εἰσηγούμενοι
1922 4382 1937 4397 ⁶

361 4454 483 4525 ἅμα
511 4455 569 4508 δὲ
602 4458 697 4510 καὶ
719 4458 800 4521 ab,
828 4459 1197 4527 παρέδοσαν,
1226 4460 1462 4529 ἔμφασιν
1489 4461 1633 4530 ἔχειν
1667 4478 1759 4531 μοι
1788 4461 1939 4514 δοκεῖ

359 4546 462 4617 τῆς
515 4549 609 4601 ἐπὶ
640 4549 702 4602 τὸ
756 4550 851 4603 καὶ
916 4551 1086 4621 αὐτῆς
1139 4552 1536 4619 παραδιδόναι
1594 4554 1933 4624 προτροπῆς.

360 4641 565 4706 Καθὼς
599 4642 708 4711 γὰρ
735 4641 956 4696 ἐκεῖνοι
995 4642 1362 4711 παρέδοσαν,
1391 4645 1487 4698 καὶ
1520 4645 1719 4708 αὐτοὺς
1751 4645 1937 4715 δεήσει

2046 3733 2308 3795 nientem,
2343 3741 2395 3786 et
2426 3733 2492 3785 ad
2537 3733 2641 3787 hoc
2681 3732 2769 3801 pie
2803 3730 3215 3786 accedentibus.
3252 3730 3474 3787 Duabus
3504 3747 3632 3788 cor-

2048 3822 2380 3877 rectionibus
2407 3821 2556 3876 vocis
2588 3822 3053 3891 ampltibologiam
3097 3823 3371 3884 emendat,
3402 3824 3633 3879 dicendo

2044 3913 2108 3965 de
2136 3914 2290 3966 rebus
2311 3928 2428 3981 qua:
2459 3914 2511 3966 in
2543 3912 2689 3967 nobis
2717 3913 2990 3983 completa:
3008 3925 3155 3982 sunt,
3188 3924 3261 3982 et,
3295 3917 3428 3969 sicut
3458 3916 3631 3969 tradi—

2042 4002 2230 4055 derunt
2254 4002 2345 4071 qui
2383 4003 2487 4071 ipsi
2541 4004 2803 4068 viderunt,
2854 4014 2959 4058 etc.
2991 4003 3093 4071 Qui
3127 4008 3273 4060 enim
3327 4007 3627 4061 secundum

2043 4095 2151 4149 duo
2207 4095 2322 4149 hate
2345 4110 2571 4149 narrare
2609 4104 2901 4160 conantur,
2936 4097 3218 4152 evidenter
3271 4098 3415 4166 piam
3446 4106 3500 4152 et
3532 4097 3632 4151 do-

2042 4187 2326 4240 mesticam
2404 4202 2520 4240 rem
2565 4195 2873 4253 conantur;
2922 4188 3255 4243 inconcussa
3303 4188 3632 4243 certitudine

2042 4295 2230 4334 verum
2268 4287 2577 4343 narrantes,
2610 4296 2675 4335 ex
2708 4284 3006 4336 voracitate
3033 4297 3226 4337 eorum
3264 4283 3356 4352 qui
3392 4283 3631 4338 tradide-

2041 4378 2172 4423 runt
2233 4372 2607 4426 narrationem
2668 4372 2966 4440 legitimam
3026 4383 3382 4442 exponentes.
3442 4372 3621 4429 Simul

2041 4470 2220 4515 autem
2256 4461 2392 4516 illud
2424 4502 2438 4523 ,
2472 4462 2834 4527 tradiderunt,
2863 4464 3042 4533 majus
3072 4465 3276 4533 aliquid
3318 4466 3450 4520 mibi
3486 4466 3630 4523 indi-

2038 4566 2165 4608 care
2193 4553 2429 4617 videtur,
2461 4569 2622 4624 quam
2654 4556 2910 4624 exprimit
2940 4558 3041 4611 ltoc
3078 4557 3256 4627 ipsum
3292 4559 3625 4615 vocabulum

2040 4644 2268 4699 tradere.
2300 4646 2452 4700 Sicut
2480 4647 2619 4701 enim
2648 4647 2740 4700 isti
2770 4647 3125 4713 tradiderunt,
3155 4658 3211 4703 et
3240 4649 3361 4705 illos
3411 4662 3631 4721 oporte-

360 4734 525 4789 πάλιν
544 4736 753 4789 ἐκεῖθεν
776 4737 1203 4807 παρειληφότας,
1225 4738 1503 4808 ἀκολούθῳ
1520 4739 1663 4809 λόγῳ
1683 4738 1936 4810 ἀλλήλοις

2061 4744 2154 4798 tat,
2188 4751 2309 4791 cum
2344 4752 2535 4792 rursus
2562 4738 2686 4793 inde
2714 4739 3074 4808 accepissent,
3093 4739 3355 4794 conformi
3379 4756 3631 4799 sermone

359 4826 532 4882 ταῦτα
572 4829 955 4899 παραδιδόναιο
1003 4825 1153 4893 εἶτα,
1187 4829 1313 4883 ἐπεὶ
1342 4830 1590 4900 ἀγράφου
1620 4831 1718 4900 τῆς
1752 4846 1936 4900 παρα-

356 4918 555 4982 δόσεως
584 4920 897 4989 γινομένης,
933 4921 1147 4991 ἀνὰγκη
1190 4916 1257 4992 ἦν
1291 4920 1452 4974 πάλιν
1495 4922 1623 4985 τοὺς
1666 4920 1934 4991 παρειλη-

356 5013 528 5082 φότας
571 5011 753 5077 ἄλλοις
798 5013 1136 5084 παραδοῦναι
1159 5030 1174 5045 ο
1222 5012 1517 5069 κάντεῦθεν
1556 5014 1839 5068 συνέὸαινε
1864 4998 1935 5067 τὰ

356 5103 787 5174 παραδιδόμενα,
811 5104 845 5175 ἢ
867 5103 1005 5175 λήθῃ
1034 5105 1142 5158 τῶν
1160 5105 1225 5157 ’ὲν
1264 5106 1415 5176 μέσῳ
1440 5104 1874 5176 ὑποδεχομένων,
1901 5104 1934 5176 ἢ

326 5195 682 5267 ῥᾳδιουργίᾳ
732 5195 904 5250 πολλά
948 5196 1473 5266 παραπεποιῆειθαι⁸
1526 5197 1663 5249 ὅπου
1724 5214 1788 5264 γε
1839 5198 1932 5250 καὶ

354 5286 761 5363 γεγραμμένων
799 5286 943 5351 τινὲς
963 5286 1274 5357 ἐτόλμησαν
1303 5286 1478 5341 ταῦτα
1508 5287 1930 5358 παραφθείρειν.

370 5379 529 5435 Ἐπεὶ
549 5374 643 5435 οὖν
664 5380 934 5450 ἀγράφων
957 5380 1127 5434 όντων
1150 5379 1258 5433 τῶν
1285 5379 1754 5451 παραδιδομένων,
1785 5379 1933 5443 εἰκὸς

356 5466 424 5541 ἦν
476 5470 657 5526 ἀτοπα
707 5471 879 5537 πολλά
943 5473 1283 5544 συμϐαίνειν,
1350 5472 1429 5542 τῷ
1481 5471 1678 5544 μακρῷ
1731 5471 1930 5543 χρόνῳ,

358 5564 583 5628 εἰκότως
608 5566 655 5620 οἱ
684 5563 809 5625 ἀπὸ
836 5564 958 5619 τῶν
976 5565 1298 5621 αὐτοπτῶν
1328 5566 1429 5620 καὶ
1464 5563 1783 5633 ὑπηρετῶν
1822 5564 1932 5617 τοῦ

360 5657 552 5728 λόγου
593 5656 799 5730 πρῶτοι
846 5657 1267 5730 παρειληφότες,
1329 5658 1609 5729 ἔγγραφον
1655 5656 1816 5711 παντὶ
1853 5655 1932 5727 τῷ

2038 4825 2155 4881 haec
2176 4827 2298 4882 aliis
2328 4827 2616 4883 tradidisse
2651 4846 2665 4882 :
2702 4827 2920 4894 deinde,
2952 4844 3078 4885 cum
3116 4830 3315 4900 scripta
3348 4846 3455 4885 non
3491 4831 3629 4887 foret

2038 4918 2285 4984 traditio,
2337 4934 2564 4975 necesse
2612 4919 2715 4976 fuit
2759 4920 2960 4975 iterum
3012 4921 3118 4976 bos
3165 4922 3260 4991 qui
3291 4922 3438 4977 illam
3469 4938 3628 4980 acce-

2042 5011 2275 5081 pissent,
2327 5011 2452 5069 aliis
2484 5013 2698 5068 tradere
2726 5029 2742 5080 ;
2774 5012 3006 5083 indeque
3039 5014 3269 5085 contigit
3291 5030 3414 5086 quae
3451 5017 3628 5072 trade-

2035 5102 2259 5168 bantur,
2288 5116 2387 5160 aut
2418 5106 2692 5161 oblivione
2737 5120 2929 5162 eorum
2959 5107 3054 5176 qui
3089 5107 3143 5161 in
3180 5108 3364 5163 medio
3389 5110 3626 5179 accipie-

2036 5196 2189 5263 bant,
2222 5207 2316 5253 aut
2353 5199 2543 5253 fraude
2582 5200 2636 5253 in
2674 5199 2863 5256 multis
2916 5201 3143 5255 alterata
3176 5199 3369 5266 fuisse,
3406 5203 3624 5272 quando

2035 5290 2256 5359 quidem
2303 5291 2467 5345 etiam
2503 5292 2616 5346 haec
2648 5292 2850 5360 scripta
2882 5292 3053 5361 aliqui
3084 5293 3202 5348 ausi
3229 5302 3358 5349 sunt
3378 5308 3625 5348 corrum-

2035 5397 2183 5452 pere.
2237 5382 2374 5437 Cum
2410 5384 2598 5453 igitur,
2631 5384 2891 5454 quoniam
2940 5400 3048 5439 non
3079 5384 3285 5455 scripta
3318 5396 3474 5441 erant
3500 5399 3624 5455 qum

2035 5472 2412 5538 tradebantur,
2489 5473 2735 5543 profecto
2801 5474 2949 5529 nulla
3015 5476 3192 5531 aliena
3268 5475 3624 5547 irrepsissent

2038 5564 2210 5619 multo
2242 5573 2506 5634 tempore,
2526 5567 2626 5635 qui
2688 5568 2757 5623 ab
2788 5567 2872 5623 Itis
2891 5569 2983 5638 qui
3034 5567 3272 5622 viderant
3304 5575 3356 5623 et
3389 5566 3621 5622 ministri

2041 5656 2248 5725 fuerant
2272 5659 2550 5728 sermonis,
2576 5661 2736 5731 primi
2758 5669 3104 5731 acceperant,
3131 5661 3391 5732 scriptam
3416 5661 3619 5718 mundo
