  <div class='ocr_page' id='page_1' title='image "/cluster/home/n/w/nwhite01/storage/ocr_20150623/101/hvd.32044018872879/631.png"; bbox 0 0 3930 6218; ppageno 0'>
   <div class='ocr_carea' id='block_1_1' title="bbox 358 192 1953 268">
    <p class='ocr_par' dir='ltr' id='par_1_1' title="bbox 358 197 1953 268">
     <span class='ocr_line' id='line_1_1' title="bbox 358 197 1953 268; baseline -0.005 0"><span class='ocrx_word' id='word_1_1' title='bbox 358 197 499 268; x_wconf 79' lang='grc'><strong>1215</strong></span> <span class='ocrx_word' id='word_1_2' title='bbox 1531 197 1793 260; x_wconf 80' lang='lat' dir='ltr'>PIIOTII</span> <span class='ocrx_word' id='word_1_3' title='bbox 1831 197 1953 261; x_wconf 83' lang='grc' dir='ltr'><strong>ΡΛἸ</strong></span> 
     </span>
    </p>
   </div>
   <div class='ocr_carea' id='block_1_2' title="bbox 2060 192 3637 268">
    <p class='ocr_par' dir='ltr' id='par_1_2' title="bbox 2060 192 3637 268">
     <span class='ocr_line' id='line_1_2' title="bbox 2060 192 3637 268; baseline 0.006 -11"><span class='ocrx_word' id='word_1_4' title='bbox 2060 199 2339 261; x_wconf 69' lang='grc' dir='ltr'><strong>ᾎΛΒΕΙῙᾹΞ</strong></span> <span class='ocrx_word' id='word_1_5' title='bbox 2375 200 2481 260; x_wconf 87' lang='lat' dir='ltr'><strong>CP.</strong></span> <span class='ocrx_word' id='word_1_6' title='bbox 3488 192 3637 268; x_wconf 73' lang='grc'><strong>1216</strong></span> 
     </span>
    </p>
   </div>
   <div class='ocr_carea' id='block_1_3' title="bbox 356 309 1953 388">
    <p class='ocr_par' dir='ltr' id='par_1_3' title="bbox 356 313 1951 388">
     <span class='ocr_line' id='line_1_3' title="bbox 356 313 1951 388; baseline -0.004 -13"><span class='ocrx_word' id='word_1_7' title='bbox 356 320 617 375; x_wconf 86' lang='lat' dir='ltr'><strong>universo</strong></span> <span class='ocrx_word' id='word_1_8' title='bbox 688 315 1071 388; x_wconf 70' lang='lat' dir='ltr'><strong>prmstiterunt</strong></span> <span class='ocrx_word' id='word_1_9' title='bbox 1135 313 1524 381; x_wconf 76' lang='lat' dir='ltr'><strong>traditionem;</strong></span> <span class='ocrx_word' id='word_1_10' title='bbox 1591 322 1647 369; x_wconf 93' lang='lat' dir='ltr'><strong>et</strong></span> <span class='ocrx_word' id='word_1_11' title='bbox 1700 313 1951 369; x_wconf 83' lang='lat' dir='ltr'><strong>fraudem</strong></span> 
     </span>
    </p>
   </div>
   <div class='ocr_carea' id='block_1_4' title="bbox 2060 309 3633 388">
    <p class='ocr_par' dir='ltr' id='par_1_4' title="bbox 2060 309 3633 385">
     <span class='ocr_line' id='line_1_4' title="bbox 2060 309 3633 385; baseline 0.001 -16"><span class='ocrx_word' id='word_1_12' title='bbox 2060 314 2246 385; x_wconf 84' lang='grc' dir='ltr'><strong>κόσμῳ</strong></span> <span class='ocrx_word' id='word_1_13' title='bbox 2273 314 2615 385; x_wconf 83' lang='grc' dir='ltr'><strong>παρέσχοντο</strong></span> <span class='ocrx_word' id='word_1_14' title='bbox 2640 311 2741 383; x_wconf 79' lang='grc' dir='ltr'><strong>τήν</strong></span> <span class='ocrx_word' id='word_1_15' title='bbox 2772 309 3109 383; x_wconf 62' lang='grc' dir='ltr'><strong>παράδοσιν</strong></span> <span class='ocrx_word' id='word_1_16' title='bbox 3140 312 3238 368; x_wconf 73' lang='grc' dir='ltr'><strong>καὶ</strong></span> <span class='ocrx_word' id='word_1_17' title='bbox 3267 312 3372 385; x_wconf 72' lang='grc' dir='ltr'><strong>τήν</strong></span> <span class='ocrx_word' id='word_1_18' title='bbox 3404 312 3633 371; x_wconf 60' lang='lat' dir='ltr'><strong>letiﬁca.»-</strong></span> 
     </span>
    </p>
   </div>
   <div class='ocr_carea' id='block_1_5' title="bbox 355 403 1953 478">
    <p class='ocr_par' dir='ltr' id='par_1_5' title="bbox 355 404 1947 478">
     <span class='ocr_line' id='line_1_5' title="bbox 355 404 1947 478; baseline -0.004 -13"><span class='ocrx_word' id='word_1_19' title='bbox 355 409 711 478; x_wconf 79' lang='lat' dir='ltr'><strong>expellentes,</strong></span> <span class='ocrx_word' id='word_1_20' title='bbox 739 414 794 461; x_wconf 93' lang='lat' dir='ltr'><strong>et</strong></span> <span class='ocrx_word' id='word_1_21' title='bbox 820 406 1153 461; x_wconf 87' lang='lat' dir='ltr'><strong>oblivionem</strong></span> <span class='ocrx_word' id='word_1_22' title='bbox 1179 406 1457 469; x_wconf 89' lang='lat' dir='ltr'><strong>tollentes,</strong></span> <span class='ocrx_word' id='word_1_23' title='bbox 1498 412 1554 459; x_wconf 88' lang='lat' dir='ltr'><strong>et</strong></span> <span class='ocrx_word' id='word_1_24' title='bbox 1579 404 1947 474; x_wconf 88' lang='lat' dir='ltr'><strong>integritatem</strong></span> 
     </span>
    </p>
   </div>
   <div class='ocr_carea' id='block_1_6' title="bbox 2060 403 3635 478">
    <p class='ocr_par' dir='ltr' id='par_1_6' title="bbox 2060 403 3635 478">
     <span class='ocr_line' id='line_1_6' title="bbox 2060 403 3635 478; baseline 0.002 -20"><span class='ocrx_word' id='word_1_25' title='bbox 2060 405 2151 478; x_wconf 79' lang='grc' dir='ltr'><strong>λὴν</strong></span> <span class='ocrx_word' id='word_1_26' title='bbox 2178 405 2594 471; x_wconf 79' lang='grc' dir='ltr'><strong>ἀπελαύνοντες,</strong></span> <span class='ocrx_word' id='word_1_27' title='bbox 2634 404 2732 458; x_wconf 76' lang='grc' dir='ltr'><strong>καὶ</strong></span> <span class='ocrx_word' id='word_1_28' title='bbox 2754 404 2857 475; x_wconf 81' lang='grc' dir='ltr'><strong>τήν</strong></span> <span class='ocrx_word' id='word_1_29' title='bbox 2881 403 3054 475; x_wconf 84' lang='grc' dir='ltr'>λήθην</span> <span class='ocrx_word' id='word_1_30' title='bbox 3075 404 3503 469; x_wconf 73' lang='grc' dir='ltr'><strong>ἀνακόπτοντες,</strong></span> <span class='ocrx_word' id='word_1_31' title='bbox 3534 407 3635 463; x_wconf 76' lang='grc' dir='ltr'><strong>καὶ</strong></span> 
     </span>
    </p>
   </div>
   <div class='ocr_carea' id='block_1_7' title="bbox 357 494 1953 569">
    <p class='ocr_par' dir='ltr' id='par_1_7' title="bbox 357 494 1953 568">
     <span class='ocr_line' id='line_1_7' title="bbox 357 494 1953 568; baseline -0.003 -15"><span class='ocrx_word' id='word_1_32' title='bbox 357 497 632 554; x_wconf 86' lang='lat' dir='ltr'><strong>traditioni</strong></span> <span class='ocrx_word' id='word_1_33' title='bbox 668 506 1051 568; x_wconf 87' lang='lat' dir='ltr'><strong>suppetentes.</strong></span> <span class='ocrx_word' id='word_1_34' title='bbox 1085 495 1190 552; x_wconf 81' lang='lat' dir='ltr'><strong>Sed</strong></span> <span class='ocrx_word' id='word_1_35' title='bbox 1238 496 1530 551; x_wconf 73' lang='lat' dir='ltr'><strong>Matthaaus</strong></span> <span class='ocrx_word' id='word_1_36' title='bbox 1553 504 1608 549; x_wconf 90' lang='lat' dir='ltr'><strong>et</strong></span> <span class='ocrx_word' id='word_1_37' title='bbox 1638 494 1860 550; x_wconf 78' lang='lat' dir='ltr'><strong>Marcus</strong></span> <span class='ocrx_word' id='word_1_38' title='bbox 1891 502 1953 549; x_wconf 89' lang='lat' dir='ltr'><strong>ut</strong></span> 
     </span>
    </p>
   </div>
   <div class='ocr_carea' id='block_1_8' title="bbox 2060 494 3640 569">
    <p class='ocr_par' dir='ltr' id='par_1_8' title="bbox 2060 494 3640 569">
     <span class='ocr_line' id='line_1_8' title="bbox 2060 494 3640 569; baseline 0 -17"><span class='ocrx_word' id='word_1_39' title='bbox 2060 498 2111 552; x_wconf 80' lang='grc' dir='ltr'><strong>τὸ</strong></span> <span class='ocrx_word' id='word_1_40' title='bbox 2154 497 2439 560; x_wconf 81' lang='grc' dir='ltr'><strong>ἀνελλιπὲς</strong></span> <span class='ocrx_word' id='word_1_41' title='bbox 2480 499 2549 569; x_wconf 79' lang='grc' dir='ltr'><strong>τῇ</strong></span> <span class='ocrx_word' id='word_1_42' title='bbox 2593 495 2895 569; x_wconf 85' lang='grc' dir='ltr'><strong>παραδόσει</strong></span> <span class='ocrx_word' id='word_1_43' title='bbox 2953 494 3429 568; x_wconf 81' lang='grc' dir='ltr'><strong>περιποιούμενοι.</strong></span> <span class='ocrx_word' id='word_1_44' title='bbox 3474 496 3640 552; x_wconf 79' lang='grc' dir='ltr'><strong>Ἀλλά</strong></span> 
     </span>
    </p>
   </div>
   <div class='ocr_carea' id='block_1_9' title="bbox 360 586 1953 662">
    <p class='ocr_par' dir='ltr' id='par_1_9' title="bbox 360 586 1952 662">
     <span class='ocr_line' id='line_1_9' title="bbox 360 586 1952 662; baseline -0.003 -16"><span class='ocrx_word' id='word_1_45' title='bbox 360 599 689 662; x_wconf 86' lang='lat' dir='ltr'><strong>acceperunt</strong></span> <span class='ocrx_word' id='word_1_46' title='bbox 736 592 819 647; x_wconf 89' lang='lat' dir='ltr'><strong>sic</strong></span> <span class='ocrx_word' id='word_1_47' title='bbox 870 598 925 645; x_wconf 92' lang='lat' dir='ltr'><strong>et</strong></span> <span class='ocrx_word' id='word_1_48' title='bbox 965 589 1351 655; x_wconf 88' lang='lat' dir='ltr'><strong>tradiderunt;</strong></span> <span class='ocrx_word' id='word_1_49' title='bbox 1404 587 1497 641; x_wconf 89' lang='lat' dir='ltr'><strong>alii</strong></span> <span class='ocrx_word' id='word_1_50' title='bbox 1535 601 1691 653; x_wconf 84' lang='lat' dir='ltr'><strong>vero,</strong></span> <span class='ocrx_word' id='word_1_51' title='bbox 1726 597 1786 641; x_wconf 92' lang='lat' dir='ltr'><strong>ut</strong></span> <span class='ocrx_word' id='word_1_52' title='bbox 1830 586 1952 641; x_wconf 90' lang='lat' dir='ltr'><strong>illos</strong></span> 
     </span>
    </p>
   </div>
   <div class='ocr_carea' id='block_1_10' title="bbox 2060 586 3643 662">
    <p class='ocr_par' dir='ltr' id='par_1_10' title="bbox 2060 586 3643 661">
     <span class='ocr_line' id='line_1_10' title="bbox 2060 586 3643 661; baseline -0.002 -16"><span class='ocrx_word' id='word_1_53' title='bbox 2060 591 2442 661; x_wconf 79' lang='grc' dir='ltr'><strong>Ματθαίος”μέν</strong></span> <span class='ocrx_word' id='word_1_54' title='bbox 2455 591 2551 645; x_wconf 79' lang='grc' dir='ltr'><strong>καὶ</strong></span> <span class='ocrx_word' id='word_1_55' title='bbox 2567 590 2814 659; x_wconf 85' lang='grc' dir='ltr'><strong>Μάρκος,</strong></span> <span class='ocrx_word' id='word_1_56' title='bbox 2829 589 2906 652; x_wconf 85' lang='grc' dir='ltr'><strong>ὡς</strong></span> <span class='ocrx_word' id='word_1_57' title='bbox 2919 588 3251 660; x_wconf 75' lang='grc' dir='ltr'><strong>παρέλαϐον,</strong></span> <span class='ocrx_word' id='word_1_58' title='bbox 3269 586 3415 642; x_wconf 80' lang='grc' dir='ltr'><strong>οὔτω</strong></span> <span class='ocrx_word' id='word_1_59' title='bbox 3429 589 3527 643; x_wconf 72' lang='grc' dir='ltr'><strong>καὶ</strong></span> <span class='ocrx_word' id='word_1_60' title='bbox 3540 604 3643 642; x_wconf 62' lang='grc' dir='ltr'><strong>παι</strong></span> 
     </span>
    </p>
   </div>
   <div class='ocr_carea' id='block_1_11' title="bbox 357 678 1953 755">
    <p class='ocr_par' dir='ltr' id='par_1_11' title="bbox 357 678 1953 753">
     <span class='ocr_line' id='line_1_11' title="bbox 357 678 1953 753; baseline -0.002 -17"><span class='ocrx_word' id='word_1_61' title='bbox 357 699 523 753; x_wconf 86' lang='lat' dir='ltr'><strong>prava</strong></span> <span class='ocrx_word' id='word_1_62' title='bbox 551 695 605 737; x_wconf 90' lang='lat' dir='ltr'><strong>et</strong></span> <span class='ocrx_word' id='word_1_63' title='bbox 633 682 924 737; x_wconf 91' lang='lat' dir='ltr'><strong>temeraria</strong></span> <span class='ocrx_word' id='word_1_64' title='bbox 967 696 1125 735; x_wconf 90' lang='lat' dir='ltr'><strong>mens</strong></span> <span class='ocrx_word' id='word_1_65' title='bbox 1180 680 1418 749; x_wconf 86' lang='lat' dir='ltr'><strong>impulit,</strong></span> <span class='ocrx_word' id='word_1_66' title='bbox 1454 678 1637 733; x_wconf 89' lang='lat' dir='ltr'><strong>conati</strong></span> <span class='ocrx_word' id='word_1_67' title='bbox 1667 688 1799 733; x_wconf 88' lang='lat' dir='ltr'><strong>sunt</strong></span> <span class='ocrx_word' id='word_1_68' title='bbox 1826 694 1953 733; x_wconf 89' lang='lat' dir='ltr'><strong>nar-</strong></span> 
     </span>
    </p>
   </div>
   <div class='ocr_carea' id='block_1_12' title="bbox 2060 678 3641 755">
    <p class='ocr_par' dir='ltr' id='par_1_12' title="bbox 2060 678 3641 755">
     <span class='ocr_line' id='line_1_12' title="bbox 2060 678 3641 755; baseline -0.002 -20"><span class='ocrx_word' id='word_1_69' title='bbox 2060 682 2279 755; x_wconf 83' lang='grc' dir='ltr'><strong>ρέδοσαν</strong></span> <span class='ocrx_word' id='word_1_70' title='bbox 2292 697 2306 711; x_wconf 74' lang='grc'><strong><em>⁸</em></strong></span> <span class='ocrx_word' id='word_1_71' title='bbox 2328 681 2476 737; x_wconf 82' lang='grc' dir='ltr'><strong>ἄλλοι</strong></span> <span class='ocrx_word' id='word_1_72' title='bbox 2502 682 2559 735; x_wconf 83' lang='grc' dir='ltr'><strong>δέ</strong></span> <span class='ocrx_word' id='word_1_73' title='bbox 2591 680 2773 745; x_wconf 87' lang='grc' dir='ltr'><strong>καθὼς</strong></span> <span class='ocrx_word' id='word_1_74' title='bbox 2790 682 2989 745; x_wconf 76' lang='grc' dir='ltr'><strong>αὐτοὺς</strong></span> <span class='ocrx_word' id='word_1_75' title='bbox 3006 682 3040 752; x_wconf 91' lang='grc' dir='ltr'><strong>ή</strong></span> <span class='ocrx_word' id='word_1_76' title='bbox 3059 680 3275 751; x_wconf 80' lang='grc' dir='ltr'><strong>πονηρά</strong></span> <span class='ocrx_word' id='word_1_77' title='bbox 3294 679 3391 733; x_wconf 77' lang='grc' dir='ltr'><strong>καὶ</strong></span> <span class='ocrx_word' id='word_1_78' title='bbox 3407 678 3641 750; x_wconf 73' lang='grc' dir='ltr'><strong>θρασεῖα</strong></span> 
     </span>
    </p>
   </div>
   <div class='ocr_carea' id='block_1_13' title="bbox 356 767 1953 845">
    <p class='ocr_par' dir='ltr' id='par_1_13' title="bbox 356 767 1949 842">
     <span class='ocr_line' id='line_1_13' title="bbox 356 767 1949 842; baseline -0.003 -16"><span class='ocrx_word' id='word_1_79' title='bbox 356 788 482 827; x_wconf 91' lang='lat' dir='ltr'><strong>rare</strong></span> <span class='ocrx_word' id='word_1_80' title='bbox 513 771 747 842; x_wconf 72' lang='lat' dir='ltr'><strong>propria:</strong></span> <span class='ocrx_word' id='word_1_81' title='bbox 780 771 1132 841; x_wconf 82' lang='lat' dir='ltr'><strong>cogitationis</strong></span> <span class='ocrx_word' id='word_1_82' title='bbox 1176 772 1454 839; x_wconf 83' lang='lat' dir='ltr'><strong>ﬁgmenta,</strong></span> <span class='ocrx_word' id='word_1_83' title='bbox 1489 777 1551 823; x_wconf 93' lang='lat' dir='ltr'><strong>ut</strong></span> <span class='ocrx_word' id='word_1_84' title='bbox 1592 767 1949 838; x_wconf 88' lang='lat' dir='ltr'><strong>Evangelium</strong></span> 
     </span>
    </p>
   </div>
   <div class='ocr_carea' id='block_1_14' title="bbox 2060 767 3636 845">
    <p class='ocr_par' dir='ltr' id='par_1_14' title="bbox 2060 770 3636 845">
     <span class='ocr_line' id='line_1_14' title="bbox 2060 770 3636 845; baseline -0.001 -18"><span class='ocrx_word' id='word_1_85' title='bbox 2060 773 2323 845; x_wconf 86' lang='grc' dir='ltr'><strong>συνήλασε</strong></span> <span class='ocrx_word' id='word_1_86' title='bbox 2366 773 2583 844; x_wconf 84' lang='grc' dir='ltr'><strong>γνώμη,</strong></span> <span class='ocrx_word' id='word_1_87' title='bbox 2625 773 2993 844; x_wconf 79' lang='grc' dir='ltr'><strong>ἐπεχείρησαν</strong></span> <span class='ocrx_word' id='word_1_88' title='bbox 3040 770 3352 843; x_wconf 77' lang='grc' dir='ltr'><strong>διηγεῖσθαι</strong></span> <span class='ocrx_word' id='word_1_89' title='bbox 3386 770 3636 834; x_wconf 77' lang='grc' dir='ltr'><strong>διανοίας</strong></span> 
     </span>
    </p>
   </div>
   <div class='ocr_carea' id='block_1_15' title="bbox 357 860 1950 934">
    <p class='ocr_par' dir='ltr' id='par_1_15' title="bbox 357 860 1950 934">
     <span class='ocr_line' id='line_1_15' title="bbox 357 860 1950 934; baseline -0.003 -16"><span class='ocrx_word' id='word_1_90' title='bbox 357 866 423 918; x_wconf 88' lang='lat' dir='ltr'><strong>ad</strong></span> <span class='ocrx_word' id='word_1_91' title='bbox 454 863 743 934; x_wconf 65' lang='lat' dir='ltr'><strong>Egyptios</strong></span> <span class='ocrx_word' id='word_1_92' title='bbox 772 863 1000 924; x_wconf 90' lang='lat' dir='ltr'><strong>dictum,</strong></span> <span class='ocrx_word' id='word_1_93' title='bbox 1035 870 1088 916; x_wconf 92' lang='lat' dir='ltr'><strong>et</strong></span> <span class='ocrx_word' id='word_1_94' title='bbox 1112 860 1464 931; x_wconf 81' lang='lat' dir='ltr'><strong>Evangelium</strong></span> <span class='ocrx_word' id='word_1_95' title='bbox 1497 860 1606 914; x_wconf 86' lang='grc' dir='ltr'><strong>τῶν</strong></span> <span class='ocrx_word' id='word_1_96' title='bbox 1644 860 1950 915; x_wconf 88' lang='lat' dir='ltr'><strong>duodecim.</strong></span> 
     </span>
    </p>
   </div>
   <div class='ocr_carea' id='block_1_16' title="bbox 356 952 1955 1020">
    <p class='ocr_par' dir='ltr' id='par_1_16' title="bbox 356 952 1955 1020">
     <span class='ocr_line' id='line_1_16' title="bbox 356 952 1955 1020; baseline -0.003 -10"><span class='ocrx_word' id='word_1_97' title='bbox 356 956 492 1010; x_wconf 85' lang='lat' dir='ltr'><strong>Nam</strong></span> <span class='ocrx_word' id='word_1_98' title='bbox 525 965 583 1009; x_wconf 94' lang='lat' dir='ltr'><strong>ut</strong></span> <span class='ocrx_word' id='word_1_99' title='bbox 611 955 887 1009; x_wconf 84' lang='lat' dir='ltr'><strong>frumento</strong></span> <span class='ocrx_word' id='word_1_100' title='bbox 924 954 1157 1020; x_wconf 87' lang='lat' dir='ltr'><strong>zizania,</strong></span> <span class='ocrx_word' id='word_1_101' title='bbox 1212 953 1292 1008; x_wconf 92' lang='lat' dir='ltr'><strong>sic</strong></span> <span class='ocrx_word' id='word_1_102' title='bbox 1326 952 1543 1007; x_wconf 80' lang='lat' dir='ltr'><strong>veritati</strong></span> <span class='ocrx_word' id='word_1_103' title='bbox 1578 952 1775 1006; x_wconf 88' lang='lat' dir='ltr'><strong>nititur</strong></span> <span class='ocrx_word' id='word_1_104' title='bbox 1801 967 1955 1007; x_wconf 87' lang='lat' dir='ltr'><strong>men-</strong></span> 
     </span>
    </p>
   </div>
   <div class='ocr_carea' id='block_1_17' title="bbox 357 1045 1957 1115">
    <p class='ocr_par' dir='ltr' id='par_1_17' title="bbox 357 1045 1957 1115">
     <span class='ocr_line' id='line_1_17' title="bbox 357 1045 1957 1115; baseline -0.004 -10"><span class='ocrx_word' id='word_1_105' title='bbox 357 1046 576 1105; x_wconf 88' lang='lat' dir='ltr'><strong>dacium</strong></span> <span class='ocrx_word' id='word_1_106' title='bbox 636 1048 960 1115; x_wconf 85' lang='lat' dir='ltr'><strong>insurgere;</strong></span> <span class='ocrx_word' id='word_1_107' title='bbox 1017 1045 1121 1100; x_wconf 91' lang='lat' dir='ltr'><strong>ista</strong></span> <span class='ocrx_word' id='word_1_108' title='bbox 1152 1053 1337 1099; x_wconf 88' lang='lat' dir='ltr'><strong>autem</strong></span> <span class='ocrx_word' id='word_1_109' title='bbox 1384 1060 1415 1100; x_wconf 92' lang='lat' dir='ltr'><strong>a</strong></span> <span class='ocrx_word' id='word_1_110' title='bbox 1471 1046 1685 1115; x_wconf 91' lang='lat' dir='ltr'><strong>piorum</strong></span> <span class='ocrx_word' id='word_1_111' title='bbox 1713 1054 1867 1100; x_wconf 73' lang='lat' dir='ltr'><strong>eretu</strong></span> <span class='ocrx_word' id='word_1_112' title='bbox 1901 1052 1957 1099; x_wconf 89' lang='lat' dir='ltr'><strong>et</strong></span> 
     </span>
    </p>
   </div>
   <div class='ocr_carea' id='block_1_18' title="bbox 360 1134 1954 1206">
    <p class='ocr_par' dir='ltr' id='par_1_18' title="bbox 360 1134 1954 1206">
     <span class='ocr_line' id='line_1_18' title="bbox 360 1134 1954 1206; baseline -0.002 -13"><span class='ocrx_word' id='word_1_113' title='bbox 360 1142 623 1195; x_wconf 86' lang='lat' dir='ltr'><strong>memoria</strong></span> <span class='ocrx_word' id='word_1_114' title='bbox 656 1139 929 1194; x_wconf 83' lang='lat' dir='ltr'><strong>exsulant.</strong></span> <span class='ocrx_word' id='word_1_115' title='bbox 982 1137 1086 1193; x_wconf 88' lang='lat' dir='ltr'><strong>Sed</strong></span> <span class='ocrx_word' id='word_1_116' title='bbox 1118 1137 1315 1193; x_wconf 86' lang='lat' dir='ltr'><strong>beatus</strong></span> <span class='ocrx_word' id='word_1_117' title='bbox 1356 1136 1536 1193; x_wconf 88' lang='lat' dir='ltr'><strong>Lucas</strong></span> <span class='ocrx_word' id='word_1_118' title='bbox 1579 1176 1595 1202; x_wconf 92' lang='lat'><strong>,</strong></span> <span class='ocrx_word' id='word_1_119' title='bbox 1629 1134 1774 1191; x_wconf 89' lang='lat' dir='ltr'><strong>Inter</strong></span> <span class='ocrx_word' id='word_1_120' title='bbox 1811 1151 1954 1206; x_wconf 64' lang='lat' dir='ltr'><strong>quae,</strong></span> 
     </span>
    </p>
   </div>
   <div class='ocr_carea' id='block_1_19' title="bbox 360 1229 1951 1302">
    <p class='ocr_par' dir='ltr' id='par_1_19' title="bbox 360 1229 1951 1302">
     <span class='ocr_line' id='line_1_19' title="bbox 360 1229 1951 1302; baseline -0.003 -15"><span class='ocrx_word' id='word_1_121' title='bbox 360 1233 508 1298; x_wconf 85' lang='lat' dir='ltr'><strong>dicit,</strong></span> <span class='ocrx_word' id='word_1_122' title='bbox 542 1242 601 1287; x_wconf 90' lang='lat' dir='ltr'><strong>ut</strong></span> <span class='ocrx_word' id='word_1_123' title='bbox 629 1232 823 1286; x_wconf 91' lang='lat' dir='ltr'><strong>horum</strong></span> <span class='ocrx_word' id='word_1_124' title='bbox 852 1233 945 1301; x_wconf 89' lang='lat' dir='ltr'><strong>qui</strong></span> <span class='ocrx_word' id='word_1_125' title='bbox 968 1239 1094 1286; x_wconf 86' lang='lat' dir='ltr'><strong>ante</strong></span> <span class='ocrx_word' id='word_1_126' title='bbox 1124 1232 1300 1302; x_wconf 89' lang='lat' dir='ltr'><strong>ipsum</strong></span> <span class='ocrx_word' id='word_1_127' title='bbox 1322 1229 1678 1299; x_wconf 88' lang='lat' dir='ltr'><strong>Evangelium</strong></span> <span class='ocrx_word' id='word_1_128' title='bbox 1708 1230 1951 1299; x_wconf 84' lang='lat' dir='ltr'><strong>scripse-</strong></span> 
     </span>
    </p>
   </div>
   <div class='ocr_carea' id='block_1_20' title="bbox 2054 864 3639 936">
    <p class='ocr_par' dir='ltr' id='par_1_20' title="bbox 2054 864 3639 936">
     <span class='ocr_line' id='line_1_20' title="bbox 2054 864 3639 936; baseline -0.003 -15"><span class='ocrx_word' id='word_1_129' title='bbox 2054 867 2190 929; x_wconf 83' lang='grc' dir='ltr'><strong>ἰδίας</strong></span> <span class='ocrx_word' id='word_1_130' title='bbox 2210 865 2632 936; x_wconf 79' lang='grc' dir='ltr'><strong>ἀναπλάσματα,</strong></span> <span class='ocrx_word' id='word_1_131' title='bbox 2648 866 2725 929; x_wconf 80' lang='grc' dir='ltr'><strong>ὡς</strong></span> <span class='ocrx_word' id='word_1_132' title='bbox 2741 866 2804 919; x_wconf 75' lang='grc' dir='ltr'><strong>τὸ</strong></span> <span class='ocrx_word' id='word_1_133' title='bbox 2819 864 3113 936; x_wconf 84' lang='grc' dir='ltr'><strong>λεγόμενον</strong></span> <span class='ocrx_word' id='word_1_134' title='bbox 3136 864 3261 917; x_wconf 85' lang='grc' dir='ltr'><strong>κατ’</strong></span> <span class='ocrx_word' id='word_1_135' title='bbox 3275 866 3639 932; x_wconf 85' lang='grc' dir='ltr'><strong>Δίγυπτίους,</strong></span> 
     </span>
    </p>
   </div>
   <div class='ocr_carea' id='block_1_21' title="bbox 2051 954 3643 1027">
    <p class='ocr_par' dir='ltr' id='par_1_21' title="bbox 2051 954 3643 1027">
     <span class='ocr_line' id='line_1_21' title="bbox 2051 954 3643 1027; baseline -0.001 -18"><span class='ocrx_word' id='word_1_136' title='bbox 2051 958 2151 1011; x_wconf 76' lang='grc' dir='ltr'><strong>καί</strong></span> <span class='ocrx_word' id='word_1_137' title='bbox 2190 956 2300 1011; x_wconf 86' lang='grc' dir='ltr'><strong>τῶν</strong></span> <span class='ocrx_word' id='word_1_138' title='bbox 2341 956 2554 1011; x_wconf 79' lang='grc' dir='ltr'><strong>δώδεκα</strong></span> <span class='ocrx_word' id='word_1_139' title='bbox 2604 955 2960 1026; x_wconf 83' lang='grc' dir='ltr'><strong>Εὑαγγέλιον.</strong></span> <span class='ocrx_word' id='word_1_140' title='bbox 3011 955 3103 1019; x_wconf 84' lang='grc' dir='ltr'><strong>Ὦς</strong></span> <span class='ocrx_word' id='word_1_141' title='bbox 3132 954 3242 1027; x_wconf 81' lang='grc' dir='ltr'><strong>γὰρ</strong></span> <span class='ocrx_word' id='word_1_142' title='bbox 3271 954 3353 1026; x_wconf 82' lang='grc' dir='ltr'><strong>τῷ</strong></span> <span class='ocrx_word' id='word_1_143' title='bbox 3397 955 3532 1027; x_wconf 81' lang='grc' dir='ltr'><strong>σίτῳ</strong></span> <span class='ocrx_word' id='word_1_144' title='bbox 3578 955 3643 1008; x_wconf 73' lang='grc' dir='ltr'><strong>τὸ</strong></span> 
     </span>
    </p>
   </div>
   <div class='ocr_carea' id='block_1_22' title="bbox 2054 1046 3647 1121">
    <p class='ocr_par' dir='ltr' id='par_1_22' title="bbox 2054 1046 3647 1121">
     <span class='ocr_line' id='line_1_22' title="bbox 2054 1046 3647 1121; baseline -0.001 -18"><span class='ocrx_word' id='word_1_145' title='bbox 2054 1050 2315 1118; x_wconf 81' lang='grc' dir='ltr'><strong>ζιζάνιον,</strong></span> <span class='ocrx_word' id='word_1_146' title='bbox 2343 1049 2518 1115; x_wconf 78' lang='grc' dir='ltr'><strong>οὕτως</strong></span> <span class='ocrx_word' id='word_1_147' title='bbox 2544 1050 2641 1105; x_wconf 77' lang='grc' dir='ltr'><strong>καὶ</strong></span> <span class='ocrx_word' id='word_1_148' title='bbox 2664 1051 2732 1121; x_wconf 84' lang='grc' dir='ltr'><strong>τῇ</strong></span> <span class='ocrx_word' id='word_1_149' title='bbox 2771 1048 3003 1120; x_wconf 77' lang='grc' dir='ltr'><strong>ἀληθείᾳ</strong></span> <span class='ocrx_word' id='word_1_150' title='bbox 3030 1048 3333 1117; x_wconf 81' lang='grc' dir='ltr'><strong>φιλονεικεῖ</strong></span> <span class='ocrx_word' id='word_1_151' title='bbox 3361 1048 3425 1102; x_wconf 85' lang='grc' dir='ltr'><strong>τδ</strong></span> <span class='ocrx_word' id='word_1_152' title='bbox 3443 1046 3647 1119; x_wconf 68' lang='grc' dir='ltr'><strong>ψεῦδος</strong></span> 
     </span>
    </p>
   </div>
   <div class='ocr_carea' id='block_1_23' title="bbox 2054 1138 3648 1209">
    <p class='ocr_par' dir='ltr' id='par_1_23' title="bbox 2054 1138 3648 1209">
     <span class='ocr_line' id='line_1_23' title="bbox 2054 1138 3648 1209; baseline -0.004 -13"><span class='ocrx_word' id='word_1_153' title='bbox 2054 1141 2521 1196; x_wconf 88' lang='grc' dir='ltr'><strong>ἐπισυνίστασθαι.</strong></span> <span class='ocrx_word' id='word_1_154' title='bbox 2584 1140 2724 1194; x_wconf 83' lang='grc' dir='ltr'><strong>Ἀλλ’</strong></span> <span class='ocrx_word' id='word_1_155' title='bbox 2766 1142 2955 1192; x_wconf 73' lang='grc' dir='ltr'><strong>ἐκεῖνα</strong></span> <span class='ocrx_word' id='word_1_156' title='bbox 3002 1138 3103 1209; x_wconf 74' lang='grc' dir='ltr'><strong>μὲν</strong></span> <span class='ocrx_word' id='word_1_157' title='bbox 3133 1138 3518 1191; x_wconf 77' lang='grc' dir='ltr'><strong>εὐσεϐούντων</strong></span> <span class='ocrx_word' id='word_1_158' title='bbox 3546 1138 3648 1191; x_wconf 75' lang='grc' dir='ltr'><strong>καὶ</strong></span> 
     </span>
    </p>
   </div>
   <div class='ocr_carea' id='block_1_24' title="bbox 2054 1229 3647 1306">
    <p class='ocr_par' dir='ltr' id='par_1_24' title="bbox 2054 1229 3647 1306">
     <span class='ocr_line' id='line_1_24' title="bbox 2054 1229 3647 1306; baseline -0.004 -18"><span class='ocrx_word' id='word_1_159' title='bbox 2054 1234 2220 1306; x_wconf 80' lang='grc' dir='ltr'><strong>χοροῦ</strong></span> <span class='ocrx_word' id='word_1_160' title='bbox 2264 1234 2362 1288; x_wconf 69' lang='grc' dir='ltr'><strong>καί⁵</strong></span> <span class='ocrx_word' id='word_1_161' title='bbox 2400 1235 2620 1306; x_wconf 77' lang='grc' dir='ltr'><strong>μνήμης</strong></span> <span class='ocrx_word' id='word_1_162' title='bbox 2674 1232 3135 1303; x_wconf 76' lang='grc' dir='ltr'><strong>ἐξωστράκισται.</strong></span> <span class='ocrx_word' id='word_1_163' title='bbox 3187 1230 3250 1283; x_wconf 90' lang='lat'><strong>&#39;0</strong></span> <span class='ocrx_word' id='word_1_164' title='bbox 3279 1230 3338 1284; x_wconf 83' lang='grc' dir='ltr'><strong>δέ</strong></span> <span class='ocrx_word' id='word_1_165' title='bbox 3370 1229 3647 1301; x_wconf 76' lang='grc' dir='ltr'><strong>μακάριος</strong></span> 
     </span>
    </p>
   </div>
   <div class='ocr_carea' id='block_1_25' title="bbox 360 1317 1953 1396">
    <p class='ocr_par' dir='ltr' id='par_1_25' title="bbox 360 1324 1953 1395">
     <span class='ocr_line' id='line_1_25' title="bbox 360 1324 1953 1395; baseline -0.002 -15"><span class='ocrx_word' id='word_1_166' title='bbox 360 1336 489 1380; x_wconf 86' lang='lat' dir='ltr'><strong>runt</strong></span> <span class='ocrx_word' id='word_1_167' title='bbox 518 1327 787 1381; x_wconf 87' lang='lat' dir='ltr'><strong>veracitas</strong></span> <span class='ocrx_word' id='word_1_168' title='bbox 820 1333 1063 1389; x_wconf 85' lang='lat' dir='ltr'><strong>constet,</strong></span> <span class='ocrx_word' id='word_1_169' title='bbox 1121 1325 1177 1379; x_wconf 90' lang='lat' dir='ltr'><strong>in</strong></span> <span class='ocrx_word' id='word_1_170' title='bbox 1219 1325 1402 1380; x_wconf 85' lang='lat' dir='ltr'><strong>simile</strong></span> <span class='ocrx_word' id='word_1_171' title='bbox 1460 1325 1569 1379; x_wconf 90' lang='lat' dir='ltr'><strong>illis</strong></span> <span class='ocrx_word' id='word_1_172' title='bbox 1613 1324 1953 1395; x_wconf 86' lang='lat' dir='ltr'><strong>propositum</strong></span> 
     </span>
    </p>
   </div>
   <div class='ocr_carea' id='block_1_26' title="bbox 2060 1317 3647 1396">
    <p class='ocr_par' dir='ltr' id='par_1_26' title="bbox 2060 1317 3647 1396">
     <span class='ocr_line' id='line_1_26' title="bbox 2060 1317 3647 1396; baseline -0.003 -17"><span class='ocrx_word' id='word_1_173' title='bbox 2060 1327 2298 1389; x_wconf 82' lang='grc' dir='ltr'><strong>Λουκᾶς·</strong></span> <span class='ocrx_word' id='word_1_174' title='bbox 2334 1327 2411 1379; x_wconf 81' lang='grc' dir='ltr'><strong>Δι’</strong></span> <span class='ocrx_word' id='word_1_175' title='bbox 2458 1317 2533 1379; x_wconf 80' lang='grc' dir='ltr'><strong>ὧν</strong></span> <span class='ocrx_word' id='word_1_176' title='bbox 2578 1324 2682 1396; x_wconf 78' lang='grc' dir='ltr'><strong>ἔφη</strong></span> <span class='ocrx_word' id='word_1_177' title='bbox 2736 1321 3114 1395; x_wconf 90' lang='grc' dir='ltr'><strong>συστήσασθαι</strong></span> <span class='ocrx_word' id='word_1_178' title='bbox 3164 1327 3276 1375; x_wconf 84' lang='grc' dir='ltr'><strong>τῶν</strong></span> <span class='ocrx_word' id='word_1_179' title='bbox 3320 1322 3430 1391; x_wconf 83' lang='grc' dir='ltr'><strong>πρὸ</strong></span> <span class='ocrx_word' id='word_1_180' title='bbox 3474 1320 3647 1375; x_wconf 76' lang='grc' dir='ltr'><strong>αὐτοῦ</strong></span> 
     </span>
    </p>
   </div>
   <div class='ocr_carea' id='block_1_27' title="bbox 362 1412 1953 1487">
    <p class='ocr_par' dir='ltr' id='par_1_27' title="bbox 362 1414 1953 1487">
     <span class='ocr_line' id='line_1_27' title="bbox 362 1414 1953 1487; baseline -0.003 -15"><span class='ocrx_word' id='word_1_181' title='bbox 362 1417 685 1487; x_wconf 83' lang='lat' dir='ltr'><strong>ingreditur,</strong></span> <span class='ocrx_word' id='word_1_182' title='bbox 749 1417 818 1471; x_wconf 88' lang='lat' dir='ltr'><strong>ob</strong></span> <span class='ocrx_word' id='word_1_183' title='bbox 866 1416 1115 1470; x_wconf 90' lang='lat' dir='ltr'><strong>eamdem</strong></span> <span class='ocrx_word' id='word_1_184' title='bbox 1191 1430 1418 1470; x_wconf 75' lang='lat' dir='ltr'><strong>causam</strong></span> <span class='ocrx_word' id='word_1_185' title='bbox 1468 1432 1590 1487; x_wconf 72' lang='lat' dir='ltr'><strong>quae</strong></span> <span class='ocrx_word' id='word_1_186' title='bbox 1638 1426 1691 1471; x_wconf 88' lang='lat' dir='ltr'><strong>ct</strong></span> <span class='ocrx_word' id='word_1_187' title='bbox 1720 1415 1827 1470; x_wconf 90' lang='lat' dir='ltr'><strong>illis</strong></span> <span class='ocrx_word' id='word_1_188' title='bbox 1856 1414 1953 1469; x_wconf 85' lang='lat' dir='ltr'><strong>fuit</strong></span> 
     </span>
    </p>
   </div>
   <div class='ocr_carea' id='block_1_28' title="bbox 2060 1412 3647 1487">
    <p class='ocr_par' dir='ltr' id='par_1_28' title="bbox 2060 1412 3647 1487">
     <span class='ocr_line' id='line_1_28' title="bbox 2060 1412 3647 1487; baseline -0.003 -18"><span class='ocrx_word' id='word_1_189' title='bbox 2060 1416 2459 1486; x_wconf 78' lang='grc' dir='ltr'><strong>εύαγγελιστῶν</strong></span> <span class='ocrx_word' id='word_1_190' title='bbox 2488 1416 2586 1487; x_wconf 83' lang='grc' dir='ltr'><strong>τήν</strong></span> <span class='ocrx_word' id='word_1_191' title='bbox 2615 1414 2925 1486; x_wconf 74' lang='grc' dir='ltr'><strong>ἀκρίϐειαν,</strong></span> <span class='ocrx_word' id='word_1_192' title='bbox 2962 1413 3055 1467; x_wconf 74' lang='grc' dir='ltr'><strong>ἐπὶ</strong></span> <span class='ocrx_word' id='word_1_193' title='bbox 3076 1412 3175 1483; x_wconf 78' lang='grc' dir='ltr'><strong>τὴν</strong></span> <span class='ocrx_word' id='word_1_194' title='bbox 3193 1412 3389 1481; x_wconf 81' lang='grc' dir='ltr'><strong>ὁμοίαν</strong></span> <span class='ocrx_word' id='word_1_195' title='bbox 3411 1412 3647 1474; x_wconf 81' lang='grc' dir='ltr'><strong>ἐκείνοις</strong></span> 
     </span>
    </p>
   </div>
   <div class='ocr_carea' id='block_1_29' title="bbox 361 1504 1953 1581">
    <p class='ocr_par' dir='ltr' id='par_1_29' title="bbox 361 1506 1953 1578">
     <span class='ocr_line' id='line_1_29' title="bbox 361 1506 1953 1578; baseline -0.002 -14"><span class='ocrx_word' id='word_1_196' title='bbox 361 1509 658 1565; x_wconf 82' lang='lat' dir='ltr'><strong>scribendi.</strong></span> <span class='ocrx_word' id='word_1_197' title='bbox 728 1506 799 1562; x_wconf 88' lang='lat' dir='ltr'><strong>Ut</strong></span> <span class='ocrx_word' id='word_1_198' title='bbox 860 1508 1008 1562; x_wconf 90' lang='lat' dir='ltr'><strong>enim</strong></span> <span class='ocrx_word' id='word_1_199' title='bbox 1079 1507 1159 1561; x_wconf 88' lang='lat' dir='ltr'><strong>illi</strong></span> <span class='ocrx_word' id='word_1_200' title='bbox 1216 1522 1282 1562; x_wconf 89' lang='lat' dir='ltr'><strong>eo</strong></span> <span class='ocrx_word' id='word_1_201' title='bbox 1337 1509 1483 1578; x_wconf 91' lang='lat' dir='ltr'><strong>quod</strong></span> <span class='ocrx_word' id='word_1_202' title='bbox 1515 1516 1870 1578; x_wconf 88' lang='lat' dir='ltr'><strong>acceperunt,</strong></span> <span class='ocrx_word' id='word_1_203' title='bbox 1903 1516 1953 1561; x_wconf 83' lang='lat' dir='ltr'><strong>et</strong></span> 
     </span>
    </p>
   </div>
   <div class='ocr_carea' id='block_1_30' title="bbox 2060 1504 3648 1581">
    <p class='ocr_par' dir='ltr' id='par_1_30' title="bbox 2060 1504 3648 1581">
     <span class='ocr_line' id='line_1_30' title="bbox 2060 1504 3648 1581; baseline -0.003 -20"><span class='ocrx_word' id='word_1_204' title='bbox 2060 1510 2377 1581; x_wconf 84' lang='grc' dir='ltr'><strong>προαίρεσιν</strong></span> <span class='ocrx_word' id='word_1_205' title='bbox 2393 1508 2708 1580; x_wconf 77' lang='grc' dir='ltr'><strong>ἔρχεται,δι⁹</strong></span> <span class='ocrx_word' id='word_1_206' title='bbox 2729 1507 2913 1562; x_wconf 85' lang='grc' dir='ltr'><strong>αἰτίαν</strong></span> <span class='ocrx_word' id='word_1_207' title='bbox 2930 1504 2998 1560; x_wconf 81' lang='grc' dir='ltr'><strong>δι’</strong></span> <span class='ocrx_word' id='word_1_208' title='bbox 3014 1506 3081 1576; x_wconf 87' lang='grc' dir='ltr'><strong>ἢν</strong></span> <span class='ocrx_word' id='word_1_209' title='bbox 3096 1504 3372 1567; x_wconf 86' lang='grc' dir='ltr'><strong>κάκείνοις</strong></span> <span class='ocrx_word' id='word_1_210' title='bbox 3408 1504 3648 1577; x_wconf 80' lang='grc' dir='ltr'><strong>γράφειν</strong></span> 
     </span>
    </p>
   </div>
   <div class='ocr_carea' id='block_1_31' title="bbox 362 1596 1953 1673">
    <p class='ocr_par' dir='ltr' id='par_1_31' title="bbox 362 1598 1951 1670">
     <span class='ocr_line' id='line_1_31' title="bbox 362 1598 1951 1670; baseline -0.001 -16"><span class='ocrx_word' id='word_1_211' title='bbox 362 1612 618 1669; x_wconf 83' lang='lat' dir='ltr'><strong>tanquam</strong></span> <span class='ocrx_word' id='word_1_212' title='bbox 679 1608 1011 1670; x_wconf 81' lang='lat' dir='ltr'><strong>acceperunt</strong></span> <span class='ocrx_word' id='word_1_213' title='bbox 1056 1598 1327 1665; x_wconf 90' lang='lat' dir='ltr'><strong>scribunt,</strong></span> <span class='ocrx_word' id='word_1_214' title='bbox 1359 1600 1438 1655; x_wconf 91' lang='lat' dir='ltr'><strong>sic</strong></span> <span class='ocrx_word' id='word_1_215' title='bbox 1476 1609 1531 1655; x_wconf 92' lang='lat' dir='ltr'><strong>et</strong></span> <span class='ocrx_word' id='word_1_216' title='bbox 1557 1600 1673 1670; x_wconf 90' lang='lat' dir='ltr'><strong>ipse</strong></span> <span class='ocrx_word' id='word_1_217' title='bbox 1701 1613 1768 1653; x_wconf 92' lang='lat' dir='ltr'><strong>eo</strong></span> <span class='ocrx_word' id='word_1_218' title='bbox 1804 1598 1951 1669; x_wconf 91' lang='lat' dir='ltr'><strong>quod</strong></span> 
     </span>
    </p>
   </div>
   <div class='ocr_carea' id='block_1_32' title="bbox 2060 1596 3648 1673">
    <p class='ocr_par' dir='ltr' id='par_1_32' title="bbox 2060 1596 3648 1673">
     <span class='ocr_line' id='line_1_32' title="bbox 2060 1596 3648 1673; baseline -0.003 -19"><span class='ocrx_word' id='word_1_219' title='bbox 2060 1603 2297 1672; x_wconf 85' lang='grc' dir='ltr'><strong>ἐγένετο.</strong></span> <span class='ocrx_word' id='word_1_220' title='bbox 2335 1602 2424 1665; x_wconf 84' lang='grc' dir='ltr'><strong>’ος</strong></span> <span class='ocrx_word' id='word_1_221' title='bbox 2449 1601 2557 1673; x_wconf 86' lang='grc' dir='ltr'><strong>γὰρ</strong></span> <span class='ocrx_word' id='word_1_222' title='bbox 2587 1602 2787 1655; x_wconf 77' lang='grc' dir='ltr'><strong>ἐκεῖνοι</strong></span> <span class='ocrx_word' id='word_1_223' title='bbox 2811 1599 2947 1653; x_wconf 81' lang='grc' dir='ltr'><strong>διότι</strong></span> <span class='ocrx_word' id='word_1_224' title='bbox 2972 1597 3305 1669; x_wconf 70' lang='grc' dir='ltr'><strong>παρέλαϐον,</strong></span> <span class='ocrx_word' id='word_1_225' title='bbox 3333 1598 3431 1651; x_wconf 75' lang='grc' dir='ltr'><strong>καὶ</strong></span> <span class='ocrx_word' id='word_1_226' title='bbox 3458 1596 3648 1662; x_wconf 83' lang='grc' dir='ltr'><strong>καθὼς</strong></span> 
     </span>
    </p>
   </div>
   <div class='ocr_carea' id='block_1_33' title="bbox 362 1666 1953 1767">
    <p class='ocr_par' dir='ltr' id='par_1_33' title="bbox 362 1690 1953 1763">
     <span class='ocr_line' id='line_1_33' title="bbox 362 1690 1953 1763; baseline -0.001 -16"><span class='ocrx_word' id='word_1_227' title='bbox 362 1710 390 1747; x_wconf 91' lang='lat' dir='ltr'><strong>a</strong></span> <span class='ocrx_word' id='word_1_228' title='bbox 430 1692 719 1763; x_wconf 87' lang='lat' dir='ltr'><strong>principio,</strong></span> <span class='ocrx_word' id='word_1_229' title='bbox 750 1702 805 1746; x_wconf 91' lang='lat' dir='ltr'><strong>et</strong></span> <span class='ocrx_word' id='word_1_230' title='bbox 846 1701 1111 1760; x_wconf 85' lang='lat' dir='ltr'><strong>tanquam</strong></span> <span class='ocrx_word' id='word_1_231' title='bbox 1143 1702 1437 1747; x_wconf 88' lang='lat' dir='ltr'><strong>assecutus</strong></span> <span class='ocrx_word' id='word_1_232' title='bbox 1476 1701 1581 1757; x_wconf 90' lang='lat' dir='ltr'><strong>est,</strong></span> <span class='ocrx_word' id='word_1_233' title='bbox 1612 1692 1689 1745; x_wconf 91' lang='lat' dir='ltr'><strong>ita</strong></span> <span class='ocrx_word' id='word_1_234' title='bbox 1723 1690 1791 1745; x_wconf 88' lang='lat' dir='ltr'><strong>ad</strong></span> <span class='ocrx_word' id='word_1_235' title='bbox 1818 1691 1953 1745; x_wconf 89' lang='lat' dir='ltr'><strong>scri-</strong></span> 
     </span>
    </p>
   </div>
   <div class='ocr_carea' id='block_1_34' title="bbox 2060 1666 3647 1767">
    <p class='ocr_par' dir='ltr' id='par_1_34' title="bbox 2060 1666 3647 1767">
     <span class='ocr_line' id='line_1_34' title="bbox 2060 1666 3647 1767; baseline -0.004 -20"><span class='ocrx_word' id='word_1_236' title='bbox 2060 1666 2368 1767; x_wconf 77' lang='grc' dir='ltr'><strong>παρέλαϐον</strong></span> <span class='ocrx_word' id='word_1_237' title='bbox 2415 1666 2746 1765; x_wconf 66' lang='grc' dir='ltr'><strong>γράφουσιν,</strong></span> <span class='ocrx_word' id='word_1_238' title='bbox 2791 1690 2934 1746; x_wconf 72' lang='grc' dir='ltr'><strong>οὕτω</strong></span> <span class='ocrx_word' id='word_1_239' title='bbox 2968 1666 3070 1744; x_wconf 56' lang='grc' dir='ltr'><strong>καί</strong></span> <span class='ocrx_word' id='word_1_240' title='bbox 3106 1680 3264 1753; x_wconf 74' lang='grc' dir='ltr'><strong>οὗτος</strong></span> <span class='ocrx_word' id='word_1_241' title='bbox 3294 1689 3432 1744; x_wconf 81' lang='grc' dir='ltr'><strong>διότι</strong></span> <span class='ocrx_word' id='word_1_242' title='bbox 3462 1690 3562 1744; x_wconf 78' lang='grc' dir='ltr'><strong>καὶ</strong></span> <span class='ocrx_word' id='word_1_243' title='bbox 3586 1689 3647 1756; x_wconf 80' lang='grc' dir='ltr'><strong>ἐξ</strong></span> 
     </span>
    </p>
   </div>
   <div class='ocr_carea' id='block_1_35' title="bbox 359 1780 1955 1853">
    <p class='ocr_par' dir='ltr' id='par_1_35' title="bbox 359 1780 1955 1853">
     <span class='ocr_line' id='line_1_35' title="bbox 359 1780 1955 1853; baseline -0.001 -16"><span class='ocrx_word' id='word_1_244' title='bbox 359 1782 597 1838; x_wconf 88' lang='lat' dir='ltr'><strong>bendum</strong></span> <span class='ocrx_word' id='word_1_245' title='bbox 632 1783 901 1837; x_wconf 88' lang='lat' dir='ltr'><strong>adductus</strong></span> <span class='ocrx_word' id='word_1_246' title='bbox 936 1791 1054 1848; x_wconf 85' lang='lat' dir='ltr'><strong>est;</strong></span> <span class='ocrx_word' id='word_1_247' title='bbox 1085 1797 1196 1836; x_wconf 90' lang='lat' dir='ltr'><strong>non</strong></span> <span class='ocrx_word' id='word_1_248' title='bbox 1227 1782 1392 1853; x_wconf 87' lang='lat' dir='ltr'><strong>igitur</strong></span> <span class='ocrx_word' id='word_1_249' title='bbox 1422 1781 1701 1837; x_wconf 89' lang='lat' dir='ltr'><strong>contraria</strong></span> <span class='ocrx_word' id='word_1_250' title='bbox 1733 1782 1843 1836; x_wconf 89' lang='lat' dir='ltr'><strong>illis</strong></span> <span class='ocrx_word' id='word_1_251' title='bbox 1874 1780 1955 1836; x_wconf 83' lang='lat' dir='ltr'><strong>fa-</strong></span> 
     </span>
    </p>
   </div>
   <div class='ocr_carea' id='block_1_36' title="bbox 365 1871 1931 1944">
    <p class='ocr_par' dir='ltr' id='par_1_36' title="bbox 365 1871 1931 1944">
     <span class='ocr_line' id='line_1_36' title="bbox 365 1871 1931 1944; baseline -0.002 -15"><span class='ocrx_word' id='word_1_252' title='bbox 365 1876 530 1938; x_wconf 90' lang='lat' dir='ltr'><strong>ciem,</strong></span> <span class='ocrx_word' id='word_1_253' title='bbox 560 1873 657 1931; x_wconf 87' lang='lat' dir='ltr'><strong>sed</strong></span> <span class='ocrx_word' id='word_1_254' title='bbox 688 1890 797 1929; x_wconf 91' lang='lat' dir='ltr'><strong>una</strong></span> <span class='ocrx_word' id='word_1_255' title='bbox 838 1873 1214 1944; x_wconf 89' lang='lat' dir='ltr'><strong>progrediens,</strong></span> <span class='ocrx_word' id='word_1_256' title='bbox 1247 1874 1355 1927; x_wconf 92' lang='lat' dir='ltr'><strong>imo</strong></span> <span class='ocrx_word' id='word_1_257' title='bbox 1383 1872 1681 1929; x_wconf 77' lang='lat' dir='ltr'><strong>testiﬁcaris</strong></span> <span class='ocrx_word' id='word_1_258' title='bbox 1713 1871 1931 1928; x_wconf 85' lang='lat' dir='ltr'><strong>scribit.</strong></span> 
     </span>
    </p>
   </div>
   <div class='ocr_carea' id='block_1_37' title="bbox 361 1963 1948 2037">
    <p class='ocr_par' dir='ltr' id='par_1_37' title="bbox 361 1963 1948 2037">
     <span class='ocr_line' id='line_1_37' title="bbox 361 1963 1948 2037; baseline -0.001 -16"><span class='ocrx_word' id='word_1_259' title='bbox 361 1968 536 2021; x_wconf 86' lang='lat' dir='ltr'><strong>Aliam</strong></span> <span class='ocrx_word' id='word_1_260' title='bbox 586 1981 805 2037; x_wconf 89' lang='lat' dir='ltr'><strong>quoque</strong></span> <span class='ocrx_word' id='word_1_261' title='bbox 845 1967 913 2020; x_wconf 89' lang='lat' dir='ltr'><strong>ob</strong></span> <span class='ocrx_word' id='word_1_262' title='bbox 944 1980 1194 2031; x_wconf 85' lang='lat' dir='ltr'><strong>causam,</strong></span> <span class='ocrx_word' id='word_1_263' title='bbox 1229 1974 1290 2019; x_wconf 89' lang='lat' dir='ltr'><strong>ut</strong></span> <span class='ocrx_word' id='word_1_264' title='bbox 1320 1963 1627 2035; x_wconf 88' lang='lat' dir='ltr'><strong>&#39;l‘heophilo</strong></span> <span class='ocrx_word' id='word_1_265' title='bbox 1655 1964 1877 2020; x_wconf 87' lang='lat' dir='ltr'><strong>cuidam</strong></span> <span class='ocrx_word' id='word_1_266' title='bbox 1914 1978 1948 2019; x_wconf 87' lang='lat' dir='ltr'><strong>a</strong></span> 
     </span>
    </p>
   </div>
   <div class='ocr_carea' id='block_1_38' title="bbox 363 2056 1951 2124">
    <p class='ocr_par' dir='ltr' id='par_1_38' title="bbox 363 2056 1951 2124">
     <span class='ocr_line' id='line_1_38' title="bbox 363 2056 1951 2124; baseline -0.001 -11"><span class='ocrx_word' id='word_1_267' title='bbox 363 2061 475 2116; x_wconf 92' lang='lat' dir='ltr'><strong>Deo</strong></span> <span class='ocrx_word' id='word_1_268' title='bbox 506 2059 726 2122; x_wconf 87' lang='lat' dir='ltr'><strong>dilecto,</strong></span> <span class='ocrx_word' id='word_1_269' title='bbox 758 2074 885 2114; x_wconf 89' lang='lat' dir='ltr'><strong>cum</strong></span> <span class='ocrx_word' id='word_1_270' title='bbox 915 2057 1070 2113; x_wconf 92' lang='lat' dir='ltr'><strong>illum</strong></span> <span class='ocrx_word' id='word_1_271' title='bbox 1102 2058 1156 2113; x_wconf 92' lang='lat' dir='ltr'><strong>in</strong></span> <span class='ocrx_word' id='word_1_272' title='bbox 1190 2056 1426 2115; x_wconf 86' lang='lat' dir='ltr'><strong>veritate</strong></span> <span class='ocrx_word' id='word_1_273' title='bbox 1455 2058 1754 2124; x_wconf 83' lang='lat' dir='ltr'><strong>curaverit,</strong></span> <span class='ocrx_word' id='word_1_274' title='bbox 1789 2067 1845 2113; x_wconf 92' lang='lat' dir='ltr'><strong>et</strong></span> <span class='ocrx_word' id='word_1_275' title='bbox 1871 2057 1951 2113; x_wconf 90' lang='lat' dir='ltr'><strong>illi</strong></span> 
     </span>
    </p>
   </div>
   <div class='ocr_carea' id='block_1_39' title="bbox 366 2148 1957 2219">
    <p class='ocr_par' dir='ltr' id='par_1_39' title="bbox 366 2148 1957 2219">
     <span class='ocr_line' id='line_1_39' title="bbox 366 2148 1957 2219; baseline -0.003 -12"><span class='ocrx_word' id='word_1_276' title='bbox 366 2153 488 2207; x_wconf 90' lang='lat' dir='ltr'><strong>lidei</strong></span> <span class='ocrx_word' id='word_1_277' title='bbox 542 2165 855 2207; x_wconf 85' lang='lat' dir='ltr'><strong>sermonem</strong></span> <span class='ocrx_word' id='word_1_278' title='bbox 905 2164 1017 2204; x_wconf 90' lang='lat' dir='ltr'><strong>non</strong></span> <span class='ocrx_word' id='word_1_279' title='bbox 1063 2148 1341 2219; x_wconf 88' lang='lat' dir='ltr'><strong>scriptum</strong></span> <span class='ocrx_word' id='word_1_280' title='bbox 1404 2148 1728 2214; x_wconf 84' lang='lat' dir='ltr'><strong>tradiderit,</strong></span> <span class='ocrx_word' id='word_1_281' title='bbox 1778 2162 1957 2218; x_wconf 89' lang='lat' dir='ltr'><strong>neque</strong></span> 
     </span>
    </p>
   </div>
   <div class='ocr_carea' id='block_1_40' title="bbox 363 2242 1956 2314">
    <p class='ocr_par' dir='ltr' id='par_1_40' title="bbox 363 2242 1956 2314">
     <span class='ocr_line' id='line_1_40' title="bbox 363 2242 1956 2314; baseline -0.001 -15"><span class='ocrx_word' id='word_1_282' title='bbox 363 2244 552 2299; x_wconf 87' lang='lat' dir='ltr'><strong>auditu</strong></span> <span class='ocrx_word' id='word_1_283' title='bbox 585 2245 707 2300; x_wconf 89' lang='lat' dir='ltr'><strong>solo</strong></span> <span class='ocrx_word' id='word_1_284' title='bbox 746 2243 864 2298; x_wconf 72' lang='lat' dir='ltr'><strong>hmc</strong></span> <span class='ocrx_word' id='word_1_285' title='bbox 890 2242 1116 2298; x_wconf 87' lang='lat' dir='ltr'><strong>credere</strong></span> <span class='ocrx_word' id='word_1_286' title='bbox 1137 2257 1396 2298; x_wconf 89' lang='lat' dir='ltr'><strong>securum</strong></span> <span class='ocrx_word' id='word_1_287' title='bbox 1424 2258 1535 2298; x_wconf 91' lang='lat' dir='ltr'><strong>non</strong></span> <span class='ocrx_word' id='word_1_288' title='bbox 1570 2243 1661 2309; x_wconf 89' lang='lat' dir='ltr'><strong>sit,</strong></span> <span class='ocrx_word' id='word_1_289' title='bbox 1696 2258 1793 2314; x_wconf 90' lang='lat' dir='ltr'><strong>per</strong></span> <span class='ocrx_word' id='word_1_290' title='bbox 1820 2244 1956 2299; x_wconf 77' lang='lat' dir='ltr'><strong>scri-</strong></span> 
     </span>
    </p>
   </div>
   <div class='ocr_carea' id='block_1_41' title="bbox 364 2334 1957 2406">
    <p class='ocr_par' dir='ltr' id='par_1_41' title="bbox 364 2334 1957 2406">
     <span class='ocr_line' id='line_1_41' title="bbox 364 2334 1957 2406; baseline -0.001 -16"><span class='ocrx_word' id='word_1_291' title='bbox 364 2347 454 2406; x_wconf 87' lang='lat' dir='ltr'><strong>pta</strong></span> <span class='ocrx_word' id='word_1_292' title='bbox 506 2336 585 2393; x_wconf 84' lang='lat' dir='ltr'><strong>illi</strong></span> <span class='ocrx_word' id='word_1_293' title='bbox 628 2336 979 2392; x_wconf 86' lang='lat' dir='ltr'><strong>securitatem</strong></span> <span class='ocrx_word' id='word_1_294' title='bbox 1013 2335 1331 2400; x_wconf 86' lang='lat' dir='ltr'><strong>verborum,</strong></span> <span class='ocrx_word' id='word_1_295' title='bbox 1384 2334 1449 2390; x_wconf 85' lang='lat' dir='ltr'><strong>de</strong></span> <span class='ocrx_word' id='word_1_296' title='bbox 1496 2336 1685 2406; x_wconf 77' lang='lat' dir='ltr'><strong>quibus</strong></span> <span class='ocrx_word' id='word_1_297' title='bbox 1714 2336 1957 2391; x_wconf 79' lang='lat' dir='ltr'><strong>eruditus</strong></span> 
     </span>
    </p>
   </div>
   <div class='ocr_carea' id='block_1_42' title="bbox 338 2427 1955 2499">
    <p class='ocr_par' dir='ltr' id='par_1_42' title="bbox 338 2427 1955 2499">
     <span class='ocr_line' id='line_1_42' title="bbox 338 2427 1955 2499; baseline 0.004 -20"><span class='ocrx_word' id='word_1_298' title='bbox 338 2439 465 2493; x_wconf 66' lang='lat' dir='ltr'><strong>est,</strong></span> <span class='ocrx_word' id='word_1_299' title='bbox 493 2437 732 2499; x_wconf 34' lang='lat' dir='ltr'><strong>praistet,</strong></span> <span class='ocrx_word' id='word_1_300' title='bbox 758 2437 812 2482; x_wconf 94' lang='lat' dir='ltr'><strong>et</strong></span> <span class='ocrx_word' id='word_1_301' title='bbox 841 2443 937 2497; x_wconf 87' lang='lat' dir='ltr'><strong>per</strong></span> <span class='ocrx_word' id='word_1_302' title='bbox 967 2427 1123 2481; x_wconf 90' lang='lat' dir='ltr'><strong>illum</strong></span> <span class='ocrx_word' id='word_1_303' title='bbox 1150 2427 1357 2482; x_wconf 90' lang='lat' dir='ltr'><strong>mundo</strong></span> <span class='ocrx_word' id='word_1_304' title='bbox 1379 2428 1636 2483; x_wconf 88' lang='lat' dir='ltr'><strong>universo</strong></span> <span class='ocrx_word' id='word_1_305' title='bbox 1664 2429 1955 2485; x_wconf 87' lang='lat' dir='ltr'><strong>utilitatem</strong></span> 
     </span>
    </p>
   </div>
   <div class='ocr_carea' id='block_1_43' title="bbox 363 2520 1956 2591">
    <p class='ocr_par' dir='ltr' id='par_1_43' title="bbox 363 2520 1956 2591">
     <span class='ocr_line' id='line_1_43' title="bbox 363 2520 1956 2591; baseline 0 -15"><span class='ocrx_word' id='word_1_306' title='bbox 363 2521 646 2590; x_wconf 74' lang='lat' dir='ltr'><strong>largiatur.</strong></span> <span class='ocrx_word' id='word_1_307' title='bbox 697 2520 891 2576; x_wconf 79' lang='lat' dir='ltr'><strong>Merito</strong></span> <span class='ocrx_word' id='word_1_308' title='bbox 939 2535 1073 2591; x_wconf 87' lang='lat' dir='ltr'><strong>ergo</strong></span> <span class='ocrx_word' id='word_1_309' title='bbox 1105 2520 1186 2574; x_wconf 91' lang='lat' dir='ltr'><strong>illi</strong></span> <span class='ocrx_word' id='word_1_310' title='bbox 1242 2522 1513 2591; x_wconf 76' lang='lat' dir='ltr'><strong>prommio</strong></span> <span class='ocrx_word' id='word_1_311' title='bbox 1548 2536 1687 2591; x_wconf 89' lang='lat' dir='ltr'><strong>opus</strong></span> <span class='ocrx_word' id='word_1_312' title='bbox 1722 2521 1861 2590; x_wconf 80' lang='lat' dir='ltr'><strong>fuit;</strong></span> <span class='ocrx_word' id='word_1_313' title='bbox 1898 2523 1956 2577; x_wconf 90' lang='lat' dir='ltr'><strong>in</strong></span> 
     </span>
    </p>
   </div>
   <div class='ocr_carea' id='block_1_44' title="bbox 364 2610 1958 2683">
    <p class='ocr_par' dir='ltr' id='par_1_44' title="bbox 364 2610 1958 2683">
     <span class='ocr_line' id='line_1_44' title="bbox 364 2610 1958 2683; baseline 0.001 -19"><span class='ocrx_word' id='word_1_314' title='bbox 364 2627 474 2681; x_wconf 82' lang='lat' dir='ltr'><strong>quo</strong></span> <span class='ocrx_word' id='word_1_315' title='bbox 499 2610 776 2681; x_wconf 87' lang='lat' dir='ltr'><strong>ohjectum</strong></span> <span class='ocrx_word' id='word_1_316' title='bbox 805 2610 1242 2681; x_wconf 66' lang='lat' dir='ltr'><strong>praecedentium</strong></span> <span class='ocrx_word' id='word_1_317' title='bbox 1287 2611 1758 2683; x_wconf 87' lang='lat' dir='ltr'><strong>evangelistarum</strong></span> <span class='ocrx_word' id='word_1_318' title='bbox 1788 2627 1958 2682; x_wconf 83' lang='lat' dir='ltr'><strong>expo-</strong></span> 
     </span>
    </p>
   </div>
   <div class='ocr_carea' id='block_1_45' title="bbox 366 2703 1958 2775">
    <p class='ocr_par' dir='ltr' id='par_1_45' title="bbox 366 2703 1958 2775">
     <span class='ocr_line' id='line_1_45' title="bbox 366 2703 1958 2775; baseline 0.001 -17"><span class='ocrx_word' id='word_1_319' title='bbox 366 2705 532 2772; x_wconf 91' lang='lat' dir='ltr'><strong>nitur,</strong></span> <span class='ocrx_word' id='word_1_320' title='bbox 581 2713 636 2760; x_wconf 90' lang='lat' dir='ltr'><strong>et</strong></span> <span class='ocrx_word' id='word_1_321' title='bbox 661 2719 827 2760; x_wconf 89' lang='lat' dir='ltr'><strong>causa</strong></span> <span class='ocrx_word' id='word_1_322' title='bbox 856 2703 926 2759; x_wconf 94' lang='lat' dir='ltr'><strong>ob</strong></span> <span class='ocrx_word' id='word_1_323' title='bbox 952 2719 1120 2774; x_wconf 86' lang='lat' dir='ltr'><strong>quam</strong></span> <span class='ocrx_word' id='word_1_324' title='bbox 1154 2712 1281 2774; x_wconf 90' lang='lat' dir='ltr'><strong>post</strong></span> <span class='ocrx_word' id='word_1_325' title='bbox 1315 2703 1440 2759; x_wconf 92' lang='lat' dir='ltr'><strong>illos</strong></span> <span class='ocrx_word' id='word_1_326' title='bbox 1484 2704 1709 2775; x_wconf 89' lang='lat' dir='ltr'><strong>scripsit</strong></span> <span class='ocrx_word' id='word_1_327' title='bbox 1743 2704 1958 2775; x_wconf 87' lang='lat' dir='ltr'><strong>signiti-</strong></span> 
     </span>
    </p>
   </div>
   <div class='ocr_carea' id='block_1_46' title="bbox 364 2795 1953 2866">
    <p class='ocr_par' dir='ltr' id='par_1_46' title="bbox 364 2795 1953 2866">
     <span class='ocr_line' id='line_1_46' title="bbox 364 2795 1953 2866; baseline -0.002 -13"><span class='ocrx_word' id='word_1_328' title='bbox 364 2807 563 2863; x_wconf 87' lang='lat' dir='ltr'><strong>catur;</strong></span> <span class='ocrx_word' id='word_1_329' title='bbox 623 2814 749 2853; x_wconf 90' lang='lat' dir='ltr'><strong>cum</strong></span> <span class='ocrx_word' id='word_1_330' title='bbox 796 2796 873 2852; x_wconf 90' lang='lat' dir='ltr'><strong>illi</strong></span> <span class='ocrx_word' id='word_1_331' title='bbox 925 2796 1065 2851; x_wconf 87' lang='lat' dir='ltr'><strong>nihil</strong></span> <span class='ocrx_word' id='word_1_332' title='bbox 1116 2795 1265 2850; x_wconf 91' lang='lat' dir='ltr'><strong>circa</strong></span> <span class='ocrx_word' id='word_1_333' title='bbox 1328 2795 1613 2866; x_wconf 89' lang='lat' dir='ltr'><strong>proprium</strong></span> <span class='ocrx_word' id='word_1_334' title='bbox 1671 2795 1953 2865; x_wconf 77' lang='lat' dir='ltr'><strong>olijectum</strong></span> 
     </span>
    </p>
   </div>
   <div class='ocr_carea' id='block_1_47' title="bbox 364 2887 1960 2960">
    <p class='ocr_par' dir='ltr' id='par_1_47' title="bbox 364 2887 1960 2960">
     <span class='ocr_line' id='line_1_47' title="bbox 364 2887 1960 2960; baseline -0.003 -15"><span class='ocrx_word' id='word_1_335' title='bbox 364 2891 625 2955; x_wconf 66' lang='lat' dir='ltr'><strong>dixerint,</strong></span> <span class='ocrx_word' id='word_1_336' title='bbox 655 2891 749 2946; x_wconf 90' lang='lat' dir='ltr'><strong>sed</strong></span> <span class='ocrx_word' id='word_1_337' title='bbox 793 2900 1055 2960; x_wconf 88' lang='lat' dir='ltr'><strong>tanquam</strong></span> <span class='ocrx_word' id='word_1_338' title='bbox 1086 2887 1219 2945; x_wconf 90' lang='lat' dir='ltr'><strong>huic</strong></span> <span class='ocrx_word' id='word_1_339' title='bbox 1249 2887 1627 2944; x_wconf 88' lang='lat' dir='ltr'><strong>testimonium</strong></span> <span class='ocrx_word' id='word_1_340' title='bbox 1651 2887 1719 2943; x_wconf 91' lang='lat' dir='ltr'><strong>de</strong></span> <span class='ocrx_word' id='word_1_341' title='bbox 1744 2888 1960 2944; x_wconf 80' lang='lat' dir='ltr'><strong>sedan-</strong></span> 
     </span>
    </p>
   </div>
   <div class='ocr_carea' id='block_1_48' title="bbox 364 2982 882 3054">
    <p class='ocr_par' dir='ltr' id='par_1_48' title="bbox 364 2982 882 3054">
     <span class='ocr_line' id='line_1_48' title="bbox 364 2982 882 3054; baseline -0.004 -15"><span class='ocrx_word' id='word_1_342' title='bbox 364 2984 495 3040; x_wconf 90' lang='lat' dir='ltr'><strong>dum</strong></span> <span class='ocrx_word' id='word_1_343' title='bbox 535 2982 882 3054; x_wconf 88' lang='lat' dir='ltr'><strong>reliquerint.</strong></span> 
     </span>
    </p>
   </div>
   <div class='ocr_carea' id='block_1_49' title="bbox 436 3154 1963 3223">
    <p class='ocr_par' dir='ltr' id='par_1_49' title="bbox 436 3154 1963 3223">
     <span class='ocr_line' id='line_1_49' title="bbox 436 3154 1963 3223; baseline -0.001 -10"><span class='ocrx_word' id='word_1_344' title='bbox 436 3158 607 3214; x_wconf 73' lang='lat' dir='ltr'><strong>Vens.</strong></span> <span class='ocrx_word' id='word_1_345' title='bbox 636 3158 728 3215; x_wconf 75' lang='grc'><strong>29.</strong></span> <span class='ocrx_word' id='word_1_346' title='bbox 761 3156 964 3213; x_wconf 79' lang='lat' dir='ltr'><strong>Photii.</strong></span> <span class='ocrx_word' id='word_1_347' title='bbox 999 3154 1143 3223; x_wconf 88' lang='lat' dir='ltr'><strong>Quid</strong></span> <span class='ocrx_word' id='word_1_348' title='bbox 1186 3154 1343 3220; x_wconf 85' lang='lat' dir='ltr'><strong>vidit,</strong></span> <span class='ocrx_word' id='word_1_349' title='bbox 1367 3164 1423 3211; x_wconf 93' lang='lat' dir='ltr'><strong>et</strong></span> <span class='ocrx_word' id='word_1_350' title='bbox 1450 3169 1554 3211; x_wconf 90' lang='lat' dir='ltr'><strong>cur</strong></span> <span class='ocrx_word' id='word_1_351' title='bbox 1591 3156 1812 3212; x_wconf 85' lang='lat' dir='ltr'><strong>turbata</strong></span> <span class='ocrx_word' id='word_1_352' title='bbox 1842 3166 1917 3213; x_wconf 78' lang='lat' dir='ltr'><strong>est</strong></span> <span class='ocrx_word' id='word_1_353' title='bbox 1937 3158 1963 3212; x_wconf 64' lang='grc' dir='ltr'><em>ἒ</em></span> 
     </span>
    </p>
   </div>
   <div class='ocr_carea' id='block_1_50' title="bbox 366 3247 1960 3322">
    <p class='ocr_par' dir='ltr' id='par_1_50' title="bbox 366 3247 1960 3322">
     <span class='ocr_line' id='line_1_50' title="bbox 366 3247 1960 3322; baseline 0 -16"><span class='ocrx_word' id='word_1_354' title='bbox 366 3252 517 3307; x_wconf 71' lang='lat' dir='ltr'><strong>Vidit</strong></span> <span class='ocrx_word' id='word_1_355' title='bbox 542 3252 794 3322; x_wconf 88' lang='lat' dir='ltr'><strong>angelum</strong></span> <span class='ocrx_word' id='word_1_356' title='bbox 839 3249 1008 3305; x_wconf 88' lang='lat' dir='ltr'><strong>castis</strong></span> <span class='ocrx_word' id='word_1_357' title='bbox 1047 3247 1223 3303; x_wconf 90' lang='lat' dir='ltr'><strong>oculis</strong></span> <span class='ocrx_word' id='word_1_358' title='bbox 1266 3248 1592 3315; x_wconf 86' lang='lat' dir='ltr'><strong>intuentem,</strong></span> <span class='ocrx_word' id='word_1_359' title='bbox 1626 3249 1723 3304; x_wconf 89' lang='lat' dir='ltr'><strong>sed</strong></span> <span class='ocrx_word' id='word_1_360' title='bbox 1772 3250 1960 3319; x_wconf 89' lang='lat' dir='ltr'><strong>sponsi</strong></span> 
     </span>
    </p>
   </div>
   <div class='ocr_carea' id='block_1_51' title="bbox 367 3342 1959 3415">
    <p class='ocr_par' dir='ltr' id='par_1_51' title="bbox 367 3342 1959 3415">
     <span class='ocr_line' id='line_1_51' title="bbox 367 3342 1959 3415; baseline -0.002 -15"><span class='ocrx_word' id='word_1_361' title='bbox 367 3344 572 3400; x_wconf 85' lang='lat' dir='ltr'><strong>indicia</strong></span> <span class='ocrx_word' id='word_1_362' title='bbox 631 3352 941 3415; x_wconf 79' lang='lat' dir='ltr'><strong>gerentem;</strong></span> <span class='ocrx_word' id='word_1_363' title='bbox 987 3355 1126 3411; x_wconf 90' lang='lat' dir='ltr'><strong>puro</strong></span> <span class='ocrx_word' id='word_1_364' title='bbox 1192 3348 1422 3411; x_wconf 88' lang='lat' dir='ltr'><strong>aspectu</strong></span> <span class='ocrx_word' id='word_1_365' title='bbox 1465 3342 1959 3413; x_wconf 86' lang='lat' dir='ltr'><strong>contemplantem,</strong></span> 
     </span>
    </p>
   </div>
   <div class='ocr_carea' id='block_1_52' title="bbox 368 3434 1958 3508">
    <p class='ocr_par' dir='ltr' id='par_1_52' title="bbox 368 3434 1958 3508">
     <span class='ocr_line' id='line_1_52' title="bbox 368 3434 1958 3508; baseline -0.004 -13"><span class='ocrx_word' id='word_1_366' title='bbox 368 3440 465 3495; x_wconf 90' lang='lat' dir='ltr'><strong>sed</strong></span> <span class='ocrx_word' id='word_1_367' title='bbox 500 3438 812 3508; x_wconf 89' lang='lat' dir='ltr'><strong>nuptiarum</strong></span> <span class='ocrx_word' id='word_1_368' title='bbox 840 3434 1048 3489; x_wconf 65' lang='lat' dir='ltr'><strong>foedera</strong></span> <span class='ocrx_word' id='word_1_369' title='bbox 1112 3435 1482 3489; x_wconf 86' lang='lat' dir='ltr'><strong>nuntiantem.</strong></span> <span class='ocrx_word' id='word_1_370' title='bbox 1512 3434 1625 3490; x_wconf 83' lang='lat' dir='ltr'><strong>Hos</strong></span> <span class='ocrx_word' id='word_1_371' title='bbox 1682 3437 1958 3506; x_wconf 88' lang='lat' dir='ltr'><strong>nuptiales</strong></span> 
     </span>
    </p>
   </div>
   <div class='ocr_carea' id='block_1_53' title="bbox 368 3524 1960 3594">
    <p class='ocr_par' dir='ltr' id='par_1_53' title="bbox 368 3524 1960 3594">
     <span class='ocr_line' id='line_1_53' title="bbox 368 3524 1960 3594; baseline -0.003 -8"><span class='ocrx_word' id='word_1_372' title='bbox 368 3542 655 3586; x_wconf 87' lang='lat' dir='ltr'><strong>sermones</strong></span> <span class='ocrx_word' id='word_1_373' title='bbox 709 3525 963 3591; x_wconf 91' lang='lat' dir='ltr'><strong>audiens,</strong></span> <span class='ocrx_word' id='word_1_374' title='bbox 1015 3534 1071 3579; x_wconf 90' lang='lat' dir='ltr'><strong>et</strong></span> <span class='ocrx_word' id='word_1_375' title='bbox 1116 3524 1484 3594; x_wconf 90' lang='lat' dir='ltr'><strong>cupiditatum</strong></span> <span class='ocrx_word' id='word_1_376' title='bbox 1538 3526 1960 3582; x_wconf 88' lang='lat' dir='ltr'><strong>conversatione</strong></span> 
     </span>
    </p>
   </div>
   <div class='ocr_carea' id='block_1_54' title="bbox 368 3615 1958 3690">
    <p class='ocr_par' dir='ltr' id='par_1_54' title="bbox 368 3615 1958 3690">
     <span class='ocr_line' id='line_1_54' title="bbox 368 3615 1958 3690; baseline -0.002 -14"><span class='ocrx_word' id='word_1_377' title='bbox 368 3628 646 3690; x_wconf 60' lang='lat' dir='ltr'><strong>ewertem</strong></span> <span class='ocrx_word' id='word_1_378' title='bbox 711 3616 955 3672; x_wconf 87' lang='lat' dir='ltr'><strong>habitum</strong></span> <span class='ocrx_word' id='word_1_379' title='bbox 1006 3630 1261 3679; x_wconf 87' lang='lat' dir='ltr'><strong>cernens,</strong></span> <span class='ocrx_word' id='word_1_380' title='bbox 1314 3615 1398 3671; x_wconf 88' lang='lat' dir='ltr'><strong>his</strong></span> <span class='ocrx_word' id='word_1_381' title='bbox 1432 3617 1635 3672; x_wconf 88' lang='lat' dir='ltr'><strong>rationi</strong></span> <span class='ocrx_word' id='word_1_382' title='bbox 1662 3618 1958 3673; x_wconf 89' lang='lat' dir='ltr'><strong>contrariis</strong></span> 
     </span>
    </p>
   </div>
   <div class='ocr_carea' id='block_1_55' title="bbox 367 3705 1961 3779">
    <p class='ocr_par' dir='ltr' id='par_1_55' title="bbox 367 3705 1961 3779">
     <span class='ocr_line' id='line_1_55' title="bbox 367 3705 1961 3779; baseline -0.003 -11"><span class='ocrx_word' id='word_1_383' title='bbox 367 3712 552 3768; x_wconf 82' lang='lat' dir='ltr'><strong>verbis</strong></span> <span class='ocrx_word' id='word_1_384' title='bbox 578 3710 792 3765; x_wconf 89' lang='lat' dir='ltr'><strong>turbata</strong></span> <span class='ocrx_word' id='word_1_385' title='bbox 814 3717 921 3763; x_wconf 90' lang='lat' dir='ltr'><strong>est.</strong></span> <span class='ocrx_word' id='word_1_386' title='bbox 948 3705 1142 3772; x_wconf 83' lang='lat' dir='ltr'><strong>Video,</strong></span> <span class='ocrx_word' id='word_1_387' title='bbox 1160 3707 1359 3778; x_wconf 90' lang='lat' dir='ltr'><strong>inquit,</strong></span> <span class='ocrx_word' id='word_1_388' title='bbox 1386 3708 1623 3779; x_wconf 85' lang='lat' dir='ltr'><strong>legatum</strong></span> <span class='ocrx_word' id='word_1_389' title='bbox 1650 3709 1737 3779; x_wconf 91' lang='lat' dir='ltr'><strong>pie</strong></span> <span class='ocrx_word' id='word_1_390' title='bbox 1774 3718 1961 3765; x_wconf 88' lang='lat' dir='ltr'><strong>astan-</strong></span> 
     </span>
    </p>
   </div>
   <div class='ocr_carea' id='block_1_56' title="bbox 367 3800 1954 3872">
    <p class='ocr_par' dir='ltr' id='par_1_56' title="bbox 367 3800 1954 3872">
     <span class='ocr_line' id='line_1_56' title="bbox 367 3800 1954 3872; baseline -0.003 -12"><span class='ocrx_word' id='word_1_391' title='bbox 367 3813 501 3872; x_wconf 89' lang='lat' dir='ltr'><strong>tem,</strong></span> <span class='ocrx_word' id='word_1_392' title='bbox 533 3812 588 3858; x_wconf 88' lang='lat' dir='ltr'><strong>et</strong></span> <span class='ocrx_word' id='word_1_393' title='bbox 624 3804 745 3858; x_wconf 59' lang='lat' dir='ltr'><strong>laeto</strong></span> <span class='ocrx_word' id='word_1_394' title='bbox 777 3802 962 3857; x_wconf 89' lang='lat' dir='ltr'><strong>animo</strong></span> <span class='ocrx_word' id='word_1_395' title='bbox 986 3800 1243 3855; x_wconf 90' lang='lat' dir='ltr'><strong>nuntium</strong></span> <span class='ocrx_word' id='word_1_396' title='bbox 1273 3801 1511 3856; x_wconf 88' lang='lat' dir='ltr'><strong>suadeor</strong></span> <span class='ocrx_word' id='word_1_397' title='bbox 1534 3802 1827 3871; x_wconf 87' lang='lat' dir='ltr'><strong>accipere;</strong></span> <span class='ocrx_word' id='word_1_398' title='bbox 1859 3802 1954 3857; x_wconf 92' lang='lat' dir='ltr'><strong>sed</strong></span> 
     </span>
    </p>
   </div>
   <div class='ocr_carea' id='block_1_57' title="bbox 369 3889 1956 3962">
    <p class='ocr_par' dir='ltr' id='par_1_57' title="bbox 369 3889 1956 3962">
     <span class='ocr_line' id='line_1_57' title="bbox 369 3889 1956 3962; baseline -0.001 -15"><span class='ocrx_word' id='word_1_399' title='bbox 369 3892 644 3962; x_wconf 90' lang='lat' dir='ltr'><strong>nuptiales</strong></span> <span class='ocrx_word' id='word_1_400' title='bbox 702 3890 840 3945; x_wconf 87' lang='lat' dir='ltr'><strong>mihi</strong></span> <span class='ocrx_word' id='word_1_401' title='bbox 881 3904 1164 3945; x_wconf 89' lang='lat' dir='ltr'><strong>sermones</strong></span> <span class='ocrx_word' id='word_1_402' title='bbox 1188 3889 1397 3959; x_wconf 75' lang='lat' dir='ltr'><strong>dirigit,</strong></span> <span class='ocrx_word' id='word_1_403' title='bbox 1428 3900 1483 3945; x_wconf 88' lang='lat' dir='ltr'><strong>et</strong></span> <span class='ocrx_word' id='word_1_404' title='bbox 1514 3890 1759 3946; x_wconf 62' lang='lat' dir='ltr'><strong>lmtitiam</strong></span> <span class='ocrx_word' id='word_1_405' title='bbox 1789 3891 1844 3945; x_wconf 90' lang='lat' dir='ltr'><strong>in</strong></span> <span class='ocrx_word' id='word_1_406' title='bbox 1886 3891 1956 3945; x_wconf 90' lang='lat' dir='ltr'><strong>ti-</strong></span> 
     </span>
    </p>
   </div>
   <div class='ocr_carea' id='block_1_58' title="bbox 370 3982 1954 4047">
    <p class='ocr_par' dir='ltr' id='par_1_58' title="bbox 370 3982 1954 4047">
     <span class='ocr_line' id='line_1_58' title="bbox 370 3982 1954 4047; baseline -0.001 -7"><span class='ocrx_word' id='word_1_407' title='bbox 370 4000 583 4041; x_wconf 89' lang='lat' dir='ltr'><strong>morem</strong></span> <span class='ocrx_word' id='word_1_408' title='bbox 608 3982 903 4047; x_wconf 83' lang='lat' dir='ltr'><strong>convertit,</strong></span> <span class='ocrx_word' id='word_1_409' title='bbox 957 3992 1013 4037; x_wconf 90' lang='lat' dir='ltr'><strong>et</strong></span> <span class='ocrx_word' id='word_1_410' title='bbox 1041 3982 1280 4037; x_wconf 85' lang='lat' dir='ltr'><strong>animam</strong></span> <span class='ocrx_word' id='word_1_411' title='bbox 1308 3983 1491 4037; x_wconf 83' lang='lat' dir='ltr'><strong>turbat</strong></span> <span class='ocrx_word' id='word_1_412' title='bbox 1522 3986 1737 4038; x_wconf 91' lang='lat' dir='ltr'><strong>nuntio.</strong></span> <span class='ocrx_word' id='word_1_413' title='bbox 1788 3982 1954 4039; x_wconf 80' lang='lat' dir='ltr'><strong>Video</strong></span> 
     </span>
    </p>
   </div>
   <div class='ocr_carea' id='block_1_59' title="bbox 369 4073 1955 4145">
    <p class='ocr_par' dir='ltr' id='par_1_59' title="bbox 369 4073 1955 4145">
     <span class='ocr_line' id='line_1_59' title="bbox 369 4073 1955 4145; baseline 0.001 -15"><span class='ocrx_word' id='word_1_414' title='bbox 369 4079 581 4132; x_wconf 73' lang='lat' dir='ltr'><strong>vultum</strong></span> <span class='ocrx_word' id='word_1_415' title='bbox 612 4074 732 4144; x_wconf 79' lang='lat' dir='ltr'><strong>eius</strong></span> <span class='ocrx_word' id='word_1_416' title='bbox 749 4076 962 4145; x_wconf 89' lang='lat' dir='ltr'><strong>pudore</strong></span> <span class='ocrx_word' id='word_1_417' title='bbox 991 4088 1348 4143; x_wconf 90' lang='lat' dir='ltr'><strong>conspersum</strong></span> <span class='ocrx_word' id='word_1_418' title='bbox 1371 4073 1498 4138; x_wconf 87' lang='lat' dir='ltr'><strong>;sed</strong></span> <span class='ocrx_word' id='word_1_419' title='bbox 1521 4074 1740 4141; x_wconf 90' lang='lat' dir='ltr'><strong>nuptias</strong></span> <span class='ocrx_word' id='word_1_420' title='bbox 1760 4074 1955 4131; x_wconf 88' lang='lat' dir='ltr'><strong>adesse</strong></span> 
     </span>
    </p>
   </div>
   <div class='ocr_carea' id='block_1_60' title="bbox 369 4166 1951 4238">
    <p class='ocr_par' dir='ltr' id='par_1_60' title="bbox 369 4166 1951 4238">
     <span class='ocr_line' id='line_1_60' title="bbox 369 4166 1951 4238; baseline -0.001 -12"><span class='ocrx_word' id='word_1_421' title='bbox 369 4172 606 4227; x_wconf 91' lang='lat' dir='ltr'><strong>nuntiat.</strong></span> <span class='ocrx_word' id='word_1_422' title='bbox 643 4169 813 4223; x_wconf 85' lang='lat' dir='ltr'><strong>Video</strong></span> <span class='ocrx_word' id='word_1_423' title='bbox 861 4167 1157 4238; x_wconf 89' lang='lat' dir='ltr'><strong>prudenter</strong></span> <span class='ocrx_word' id='word_1_424' title='bbox 1201 4166 1588 4237; x_wconf 85' lang='lat' dir='ltr'><strong>alloquentem,</strong></span> <span class='ocrx_word' id='word_1_425' title='bbox 1626 4169 1722 4223; x_wconf 90' lang='lat' dir='ltr'><strong>sed</strong></span> <span class='ocrx_word' id='word_1_426' title='bbox 1752 4183 1951 4225; x_wconf 90' lang='lat' dir='ltr'><strong>conce-</strong></span> 
     </span>
    </p>
   </div>
   <div class='ocr_carea' id='block_1_61' title="bbox 369 4259 1951 4336">
    <p class='ocr_par' dir='ltr' id='par_1_61' title="bbox 369 4259 1951 4336">
     <span class='ocr_line' id='line_1_61' title="bbox 369 4259 1951 4336; baseline -0.003 -16"><span class='ocrx_word' id='word_1_427' title='bbox 369 4265 574 4336; x_wconf 85' lang='lat' dir='ltr'><strong>ptionis</strong></span> <span class='ocrx_word' id='word_1_428' title='bbox 604 4264 768 4318; x_wconf 89' lang='lat' dir='ltr'><strong>verba</strong></span> <span class='ocrx_word' id='word_1_429' title='bbox 829 4261 1105 4331; x_wconf 87' lang='lat' dir='ltr'><strong>loquitur;</strong></span> <span class='ocrx_word' id='word_1_430' title='bbox 1158 4268 1212 4314; x_wconf 89' lang='lat' dir='ltr'><strong>et</strong></span> <span class='ocrx_word' id='word_1_431' title='bbox 1240 4259 1569 4330; x_wconf 85' lang='lat' dir='ltr'><strong>virginitatis</strong></span> <span class='ocrx_word' id='word_1_432' title='bbox 1604 4275 1761 4315; x_wconf 89' lang='lat' dir='ltr'><strong>amor</strong></span> <span class='ocrx_word' id='word_1_433' title='bbox 1835 4277 1951 4317; x_wconf 88' lang='lat' dir='ltr'><strong>scr-</strong></span> 
     </span>
    </p>
   </div>
   <div class='ocr_carea' id='block_1_62' title="bbox 2054 1778 3650 1858">
    <p class='ocr_par' dir='ltr' id='par_1_62' title="bbox 2054 1778 3650 1858">
     <span class='ocr_line' id='line_1_62' title="bbox 2054 1778 3650 1858; baseline -0.005 -16"><span class='ocrx_word' id='word_1_434' title='bbox 2054 1787 2252 1858; x_wconf 83' lang='grc' dir='ltr'><strong>ἀρχῆς,</strong></span> <span class='ocrx_word' id='word_1_435' title='bbox 2310 1786 2409 1841; x_wconf 76' lang='grc' dir='ltr'><strong>καὶ</strong></span> <span class='ocrx_word' id='word_1_436' title='bbox 2456 1786 2644 1851; x_wconf 87' lang='grc' dir='ltr'><strong>καθὼς</strong></span> <span class='ocrx_word' id='word_1_437' title='bbox 2690 1783 3084 1857; x_wconf 73' lang='grc' dir='ltr'><strong>ἠκολούθησεν,</strong></span> <span class='ocrx_word' id='word_1_438' title='bbox 3134 1781 3281 1837; x_wconf 78' lang='grc' dir='ltr'><strong>οὕτω</strong></span> <span class='ocrx_word' id='word_1_439' title='bbox 3325 1783 3424 1835; x_wconf 73' lang='grc' dir='ltr'><strong>καὶ</strong></span> <span class='ocrx_word' id='word_1_440' title='bbox 3476 1780 3560 1843; x_wconf 83' lang='grc' dir='ltr'><strong>εἰς</strong></span> <span class='ocrx_word' id='word_1_441' title='bbox 3586 1778 3650 1834; x_wconf 78' lang='grc' dir='ltr'><strong>τδ</strong></span> 
     </span>
    </p>
   </div>
   <div class='ocr_carea' id='block_1_63' title="bbox 2057 1871 3650 1952">
    <p class='ocr_par' dir='ltr' id='par_1_63' title="bbox 2057 1871 3650 1952">
     <span class='ocr_line' id='line_1_63' title="bbox 2057 1871 3650 1952; baseline -0.007 -16"><span class='ocrx_word' id='word_1_442' title='bbox 2057 1881 2297 1952; x_wconf 79' lang='grc' dir='ltr'><strong>γράφειν</strong></span> <span class='ocrx_word' id='word_1_443' title='bbox 2330 1880 2613 1952; x_wconf 88' lang='grc' dir='ltr'><strong>ἐλήλυθεν.</strong></span> <span class='ocrx_word' id='word_1_444' title='bbox 2649 1880 2766 1933; x_wconf 82' lang='grc' dir='ltr'><strong>Οὐκ</strong></span> <span class='ocrx_word' id='word_1_445' title='bbox 2792 1878 3014 1933; x_wconf 79' lang='grc' dir='ltr'><strong>ἐναντία</strong></span> <span class='ocrx_word' id='word_1_446' title='bbox 3056 1871 3151 1930; x_wconf 78' lang='grc' dir='ltr'><strong>οὖν</strong></span> <span class='ocrx_word' id='word_1_447' title='bbox 3194 1877 3452 1946; x_wconf 80' lang='grc' dir='ltr'><strong>πράττων</strong></span> <span class='ocrx_word' id='word_1_448' title='bbox 3502 1872 3650 1927; x_wconf 75' lang='grc' dir='ltr'><strong>ἐκεί-</strong></span> 
     </span>
    </p>
   </div>
   <div class='ocr_carea' id='block_1_64' title="bbox 2056 1964 3650 2045">
    <p class='ocr_par' dir='ltr' id='par_1_64' title="bbox 2056 1964 3650 2045">
     <span class='ocr_line' id='line_1_64' title="bbox 2056 1964 3650 2045; baseline -0.005 -19"><span class='ocrx_word' id='word_1_449' title='bbox 2056 1988 2193 2038; x_wconf 86' lang='grc' dir='ltr'><strong>νοις,</strong></span> <span class='ocrx_word' id='word_1_450' title='bbox 2223 1973 2361 2029; x_wconf 86' lang='grc' dir='ltr'><strong>ἀλλά</strong></span> <span class='ocrx_word' id='word_1_451' title='bbox 2385 1972 2698 2045; x_wconf 80' lang='grc' dir='ltr'><strong>συντρέχων</strong></span> <span class='ocrx_word' id='word_1_452' title='bbox 2724 1971 2822 2025; x_wconf 83' lang='grc' dir='ltr'><strong>καὶ</strong></span> <span class='ocrx_word' id='word_1_453' title='bbox 2844 1968 3419 2042; x_wconf 83' lang='grc' dir='ltr'><strong>συμμαρτυρούμενος</strong></span> <span class='ocrx_word' id='word_1_454' title='bbox 3440 1964 3650 2038; x_wconf 60' lang='grc' dir='ltr'><strong>μᾶλλον</strong></span> 
     </span>
    </p>
   </div>
   <div class='ocr_carea' id='block_1_65' title="bbox 2060 2057 3649 2135">
    <p class='ocr_par' dir='ltr' id='par_1_65' title="bbox 2060 2057 3649 2135">
     <span class='ocr_line' id='line_1_65' title="bbox 2060 2057 3649 2135; baseline -0.006 -16"><span class='ocrx_word' id='word_1_455' title='bbox 2060 2063 2294 2135; x_wconf 81' lang='grc' dir='ltr'><strong>γράφει·</strong></span> <span class='ocrx_word' id='word_1_456' title='bbox 2332 2064 2401 2118; x_wconf 90' lang='grc' dir='ltr'><strong>δι’</strong></span> <span class='ocrx_word' id='word_1_457' title='bbox 2453 2062 2648 2135; x_wconf 76' lang='grc' dir='ltr'><strong>ἑτέραν</strong></span> <span class='ocrx_word' id='word_1_458' title='bbox 2704 2061 2762 2115; x_wconf 88' lang='grc' dir='ltr'><strong>δέ</strong></span> <span class='ocrx_word' id='word_1_459' title='bbox 2807 2060 3009 2127; x_wconf 88' lang='grc' dir='ltr'><strong>αἰτίαν,</strong></span> <span class='ocrx_word' id='word_1_460' title='bbox 3063 2060 3146 2115; x_wconf 83' lang='grc' dir='ltr'><strong>ὅτι</strong></span> <span class='ocrx_word' id='word_1_461' title='bbox 3204 2057 3465 2128; x_wconf 84' lang='grc' dir='ltr'><strong>Θεόφιλόν</strong></span> <span class='ocrx_word' id='word_1_462' title='bbox 3518 2074 3649 2110; x_wconf 79' lang='grc' dir='ltr'><strong>τινα</strong></span> 
     </span>
    </p>
   </div>
   <div class='ocr_carea' id='block_1_66' title="bbox 2060 2145 3657 2225">
    <p class='ocr_par' dir='ltr' id='par_1_66' title="bbox 2060 2145 3657 2225">
     <span class='ocr_line' id='line_1_66' title="bbox 2060 2145 3657 2225; baseline -0.008 -16"><span class='ocrx_word' id='word_1_463' title='bbox 2060 2153 2283 2225; x_wconf 85' lang='grc' dir='ltr'><strong>θεοφιλῆ</strong></span> <span class='ocrx_word' id='word_1_464' title='bbox 2318 2153 2692 2225; x_wconf 86' lang='grc' dir='ltr'><strong>ἐργασάμενος</strong></span> <span class='ocrx_word' id='word_1_465' title='bbox 2726 2150 2967 2222; x_wconf 83' lang='grc' dir='ltr'><strong>ἀληθῶς,</strong></span> <span class='ocrx_word' id='word_1_466' title='bbox 3020 2150 3116 2203; x_wconf 81' lang='grc' dir='ltr'><strong>καὶ</strong></span> <span class='ocrx_word' id='word_1_467' title='bbox 3144 2148 3236 2203; x_wconf 81' lang='grc' dir='ltr'><strong>τδν</strong></span> <span class='ocrx_word' id='word_1_468' title='bbox 3262 2147 3364 2217; x_wconf 85' lang='grc' dir='ltr'><strong>τῆς</strong></span> <span class='ocrx_word' id='word_1_469' title='bbox 3406 2145 3657 2208; x_wconf 83' lang='grc' dir='ltr'><strong>πίστεως</strong></span> 
     </span>
    </p>
   </div>
   <div class='ocr_carea' id='block_1_67' title="bbox 2060 2238 3654 2320">
    <p class='ocr_par' dir='ltr' id='par_1_67' title="bbox 2060 2238 3654 2320">
     <span class='ocr_line' id='line_1_67' title="bbox 2060 2238 3654 2320; baseline -0.008 -17"><span class='ocrx_word' id='word_1_470' title='bbox 2060 2248 2210 2319; x_wconf 79' lang='grc' dir='ltr'><strong>αὐτῷ</strong></span> <span class='ocrx_word' id='word_1_471' title='bbox 2226 2264 2301 2302; x_wconf 88' lang='grc' dir='ltr'><strong>πα</strong></span> <span class='ocrx_word' id='word_1_472' title='bbox 2309 2243 2625 2320; x_wconf 84' lang='grc' dir='ltr'><strong>ράδεδωκὼς</strong></span> <span class='ocrx_word' id='word_1_473' title='bbox 2638 2246 2901 2317; x_wconf 86' lang='grc' dir='ltr'><strong>ἀγράφως</strong></span> <span class='ocrx_word' id='word_1_474' title='bbox 2910 2242 3069 2311; x_wconf 86' lang='grc' dir='ltr'><strong>λόγον</strong></span> <span class='ocrx_word' id='word_1_475' title='bbox 3078 2242 3235 2312; x_wconf 78' lang='grc' dir='ltr'><strong>,ἀκοῇ</strong></span> <span class='ocrx_word' id='word_1_476' title='bbox 3248 2240 3306 2293; x_wconf 83' lang='grc' dir='ltr'><strong>δέ</strong></span> <span class='ocrx_word' id='word_1_477' title='bbox 3318 2238 3492 2293; x_wconf 82' lang='grc' dir='ltr'><strong>ταῦτα</strong></span> <span class='ocrx_word' id='word_1_478' title='bbox 3511 2238 3654 2311; x_wconf 79' lang='grc' dir='ltr'><strong>μόνῃ</strong></span> 
     </span>
    </p>
   </div>
   <div class='ocr_carea' id='block_1_68' title="bbox 2060 2330 3653 2410">
    <p class='ocr_par' dir='ltr' id='par_1_68' title="bbox 2060 2330 3653 2410">
     <span class='ocr_line' id='line_1_68' title="bbox 2060 2330 3653 2410; baseline -0.008 -15"><span class='ocrx_word' id='word_1_479' title='bbox 2060 2340 2310 2395; x_wconf 80' lang='grc' dir='ltr'><strong>πιστεύει</strong></span> <span class='ocrx_word' id='word_1_480' title='bbox 2339 2340 2441 2393; x_wconf 78' lang='grc' dir='ltr'><strong>οὐκ</strong></span> <span class='ocrx_word' id='word_1_481' title='bbox 2481 2333 2550 2410; x_wconf 81' lang='grc' dir='ltr'><strong>ἦν</strong></span> <span class='ocrx_word' id='word_1_482' title='bbox 2586 2338 2849 2407; x_wconf 83' lang='grc' dir='ltr'><strong>ἀσφαλὲς,</strong></span> <span class='ocrx_word' id='word_1_483' title='bbox 2873 2337 2969 2390; x_wconf 65' lang='grc' dir='ltr'><strong>καὶ</strong></span> <span class='ocrx_word' id='word_1_484' title='bbox 3007 2333 3321 2404; x_wconf 81' lang='grc' dir='ltr'><strong>διάγραφῆς</strong></span> <span class='ocrx_word' id='word_1_485' title='bbox 3363 2331 3511 2402; x_wconf 83' lang='grc' dir='ltr'><strong>αύτῷ</strong></span> <span class='ocrx_word' id='word_1_486' title='bbox 3548 2330 3653 2399; x_wconf 67' lang='grc' dir='ltr'><strong>τὴν</strong></span> 
     </span>
    </p>
   </div>
   <div class='ocr_carea' id='block_1_69' title="bbox 2058 2426 3654 2505">
    <p class='ocr_par' dir='ltr' id='par_1_69' title="bbox 2058 2426 3654 2505">
     <span class='ocr_line' id='line_1_69' title="bbox 2058 2426 3654 2505; baseline -0.01 -14"><span class='ocrx_word' id='word_1_487' title='bbox 2058 2435 2358 2505; x_wconf 82' lang='grc' dir='ltr'><strong>ἀσφάλειαν</strong></span> <span class='ocrx_word' id='word_1_488' title='bbox 2373 2432 2483 2487; x_wconf 89' lang='grc' dir='ltr'><strong>τῶν</strong></span> <span class='ocrx_word' id='word_1_489' title='bbox 2498 2430 2957 2502; x_wconf 78' lang='grc' dir='ltr'><strong>κατηχηθέντων</strong></span> <span class='ocrx_word' id='word_1_490' title='bbox 2966 2429 3139 2497; x_wconf 87' lang='grc' dir='ltr'><strong>λόγων</strong></span> <span class='ocrx_word' id='word_1_491' title='bbox 3154 2430 3258 2484; x_wconf 87' lang='grc' dir='ltr'><strong>ἀπε</strong></span> <span class='ocrx_word' id='word_1_492' title='bbox 3269 2426 3654 2497; x_wconf 76' lang='grc' dir='ltr'><strong>ργάζεται,καὶ</strong></span> 
     </span>
    </p>
   </div>
   <div class='ocr_carea' id='block_1_70' title="bbox 2006 2515 3649 2593">
    <p class='ocr_par' dir='ltr' id='par_1_70' title="bbox 2006 2515 3649 2593">
     <span class='ocr_line' id='line_1_70' title="bbox 2006 2515 3649 2593; baseline -0.008 -12"><span class='ocrx_word' id='word_1_493' title='bbox 2006 2584 2013 2589; x_wconf 67' lang='grc'><strong>,</strong></span> <span class='ocrx_word' id='word_1_494' title='bbox 2058 2526 2126 2581; x_wconf 86' lang='grc' dir='ltr'><strong>δι’</strong></span> <span class='ocrx_word' id='word_1_495' title='bbox 2147 2524 2315 2580; x_wconf 83' lang='grc' dir='ltr'><strong>αὐτοῦ</strong></span> <span class='ocrx_word' id='word_1_496' title='bbox 2337 2524 2501 2578; x_wconf 75' lang='grc' dir='ltr'><strong>παντὶ</strong></span> <span class='ocrx_word' id='word_1_497' title='bbox 2517 2522 2595 2593; x_wconf 83' lang='grc' dir='ltr'><strong>τῷ</strong></span> <span class='ocrx_word' id='word_1_498' title='bbox 2623 2524 2815 2592; x_wconf 80' lang='grc' dir='ltr'><strong>κόσμῳ</strong></span> <span class='ocrx_word' id='word_1_499' title='bbox 2846 2520 3195 2592; x_wconf 76' lang='grc' dir='ltr'><strong>δαψιλεύεται</strong></span> <span class='ocrx_word' id='word_1_500' title='bbox 3226 2518 3325 2590; x_wconf 80' lang='grc' dir='ltr'><strong>τὴν</strong></span> <span class='ocrx_word' id='word_1_501' title='bbox 3346 2515 3649 2587; x_wconf 78' lang='grc' dir='ltr'><strong>ὠφέλειαν.</strong></span> 
     </span>
    </p>
   </div>
   <div class='ocr_carea' id='block_1_71' title="bbox 2010 2602 3649 2693">
    <p class='ocr_par' dir='ltr' id='par_1_71' title="bbox 2010 2602 3649 2693">
     <span class='ocr_line' id='line_1_71' title="bbox 2010 2602 3649 2693; baseline -0.009 -19"><span class='ocrx_word' id='word_1_502' title='bbox 2010 2688 2015 2693; x_wconf 18' lang='grc' dir='ltr'>η</span> <span class='ocrx_word' id='word_1_503' title='bbox 2060 2621 2301 2682; x_wconf 76' lang='grc' dir='ltr'><strong>Εἰκότως</strong></span> <span class='ocrx_word' id='word_1_504' title='bbox 2329 2612 2422 2672; x_wconf 80' lang='grc' dir='ltr'><strong>οὖν</strong></span> <span class='ocrx_word' id='word_1_505' title='bbox 2454 2606 2610 2679; x_wconf 73' lang='grc' dir='ltr'><strong>οὗτος</strong></span> <span class='ocrx_word' id='word_1_506' title='bbox 2634 2616 2727 2668; x_wconf 80' lang='grc' dir='ltr'><strong>καὶ</strong></span> <span class='ocrx_word' id='word_1_507' title='bbox 2756 2614 3043 2685; x_wconf 84' lang='grc' dir='ltr'><strong>προοιμίου</strong></span> <span class='ocrx_word' id='word_1_508' title='bbox 3073 2610 3305 2683; x_wconf 76' lang='grc' dir='ltr'><strong>ἐδεήθηο</strong></span> <span class='ocrx_word' id='word_1_509' title='bbox 3336 2606 3407 2663; x_wconf 86' lang='grc' dir='ltr'><strong>δι’</strong></span> <span class='ocrx_word' id='word_1_510' title='bbox 3436 2602 3497 2662; x_wconf 75' lang='grc' dir='ltr'><strong>οὗ</strong></span> <span class='ocrx_word' id='word_1_511' title='bbox 3526 2608 3563 2677; x_wconf 74' lang='grc' dir='ltr'>ἦ</span> <span class='ocrx_word' id='word_1_512' title='bbox 3586 2624 3649 2659; x_wconf 79' lang='grc' dir='ltr'><strong>τε</strong></span> 
     </span>
    </p>
   </div>
   <div class='ocr_carea' id='block_1_72' title="bbox 2061 2699 3650 2779">
    <p class='ocr_par' dir='ltr' id='par_1_72' title="bbox 2061 2699 3650 2779">
     <span class='ocr_line' id='line_1_72' title="bbox 2061 2699 3650 2779; baseline -0.009 -14"><span class='ocrx_word' id='word_1_513' title='bbox 2061 2711 2321 2774; x_wconf 87' lang='grc' dir='ltr'><strong>σύστασις</strong></span> <span class='ocrx_word' id='word_1_514' title='bbox 2348 2707 2457 2761; x_wconf 88' lang='grc' dir='ltr'><strong>τῶν</strong></span> <span class='ocrx_word' id='word_1_515' title='bbox 2486 2709 2593 2779; x_wconf 78' lang='grc' dir='ltr'><strong>πρὸ</strong></span> <span class='ocrx_word' id='word_1_516' title='bbox 2620 2705 2786 2761; x_wconf 79' lang='grc' dir='ltr'><strong>αὑτοῦ</strong></span> <span class='ocrx_word' id='word_1_517' title='bbox 2818 2702 3290 2776; x_wconf 70' lang='grc' dir='ltr'><strong>πραγματεύεται,</strong></span> <span class='ocrx_word' id='word_1_518' title='bbox 3317 2700 3412 2753; x_wconf 75' lang='grc' dir='ltr'><strong>καὶ</strong></span> <span class='ocrx_word' id='word_1_519' title='bbox 3438 2702 3472 2771; x_wconf 86' lang='grc' dir='ltr'><strong>ή</strong></span> <span class='ocrx_word' id='word_1_520' title='bbox 3497 2699 3650 2753; x_wconf 85' lang='grc' dir='ltr'><strong>αίτία</strong></span> 
     </span>
    </p>
   </div>
   <div class='ocr_carea' id='block_1_73' title="bbox 2056 2793 3651 2874">
    <p class='ocr_par' dir='ltr' id='par_1_73' title="bbox 2056 2793 3651 2874">
     <span class='ocr_line' id='line_1_73' title="bbox 2056 2793 3651 2874; baseline -0.008 -17"><span class='ocrx_word' id='word_1_521' title='bbox 2056 2803 2130 2858; x_wconf 68' lang='grc' dir='ltr'><strong>’δι’</strong></span> <span class='ocrx_word' id='word_1_522' title='bbox 2164 2804 2233 2874; x_wconf 82' lang='grc' dir='ltr'><strong>ήν</strong></span> <span class='ocrx_word' id='word_1_523' title='bbox 2264 2802 2395 2873; x_wconf 88' lang='grc' dir='ltr'><strong>μετ’</strong></span> <span class='ocrx_word' id='word_1_524' title='bbox 2429 2799 2671 2864; x_wconf 78' lang='grc' dir='ltr'><strong>ἐκείνους</strong></span> <span class='ocrx_word' id='word_1_525' title='bbox 2710 2798 2971 2869; x_wconf 63' lang='grc' dir='ltr'><strong>ἔγραψεν,</strong></span> <span class='ocrx_word' id='word_1_526' title='bbox 3008 2794 3463 2864; x_wconf 81' lang='grc' dir='ltr'><strong>ἐπιγινώσκεται’</strong></span> <span class='ocrx_word' id='word_1_527' title='bbox 3500 2793 3651 2845; x_wconf 82' lang='grc' dir='ltr'><strong>ἐκεί-</strong></span> 
     </span>
    </p>
   </div>
   <div class='ocr_carea' id='block_1_74' title="bbox 2065 2884 3649 2966">
    <p class='ocr_par' dir='ltr' id='par_1_74' title="bbox 2065 2884 3649 2966">
     <span class='ocr_line' id='line_1_74' title="bbox 2065 2884 3649 2966; baseline -0.008 -16"><span class='ocrx_word' id='word_1_528' title='bbox 2065 2914 2174 2951; x_wconf 91' lang='grc' dir='ltr'><strong>νων</strong></span> <span class='ocrx_word' id='word_1_529' title='bbox 2206 2896 2374 2966; x_wconf 84' lang='grc' dir='ltr'><strong>μηδέν</strong></span> <span class='ocrx_word' id='word_1_530' title='bbox 2399 2894 2537 2965; x_wconf 82' lang='grc' dir='ltr'><strong>ὑπὲρ</strong></span> <span class='ocrx_word' id='word_1_531' title='bbox 2564 2893 2663 2964; x_wconf 82' lang='grc' dir='ltr'><strong>τῆς</strong></span> <span class='ocrx_word' id='word_1_532' title='bbox 2693 2892 2829 2956; x_wconf 81' lang='grc' dir='ltr'><strong>ἰδίας</strong></span> <span class='ocrx_word' id='word_1_533' title='bbox 2864 2890 3130 2943; x_wconf 76' lang='grc' dir='ltr'><strong>εἰπόντων</strong></span> <span class='ocrx_word' id='word_1_534' title='bbox 3165 2888 3501 2949; x_wconf 81' lang='grc' dir='ltr'><strong>συστάσεως·</strong></span> <span class='ocrx_word' id='word_1_535' title='bbox 3528 2884 3649 2939; x_wconf 75' lang='grc' dir='ltr'><strong>ἀλλ’</strong></span> 
     </span>
    </p>
   </div>
   <div class='ocr_carea' id='block_1_75' title="bbox 1987 2975 3650 3073">
    <p class='ocr_par' dir='ltr' id='par_1_75' title="bbox 1987 2975 3650 3073">
     <span class='ocr_line' id='line_1_75' title="bbox 1987 2975 3650 3073; baseline -0.007 -31"><span class='ocrx_word' id='word_1_536' title='bbox 1987 3014 2031 3073; x_wconf 75' lang='lat' dir='ltr'><strong><em>C</em></strong></span> <span class='ocrx_word' id='word_1_537' title='bbox 2069 2982 2261 3054; x_wconf 83' lang='grc' dir='ltr'><strong>ὥσπερ</strong></span> <span class='ocrx_word' id='word_1_538' title='bbox 2308 2982 2486 3054; x_wconf 85' lang='grc' dir='ltr'><strong>τούτῳ</strong></span> <span class='ocrx_word' id='word_1_539' title='bbox 2515 2980 2615 3053; x_wconf 82' lang='grc' dir='ltr'><strong>τήν</strong></span> <span class='ocrx_word' id='word_1_540' title='bbox 2650 2979 2790 3054; x_wconf 81' lang='grc' dir='ltr'><strong>ὑπὲρ</strong></span> <span class='ocrx_word' id='word_1_541' title='bbox 2838 2980 3017 3042; x_wconf 82' lang='grc' dir='ltr'><strong>αὐτῶν</strong></span> <span class='ocrx_word' id='word_1_542' title='bbox 3064 2978 3374 3051; x_wconf 83' lang='grc' dir='ltr'><strong>μαρτυρίαν</strong></span> <span class='ocrx_word' id='word_1_543' title='bbox 3416 2975 3650 3031; x_wconf 84' lang='grc' dir='ltr'><strong>καταλε-</strong></span> 
     </span>
    </p>
   </div>
   <div class='ocr_carea' id='block_1_76' title="bbox 2061 3077 2351 3131">
    <p class='ocr_par' dir='ltr' id='par_1_76' title="bbox 2061 3077 2351 3131">
     <span class='ocr_line' id='line_1_76' title="bbox 2061 3077 2351 3131; baseline 0.003 -1"><span class='ocrx_word' id='word_1_544' title='bbox 2061 3077 2351 3131; x_wconf 83' lang='grc' dir='ltr'><strong>λοιπότων.</strong></span> 
     </span>
    </p>
   </div>
   <div class='ocr_carea' id='block_1_77' title="bbox 2132 3164 3647 3233">
    <p class='ocr_par' dir='ltr' id='par_1_77' title="bbox 2132 3164 3647 3233">
     <span class='ocr_line' id='line_1_77' title="bbox 2132 3164 3647 3233; baseline -0.001 -11"><span class='ocrx_word' id='word_1_545' title='bbox 2132 3168 2381 3224; x_wconf 63' lang='lat' dir='ltr'><strong>diuidat).</strong></span> <span class='ocrx_word' id='word_1_546' title='bbox 2443 3167 2510 3221; x_wconf 89' lang='grc' dir='ltr'><strong>Τί</strong></span> <span class='ocrx_word' id='word_1_547' title='bbox 2582 3164 2787 3233; x_wconf 78' lang='grc' dir='ltr'><strong>ίδοῦσα,</strong></span> <span class='ocrx_word' id='word_1_548' title='bbox 2840 3167 2937 3222; x_wconf 79' lang='grc' dir='ltr'><strong>καὶ</strong></span> <span class='ocrx_word' id='word_1_549' title='bbox 2982 3167 3131 3229; x_wconf 86' lang='grc' dir='ltr'><strong>τίνος</strong></span> <span class='ocrx_word' id='word_1_550' title='bbox 3197 3165 3388 3221; x_wconf 79' lang='grc' dir='ltr'><strong>ἐνεκεν</strong></span> <span class='ocrx_word' id='word_1_551' title='bbox 3451 3166 3647 3222; x_wconf 78' lang='grc' dir='ltr'><strong>διετα-</strong></span> 
     </span>
    </p>
   </div>
   <div class='ocr_carea' id='block_1_78' title="bbox 2055 3256 3650 3330">
    <p class='ocr_par' dir='ltr' id='par_1_78' title="bbox 2055 3256 3650 3330">
     <span class='ocr_line' id='line_1_78' title="bbox 2055 3256 3650 3330; baseline -0.003 -15"><span class='ocrx_word' id='word_1_552' title='bbox 2055 3260 2306 3330; x_wconf 84' lang='grc' dir='ltr'><strong>ράχθη;</strong></span> <span class='ocrx_word' id='word_1_553' title='bbox 2364 3257 2571 3313; x_wconf 83' lang='grc' dir='ltr'><strong>Ἰδοῦσα</strong></span> <span class='ocrx_word' id='word_1_554' title='bbox 2616 3259 2708 3311; x_wconf 83' lang='grc' dir='ltr'><strong>τὸν</strong></span> <span class='ocrx_word' id='word_1_555' title='bbox 2762 3256 2993 3327; x_wconf 75' lang='grc' dir='ltr'><strong>ἄγγελον</strong></span> <span class='ocrx_word' id='word_1_556' title='bbox 3042 3258 3231 3326; x_wconf 82' lang='grc' dir='ltr'><strong>ἁγνοῖς</strong></span> <span class='ocrx_word' id='word_1_557' title='bbox 3286 3259 3403 3321; x_wconf 83' lang='grc' dir='ltr'><strong>τοῖς</strong></span> <span class='ocrx_word' id='word_1_558' title='bbox 3448 3258 3650 3328; x_wconf 81' lang='grc' dir='ltr'><strong>ὀφθαλ-</strong></span> 
     </span>
    </p>
   </div>
   <div class='ocr_carea' id='block_1_79' title="bbox 2065 3349 3642 3424">
    <p class='ocr_par' dir='ltr' id='par_1_79' title="bbox 2065 3349 3642 3424">
     <span class='ocr_line' id='line_1_79' title="bbox 2065 3349 3642 3424; baseline -0.001 -18"><span class='ocrx_word' id='word_1_559' title='bbox 2065 3356 2187 3424; x_wconf 80' lang='grc' dir='ltr'><strong>μοῖς</strong></span> <span class='ocrx_word' id='word_1_560' title='bbox 2207 3352 2542 3419; x_wconf 75' lang='grc' dir='ltr'><strong>ἀτενίζοντα,</strong></span> <span class='ocrx_word' id='word_1_561' title='bbox 2567 3349 2707 3415; x_wconf 86' lang='grc' dir='ltr'><strong>ἀλλά</strong></span> <span class='ocrx_word' id='word_1_562' title='bbox 2730 3350 3047 3422; x_wconf 84' lang='grc' dir='ltr'><strong>μνηστῆρος</strong></span> <span class='ocrx_word' id='word_1_563' title='bbox 3056 3349 3355 3422; x_wconf 89' lang='grc' dir='ltr'><strong>μηνύματα</strong></span> <span class='ocrx_word' id='word_1_564' title='bbox 3366 3351 3602 3422; x_wconf 81' lang='grc' dir='ltr'><strong>φέροντα</strong></span> <span class='ocrx_word' id='word_1_565' title='bbox 3626 3368 3642 3381; x_wconf 92' lang='grc'><strong>·</strong></span> 
     </span>
    </p>
   </div>
   <div class='ocr_carea' id='block_1_80' title="bbox 2060 3442 3646 3517">
    <p class='ocr_par' dir='ltr' id='par_1_80' title="bbox 2060 3442 3646 3517">
     <span class='ocr_line' id='line_1_80' title="bbox 2060 3442 3646 3517; baseline -0.001 -18"><span class='ocrx_word' id='word_1_566' title='bbox 2060 3444 2288 3517; x_wconf 82' lang='grc' dir='ltr'><strong>καθαρῷ</strong></span> <span class='ocrx_word' id='word_1_567' title='bbox 2318 3443 2594 3515; x_wconf 82' lang='grc' dir='ltr'><strong>βλέμματι</strong></span> <span class='ocrx_word' id='word_1_568' title='bbox 2620 3443 3051 3515; x_wconf 83' lang='grc' dir='ltr'><strong>προσανέχοντα,</strong></span> <span class='ocrx_word' id='word_1_569' title='bbox 3068 3442 3400 3513; x_wconf 80' lang='grc' dir='ltr'><strong>ἀλλάγάμου</strong></span> <span class='ocrx_word' id='word_1_570' title='bbox 3415 3442 3646 3511; x_wconf 70' lang='grc' dir='ltr'><strong>λέγοντα</strong></span> 
     </span>
    </p>
   </div>
   <div class='ocr_carea' id='block_1_81' title="bbox 2062 3534 3646 3607">
    <p class='ocr_par' dir='ltr' id='par_1_81' title="bbox 2062 3534 3646 3607">
     <span class='ocr_line' id='line_1_81' title="bbox 2062 3534 3646 3607; baseline 0 -19"><span class='ocrx_word' id='word_1_571' title='bbox 2062 3535 2486 3605; x_wconf 88' lang='grc' dir='ltr'><strong>συναλλάγματα</strong></span> <span class='ocrx_word' id='word_1_572' title='bbox 2505 3552 2521 3568; x_wconf 88' lang='grc'><strong>·</strong></span> <span class='ocrx_word' id='word_1_573' title='bbox 2543 3534 2749 3588; x_wconf 85' lang='grc' dir='ltr'><strong>τούτων</strong></span> <span class='ocrx_word' id='word_1_574' title='bbox 2785 3534 2897 3589; x_wconf 88' lang='grc' dir='ltr'><strong>τῶν</strong></span> <span class='ocrx_word' id='word_1_575' title='bbox 2922 3535 3212 3605; x_wconf 80' lang='grc' dir='ltr'><strong>νυμφικῶν</strong></span> <span class='ocrx_word' id='word_1_576' title='bbox 3248 3534 3516 3607; x_wconf 76' lang='grc' dir='ltr'><strong>ῥημάτων</strong></span> <span class='ocrx_word' id='word_1_577' title='bbox 3544 3552 3646 3603; x_wconf 61' lang='grc' dir='ltr'><strong>γε-</strong></span> 
     </span>
    </p>
   </div>
   <div class='ocr_carea' id='block_1_82' title="bbox 2060 3625 3645 3698">
    <p class='ocr_par' dir='ltr' id='par_1_82' title="bbox 2060 3625 3645 3698">
     <span class='ocr_line' id='line_1_82' title="bbox 2060 3625 3645 3698; baseline -0.001 -17"><span class='ocrx_word' id='word_1_578' title='bbox 2060 3628 2261 3696; x_wconf 84' lang='grc' dir='ltr'><strong>νομένη</strong></span> <span class='ocrx_word' id='word_1_579' title='bbox 2292 3628 2581 3698; x_wconf 83' lang='grc' dir='ltr'><strong>κατήκοος,</strong></span> <span class='ocrx_word' id='word_1_580' title='bbox 2616 3627 2712 3681; x_wconf 78' lang='grc' dir='ltr'><strong>καὶ</strong></span> <span class='ocrx_word' id='word_1_581' title='bbox 2755 3625 2946 3680; x_wconf 88' lang='grc' dir='ltr'><strong>παθῶν</strong></span> <span class='ocrx_word' id='word_1_582' title='bbox 2974 3626 3222 3696; x_wconf 80' lang='grc' dir='ltr'><strong>ἀμέτοχα</strong></span> <span class='ocrx_word' id='word_1_583' title='bbox 3271 3626 3371 3695; x_wconf 84' lang='grc' dir='ltr'><strong>τῆς</strong></span> <span class='ocrx_word' id='word_1_584' title='bbox 3425 3626 3645 3695; x_wconf 71' lang='grc' dir='ltr'><strong>ὁμιλίας</strong></span> 
     </span>
    </p>
   </div>
   <div class='ocr_carea' id='block_1_83' title="bbox 2058 3715 3646 3789">
    <p class='ocr_par' dir='ltr' id='par_1_83' title="bbox 2058 3715 3646 3789">
     <span class='ocr_line' id='line_1_83' title="bbox 2058 3715 3646 3789; baseline -0.002 -18"><span class='ocrx_word' id='word_1_585' title='bbox 2058 3719 2126 3772; x_wconf 88' lang='grc' dir='ltr'><strong>τὰ</strong></span> <span class='ocrx_word' id='word_1_586' title='bbox 2150 3718 2405 3789; x_wconf 88' lang='grc' dir='ltr'><strong>σχήματα</strong></span> <span class='ocrx_word' id='word_1_587' title='bbox 2422 3718 2713 3787; x_wconf 78' lang='grc' dir='ltr'><strong>βλέπουσα,</strong></span> <span class='ocrx_word' id='word_1_588' title='bbox 2735 3719 2854 3780; x_wconf 80' lang='grc' dir='ltr'><strong>ταῖς</strong></span> <span class='ocrx_word' id='word_1_589' title='bbox 2869 3716 2980 3770; x_wconf 91' lang='grc' dir='ltr'><strong>τῶν</strong></span> <span class='ocrx_word' id='word_1_590' title='bbox 3012 3715 3292 3786; x_wconf 79' lang='grc' dir='ltr'><strong>λογισμῶν</strong></span> <span class='ocrx_word' id='word_1_591' title='bbox 3306 3715 3646 3780; x_wconf 88' lang='grc' dir='ltr'><strong>ἀντιπνοία·ς</strong></span> 
     </span>
    </p>
   </div>
   <div class='ocr_carea' id='block_1_84' title="bbox 2057 3806 3647 3882">
    <p class='ocr_par' dir='ltr' id='par_1_84' title="bbox 2057 3806 3647 3882">
     <span class='ocr_line' id='line_1_84' title="bbox 2057 3806 3647 3882; baseline -0.004 -18"><span class='ocrx_word' id='word_1_592' title='bbox 2057 3811 2413 3882; x_wconf 88' lang='grc' dir='ltr'><strong>ἐταράσσετο.</strong></span> <span class='ocrx_word' id='word_1_593' title='bbox 2430 3811 2593 3881; x_wconf 89' lang='grc' dir='ltr'><strong>Ὀρῶ,</strong></span> <span class='ocrx_word' id='word_1_594' title='bbox 2629 3808 2785 3880; x_wconf 80' lang='grc' dir='ltr'><strong>φησὶ,</strong></span> <span class='ocrx_word' id='word_1_595' title='bbox 2818 3808 2911 3862; x_wconf 75' lang='grc' dir='ltr'><strong>τὸν</strong></span> <span class='ocrx_word' id='word_1_596' title='bbox 2956 3806 3202 3879; x_wconf 76' lang='grc' dir='ltr'><strong>μηνυτὴν</strong></span> <span class='ocrx_word' id='word_1_597' title='bbox 3232 3806 3477 3870; x_wconf 77' lang='grc' dir='ltr'><strong>εὐλαϐῶς</strong></span> <span class='ocrx_word' id='word_1_598' title='bbox 3501 3824 3647 3877; x_wconf 63' lang='grc' dir='ltr'><strong>παρ-</strong></span> 
     </span>
    </p>
   </div>
   <div class='ocr_carea' id='block_1_85' title="bbox 2061 3897 3643 3973">
    <p class='ocr_par' dir='ltr' id='par_1_85' title="bbox 2061 3897 3643 3973">
     <span class='ocr_line' id='line_1_85' title="bbox 2061 3897 3643 3973; baseline -0.003 -19"><span class='ocrx_word' id='word_1_599' title='bbox 2061 3903 2368 3973; x_wconf 82' lang='grc' dir='ltr'><strong>ιστάμενον,</strong></span> <span class='ocrx_word' id='word_1_600' title='bbox 2415 3903 2510 3955; x_wconf 74' lang='grc' dir='ltr'><strong>καὶ</strong></span> <span class='ocrx_word' id='word_1_601' title='bbox 2540 3900 2854 3972; x_wconf 86' lang='grc' dir='ltr'><strong>περιχαρῶς</strong></span> <span class='ocrx_word' id='word_1_602' title='bbox 2895 3899 2996 3973; x_wconf 79' lang='grc' dir='ltr'><strong>τήν</strong></span> <span class='ocrx_word' id='word_1_603' title='bbox 3034 3899 3294 3969; x_wconf 86' lang='grc' dir='ltr'><strong>ἀγγελίαν</strong></span> <span class='ocrx_word' id='word_1_604' title='bbox 3346 3897 3643 3953; x_wconf 82' lang='grc' dir='ltr'><strong>ἀναπείθοο</strong></span> 
     </span>
    </p>
   </div>
   <div class='ocr_carea' id='block_1_86' title="bbox 2060 3991 3644 4064">
    <p class='ocr_par' dir='ltr' id='par_1_86' title="bbox 2060 3991 3644 4064">
     <span class='ocr_line' id='line_1_86' title="bbox 2060 3991 3644 4064; baseline -0.001 -18"><span class='ocrx_word' id='word_1_605' title='bbox 2060 4011 2160 4064; x_wconf 89' lang='grc' dir='ltr'><strong>μαι</strong></span> <span class='ocrx_word' id='word_1_606' title='bbox 2189 3993 2448 4059; x_wconf 80' lang='grc' dir='ltr'><strong>δέξασθαι</strong></span> <span class='ocrx_word' id='word_1_607' title='bbox 2467 4011 2480 4025; x_wconf 88' lang='grc'><strong>·</strong></span> <span class='ocrx_word' id='word_1_608' title='bbox 2506 3993 2643 4048; x_wconf 81' lang='grc' dir='ltr'><strong>ἀλλὰ</strong></span> <span class='ocrx_word' id='word_1_609' title='bbox 2663 3992 2971 4063; x_wconf 85' lang='grc' dir='ltr'><strong>νυμφικούς</strong></span> <span class='ocrx_word' id='word_1_610' title='bbox 2997 4009 3091 4061; x_wconf 89' lang='grc' dir='ltr'><strong>μοι</strong></span> <span class='ocrx_word' id='word_1_611' title='bbox 3144 3991 3338 4059; x_wconf 84' lang='grc' dir='ltr'><strong>λόγους</strong></span> <span class='ocrx_word' id='word_1_612' title='bbox 3397 3991 3644 4063; x_wconf 76' lang='grc' dir='ltr'><strong>προὸἀλο</strong></span> 
     </span>
    </p>
   </div>
   <div class='ocr_carea' id='block_1_87' title="bbox 2055 4082 3643 4155">
    <p class='ocr_par' dir='ltr' id='par_1_87' title="bbox 2055 4082 3643 4155">
     <span class='ocr_line' id='line_1_87' title="bbox 2055 4082 3643 4155; baseline -0.001 -19"><span class='ocrx_word' id='word_1_613' title='bbox 2055 4085 2228 4149; x_wconf 87' lang='grc' dir='ltr'><strong>λεται,</strong></span> <span class='ocrx_word' id='word_1_614' title='bbox 2260 4085 2355 4138; x_wconf 77' lang='grc' dir='ltr'><strong>καὶ</strong></span> <span class='ocrx_word' id='word_1_615' title='bbox 2398 4082 2498 4154; x_wconf 79' lang='grc' dir='ltr'><strong>τὴν</strong></span> <span class='ocrx_word' id='word_1_616' title='bbox 2554 4084 2732 4155; x_wconf 87' lang='grc' dir='ltr'><strong>χαράν</strong></span> <span class='ocrx_word' id='word_1_617' title='bbox 2790 4085 2872 4147; x_wconf 88' lang='grc' dir='ltr'><strong>εἰς</strong></span> <span class='ocrx_word' id='word_1_618' title='bbox 2927 4082 3095 4152; x_wconf 75' lang='grc' dir='ltr'><strong>φόϐον</strong></span> <span class='ocrx_word' id='word_1_619' title='bbox 3159 4082 3490 4153; x_wconf 74' lang='grc' dir='ltr'><strong>μεθίστησι,</strong></span> <span class='ocrx_word' id='word_1_620' title='bbox 3543 4082 3643 4135; x_wconf 77' lang='grc' dir='ltr'><strong>καὶ</strong></span> 
     </span>
    </p>
   </div>
   <div class='ocr_carea' id='block_1_88' title="bbox 2055 4174 3644 4248">
    <p class='ocr_par' dir='ltr' id='par_1_88' title="bbox 2055 4174 3644 4248">
     <span class='ocr_line' id='line_1_88' title="bbox 2055 4174 3644 4248; baseline -0.002 -18"><span class='ocrx_word' id='word_1_621' title='bbox 2055 4176 2275 4246; x_wconf 80' lang='grc' dir='ltr'><strong>θορυὸεῖ</strong></span> <span class='ocrx_word' id='word_1_622' title='bbox 2303 4178 2402 4246; x_wconf 82' lang='grc' dir='ltr'><strong>τὴν</strong></span> <span class='ocrx_word' id='word_1_623' title='bbox 2423 4176 2601 4248; x_wconf 83' lang='grc' dir='ltr'><strong>ψυχὴν</strong></span> <span class='ocrx_word' id='word_1_624' title='bbox 2625 4175 2703 4245; x_wconf 82' lang='grc' dir='ltr'><strong>τῷ</strong></span> <span class='ocrx_word' id='word_1_625' title='bbox 2730 4175 3032 4247; x_wconf 87' lang='grc' dir='ltr'><strong>μηνύματι.</strong></span> <span class='ocrx_word' id='word_1_626' title='bbox 3078 4174 3224 4247; x_wconf 81' lang='grc' dir='ltr'><strong>ὐρῶ</strong></span> <span class='ocrx_word' id='word_1_627' title='bbox 3255 4178 3316 4229; x_wconf 78' lang='grc' dir='ltr'><strong>τὸ</strong></span> <span class='ocrx_word' id='word_1_628' title='bbox 3345 4174 3644 4245; x_wconf 79' lang='grc' dir='ltr'><strong>πρόσωπον</strong></span> 
     </span>
    </p>
   </div>
   <div class='ocr_carea' id='block_1_89' title="bbox 2056 4266 3645 4340">
    <p class='ocr_par' dir='ltr' id='par_1_89' title="bbox 2056 4266 3645 4340">
     <span class='ocr_line' id='line_1_89' title="bbox 2056 4266 3645 4340; baseline -0.001 -19"><span class='ocrx_word' id='word_1_629' title='bbox 2056 4268 2196 4322; x_wconf 82' lang='grc' dir='ltr'><strong>αἰδοῖ</strong></span> <span class='ocrx_word' id='word_1_630' title='bbox 2257 4269 2696 4339; x_wconf 88' lang='grc' dir='ltr'><strong>συστελλόμενον,</strong></span> <span class='ocrx_word' id='word_1_631' title='bbox 2718 4267 2857 4323; x_wconf 89' lang='grc' dir='ltr'><strong>ἀλλά</strong></span> <span class='ocrx_word' id='word_1_632' title='bbox 2897 4268 3135 4340; x_wconf 82' lang='grc' dir='ltr'><strong>νυμφίου</strong></span> <span class='ocrx_word' id='word_1_633' title='bbox 3193 4285 3285 4339; x_wconf 86' lang='grc' dir='ltr'><strong>μοι</strong></span> <span class='ocrx_word' id='word_1_634' title='bbox 3336 4266 3645 4337; x_wconf 66' lang='grc' dir='ltr'><strong>παρουσίαν</strong></span> 
     </span>
    </p>
   </div>
   <div class='ocr_carea' id='block_1_90' title="bbox 370 4351 1953 4433">
    <p class='ocr_par' dir='ltr' id='par_1_90' title="bbox 370 4351 1953 4425">
     <span class='ocr_line' id='line_1_90' title="bbox 370 4351 1953 4425; baseline -0.003 -13"><span class='ocrx_word' id='word_1_635' title='bbox 370 4371 588 4413; x_wconf 79' lang='lat' dir='ltr'><strong>nionem</strong></span> <span class='ocrx_word' id='word_1_636' title='bbox 635 4366 696 4411; x_wconf 93' lang='lat' dir='ltr'><strong>ut</strong></span> <span class='ocrx_word' id='word_1_637' title='bbox 747 4356 997 4411; x_wconf 88' lang='lat' dir='ltr'><strong>dolosum</strong></span> <span class='ocrx_word' id='word_1_638' title='bbox 1046 4353 1312 4423; x_wconf 88' lang='lat' dir='ltr'><strong>suspicari</strong></span> <span class='ocrx_word' id='word_1_639' title='bbox 1345 4353 1512 4423; x_wconf 83' lang='lat' dir='ltr'><strong>cogit.</strong></span> <span class='ocrx_word' id='word_1_640' title='bbox 1548 4351 1762 4407; x_wconf 85' lang='lat' dir='ltr'><strong>Etenim</strong></span> <span class='ocrx_word' id='word_1_641' title='bbox 1790 4353 1953 4425; x_wconf 83' lang='lat' dir='ltr'><strong>legati</strong></span> 
     </span>
    </p>
   </div>
   <div class='ocr_carea' id='block_1_91' title="bbox 2060 4351 3644 4433">
    <p class='ocr_par' dir='ltr' id='par_1_91' title="bbox 2060 4358 3644 4433">
     <span class='ocr_line' id='line_1_91' title="bbox 2060 4358 3644 4433; baseline 0 -21"><span class='ocrx_word' id='word_1_642' title='bbox 2060 4360 2478 4427; x_wconf 79' lang='grc' dir='ltr'><strong>ἐπαγγέλλεται.</strong></span> <span class='ocrx_word' id='word_1_643' title='bbox 2549 4361 2691 4433; x_wconf 85' lang='grc' dir='ltr'><strong>Ὀρῶ</strong></span> <span class='ocrx_word' id='word_1_644' title='bbox 2748 4362 2986 4425; x_wconf 88' lang='grc' dir='ltr'><strong>συνετῶς</strong></span> <span class='ocrx_word' id='word_1_645' title='bbox 3043 4360 3449 4430; x_wconf 81' lang='grc' dir='ltr'><strong>διαλεγόμενον,</strong></span> <span class='ocrx_word' id='word_1_646' title='bbox 3502 4358 3644 4413; x_wconf 82' lang='grc' dir='ltr'><strong>ἀλλά</strong></span> 
     </span>
    </p>
   </div>
   <div class='ocr_carea' id='block_1_92' title="bbox 370 4446 1951 4512">
    <p class='ocr_par' dir='ltr' id='par_1_92' title="bbox 370 4446 1951 4512">
     <span class='ocr_line' id='line_1_92' title="bbox 370 4446 1951 4512; baseline -0.003 -7"><span class='ocrx_word' id='word_1_647' title='bbox 370 4459 504 4506; x_wconf 91' lang='lat' dir='ltr'><strong>tunc</strong></span> <span class='ocrx_word' id='word_1_648' title='bbox 538 4450 713 4505; x_wconf 78' lang='lat' dir='ltr'><strong>forma</strong></span> <span class='ocrx_word' id='word_1_649' title='bbox 740 4458 795 4504; x_wconf 91' lang='lat' dir='ltr'><strong>et</strong></span> <span class='ocrx_word' id='word_1_650' title='bbox 835 4447 1092 4512; x_wconf 89' lang='lat' dir='ltr'><strong>astantia,</strong></span> <span class='ocrx_word' id='word_1_651' title='bbox 1148 4461 1274 4501; x_wconf 91' lang='lat' dir='ltr'><strong>cum</strong></span> <span class='ocrx_word' id='word_1_652' title='bbox 1309 4446 1533 4501; x_wconf 87' lang='lat' dir='ltr'><strong>habitus</strong></span> <span class='ocrx_word' id='word_1_653' title='bbox 1563 4446 1837 4512; x_wconf 89' lang='lat' dir='ltr'><strong>decentia,</strong></span> <span class='ocrx_word' id='word_1_654' title='bbox 1866 4448 1951 4503; x_wconf 82' lang='lat' dir='ltr'><strong>di-</strong></span> 
     </span>
    </p>
   </div>
   <div class='ocr_carea' id='block_1_93' title="bbox 369 4538 1950 4608">
    <p class='ocr_par' dir='ltr' id='par_1_93' title="bbox 369 4538 1950 4608">
     <span class='ocr_line' id='line_1_93' title="bbox 369 4538 1950 4608; baseline -0.001 -12"><span class='ocrx_word' id='word_1_655' title='bbox 369 4543 497 4597; x_wconf 82' lang='lat' dir='ltr'><strong>vine</strong></span> <span class='ocrx_word' id='word_1_656' title='bbox 553 4542 771 4597; x_wconf 91' lang='lat' dir='ltr'><strong>venisse</strong></span> <span class='ocrx_word' id='word_1_657' title='bbox 834 4539 1043 4594; x_wconf 85' lang='lat' dir='ltr'><strong>iudicat</strong></span> <span class='ocrx_word' id='word_1_658' title='bbox 1102 4538 1470 4608; x_wconf 75' lang='lat' dir='ltr'><strong>legationem;</strong></span> <span class='ocrx_word' id='word_1_659' title='bbox 1534 4538 1699 4593; x_wconf 85' lang='lat' dir='ltr'><strong>verba</strong></span> <span class='ocrx_word' id='word_1_660' title='bbox 1768 4548 1950 4594; x_wconf 85' lang='lat' dir='ltr'><strong>autem</strong></span> 
     </span>
    </p>
   </div>
   <div class='ocr_carea' id='block_1_94' title="bbox 370 4628 1953 4703">
    <p class='ocr_par' dir='ltr' id='par_1_94' title="bbox 370 4628 1953 4703">
     <span class='ocr_line' id='line_1_94' title="bbox 370 4628 1953 4703; baseline 0 -14"><span class='ocrx_word' id='word_1_661' title='bbox 370 4633 559 4703; x_wconf 86' lang='lat' dir='ltr'><strong>sponsi</strong></span> <span class='ocrx_word' id='word_1_662' title='bbox 590 4631 851 4688; x_wconf 88' lang='lat' dir='ltr'><strong>indicium</strong></span> <span class='ocrx_word' id='word_1_663' title='bbox 882 4629 1199 4687; x_wconf 78' lang='lat' dir='ltr'><strong>exhibentia</strong></span> <span class='ocrx_word' id='word_1_664' title='bbox 1234 4628 1479 4685; x_wconf 83' lang='lat' dir='ltr'><strong>abnuere</strong></span> <span class='ocrx_word' id='word_1_665' title='bbox 1496 4629 1730 4686; x_wconf 89' lang='lat' dir='ltr'><strong>suadent</strong></span> <span class='ocrx_word' id='word_1_666' title='bbox 1758 4645 1953 4689; x_wconf 82' lang='lat' dir='ltr'><strong>asseu-</strong></span> 
     </span>
    </p>
   </div>
   <div class='ocr_carea' id='block_1_95' title="bbox 370 4736 513 4784">
    <p class='ocr_par' dir='ltr' id='par_1_95' title="bbox 370 4736 513 4784">
     <span class='ocr_line' id='line_1_95' title="bbox 370 4736 513 4784; baseline -0.007 0"><span class='ocrx_word' id='word_1_667' title='bbox 370 4736 513 4784; x_wconf 83' lang='lat' dir='ltr'><strong>sum.</strong></span> 
     </span>
    </p>
   </div>
   <div class='ocr_carea' id='block_1_96' title="bbox 2057 4451 3642 4524">
    <p class='ocr_par' dir='ltr' id='par_1_96' title="bbox 2057 4451 3642 4524">
     <span class='ocr_line' id='line_1_96' title="bbox 2057 4451 3642 4524; baseline 0 -19"><span class='ocrx_word' id='word_1_668' title='bbox 2057 4452 2372 4523; x_wconf 73' lang='grc' dir='ltr'><strong>συλλήψεως</strong></span> <span class='ocrx_word' id='word_1_669' title='bbox 2411 4454 2634 4524; x_wconf 80' lang='grc' dir='ltr'><strong>ῥήματα</strong></span> <span class='ocrx_word' id='word_1_670' title='bbox 2667 4452 2999 4522; x_wconf 73' lang='grc' dir='ltr'><strong>φθέγγεται*</strong></span> <span class='ocrx_word' id='word_1_671' title='bbox 3032 4452 3131 4506; x_wconf 76' lang='grc' dir='ltr'><strong>καὶ</strong></span> <span class='ocrx_word' id='word_1_672' title='bbox 3158 4452 3259 4523; x_wconf 86' lang='grc' dir='ltr'><strong>τῆς</strong></span> <span class='ocrx_word' id='word_1_673' title='bbox 3290 4451 3590 4521; x_wconf 80' lang='grc' dir='ltr'><strong>παρθενίας</strong></span> <span class='ocrx_word' id='word_1_674' title='bbox 3612 4454 3642 4505; x_wconf 83' lang='grc' dir='ltr'><strong>ό</strong></span> 
     </span>
    </p>
   </div>
   <div class='ocr_carea' id='block_1_97' title="bbox 2059 4542 3640 4613">
    <p class='ocr_par' dir='ltr' id='par_1_97' title="bbox 2059 4542 3640 4613">
     <span class='ocr_line' id='line_1_97' title="bbox 2059 4542 3640 4613; baseline -0.003 -14"><span class='ocrx_word' id='word_1_675' title='bbox 2059 4546 2222 4609; x_wconf 83' lang='grc' dir='ltr'><strong>πόθος</strong></span> <span class='ocrx_word' id='word_1_676' title='bbox 2252 4546 2344 4599; x_wconf 74' lang='grc' dir='ltr'><strong>τὸν</strong></span> <span class='ocrx_word' id='word_1_677' title='bbox 2373 4543 2533 4613; x_wconf 91' lang='grc' dir='ltr'><strong>λόγον</strong></span> <span class='ocrx_word' id='word_1_678' title='bbox 2582 4547 2658 4608; x_wconf 85' lang='grc' dir='ltr'><strong>ὼς</strong></span> <span class='ocrx_word' id='word_1_679' title='bbox 2686 4545 2836 4598; x_wconf 83' lang='grc' dir='ltr'><strong>δόλον</strong></span> <span class='ocrx_word' id='word_1_680' title='bbox 2870 4545 3199 4597; x_wconf 80' lang='grc' dir='ltr'><strong>ὑποπτεύειν</strong></span> <span class='ocrx_word' id='word_1_681' title='bbox 3234 4542 3507 4613; x_wconf 74' lang='grc' dir='ltr'><strong>βιάζεται.</strong></span> <span class='ocrx_word' id='word_1_682' title='bbox 3538 4542 3640 4595; x_wconf 83' lang='grc' dir='ltr'><strong>Διά</strong></span> 
     </span>
    </p>
   </div>
   <div class='ocr_carea' id='block_1_98' title="bbox 2058 4634 3641 4709">
    <p class='ocr_par' dir='ltr' id='par_1_98' title="bbox 2058 4634 3641 4709">
     <span class='ocr_line' id='line_1_98' title="bbox 2058 4634 3641 4709; baseline 0.001 -21"><span class='ocrx_word' id='word_1_683' title='bbox 2058 4634 2216 4689; x_wconf 84' lang='grc' dir='ltr'><strong>τοῦτο</strong></span> <span class='ocrx_word' id='word_1_684' title='bbox 2250 4637 2680 4709; x_wconf 83' lang='grc' dir='ltr'><strong>ἐκταράσσομαι,</strong></span> <span class='ocrx_word' id='word_1_685' title='bbox 2710 4636 2786 4701; x_wconf 87' lang='grc' dir='ltr'><strong>ὡς</strong></span> <span class='ocrx_word' id='word_1_686' title='bbox 2810 4636 3086 4708; x_wconf 77' lang='grc' dir='ltr'><strong>ἰσορρόπῳ</strong></span> <span class='ocrx_word' id='word_1_687' title='bbox 3114 4634 3309 4707; x_wconf 79' lang='grc' dir='ltr'><strong>γνώμῃ</strong></span> <span class='ocrx_word' id='word_1_688' title='bbox 3329 4636 3388 4689; x_wconf 83' lang='grc' dir='ltr'><strong>τὸ</strong></span> <span class='ocrx_word' id='word_1_689' title='bbox 3406 4638 3641 4706; x_wconf 79' lang='grc' dir='ltr'><strong>πρᾶγμα</strong></span> 
     </span>
    </p>
   </div>
   <div class='ocr_carea' id='block_1_99' title="bbox 2062 4726 3640 4799">
    <p class='ocr_par' dir='ltr' id='par_1_99' title="bbox 2062 4726 3640 4799">
     <span class='ocr_line' id='line_1_99' title="bbox 2062 4726 3640 4799; baseline 0.001 -20"><span class='ocrx_word' id='word_1_690' title='bbox 2062 4726 2567 4798; x_wconf 77' lang='grc' dir='ltr'><strong>ζυγοστατούμενον</strong></span> <span class='ocrx_word' id='word_1_691' title='bbox 2602 4726 2899 4797; x_wconf 81' lang='grc' dir='ltr'><strong>βλέπουσα.</strong></span> <span class='ocrx_word' id='word_1_692' title='bbox 2962 4727 3029 4781; x_wconf 86' lang='grc' dir='ltr'><strong><em>Ἦ</em></strong></span> <span class='ocrx_word' id='word_1_693' title='bbox 3071 4727 3186 4792; x_wconf 74' lang='grc' dir='ltr'><strong>ἐξις</strong></span> <span class='ocrx_word' id='word_1_694' title='bbox 3234 4728 3332 4798; x_wconf 68' lang='grc' dir='ltr'><strong>μὲν</strong></span> <span class='ocrx_word' id='word_1_695' title='bbox 3381 4728 3494 4799; x_wconf 90' lang='grc' dir='ltr'><strong>γάρ</strong></span> <span class='ocrx_word' id='word_1_696' title='bbox 3544 4728 3640 4781; x_wconf 77' lang='grc' dir='ltr'><strong>τοῦ</strong></span> 
     </span>
    </p>
   </div>
   <div class='ocr_carea' id='block_1_100' title="bbox 375 4817 3640 4894">
    <p class='ocr_par' dir='ltr' id='par_1_100' title="bbox 375 4817 3640 4894">
     <span class='ocr_line' id='line_1_100' title="bbox 375 4817 3640 4894; baseline 0 -18"><span class='ocrx_word' id='word_1_697' title='bbox 375 4822 615 4893; x_wconf 82' lang='grc' dir='ltr'><strong>μηνυτοῦ</strong></span> <span class='ocrx_word' id='word_1_698' title='bbox 642 4822 735 4875; x_wconf 77' lang='grc' dir='ltr'><strong>καί</strong></span> <span class='ocrx_word' id='word_1_699' title='bbox 756 4821 1113 4886; x_wconf 89' lang='grc' dir='ltr'><strong>κατάστασις,</strong></span> <span class='ocrx_word' id='word_1_700' title='bbox 1141 4832 1241 4871; x_wconf 86' lang='grc' dir='ltr'><strong>συν</strong></span> <span class='ocrx_word' id='word_1_701' title='bbox 1268 4817 1346 4889; x_wconf 83' lang='grc' dir='ltr'><strong>τῷ</strong></span> <span class='ocrx_word' id='word_1_702' title='bbox 1377 4818 1698 4891; x_wconf 82' lang='grc' dir='ltr'><strong>κοσμίῳτοῦ</strong></span> <span class='ocrx_word' id='word_1_703' title='bbox 1727 4822 2028 4893; x_wconf 85' lang='grc' dir='ltr'><strong>σχήματος,</strong></span> <span class='ocrx_word' id='word_1_704' title='bbox 2059 4822 2245 4877; x_wconf 87' lang='grc' dir='ltr'><strong>θεόθεν</strong></span> <span class='ocrx_word' id='word_1_705' title='bbox 2266 4822 2425 4894; x_wconf 81' lang='grc' dir='ltr'><strong>’ήκειν</strong></span> <span class='ocrx_word' id='word_1_706' title='bbox 2483 4822 2730 4877; x_wconf 85' lang='grc' dir='ltr'><strong>διδάσκει</strong></span> <span class='ocrx_word' id='word_1_707' title='bbox 2785 4822 2846 4875; x_wconf 84' lang='grc' dir='ltr'><strong>τὸ</strong></span> <span class='ocrx_word' id='word_1_708' title='bbox 2909 4821 3138 4891; x_wconf 80' lang='grc' dir='ltr'><strong>μήνυμα</strong></span> <span class='ocrx_word' id='word_1_709' title='bbox 3158 4835 3174 4851; x_wconf 84' lang='lat'><strong><em>°</em></strong></span> <span class='ocrx_word' id='word_1_710' title='bbox 3210 4820 3281 4874; x_wconf 68' lang='grc' dir='ltr'><strong>τὰ</strong></span> <span class='ocrx_word' id='word_1_711' title='bbox 3336 4822 3640 4893; x_wconf 69' lang='grc' dir='ltr'><strong>ῥήματαδὲ</strong></span> 
     </span>
    </p>
   </div>
   <div class='ocr_carea' id='block_1_101' title="bbox 373 4915 2544 4992">
    <p class='ocr_par' dir='ltr' id='par_1_101' title="bbox 373 4915 2544 4992">
     <span class='ocr_line' id='line_1_101' title="bbox 373 4915 2544 4992; baseline 0.002 -23"><span class='ocrx_word' id='word_1_712' title='bbox 373 4917 683 4989; x_wconf 69' lang='grc' dir='ltr'><strong>μνηστῆρος</strong></span> <span class='ocrx_word' id='word_1_713' title='bbox 714 4916 952 4987; x_wconf 76' lang='grc' dir='ltr'><strong>ἔμφασιν</strong></span> <span class='ocrx_word' id='word_1_714' title='bbox 982 4915 1432 4985; x_wconf 54' lang='grc' dir='ltr'><strong>,ὑπεμφαίνοντοῃ</strong></span> <span class='ocrx_word' id='word_1_715' title='bbox 1472 4916 1753 4972; x_wconf 85' lang='grc' dir='ltr'><strong>ἀνανεύειν</strong></span> <span class='ocrx_word' id='word_1_716' title='bbox 1775 4920 1951 4973; x_wconf 86' lang='grc' dir='ltr'><strong>πείθει</strong></span> <span class='ocrx_word' id='word_1_717' title='bbox 1988 4919 2088 4992; x_wconf 81' lang='grc' dir='ltr'><strong>τήν</strong></span> <span class='ocrx_word' id='word_1_718' title='bbox 2123 4919 2544 4989; x_wconf 80' lang='grc' dir='ltr'><strong>συγκατάθεσιν.</strong></span> 
     </span>
    </p>
   </div>
   <div class='ocr_carea' id='block_1_102' title="bbox 441 5006 1952 5075">
    <p class='ocr_par' dir='ltr' id='par_1_102' title="bbox 441 5006 1952 5075">
     <span class='ocr_line' id='line_1_102' title="bbox 441 5006 1952 5075; baseline 0.003 -11"><span class='ocrx_word' id='word_1_719' title='bbox 441 5009 641 5064; x_wconf 80' lang='lat' dir='ltr'><strong>Photii.</strong></span> <span class='ocrx_word' id='word_1_720' title='bbox 683 5006 920 5062; x_wconf 86' lang='lat' dir='ltr'><strong>Turbata</strong></span> <span class='ocrx_word' id='word_1_721' title='bbox 967 5015 1044 5061; x_wconf 71' lang='lat' dir='ltr'><strong>est</strong></span> <span class='ocrx_word' id='word_1_722' title='bbox 1077 5007 1148 5060; x_wconf 68' lang='grc' dir='ltr'><strong>εἰη</strong></span> <span class='ocrx_word' id='word_1_723' title='bbox 1178 5024 1436 5075; x_wconf 85' lang='lat' dir='ltr'><strong>sermone,</strong></span> <span class='ocrx_word' id='word_1_724' title='bbox 1484 5026 1593 5065; x_wconf 89' lang='lat' dir='ltr'><strong>non</strong></span> <span class='ocrx_word' id='word_1_725' title='bbox 1628 5013 1952 5068; x_wconf 78' lang='lat' dir='ltr'><strong>beneﬁcium</strong></span> 
     </span>
    </p>
   </div>
   <div class='ocr_carea' id='block_1_103' title="bbox 370 5100 1953 5171">
    <p class='ocr_par' dir='ltr' id='par_1_103' title="bbox 370 5100 1953 5171">
     <span class='ocr_line' id='line_1_103' title="bbox 370 5100 1953 5171; baseline 0.003 -14"><span class='ocrx_word' id='word_1_726' title='bbox 370 5103 679 5158; x_wconf 84' lang='lat' dir='ltr'><strong>abhorruit.</strong></span> <span class='ocrx_word' id='word_1_727' title='bbox 714 5100 952 5155; x_wconf 86' lang='lat' dir='ltr'><strong>Turbata</strong></span> <span class='ocrx_word' id='word_1_728' title='bbox 987 5107 1087 5165; x_wconf 80' lang='lat' dir='ltr'><strong>est,</strong></span> <span class='ocrx_word' id='word_1_729' title='bbox 1118 5100 1212 5154; x_wconf 91' lang='lat' dir='ltr'><strong>sed</strong></span> <span class='ocrx_word' id='word_1_730' title='bbox 1248 5101 1519 5157; x_wconf 86' lang='lat' dir='ltr'><strong>collocuta</strong></span> <span class='ocrx_word' id='word_1_731' title='bbox 1558 5114 1677 5171; x_wconf 88' lang='lat' dir='ltr'><strong>est;</strong></span> <span class='ocrx_word' id='word_1_732' title='bbox 1721 5114 1775 5161; x_wconf 91' lang='lat' dir='ltr'><strong>et</strong></span> <span class='ocrx_word' id='word_1_733' title='bbox 1833 5120 1953 5161; x_wconf 91' lang='lat' dir='ltr'><strong>mo-</strong></span> 
     </span>
    </p>
   </div>
   <div class='ocr_carea' id='block_1_104' title="bbox 369 5193 1954 5261">
    <p class='ocr_par' dir='ltr' id='par_1_104' title="bbox 369 5193 1954 5261">
     <span class='ocr_line' id='line_1_104' title="bbox 369 5193 1954 5261; baseline 0.003 -10"><span class='ocrx_word' id='word_1_734' title='bbox 369 5198 498 5251; x_wconf 90' lang='lat' dir='ltr'><strong>dum</strong></span> <span class='ocrx_word' id='word_1_735' title='bbox 524 5194 875 5251; x_wconf 85' lang='lat' dir='ltr'><strong>salutationis</strong></span> <span class='ocrx_word' id='word_1_736' title='bbox 907 5193 1284 5261; x_wconf 87' lang='lat' dir='ltr'><strong>considerans,</strong></span> <span class='ocrx_word' id='word_1_737' title='bbox 1318 5209 1628 5250; x_wconf 86' lang='lat' dir='ltr'><strong>sermonem</strong></span> <span class='ocrx_word' id='word_1_738' title='bbox 1656 5207 1839 5254; x_wconf 85' lang='lat' dir='ltr'><strong>autem</strong></span> <span class='ocrx_word' id='word_1_739' title='bbox 1870 5200 1954 5255; x_wconf 86' lang='lat' dir='ltr'><strong>vi-</strong></span> 
     </span>
    </p>
   </div>
   <div class='ocr_carea' id='block_1_105' title="bbox 367 5279 1949 5356">
    <p class='ocr_par' dir='ltr' id='par_1_105' title="bbox 367 5279 1949 5356">
     <span class='ocr_line' id='line_1_105' title="bbox 367 5279 1949 5356; baseline 0.003 -17"><span class='ocrx_word' id='word_1_740' title='bbox 367 5279 722 5351; x_wconf 67' lang='lat' dir='ltr'><strong>densjrationi</strong></span> <span class='ocrx_word' id='word_1_741' title='bbox 745 5280 1147 5345; x_wconf 81' lang='lat' dir='ltr'><strong>adversantem,</strong></span> <span class='ocrx_word' id='word_1_742' title='bbox 1178 5282 1371 5337; x_wconf 86' lang='lat' dir='ltr'><strong>timore</strong></span> <span class='ocrx_word' id='word_1_743' title='bbox 1397 5284 1647 5353; x_wconf 90' lang='lat' dir='ltr'><strong>prudenti</strong></span> <span class='ocrx_word' id='word_1_744' title='bbox 1672 5296 1827 5356; x_wconf 84' lang='lat' dir='ltr'><strong>capta</strong></span> <span class='ocrx_word' id='word_1_745' title='bbox 1845 5297 1949 5353; x_wconf 89' lang='lat' dir='ltr'><strong>est,</strong></span> 
     </span>
    </p>
   </div>
   <div class='ocr_carea' id='block_1_106' title="bbox 367 5371 1950 5444">
    <p class='ocr_par' dir='ltr' id='par_1_106' title="bbox 367 5371 1950 5444">
     <span class='ocr_line' id='line_1_106' title="bbox 367 5371 1950 5444; baseline 0.004 -16"><span class='ocrx_word' id='word_1_746' title='bbox 367 5382 754 5430; x_wconf 83' lang='lat' dir='ltr'><strong>ctextrancam</strong></span> <span class='ocrx_word' id='word_1_747' title='bbox 780 5371 1129 5428; x_wconf 90' lang='lat' dir='ltr'><strong>salutationis</strong></span> <span class='ocrx_word' id='word_1_748' title='bbox 1146 5375 1368 5429; x_wconf 90' lang='lat' dir='ltr'><strong>modum</strong></span> <span class='ocrx_word' id='word_1_749' title='bbox 1392 5374 1786 5431; x_wconf 77' lang='lat' dir='ltr'><strong>reforniidavit.</strong></span> <span class='ocrx_word' id='word_1_750' title='bbox 1808 5378 1950 5444; x_wconf 85' lang='lat' dir='ltr'><strong>Quid</strong></span> 
     </span>
    </p>
   </div>
   <div class='ocr_carea' id='block_1_107' title="bbox 369 5465 1941 5543">
    <p class='ocr_par' dir='ltr' id='par_1_107' title="bbox 369 5465 1941 5543">
     <span class='ocr_line' id='line_1_107' title="bbox 369 5465 1941 5543; baseline 0.005 -23"><span class='ocrx_word' id='word_1_751' title='bbox 369 5466 537 5535; x_wconf 88' lang='lat' dir='ltr'><strong>igitur</strong></span> <span class='ocrx_word' id='word_1_752' title='bbox 562 5465 838 5535; x_wconf 72' lang='lat' dir='ltr'><strong>angelus?</strong></span> <span class='ocrx_word' id='word_1_753' title='bbox 897 5481 1029 5520; x_wconf 91' lang='lat' dir='ltr'><strong>num</strong></span> <span class='ocrx_word' id='word_1_754' title='bbox 1059 5468 1309 5537; x_wconf 91' lang='lat' dir='ltr'><strong>permisit</strong></span> <span class='ocrx_word' id='word_1_755' title='bbox 1347 5484 1466 5524; x_wconf 90' lang='lat' dir='ltr'><strong>eam</strong></span> <span class='ocrx_word' id='word_1_756' title='bbox 1508 5472 1741 5528; x_wconf 89' lang='lat' dir='ltr'><strong>diversis</strong></span> <span class='ocrx_word' id='word_1_757' title='bbox 1785 5476 1941 5543; x_wconf 88' lang='lat' dir='ltr'><strong>cogi-</strong></span> 
     </span>
    </p>
   </div>
   <div class='ocr_carea' id='block_1_108' title="bbox 368 5556 1951 5634">
    <p class='ocr_par' dir='ltr' id='par_1_108' title="bbox 368 5556 1951 5634">
     <span class='ocr_line' id='line_1_108' title="bbox 368 5556 1951 5634; baseline 0.006 -23"><span class='ocrx_word' id='word_1_758' title='bbox 368 5556 667 5613; x_wconf 85' lang='lat' dir='ltr'><strong>tationibus</strong></span> <span class='ocrx_word' id='word_1_759' title='bbox 700 5557 931 5625; x_wconf 88' lang='lat' dir='ltr'><strong>turbari,</strong></span> <span class='ocrx_word' id='word_1_760' title='bbox 958 5568 1011 5612; x_wconf 92' lang='lat' dir='ltr'><strong>et</strong></span> <span class='ocrx_word' id='word_1_761' title='bbox 1043 5558 1383 5615; x_wconf 83' lang='lat' dir='ltr'><strong>anxietatum</strong></span> <span class='ocrx_word' id='word_1_762' title='bbox 1424 5560 1680 5619; x_wconf 83' lang='lat' dir='ltr'><strong>ﬂuctibus</strong></span> <span class='ocrx_word' id='word_1_763' title='bbox 1714 5565 1951 5634; x_wconf 80' lang='lat' dir='ltr'><strong>agitari?</strong></span> 
     </span>
    </p>
   </div>
   <div class='ocr_carea' id='block_1_109' title="bbox 365 5652 1947 5728">
    <p class='ocr_par' dir='ltr' id='par_1_109' title="bbox 365 5652 1947 5728">
     <span class='ocr_line' id='line_1_109' title="bbox 365 5652 1947 5728; baseline 0.006 -23"><span class='ocrx_word' id='word_1_764' title='bbox 365 5656 425 5705; x_wconf 87' lang='lat' dir='ltr'><strong>et</strong></span> <span class='ocrx_word' id='word_1_765' title='bbox 450 5652 725 5721; x_wconf 83' lang='lat' dir='ltr'><strong>quomodo</strong></span> <span class='ocrx_word' id='word_1_766' title='bbox 759 5653 1029 5728; x_wconf 40' lang='lat' dir='ltr'><strong>mandati,</strong></span> <span class='ocrx_word' id='word_1_767' title='bbox 1050 5669 1160 5710; x_wconf 95' lang='lat' dir='ltr'><strong>non</strong></span> <span class='ocrx_word' id='word_1_768' title='bbox 1195 5655 1375 5711; x_wconf 88' lang='lat' dir='ltr'><strong>malus</strong></span> <span class='ocrx_word' id='word_1_769' title='bbox 1405 5653 1657 5712; x_wconf 90' lang='lat' dir='ltr'><strong>minister</strong></span> <span class='ocrx_word' id='word_1_770' title='bbox 1687 5656 1947 5726; x_wconf 84' lang='lat' dir='ltr'><strong>probatus</strong></span> 
     </span>
    </p>
   </div>
   <div class='ocr_carea' id='block_1_110' title="bbox 2128 5010 3640 5083">
    <p class='ocr_par' dir='ltr' id='par_1_110' title="bbox 2128 5010 3640 5083">
     <span class='ocr_line' id='line_1_110' title="bbox 2128 5010 3640 5083; baseline -0.002 -16"><span class='ocrx_word' id='word_1_771' title='bbox 2128 5015 2376 5068; x_wconf 78' lang='grc' dir='ltr'><strong>Φωτίου.</strong></span> <span class='ocrx_word' id='word_1_772' title='bbox 2420 5012 2777 5083; x_wconf 65' lang='grc' dir='ltr'><strong>Ἐθοίιυϐἠθη</strong></span> <span class='ocrx_word' id='word_1_773' title='bbox 2804 5010 3161 5079; x_wconf 60' lang='grc' dir='ltr'><strong>τοῖςλόῃοις,</strong></span> <span class='ocrx_word' id='word_1_774' title='bbox 3186 5010 3288 5063; x_wconf 82' lang='grc' dir='ltr'><strong>οὐκ</strong></span> <span class='ocrx_word' id='word_1_775' title='bbox 3312 5010 3640 5081; x_wconf 80' lang='grc' dir='ltr'><strong>ἀπεστράφη</strong></span> 
     </span>
    </p>
   </div>
   <div class='ocr_carea' id='block_1_111' title="bbox 2053 5102 3643 5178">
    <p class='ocr_par' dir='ltr' id='par_1_111' title="bbox 2053 5102 3643 5178">
     <span class='ocr_line' id='line_1_111' title="bbox 2053 5102 3643 5178; baseline -0.001 -19"><span class='ocrx_word' id='word_1_776' title='bbox 2053 5106 2157 5178; x_wconf 80' lang='grc' dir='ltr'><strong>τὴν</strong></span> <span class='ocrx_word' id='word_1_777' title='bbox 2178 5106 2519 5177; x_wconf 77' lang='grc' dir='ltr'><strong>εὐεργεσίαν.</strong></span> <span class='ocrx_word' id='word_1_778' title='bbox 2562 5104 2944 5173; x_wconf 79' lang='grc' dir='ltr'><strong>Διεταράχθη,</strong></span> <span class='ocrx_word' id='word_1_779' title='bbox 2976 5103 3121 5157; x_wconf 89' lang='grc' dir='ltr'><strong>ἀλλά</strong></span> <span class='ocrx_word' id='word_1_780' title='bbox 3150 5102 3475 5172; x_wconf 75' lang='grc' dir='ltr'><strong>διελογίζετο</strong></span> <span class='ocrx_word' id='word_1_781' title='bbox 3498 5116 3514 5131; x_wconf 76' lang='grc'><strong>⁸</strong></span> <span class='ocrx_word' id='word_1_782' title='bbox 3547 5105 3643 5158; x_wconf 77' lang='grc' dir='ltr'><strong>καὶ</strong></span> 
     </span>
    </p>
   </div>
   <div class='ocr_carea' id='block_1_112' title="bbox 2052 5195 3643 5271">
    <p class='ocr_par' dir='ltr' id='par_1_112' title="bbox 2052 5195 3643 5271">
     <span class='ocr_line' id='line_1_112' title="bbox 2052 5195 3643 5271; baseline -0.001 -20"><span class='ocrx_word' id='word_1_783' title='bbox 2052 5198 2146 5252; x_wconf 82' lang='grc' dir='ltr'><strong>τὸν</strong></span> <span class='ocrx_word' id='word_1_784' title='bbox 2171 5199 2373 5271; x_wconf 86' lang='grc' dir='ltr'><strong>τρόπον</strong></span> <span class='ocrx_word' id='word_1_785' title='bbox 2436 5199 2536 5270; x_wconf 87' lang='grc' dir='ltr'><strong>μέν</strong></span> <span class='ocrx_word' id='word_1_786' title='bbox 2579 5198 2911 5269; x_wconf 76' lang='grc' dir='ltr'><strong>ἐπιζητοῦσα</strong></span> <span class='ocrx_word' id='word_1_787' title='bbox 2952 5195 3051 5249; x_wconf 82' lang='grc' dir='ltr'><strong>τοῦ</strong></span> <span class='ocrx_word' id='word_1_788' title='bbox 3091 5195 3409 5264; x_wconf 83' lang='grc' dir='ltr'><strong>ἀσπασμοῦ,</strong></span> <span class='ocrx_word' id='word_1_789' title='bbox 3462 5197 3557 5248; x_wconf 66' lang='grc' dir='ltr'><strong>τὸν</strong></span> <span class='ocrx_word' id='word_1_790' title='bbox 3583 5196 3643 5251; x_wconf 77' lang='grc' dir='ltr'><strong>δὲ</strong></span> 
     </span>
    </p>
   </div>
   <div class='ocr_carea' id='block_1_113' title="bbox 2032 5286 3643 5365">
    <p class='ocr_par' dir='ltr' id='par_1_113' title="bbox 2032 5286 3643 5365">
     <span class='ocr_line' id='line_1_113' title="bbox 2032 5286 3643 5365; baseline -0.004 -20"><span class='ocrx_word' id='word_1_791' title='bbox 2032 5290 2210 5361; x_wconf 44' lang='grc' dir='ltr'><strong>«λόγον</strong></span> <span class='ocrx_word' id='word_1_792' title='bbox 2234 5293 2417 5365; x_wconf 87' lang='grc' dir='ltr'><strong>όρῶσα</strong></span> <span class='ocrx_word' id='word_1_793' title='bbox 2437 5292 2801 5362; x_wconf 80' lang='grc' dir='ltr'><strong>διαφεύγοντα</strong></span> <span class='ocrx_word' id='word_1_794' title='bbox 2830 5291 2956 5353; x_wconf 82' lang='grc' dir='ltr'><strong>τοὺς</strong></span> <span class='ocrx_word' id='word_1_795' title='bbox 2984 5288 3300 5358; x_wconf 77' lang='grc' dir='ltr'><strong>λογισμοὺς,</strong></span> <span class='ocrx_word' id='word_1_796' title='bbox 3329 5286 3481 5357; x_wconf 78' lang='grc' dir='ltr'><strong>φόϐῳ</strong></span> <span class='ocrx_word' id='word_1_797' title='bbox 3511 5301 3643 5340; x_wconf 82' lang='grc' dir='ltr'><strong>κατ-</strong></span> 
     </span>
    </p>
   </div>
   <div class='ocr_carea' id='block_1_114' title="bbox 2059 5380 3639 5458">
    <p class='ocr_par' dir='ltr' id='par_1_114' title="bbox 2059 5380 3639 5458">
     <span class='ocr_line' id='line_1_114' title="bbox 2059 5380 3639 5458; baseline -0.004 -20"><span class='ocrx_word' id='word_1_798' title='bbox 2059 5385 2235 5456; x_wconf 84' lang='grc' dir='ltr'><strong>είχετο</strong></span> <span class='ocrx_word' id='word_1_799' title='bbox 2271 5385 2530 5458; x_wconf 78' lang='grc' dir='ltr'><strong>σώφρονι,</strong></span> <span class='ocrx_word' id='word_1_800' title='bbox 2562 5386 2658 5439; x_wconf 80' lang='grc' dir='ltr'><strong>καὶ</strong></span> <span class='ocrx_word' id='word_1_801' title='bbox 2705 5384 2767 5437; x_wconf 86' lang='grc' dir='ltr'><strong>τὸ</strong></span> <span class='ocrx_word' id='word_1_802' title='bbox 2796 5384 2945 5449; x_wconf 81' lang='grc' dir='ltr'><strong>ξένον</strong></span> <span class='ocrx_word' id='word_1_803' title='bbox 2999 5381 3097 5434; x_wconf 83' lang='grc' dir='ltr'><strong>τοῦ</strong></span> <span class='ocrx_word' id='word_1_804' title='bbox 3150 5380 3455 5450; x_wconf 73' lang='grc' dir='ltr'><strong>ἀσπασμοῦ</strong></span> <span class='ocrx_word' id='word_1_805' title='bbox 3504 5397 3639 5433; x_wconf 68' lang='grc' dir='ltr'><strong>κατι</strong></span> 
     </span>
    </p>
   </div>
   <div class='ocr_carea' id='block_1_115' title="bbox 2056 5472 3639 5550">
    <p class='ocr_par' dir='ltr' id='par_1_115' title="bbox 2056 5472 3639 5550">
     <span class='ocr_line' id='line_1_115' title="bbox 2056 5472 3639 5550; baseline -0.003 -19"><span class='ocrx_word' id='word_1_806' title='bbox 2056 5481 2373 5550; x_wconf 83' lang='grc' dir='ltr'><strong>επ).ήττετο.</strong></span> <span class='ocrx_word' id='word_1_807' title='bbox 2405 5480 2471 5534; x_wconf 93' lang='grc' dir='ltr'><strong>Τί</strong></span> <span class='ocrx_word' id='word_1_808' title='bbox 2494 5478 2587 5533; x_wconf 79' lang='grc' dir='ltr'><strong>οὖν</strong></span> <span class='ocrx_word' id='word_1_809' title='bbox 2623 5481 2652 5533; x_wconf 88' lang='grc' dir='ltr'>ὁ</span> <span class='ocrx_word' id='word_1_810' title='bbox 2688 5477 2957 5547; x_wconf 77' lang='grc' dir='ltr'><strong>ἀγγελοςς</strong></span> <span class='ocrx_word' id='word_1_811' title='bbox 2992 5472 3103 5545; x_wconf 79' lang='grc' dir='ltr'><strong>ἆρα</strong></span> <span class='ocrx_word' id='word_1_812' title='bbox 3152 5476 3449 5530; x_wconf 83' lang='grc' dir='ltr'><strong>κατέλιπεν</strong></span> <span class='ocrx_word' id='word_1_813' title='bbox 3470 5476 3639 5547; x_wconf 74' lang='grc' dir='ltr'><strong>αὐτὴν</strong></span> 
     </span>
    </p>
   </div>
   <div class='ocr_carea' id='block_1_116' title="bbox 2056 5566 3639 5640">
    <p class='ocr_par' dir='ltr' id='par_1_116' title="bbox 2056 5566 3639 5640">
     <span class='ocr_line' id='line_1_116' title="bbox 2056 5566 3639 5640; baseline -0.003 -18"><span class='ocrx_word' id='word_1_814' title='bbox 2056 5572 2177 5633; x_wconf 86' lang='grc' dir='ltr'><strong>ταῖς</strong></span> <span class='ocrx_word' id='word_1_815' title='bbox 2206 5570 2575 5634; x_wconf 81' lang='grc' dir='ltr'><strong>ἀντισπώσαις</strong></span> <span class='ocrx_word' id='word_1_816' title='bbox 2602 5569 2866 5632; x_wconf 81' lang='grc' dir='ltr'><strong>διανοίαις</strong></span> <span class='ocrx_word' id='word_1_817' title='bbox 2922 5566 3318 5640; x_wconf 76' lang='grc' dir='ltr'><strong>ταράσσεσθαι,</strong></span> <span class='ocrx_word' id='word_1_818' title='bbox 3378 5567 3474 5620; x_wconf 78' lang='grc' dir='ltr'><strong>καὶ</strong></span> <span class='ocrx_word' id='word_1_819' title='bbox 3519 5571 3639 5630; x_wconf 77' lang='grc' dir='ltr'><strong>ταῖς</strong></span> 
     </span>
    </p>
   </div>
   <div class='ocr_carea' id='block_1_117' title="bbox 2058 5658 3631 5743">
    <p class='ocr_par' dir='ltr' id='par_1_117' title="bbox 2058 5658 3631 5743">
     <span class='ocr_line' id='line_1_117' title="bbox 2058 5658 3631 5743; baseline -0.003 -26"><span class='ocrx_word' id='word_1_820' title='bbox 2058 5664 2269 5733; x_wconf 79' lang='grc' dir='ltr'><strong>κύμασι</strong></span> <span class='ocrx_word' id='word_1_821' title='bbox 2294 5664 2401 5719; x_wconf 88' lang='grc' dir='ltr'><strong>τῶν</strong></span> <span class='ocrx_word' id='word_1_822' title='bbox 2426 5660 3164 5743; x_wconf 22' lang='grc' dir='ltr'><strong>ἀποριῶνῦκ-λυδωνίζεοθαη</strong></span> <span class='ocrx_word' id='word_1_823' title='bbox 3187 5659 3281 5714; x_wconf 77' lang='grc' dir='ltr'><strong>καὶ</strong></span> <span class='ocrx_word' id='word_1_824' title='bbox 3307 5659 3427 5725; x_wconf 80' lang='grc' dir='ltr'><strong>πῶς</strong></span> <span class='ocrx_word' id='word_1_825' title='bbox 3455 5660 3523 5717; x_wconf 87' lang='grc' dir='ltr'><strong>ἂν</strong></span> <span class='ocrx_word' id='word_1_826' title='bbox 3540 5658 3631 5714; x_wconf 82' lang='grc' dir='ltr'><strong>τοῦ</strong></span> 
     </span>
    </p>
   </div>
  </div>
