3930 6218
327 304 464 374 1217

1519 307 1986 371 FRAGMENTA
2018 307 2102 371 IN
2135 309 2413 374 LUCAM.

3472 307 3609 377 1218

320 418 747 493 προστάγματος
766 418 828 474 οὑ
854 417 1059 490 φαῦλος
1082 416 1362 491 ὑπηρέτης
1384 419 1649 492 ἠλέγχετο
1669 438 1686 489 ;
1709 421 1826 485 πῶς
1851 419 1910 475 δὲ

2024 431 2101 475 est
2124 421 2148 461 ν
2178 422 2458 492 quomodo
2486 434 2675 493 poenas
2708 436 2821 476 non
2854 420 3005 491 jusle
3056 420 3260 487 subiit,
3310 424 3455 493 quod
3496 424 3643 499 νὴ·-⁸

318 511 476 577 δίκας
492 512 595 566 οὑκ
617 513 685 568 ἂν
704 511 929 576 δικαίως
947 512 1358 583 εἰσεπράττετο,
1390 513 1475 567 ὅτι
1506 514 1606 585 τὴν
1634 513 1908 583 παρθένον

321 604 672 677 θορυϐεῖσθαι
694 605 986 671 κατέλιπε;
1009 604 1099 660 διὰ
1127 604 1189 658 τὸ
1217 606 1292 675 μὴ
1316 599 1459 661 εἶναι
1484 608 1663 660 τοίνυν
1683 605 1910 659 δυνατὸν

321 696 731 767 θορυϐουμένην
766 696 860 751 καὶ
898 696 1266 768 φοϐουμένην,
1309 697 1551 769 ἀκριϐῶς
1583 698 1807 752 ἀκούειν
1841 696 1911 751 τά

320 787 714 859 λεχθησόμενα,
744 788 833 841 διά
856 788 1015 842 τοῦτο
1039 789 1155 842 λύει
1188 789 1406 862 πρῶτον
1429 790 1601 860 αὐτῆς
1611 791 1704 844 τὸν
1721 791 1909 860 φόϐον.

393 880 641 934 Φωτίου.
677 880 792 933 Οὑκ
819 880 1040 950 ἀπάτην
1066 876 1231 951 ἦλθον
1250 881 1482 953 λαλῆσαί
1516 899 1622 947 σοι,
1651 883 1789 936 ἀλλά
1812 883 1912 951 τῆς

322 970 540 1040 ἀπάτης
579 970 862 1041 ἀναίρεσιν
914 972 1338 1043 εἰσηγήσασθαι.
1398 975 1474 1027 Οὑ
1506 973 1778 1045 πλανῆσαι
1806 992 1912 1029 πα-

326 1063 618 1135 ραγέγονα,
645 1064 747 1135 τῆς
773 1064 829 1117 δὲ
854 1064 1063 1133 πλάνης
1094 1065 1366 1136 λύτρωσιν
1392 1068 1774 1139 ἐγγυήσασθαι
1794 1084 1809 1099 ο
1844 1068 1904 1121 οὑ

326 1153 556 1226 συλῆσαι
585 1171 671 1209 σοι
696 1155 797 1226 τὴν
827 1155 1027 1211 ἄσυλον
1058 1158 1357 1229 παρθενίαν
1399 1160 1749 1231 ἐπεδήμησα,
1778 1159 1913 1215 ἀλλά

323 1245 419 1301 τοῦ
440 1246 681 1302 πλάστου
703 1249 804 1319 τῆς
832 1248 1130 1319 παρθενίας
1160 1252 1256 1304 καὶ
1282 1251 1523 1320 φύλακος
1551 1254 1651 1323 τὴν
1687 1252 1909 1322 ἐνοίκη-

325 1348 412 1385 σιν
441 1332 897 1404 εὑαγγελίσασθαι
922 1351 937 1368 ο
966 1337 1065 1392 οὑκ
1090 1337 1267 1409 ὅφεὼς
1294 1341 1410 1408 εἰμι
1437 1340 1704 1412 πονηρίας
1732 1342 1914 1395 διάκο-

325 1438 437 1487 νος,
468 1423 605 1478 ἀλλά
649 1423 744 1477 τοῦ
801 1426 1211 1498 καταργοὺντος
1270 1428 1362 1481 τὸν
1407 1428 1534 1498 ὅφιν
1586 1429 1910 1493 ἀπόστολος.

325 1514 735 1585 Νυμφοστόλος,
790 1517 893 1571 οὑκ
946 1517 1232 1583 ἐπίϐουλος
1296 1520 1684 1591 παραγέγονεν
1738 1521 1913 1591 χαρᾶς

326 1608 603 1679 πρόξενος,
625 1609 687 1663 οὑ
714 1608 891 1681 λύπης
907 1611 1217 1683 παραίτιος·
1249 1613 1525 1685 σωτηρίας
1551 1613 1911 1683 προάγγελος,

328 1699 431 1753 οὑκ
451 1700 727 1765 ἀπωλείας
751 1702 1073 1772 σύμϐουλος
1106 1703 1217 1773 ἐγὼ
1240 1707 1352 1769 τοῖς
1372 1706 1763 1777 προστάγμασι
1799 1708 1913 1768 τοῖς

326 1793 678 1857 Δεσποτικοίς
716 1796 843 1859 τοὺς
899 1796 1024 1862 σοὺς
1070 1796 1365 1867 λογισμοὺς
1395 1797 1755 1870 θεραπεύσωο
1799 1796 1911 1867 ἐγὼ

326 1884 453 1948 τοὺς
481 1884 714 1957 δεσμοὺς
745 1886 1112 1959 διαλύσωῖτῆς
1138 1889 1399 1960 ἀπορίας.

402 1973 513 2029 Τοῦ
551 1976 762 2031 αὐτοῦ.
794 1977 1033 2047 Χάριτός
1062 1980 1179 2033 ἐστι
1215 1979 1365 2043 θείας
1388 1980 1417 2033 ό
1455 1979 1770 2051 ἀσπασμὸς,
1798 1981 1913 2036 ἀλλ’

327 2064 390 2119 οὑ
420 2065 633 2134 φύσεως
660 2067 968 2140 ὑπουργός’
993 2070 1216 2142 χάριτος
1246 2070 1454 2142 θεῖκῆς,
1503 2072 1604 2127 οὑκ
1634 2072 1914 2145 ἀνθρωπί-

328 2176 427 2230 νης
465 2160 761 2231 ἐπιϐουλῆς
781 2176 798 2193 ·
829 2163 1054 2235 χάριτος
1082 2164 1175 2218 τὸν
1208 2163 1549 2237 ἀνθρώπινον
1582 2166 1914 2240 ὑπερπηδὼο

331 2268 432 2323 σης
462 2250 741 2324 λογισμόν.
785 2253 925 2308 Ἀλλ’
955 2256 1086 2309 ὅταν
1131 2255 1292 2327 χάριν
1338 2255 1600 2328 ἀκούσῃς,
1635 2258 1913 2329 ἄνθρωπε,

331 2343 409 2413 μὴ
445 2344 622 2416 μάτην
650 2344 710 2398 τδ
730 2346 982 2418 χάρισμα
998 2350 1065 2418 τῇ
1102 2348 1366 2419 Παρθένῳ
1423 2349 1795 2423 χορηγηθῆναι
1828 2367 1916 2404 νο-

331 2433 498 2507 μίσῃς
514 2450 528 2464 ·
569 2434 705 2506 μηδὲ
736 2436 1047 2507 φιλοτιμίαν
1062 2436 1307 2491 διάκενον
1326 2437 1389 2491 τὸ
1415 2438 1585 2509 δῶρον
1612 2439 1911 2512 ὑπολάϐῃς.

332 2518 475 2595 Εὗρε
499 2525 609 2596 γὰρ
638 2525 802 2597 χάριν
840 2528 876 2597 ἠ
909 2526 1194 2598 Παρθένος
1228 2528 1381 2598 παρὰ
1421 2526 1561 2598 Θεῷ,
1616 2528 1700 2582 ὃτι
1757 2529 1916 2593 ἀξίαν

331 2617 531 2690 ἑαυτὴν
551 2618 629 2691 τῷ
662 2620 994 2692 Δημιουργῷ
1030 2620 1465 2675 κατεσκεύασεν’
1493 2623 1576 2675 ὅτι
1623 2621 1703 2694 τῷ
1730 2622 1916 2677 κάλλει

330 2710 429 2778 τῆς
459 2711 678 2780 ἁγνείας
704 2711 802 2783 τὴν
832 2712 1033 2782 ἑαυτῆς
1086 2712 1263 2784 ψυχὴν
1317 2714 1624 2785 ὼραῖσασα,
1658 2731 1919 2785 κατοικη-

329 2804 519 2875 τήριον
554 2803 878 2875 ἀξιέραστον
910 2805 1112 2877 ἑαυτὴν
1161 2806 1256 2860 τοῦ
1301 2807 1445 2879 λόγῳ
1491 2809 1617 2871 τοὺς
1652 2807 1916 2880 οὐρανοὺς

334 2894 738 2967 στερεώσαντος
769 2898 1140 2970 ἡτοιμάσατο’
1174 2900 1255 2954 ὅτι
1285 2900 1346 2954 οὑ
1381 2900 1550 2971 μόνην
1576 2900 1676 2971 τὴν
1710 2900 1918 2972 παρθε-

332 2983 452 3038 νίαν
473 2986 742 3055 ἄχραντον
758 2987 1097 3059 διετήρησεν,
1121 2988 1259 3043 ἀλλά
1271 3006 1333 3059 γε
1361 2990 1454 3043 καὶ
1471 2990 1568 3062 τὴν
1591 2992 1917 3063 προαίρεσιν

2012 509 2192 579 ginem
2222 512 2433 566 turbari
2472 511 2764 582 permisit?
2810 510 2947 578 Quia
2990 527 3099 566 non
3138 520 3257 567 erat
3287 511 3452 583 igitur
3476 527 3609 585 pos-

2012 598 2173 656 sibile
2232 602 2505 658 turbatam
2570 611 2627 657 et
2675 602 2919 658 territam
2950 602 3145 658 audire
3195 612 3455 659 accurate
3484 619 3610 675 qua;

2011 691 2241 749 dicenda
2318 703 2498 759 erant,
2549 696 2671 752 ideo
2725 697 2963 767 primum
3030 697 3154 767 ejus
3214 706 3427 754 metum
3492 697 3609 754 sol-

2011 785 2109 841 vit.

2084 876 2360 934 “233.50.
2386 878 2582 934 Photii.
2612 878 2729 934 Non
2753 878 3002 935 fraudem
3037 880 3157 935 veni
3204 880 3305 935 tibi
3332 880 3605 947 dicturus,

2013 969 2108 1025 sed
2136 968 2345 1025 fraudis
2378 971 2804 1027 destructionem
2835 972 3152 1027 edocturus.
3178 971 3298 1027 Non
3353 971 3423 1026 ad
3450 984 3607 1026 erro-

2015 1077 2132 1117 rem
2156 1065 2303 1130 veni,
2339 1065 2433 1119 sed
2460 1065 2526 1119 ad
2552 1065 2758 1121 erroris
2811 1065 3140 1123 solutionem
3193 1063 3605 1121 arcessendam.
3672 1052 3677 1053 ί

2015 1152 2135 1210 Νοη
2171 1155 2430 1211 intactam
2461 1157 2827 1227 virginitatem
2876 1166 3132 1227 rapturus
3157 1157 3309 1221 affui,
3363 1157 3459 1213 sed
3507 1156 3610 1211 vir-

2014 1247 2259 1318 ginitatis
2282 1248 2525 1304 auctoris
2550 1258 2606 1305 et
2630 1249 2872 1304 custodis
2901 1249 3196 1304 adventum
3224 1250 3601 1304 nuntiaturus.

2013 1341 2136 1396 Non
2184 1344 2451 1411 serpentis
2474 1343 2696 1399 malitize
2731 1359 2852 1399 sum
2891 1341 3161 1409 minister,
3198 1342 3292 1397 sed
3334 1341 3606 1412 serpentis

2015 1432 2373 1488 destructoris
2410 1435 2713 1505 apostolus.
2739 1433 3065 1504 Nuptiarum
3102 1434 3351 1497 nuntius,
3384 1448 3492 1489 non
3519 1433 3608 1489 in-

2016 1524 2247 1579 sidiator
2280 1526 2473 1580 adsum
2502 1542 2516 1581 :
2547 1526 2737 1597 gratiae
2771 1539 2970 1597 praeco,
3008 1542 3118 1582 non
3148 1526 3355 1582 doloris
3388 1541 3549 1585 causa
3581 1543 3599 1593 ;

2016 1612 2210 1668 salutis
2236 1614 2485 1684 angelus,
2539 1629 2649 1669 non
2677 1614 3003 1683 perditionis
3029 1615 3303 1684 complex.
3353 1615 3463 1685 Ego
3494 1613 3606 1670 Do-

2018 1702 2151 1757 mini
2192 1719 2289 1774 per
2337 1704 2594 1759 mandata
2645 1704 2915 1759 rationem
2974 1713 3122 1760 tuam
3188 1704 3434 1773 ,sauabo,
3501 1720 3605 1777 ego

2015 1796 2304 1852 anxietatis
2334 1797 2547 1852 vincula
2574 1793 2831 1852 solvam.r

2089 1973 2366 2044 Ejusdem.
2397 1975 2597 2031 Gratiae
2629 1976 2826 2033 divinm
2856 1977 3116 2032 salutatio
3151 1986 3258 2042 est,
3287 1992 3393 2033 non
3420 1984 3606 2033 autem

2017 2073 2224 2121 naturae
2278 2066 2643 2137 obsequium;
2707 2069 2895 2141 gratia:
2924 2069 3144 2136 divinae,
3188 2085 3298 2125 non
3352 2071 3609 2125 humana)

2018 2158 2228 2215 fraudis
2259 2177 2275 2227 ;
2308 2161 2499 2230 gratiae
2537 2161 2841 2216 humanum
2897 2162 3233 2219 intellectum
3267 2162 3603 2232 superantis.

2020 2251 2124 2306 Sed
2149 2266 2274 2305 cum
2307 2252 2537 2321 gratiam
2563 2252 2829 2319 audieris,
2862 2267 2895 2307 ο
2932 2254 3118 2319 homo,
3153 2269 3220 2308 ne
3246 2251 3450 2309 frustra
3482 2250 3606 2307 Vir-

2018 2345 2127 2415 gini
2155 2344 2389 2415 gratiam
2424 2345 2567 2401 hanc
2601 2346 2901 2415 praestitam
2923 2361 3043 2401 esse
3069 2346 3396 2413 arbitreris;
3430 2360 3609 2417 neque

2018 2434 2401 2491 liberalitatem
2459 2434 2624 2491 inane
2664 2438 2867 2491 donum
2915 2451 3166 2491 censeas.
3204 2436 3423 2492 Invenit
3450 2436 3600 2493 enim

2019 2530 2249 2600 gratiam
2292 2528 2456 2601 Virgo
2486 2529 2628 2600 apud
2688 2528 2856 2584 Deum
2891 2548 2906 2598 ;
2950 2530 3095 2601 quod
3162 2544 3222 2585 se
3243 2530 3462 2599 dignam
3497 2529 3609 2585 Deo

2018 2622 2400 2692 comparavit;
2435 2622 2585 2692 quod
2624 2622 2900 2677 castitatis
2926 2621 3337 2695 pulchritudine
3363 2621 3607 2677 animam

2020 2727 2177 2766 suam
2207 2726 2503 2779 exornans,
2526 2711 2749 2782 dignum
2775 2711 3146 2765 habitaculum
3172 2722 3345 2766 semet
3374 2712 3422 2766 ei
3449 2711 3611 2781 cujus

2022 2802 2188 2857 verbo
2251 2802 2371 2857 (νεειί
2400 2801 2599 2856 firmati
2654 2809 2786 2857 sunt
2830 2801 3149 2869 disposuit;
3189 2801 3335 2872 quod
3369 2814 3479 2857 non
3522 2818 3612 2858 so-
3724 2797 3733 2806 ’

2021 2896 2134 2951 lum
2173 2897 2545 2968 virginitatem
2584 2896 2900 2952 inviolatam
2931 2896 3194 2963 servavit,
3228 2896 3327 2953 sed
3353 2898 3611 2952 volunta-

2024 2998 2190 3047 tatem
2220 2990 2760 3060 irreprehensibilem
2799 2988 3135 3055 custodivit;
3170 2990 3317 3060 quod
3364 3004 3396 3045 e
3422 2989 3612 3062 pueris

333 3076 634 3147 ἀμόΛυντον
694 3081 1062 3151 συνετήρησεν
1096 3094 1114 3111 ⁹
1187 3081 1271 3134 ὅτι
1341 3082 1407 3134 ἐκ
1481 3081 1713 3152 βρέφους
1784 3084 1915 3138 καθ-

2028 3096 2057 3135 a
2085 3080 2193 3136 Deo
2224 3082 2562 3138 sanctificata
2592 3091 2699 3148 est,
2728 3081 2987 3152 templum
3018 3082 3307 3152 spiritualc
3350 3099 3460 3139 non
3493 3100 3612 3139 ma-

334 3167 571 3240 ηγιάσθη
599 3169 738 3241 Θεῷ,
766 3170 917 3237 λαός
946 3171 1188 3242 ἔμψυχος
1211 3173 1305 3226 καὶ
1336 3174 1631 3238 ἀλάξευτος
1666 3175 1744 3247 τῷ
1768 3176 1923 3247 βασι-

334 3260 419 3313 λεῖ
445 3262 543 3331 τῆς
575 3261 731 3333 δόξης
755 3263 1230 3335 οἰκοδομούμενος,
1266 3265 1355 3321 διά
1412 3265 1473 3320 τὸ
1529 3266 1625 3321 τοῦ
1659 3267 1919 3341 σώματος

332 3353 699 3423 ἀκηλίδωτονο
739 3354 827 3408 διά
882 3355 942 3408 τὸ
986 3356 1086 3425 τῆς
1138 3356 1438 3428 παρθενίας
1471 3357 1874 3431 ὑπέρλαμπρον
1902 3374 1919 3391 ’

333 3444 423 3497 διὰ
442 3445 501 3498 τὸ
528 3445 629 3515 τῆς
677 3446 901 3515 ἁγνείας
938 3447 1238 3517 άμόλυντον
1260 3463 1277 3480 ο
1318 3449 1410 3503 διὰ
1437 3452 1497 3502 τὸ
1525 3449 1623 3521 τῆς
1663 3451 1923 3523 προαιρέ-

335 3554 474 3601 σεως
504 3539 892 3611 καθαρώτατον
915 3556 930 3571 ο
959 3541 1045 3594 διὰ
1064 3540 1238 3611 τὸτῆς
1256 3541 1437 3613 ψυχῆς
1467 3542 1603 3614 πρὸς
1628 3541 1729 3617 τὴν
1743 3545 1922 3617 ἀμαρ-

332 3630 456 3680 τίαν
488 3630 747 3700 ἀρρεπὲς,
772 3630 982 3684 καὶτοῦ
1010 3631 1317 3703 κρείττονος
1334 3634 1749 3705 ἀμετάπτωτον.

405 3720 651 3775 Φωτίου.
699 3722 773 3775 Τὸ
809 3721 1023 3794 μέλλον,
1047 3722 1123 3787 ὡς
1157 3724 1261 3796 ἤδη
1293 3726 1468 3798 παρὸν
1513 3728 1876 3797 ἀποφαίνεται
1898 3746 1913 3760 ⁸

333 3814 457 3868 ἀντὶ
484 3816 592 3885 γὰρ
637 3814 755 3881 τοῦ,
813 3815 1075 3883 ποιήσει,
1109 3819 1275 3889 φησὶν
1310 3819 1624 3888 ἐποίησεν,
1680 3820 1757 3886 ὡς
1813 3822 1914 3895 ἤδη

333 3907 676 3977 κατορθωθὲν
707 3908 803 3961 καὶ
819 3909 1113 3981 γενόμενον
1151 3911 1253 3980 τῆς
1286 3911 1477 3975 αὑτοῦ,
1505 3913 1661 3984 φησὶ,
1710 3917 1916 3985 χειρὸς,

332 3997 434 4050 οὑκ
458 3996 751 4068 ἀνθρώπου
783 3999 845 4051 τὸ
897 3997 1059 4070 ἔργον
1081 4015 1094 4028 ·
1139 3999 1425 4067 Ἐποίησε
1464 3998 1704 4068 κράτος,
1735 4002 1795 4054 οὑ
1829 4000 1917 4055 διὰ

331 4090 614 4155 Μωὺσέως
647 4090 721 4164 (1)
749 4091 824 4155 ὡς
846 4092 1015 4147 πάλαι
1037 4092 1131 4145 ἐπὶ
1157 4094 1287 4156 τοὺς
1314 4092 1662 4162 Αἰγυπτίους·
1689 4092 1812 4146 οὑδὲ
1831 4093 1919 4149 διὰ

332 4185 509 4256 Ἰησοὺ
539 4184 632 4238 τοῦ
664 4186 844 4257 Ναυῆ,
881 4186 957 4249 ὼς
1011 4186 1133 4239 τότε
1175 4184 1561 4257 Ἰεριχούντεια
1611 4186 1767 4258 τείχη
1814 4203 1916 4240 κα-

331 4277 563 4331 τασείων
596 4278 831 4350 περιόδῳ
856 4278 1046 4349 ἱερέων
1070 4278 1165 4332 καὶ
1193 4278 1512 4347 σαλπίγγων
1530 4280 1638 4350 ὴχῇ
1662 4296 1674 4311 ’
1699 4279 1821 4336 οὑδὲ
1847 4278 1915 4332 δι’

331 4370 589 4438 ἀγγέλου,
613 4370 689 4433 ὡς
719 4369 880 4441 ἡνίκα
904 4369 1001 4433 τὰς
1050 4370 1245 4423 ἑκατὸν
1287 4369 1615 4439 ὀγδοήκοντα
1642 4370 1801 4422 πέντε
1829 4386 1913 4440 χι-

330 4460 518 4523 λιάδας
556 4460 968 4530 κατεστρώννυε
1002 4460 1109 4514 τῶν
1140 4461 1417 4531 πολεμίων
1442 4477 1455 4491 ⁸
1501 4460 1623 4514 οὑδὲ
1656 4461 1722 4514 δι’
1754 4461 1913 4514 ἄλλου

328 4553 495 4615 τινόςο
528 4552 666 4606 ἀλλά
703 4552 791 4605 διά
815 4553 962 4616 τίνος
987 4571 1002 4620 ;
1031 4552 1101 4607 δι’
1125 4552 1289 4607 αὑτοῦ
1316 4552 1409 4606 τοῦ
1445 4554 1649 4607 οἰκείου
1682 4552 1908 4624 βραχίο-

328 4661 438 4707 νος.
462 4644 712 4715 Βραχίων
737 4644 795 4698 δὲ
823 4644 918 4697 τοῦ
966 4645 1200 4717 Πατρός,
1230 4646 1259 4697 ό
1278 4643 1425 4707 Υἱός·
1464 4645 1607 4699 κατὰ
1635 4645 1717 4709 τὸ,
1738 4645 1909 4700 Ἐλυο

326 4735 535 4825 τρξὺσω
559 4736 630 4789 ἐν
644 4735 933 4806 βραχίονι
966 4750 1085 4791 σου
1134 4736 1243 4790 τὸν
1268 4737 1424 4790 λαόν
1465 4752 1605 4792 σου.
1645 4737 1723 4790 Δι’
1744 4736 1909 4791 αὑτοῦ

327 4825 421 4884 οὖν
448 4830 605 4901 νίκην
629 4830 950 4901 εἰργάσατο,
984 4829 1081 4884 καὶ
1122 4833 1383 4901 τροπαῖον
1410 4830 1607 4901 ἔστησε
1629 4830 1772 4886 κατά
1804 4830 1912 4884 τῶν

330 4923 499 4977 πάλαι
524 4922 933 4995 τυραννούντων
980 4920 1092 4977 τῶν
1116 4922 1350 4996 ἐχθρῶν.

407 5015 517 5070 Τοῦ
545 5015 754 5070 αὐτοῦ.
800 5017 1331 5086 Κατετροπώσατο,
1381 5018 1567 5089 φησιν,
1602 5017 1705 5071 οὑκ
1748 5017 1914 5085 Αἰγυ-

330 5108 541 5172 πτίους,
564 5110 596 5179 ἧ
623 5109 946 5179 Ἀσσυρίους
970 5109 1003 5181 ἢ
1027 5109 1146 5162 τόδε
1162 5110 1223 5163 τὸ
1245 5110 1527 5181 πολέμιον,
1558 5110 1694 5164 ἀλλά
1732 5108 1913 5162 πάντα

328 5200 589 5269 λογισμὸν
605 5202 959 5275 ὑπερήφανον
990 5203 1239 5256 τουτέστι
1278 5202 1353 5274 μὴ
1383 5203 1770 5258 ὑποκύπτοντα
1817 5200 1914 5255 καὶ

331 5292 735 5365 πειθαρχοῦντα
772 5296 840 5363 τῇ
882 5292 1155 5365 παρουσίᾳ
1204 5293 1392 5348 αὑτοῦ.
1445 5293 1773 5347 Διεσκέδασε
1816 5292 1911 5346 καὶ

333 5384 537 5454 σαθρᾶς
547 5384 820 5456 ἀπήλεγξε
844 5386 943 5449 τὰς
990 5385 1373 5459 ὑπερηφάνους
1387 5386 1623 5450 διανοίας
1644 5386 1745 5456 τῆς
1774 5402 1913 5457 καρ-

328 5478 446 5543 δίας
472 5479 674 5547 αὑτῶν,
695 5482 760 5545 ἃς
775 5480 933 5552 ἔσχον
950 5482 1030 5547 είς
1045 5482 1108 5536 τὸ
1139 5480 1216 5555 μὴ
1244 5478 1531 5534 πιστεῦσαι
1550 5480 1646 5533 καὶ
1665 5477 1906 5549 φοϐηθῆ-

327 5588 419 5625 ναι
450 5572 973 5645 αὑτὸν,διελίκμησε
999 5575 1099 5640 τὰς
1122 5572 1502 5646 ὑπερηφάνους
1541 5571 1650 5624 τῶν
1691 5570 1768 5641 μὴ
1814 5588 1910 5624 πι-

2024 3171 2309 3229 nufactum
2341 3174 2455 3245 regi
2500 3173 2687 3245 gloria:
2732 3172 3115 3241 habitandum,
3154 3184 3377 3246 propter
3404 3191 3609 3246 corpo-

2025 3264 2101 3320 ris
2138 3266 2454 3335 puritatem,
2512 3274 2734 3337 propter
2774 3264 3109 3335 virginitatis
3152 3267 3342 3333 decus,
3385 3278 3612 3339 propter

2022 3357 2293 3413 castitatis
2338 3356 2730 3429 integritatem,
2786 3364 3010 3426 propter
3053 3356 3348 3412 voluntatis
3385 3356 3610 3413 mundi-

2024 3449 2176 3517 tiam,
2211 3460 2435 3521 propter
2458 3450 2654 3505 anima:
2697 3456 2887 3505 contra
2932 3458 3219 3520 peccatum
3266 3448 3609 3518 firmitatem,

2022 3551 2076 3597 et
2102 3542 2157 3597 in
2188 3543 2333 3599 bono
2361 3543 2751 3599 constantiam.

2092 3633 2257 3690 Vens.
2292 3634 2381 3689 49.
2412 3635 2612 3689 Photii.
2646 3634 2937 3703 Futurum,
2968 3645 3026 3691 ut
3076 3636 3187 3706 jam
3238 3650 3480 3707 praesens
3509 3650 3609 3705 ap-

2020 3738 2195 3800 paret.
2226 3727 2364 3784 Nam
2413 3746 2513 3801 pro
2568 3731 2751 3799 faciet,
2778 3731 2930 3799 dicit,
2968 3731 3111 3801 fecit,
3171 3729 3331 3800 quasi
3356 3728 3471 3797 jam
3518 3728 3607 3784 fa-

2020 3830 2171 3877 ctum
2208 3830 2262 3878 et
2290 3821 2590 3893 perfectum
2624 3838 2818 3879 manus
2836 3823 2977 3894 ejus,
3011 3837 3118 3878 non
3146 3822 3388 3877 hominis
3439 3836 3603 3893 opus.

2026 3912 2174 3968 Fecit
2202 3916 2512 3984 potentiam,
2562 3931 2670 3971 non
2720 3932 2817 3987 per
2846 3917 3064 3988 Moysen
3098 3927 3158 3973 ut
3189 3916 3320 3971 olim
3356 3914 3410 3970 in
3438 3915 3608 3988 Egy-

2020 4011 2189 4080 ptios;
2222 4024 2401 4080 neque
2438 4025 2533 4080 per
2553 4008 2682 4065 Jesu
2734 4011 2905 4064 lilium
2931 4008 3099 4076 Nave,
3132 4018 3191 4064 ut
3225 4020 3353 4064 tunc
3381 4006 3605 4064 Jericho

2021 4103 2224 4159 moenia
2279 4102 2565 4159 excutiens
2637 4118 2735 4173 per
2790 4104 3141 4158 sacerdotum
3194 4102 3488 4157 circuitum
3552 4110 3610 4156 et

2021 4194 2276 4248 tubarum
2313 4209 2549 4261 sonum;
2599 4208 2777 4263 neque
2806 4209 2900 4263 per
2940 4193 3215 4262 angelum,
3277 4200 3336 4246 ut
3383 4190 3605 4262 quando

2019 4290 2235 4336 centum
2270 4283 2512 4352 quinque
2541 4289 2594 4336 et
2622 4283 2895 4351 octoginta
2927 4281 3096 4335 millia
3122 4281 3361 4335 hostium
3394 4291 3607 4335 macta-

2018 4368 2125 4435 vit;
2159 4384 2335 4439 neque
2376 4368 2544 4422 alium
2574 4367 2835 4439 aliquem.
2884 4367 2986 4422 Sed
3019 4384 3114 4437 per
3142 4368 3468 4437 quodnam?
3510 4383 3607 4438 per

1948 4442 1990 4497 D
2020 4471 2183 4511 suum
2214 4455 2491 4525 proprium
2522 4455 2829 4511 brachium.
2869 4452 3161 4510 Brachium
3186 4465 3370 4511 autem
3401 4454 3602 4517 Patris,

2014 4546 2224 4615 Filius;
2250 4548 2551 4603 secundum
2582 4548 2729 4618 quod
2754 4547 2989 4602 dicitur:
3012 4544 3277 4600 Liberaui
3306 4546 3359 4600 in
3388 4546 3604 4601 brachio

2016 4651 2106 4696 tuo
2139 4640 2389 4712 populum
2419 4651 2588 4696 tuum.
2625 4639 2728 4696 Per
2761 4640 2908 4695 hunc
2962 4637 3130 4710 igitur
3162 4638 3445 4694 victoriam
3471 4639 3603 4693 adc-

2016 4744 2142 4806 ptus
2169 4745 2273 4801 est,
2325 4745 2381 4792 et
2442 4744 2706 4808 trOpazum
2744 4736 2939 4791 statuit
2974 4744 3162 4792 contra
3196 4734 3317 4789 illos
3350 4732 3444 4804 qui
3471 4732 3602 4787 olim

2015 4830 2464 4897 dominabantur,
2496 4830 2770 4885 inimicos.

2090 5012 2367 5081 Ejusdem.
2408 5010 2686 5079 Dispersit,
2715 5018 2777 5064 ut
2806 5007 3073 5078 loquitur,
3133 5020 3240 5058 non
3291 5000 3601 5073 Egyptios,

2016 5104 2402 5177 autAssyrios,
2435 5112 2531 5159 aut
2568 5103 2777 5158 similes
2814 5102 3020 5165 hostes,
3053 5097 3151 5155 sed
3189 5110 3409 5151 omnem
3446 5091 3604 5147 intel—

2016 5197 2219 5253 leCtum
2274 5213 2333 5253 se
2381 5197 2758 5261 extollentem,
2806 5193 2860 5248 id
2906 5203 2990 5248 est
3018 5206 3126 5246 non
3157 5188 3509 5244 inclinantem
3538 5201 3599 5241 sc

2018 5306 2120 5347 nec
2146 5291 2555 5347 submittentem
2594 5302 2779 5344 coram
2811 5286 2951 5355 ipso.
2982 5282 3252 5353 Dispersit
3281 5288 3336 5335 et
3362 5280 3601 5334 caducas

2019 5397 2143 5438 esse
2186 5381 2423 5437 convicit
2469 5380 2732 5451 superbas
2762 5376 3123 5448 cogitationes
3167 5372 3349 5429 cordis
3371 5385 3595 5444 eorum,

2014 5490 2153 5545 quas
2204 5473 2511 5529 habuerunt
2562 5486 2688 5526 cum
2730 5484 2841 5525 non
2893 5467 3251 5525 crediderunt
3299 5478 3401 5519 nec
3444 5467 3601 5523 illum

2018 5576 2352 5624 metuerunt.
2416 5566 2683 5639 Dispersit
2756 5563 3023 5636 superbas
3094 5576 3208 5619 non
3259 5561 3603 5620 credentium

1876 5682 2105 5744 ΝΟΤᾸΕ.

409 5783 488 5854 (ι)
521 5762 1019 5840 (ΖοΜοέἿόΙωηειί
1040 5782 1277 5855 primum
1305 5785 1493 5857 prima:
1533 5783 1787 5841 editionis
1809 5799 1863 5857 p.
1900 5783 2027 5841 l90.

654 5876 927 5936 Ριτιιοι.
972 5877 1089 5938 Gn.
1138 5876 1238 5937 Cl.

3195 5865 3275 5926 39
