3854 6310
353 304 493 404 1219

1556 310 1815 391 PHOTII
1848 319 2357 384 PATRIARCH/E
2395 320 2503 381 CP.

3483 321 3621 386 1220

344 457 579 510 mentes,
638 460 737 500 nec
797 443 906 499 illis
954 441 1205 497 umbram
1253 439 1629 497 excusationis
1677 435 1925 504 reliquit.

2048 429 2378 483 ςτευσάντων
2394 427 2655 495 διανοίας,
2674 429 2792 483 οὐδὲ
2808 429 2967 484 σκιὰν
2989 429 3173 493 αὐτοῖς
3192 426 3481 482 ὑπολιπὼν
3499 432 3630 484 ἁκο-

343 538 482 593 Nam
512 536 734 608 proprio
785 534 973 597 corde,
1000 548 1124 588 cum
1175 532 1302 587 talia
1337 530 1602 585 haberent
1633 526 1701 582 de
1726 525 1930 597 quibus

342 631 671 686 erubescere
703 628 972 682 debebant
1024 623 1191 679 inﬂati
1223 631 1373 688 sunt,
1424 631 1478 677 et
1522 620 1762 676 fructum
1808 633 1933 689 pro-

343 722 477 793 priae
531 720 731 776 mentis
756 718 1035 784 lethalem,
1065 715 1506 772 incredulitatem
1552 712 1930 785 praebuerunt.

417 898 695 953 \'eus.52.
750 893 953 948 Photii.
1001 889 1073 945 Ut
1125 891 1312 952 homo,
1370 887 1634 958 exponit;
1699 902 1823 941 nam
1876 895 1935 941 ut

346 992 513 1055 Deus,
548 1004 712 1060 supra
767 985 913 1057 quod
947 998 1204 1053 magnum
1233 989 1339 1036 est.

419 1080 693 1151 Ejusdem.
723 1076 948 1147 Magnus
970 1075 1093 1139 erit,
1125 1072 1273 1143 quod
1299 1072 1413 1141 jam
1441 1081 1580 1135 erat,
1616 1070 1717 1125 etsi
1755 1070 1937 1125 carnis

346 1172 710 1227 humilitatem
750 1167 945 1221 induit.
978 1163 1097 1217 Non
1149 1163 1295 1218 enim
1327 1162 1690 1216 humanitatis
1721 1176 1939 1215 assum-

348 1267 486 1334 ptio,
533 1261 964 1332 magnitudinem
1002 1256 1283 1311 imminuit
1321 1255 1659 1320 divinitatis;
1702 1253 1796 1309 sed
1840 1268 1941 1323 po-

350 1359 462 1411 tius
501 1357 768 1411 attollitur
811 1355 879 1409 ad
912 1355 1060 1409 illam
1093 1352 1453 1407 humanitatis
1479 1352 1781 1406 humilitas.
1821 1349 1939 1403 Etsi

349 1448 518 1515 igitur
548 1446 615 1501 ad
643 1461 864 1501 carnem
892 1443 1165 1499 demissus
1201 1453 1307 1507 est,
1340 1442 1416 1496 ita
1473 1450 1658 1497 tamen
1698 1444 1797 1496 erit
1826 1456 1939 1494 ma-

343 1553 500 1607 gnus,
523 1548 583 1592 ut
627 1547 768 1596 erat.

420 1630 699 1699 Ejusdem.
746 1628 886 1697 Non,
943 1628 1165 1684 nomine
1213 1636 1268 1684 tu
1314 1624 1655 1698 appellabis,
1704 1622 1799 1677 sed
1850 1620 1941 1675 ille

344 1724 656 1788 vocabitur;
702 1738 733 1779 a
772 1739 906 1793 quo,
938 1738 1009 1777 an
1041 1722 1321 1777 evidenter
1362 1735 1456 1788 per
1483 1714 1938 1773 consubstantia—

2033 521 2241 591 λογίας.
2297 519 2431 573 Ἀπὸ
2469 520 2581 589 γὰρ
2624 521 2832 585 οἰκείας
2880 520 3110 592 καρδίας
3158 519 3343 573 καίτοι
3398 519 3628 573 τοσαῦτα

2034 613 2250 685 ἔχοντες
2292 612 2361 665 τὰ
2400 611 2755 666 δυσωποῦντα
2794 613 3014 679 αὐτοὺς,
3064 610 3495 681 ἐφυσιώθησανο
3538 616 3626 665 καὶ

2035 705 2251 777 καρπὸν
2273 692 2519 775 ὀλέθριον
2538 706 2639 776 τῆς
2668 703 2804 766 ιδίας
2825 702 3027 775 ψυχῆς,
3053 704 3154 775 τὴν
3174 704 3446 758 ἀπιστίαν
3494 719 3630 771 παρ-

2039 800 2169 867 έστη
2182 816 2301 851 σαν.

2108 891 2193 962 [Ρ.
2225 894 2311 946 l7.
2352 891 2429 965 α.]
2468 890 2716 946 Φωτιου.
2758 889 2833 943 Τὸ
2872 890 3214 961 ἀνθρώπινον
3282 888 3625 943 ὑποϐάλλειν

2036 984 2110 1048 ὠς
2128 985 2235 1055 γάρ
2260 984 2414 1049 Θεὸς,
2440 985 2534 1037 καὶ
2566 980 2707 1054 ὑπὲρ
2730 983 2793 1035 τὸ
2822 983 2986 1053 μέγα.

2115 1077 2226 1129 Τοῦ
2252 1076 2457 1130 αὐτοῦ.
2480 1076 2559 1130 ’Ἡ
2580 1074 2769 1144 μέγας
2791 1076 2963 1129 ἔσται
2990 1075 3129 1145 ὅπερ
3172 1070 3262 1145 ἦν,
3297 1076 3352 1128 εί
3394 1076 3498 1130 καὶ
3534 1079 3631 1148 τήν

2041 1170 2353 1241 βραχύτητα
2380 1169 2482 1238 τῆς
2522 1166 2723 1239 σαρκὸς
2755 1167 3067 1221 ὑποδύεται.
3098 1168 3237 1221 Οὐδὲ
3279 1167 3424 1237 γὰρ,
3448 1170 3559 1222 οὐδ’
3589 1171 3623 1240 ή

2038 1263 2137 1327 τῆς
2161 1260 2585 1331 άνθρωπότητος
2629 1259 2957 1331 πρόσληψις,
2995 1259 3058 1312 τὸ
3090 1258 3326 1330 μέγεθος
3356 1278 3628 1330 κατασμι-

2040 1352 2233 1423 κρύνει
2263 1354 2362 1423 τῆς
2395 1353 2668 1422 θεότητος,
2704 1352 2839 1405 ἀλλὰ
2889 1350 3217 1419 συνυψοῦται
3248 1352 3461 1421 μᾶλλον
3494 1354 3626 1425 αὐτῇ

2038 1447 2100 1499 τὸ
2122 1445 2377 1500 ταπεινὸν
2418 1445 2519 1515 τῆς
2557 1444 3002 1515 ἀνθρωπότητος.
3040 1443 3161 1498 Κᾶν
3190 1444 3324 1513 γοῦν
3369 1444 3627 1516 πτωχεύῃ

2040 1537 2137 1609 τὴν
2162 1539 2362 1609 σάρκα,
2387 1538 2523 1591 ἀλλὰ
2553 1536 2647 1591 καὶ
2682 1537 2872 1604 οὕτως
2904 1536 3095 1606 μέγας
3114 1536 3288 1592 ἔσται
3319 1537 3520 1609 ὥσπερ
3540 1534 3627 1608 ἦν.

2117 1629 2231 1685 Τοῦ
2269 1629 2477 1685 αὐτοῦ.
2512 1630 2711 1684 Οὐκέτι
2758 1630 2824 1683 σὺ
2862 1629 2962 1700 τήν
2994 1629 3190 1700 κλῆσιν
3231 1630 3633 1700 ὀνοματοθετήο

2044 1740 2176 1788 σεις,
2204 1721 2319 1776 ἀλλ’
2359 1723 2567 1785 ἐκεῖνος
2595 1720 2988 1789 κληθήσεται.
3018 1720 3175 1792 Παρὰ
3202 1721 3373 1785 τίνος,
3409 1721 3443 1792 ἢ
3472 1721 3631 1794 δηλοο

345 1816 451 1869 lein
476 1815 737 1870 Patrem?
789 1815 960 1870 Nemo
1010 1816 1148 1869 enim
1195 1814 1334 1867 novit
1365 1811 1569 1866 Filium
1598 1812 1704 1865 nisi
1733 1810 1929 1872 Pater;

2048 1817 2149 1869 νότι
2186 1814 2339 1885 παρὰ
2361 1811 2457 1867 τοῦ
2504 1812 2794 1884 ὁμοουσίου
2831 1810 3079 1882 11ατρός;
3108 1810 3308 1876 οὐδεὶς
3345 1813 3462 1882 τὰρ
3506 1810 3633 1868 οἶδε

343 1910 398 1963 in
432 1925 541 1980 quo
572 1918 755 1963 autem
808 1916 893 1963 est
924 1922 1049 1961 vera
1102 1906 1344 1978 cngnitio
1375 1906 1568 1973 geniti,
1603 1905 1693 1959 hic
1726 1918 1925 1957 nomen

344 2002 678 2072 imposuisse
731 2002 1066 2056 conveniens
1112 2000 1204 2071 qui
1260 2000 1534 2062 credatur,
1589 1997 1788 2066 dignus
1820 2005 1926 2049 est.

341 2090 639 2162 Propterea
687 2091 821 2145 dicit
856 2110 868 2144 :
908 2091 1011 2145 Hic
1058 2102 1133 2146 est
1168 2092 1342 2146 Filius
1376 2107 1519 2145 meus
1554 2089 1799 2142 dilectus.
1834 2084 1932 2139 Est

344 2184 512 2254 igitur
542 2198 781 2253 semper,
817 2185 917 2238 etsi
967 2199 1115 2239 nunc
1172 2198 1375 2238 nomen
1432 2181 1511 2235 illi
1567 2181 1633 2234 ad
1683 2186 1928 2232 nostram

344 2273 759 2328 instructionem
788 2273 1114 2327 declaratur.
1131 2273 1257 2327 Ideo
1285 2270 1577 2335 vocabitur,
1598 2269 1795 2338 inquit,
1821 2284 1928 2321 non

343 2365 458 2419 ﬁet.
494 2362 623 2419 Erat
683 2365 830 2419 enim
886 2373 1013 2418 ante
1057 2364 1253 2419 saecula
1303 2359 1792 2418 consubstantialis
1824 2374 1930 2413 una

344 2472 469 2510 cum
528 2454 691 2509 Patre
741 2471 999 2527 regnans.
1035 2455 1189 2510 llunc
1221 2454 1518 2523 concipies,
1549 2452 1716 2520 hujus
1756 2458 1931 2504 mater

343 2548 688 2614 ostenderis;
758 2550 902 2603 hunc
968 2558 1098 2603 tuus
1147 2548 1428 2618 virgineus
1487 2554 1680 2601 uterus
1717 2544 1926 2613 recipit,

342 2656 504 2713 quem
544 2642 809 2697 cmlurum
843 2642 1187 2697 immensitas
1217 2656 1325 2696 non
1355 2639 1613 2695 continet.

414 2818 613 2873 Photii.
647 2818 750 2873 Sed
777 2818 906 2890 quid
934 2818 999 2872 ad
1028 2818 1130 2873 ista
1180 2816 1529 2872 sanctissima
1574 2812 1777 2885 Virgo?
1801 2828 1929 2867 num

342 2912 524 2968 verbis
576 2912 863 2978 mollitam,
898 2922 993 2965 aut
1036 2910 1337 2965 intellectui
1391 2909 1642 2963 auditum
1694 2908 1930 2961 libenter

341 3005 671 3077 praebentem
700 3004 838 3059 dixit
870 3003 1184 3058 inconsulto
1219 3016 1509 3058 assensum
1545 3015 1605 3056 se
1630 2996 1933 3070 praestare?

342 3112 591 3153 minime.

412 3282 543 3336 CAP.
578 3280 643 3335 ll.
680 3279 845 3336 Vens.
892 3279 983 3336 34.
1016 3277 1216 3333 Photii.
1280 3275 1429 3342 Scio,
1484 3274 1684 3345 inquit,
1721 3281 1926 3343 aperte,

334 3383 407 3429 rut
434 3382 782 3443 conceptum,
838 3373 1290 3443 praegnationem,
1374 3377 1429 3424 et
1466 3366 1666 3422 Filium
1728 3366 1861 3421 mihi
1885 3375 1940 3421 et

342 3472 560 3534 partum
648 3478 899 3518 enarras.
974 3462 1080 3519 Sed
1143 3463 1316 3517 multo
1387 3460 1563 3531 magis
1606 3459 1937 3514 anxietatem

345 3559 573 3621 auxisti,
629 3573 662 3613 ο
696 3557 941 3628 Angele;
993 3566 1183 3628 partus
1215 3556 1361 3611 enim
1409 3554 1591 3609 omnis
1618 3553 1719 3607 viri
1750 3552 1937 3623 cogni-

342 3653 493 3707 tione
553 3660 924 3721 comparatur.
990 3650 1107 3705 Mea
1168 3661 1351 3705 autem
1400 3649 1645 3703 virorum
1678 3648 1942 3702 societate

344 3745 725 3807 abhorrentia,
766 3758 875 3798 non
910 3742 1042 3796 mihi
1082 3742 1319 3812 primum
1348 3739 1765 3812 intelligentiam
1798 3734 1940 3809 prae-

344 3845 455 3892 stat
489 3836 655 3906 hujus
672 3836 1046 3905 conceptionis
1072 3851 1088 3901 ;
1111 3834 1391 3905 quomodo
1416 3848 1547 3903 ergo
1570 3834 1675 3888 erit
1699 3833 1937 3904 genitus:

342 3929 505 3997 cujus
534 3929 748 3997 genitor
778 3942 887 3981 non
920 3928 1316 3998 cognoscitur?

418 4018 622 4073 Photii.
681 4017 786 4083 Qui
842 4019 988 4071 enim
1040 4018 1345 4073 sterilitatis
1392 4019 1673 4081 vinculum
1742 4016 1938 4083 solvit,

344 4111 466 4181 ipse
497 4118 714 4180 partum
748 4109 824 4163 illi
858 4118 1037 4179 potest
1065 4118 1343 4179 praestare,
1373 4111 1580 4181 absque
1608 4109 1713 4164 viri
1737 4124 1939 4179 coope-

2034 1908 2142 1963 τὸν
2181 1906 2341 1973 Υιὸν,
2368 1908 2421 1960 εί
2442 1905 2529 1975 μὴ
2571 1907 2605 1960 ό
2635 1904 2840 1973 Πατήρ
2861 1921 2874 1935 ·
2920 1905 3053 1975 παρ’
3082 1899 3142 1958 οὗ
3176 1905 3235 1959 δὲ
3265 1905 3475 1973 γνῶσις
3502 1906 3634 1977 άλη-

2032 2000 2131 2071 θὴς
2158 1998 2255 2053 τοῦ
2286 1999 2647 2067 γεννήματος,
2667 1989 2823 2060 οὗτος
2854 1995 3121 2050 ἐπιθεῖναι
3152 1996 3247 2050 καὶ
3272 1995 3476 2064 κλῆσιν
3502 2012 3632 2049 κατ⁹

2032 2090 2263 2162 άλληλον
2310 2090 2659 2154 ἀξιόπιστος’
2706 2088 2788 2142 διὸ
2834 2089 2928 2141 καί
2980 2103 3180 2157 φησιν’
3216 2082 3415 2152 Οὗτός
3435 2086 3568 2140 ἐστι
3595 2089 3632 2141 ό

2031 2183 2163 2250 Υίός
2184 2201 2305 2253 μου
2345 2185 2378 2237 ό
2405 2182 2735 2248 ἀγαπητός.
2762 2181 2952 2233 Ἔστιν
2988 2175 3081 2234 οὖν
3118 2180 3228 2245 ἀεὶ,
3263 2182 3311 2233 εί
3354 2180 3454 2233 καὶ
3477 2180 3629 2251 νῦνή

2033 2277 2227 2347 κλῆσις
2254 2273 2403 2344 αὑτῷ
2425 2274 2505 2336 εἰς
2532 2274 2808 2344 ἡμετέραν
2830 2271 3177 2324 διδασκαλίαν
3206 2270 3624 2340 πεφανέρωται.

2034 2370 2131 2423 Διὰ
2174 2366 2336 2421 τοῦτο
2384 2367 2474 2420 καὶ
2524 2364 2917 2432 κληθήσεται,
2970 2362 3160 2434 φησὶν,
3210 2362 3271 2416 οὐ
3309 2364 3629 2431 γενήσεται.

2032 2456 2141 2514 Ἶιν
2173 2460 2283 2529 γὰρ
2312 2460 2405 2512 καὶ
2441 2459 2548 2529 πρὸ
2574 2456 2787 2511 αἰώνων
2818 2457 2895 2527 τῷ
2925 2454 3198 2528 ὁμοουσίῳ
3255 2455 3631 2523 συνεδριᾶων

2032 2550 2229 2621 Πατρί.
2258 2550 2463 2603 Τοῦτον
2495 2548 2764 2621 συλλήψῃ,
2786 2548 2979 2601 τούτου
3010 2549 3192 2619 μήτηρ
3221 2546 3630 2616 ἀναδειχθήση,

2030 2640 2222 2695 τοῦτον
2256 2641 2285 2693 ό
2308 2641 2401 2703 σὸς
2431 2638 2763 2711 παρθενικὸς
2788 2638 3107 2709 ὑποδέχεται
3123 2637 3342 2701 κόλπος,
3371 2636 3435 2689 ὃν
3461 2637 3633 2708 οὐρά-

2034 2750 2146 2787 νιον
2170 2733 2270 2786 οὐκ
2310 2731 2557 2803 ἐχώρησε
2584 2730 2771 2795 κῦτος.

2104 2823 2190 2895 [P.
2224 2824 2308 2879 18.
2339 2822 2422 2895 α.]
2446 2824 2694 2877 Φωτίου.
2735 2822 2896 2876 Ἀλλὰ
2927 2821 2979 2875 τί
3019 2820 3156 2892 πρὸς
3183 2820 3355 2873 ταῦτα
3394 2821 3430 2890 ή
3490 2836 3636 2873 παν-

2038 2916 2172 2985 αγία
2211 2915 2519 2987 Παρθένος;
2553 2910 2661 2986 ἆρα
2691 2915 2853 2977 εὐθὺς
2879 2911 3327 2983 κατεμαλακίσοη
3363 2913 3481 2974 τοίς
3535 2911 3634 2963 λό-

2035 3024 2175 3076 γοις,
2212 3007 2245 3078 ἢ
2272 3006 2369 3070 τὰς
2397 3006 2567 3070 ἀκοάς
2588 3006 2761 3076 ἡδέως
2794 3005 3185 3059 ἀναπετάσασα
3210 3006 3321 3066 τοῖς
3337 3002 3636 3073 λογισμοῖς

2036 3099 2212 3169 ὲφῆκε
2259 3097 2445 3167 φέρειν
2493 3095 2868 3161 ἀνεξετάστως
2902 3098 3001 3165 τὴν
3038 3092 3480 3161 συγκατάθεσιν;
3523 3092 3638 3143 Οὐ-

2042 3194 2251 3263 δαμῶς.

2115 3283 2194 3357 [Ρ.
2220 3282 2285 3338 18
2310 3282 2388 3356 3.]
2414 3284 2659 3337 Φωτίου.
2681 3279 2833 3347 Οἶδα,
2867 3281 3054 3353 φησὶν,
3086 3281 3364 3351 ἐμφανῶς,
3392 3280 3474 3343 ὡς
3507 3280 3641 3333 σύλα

2041 3376 2203 3447 ληψιν
2242 3378 2338 3429 καὶ
2383 3378 2710 3449 κυοφορίαν,
2750 3376 2843 3429 καὶ
2885 3375 3015 3427 Υίόν
3060 3392 3174 3444 μοι,
3210 3373 3304 3426 καὶ
3328 3373 3511 3438 τόκον,
3542 3374 3639 3428 λο-

2042 3473 2361 3541 γογραφεῖς.
2408 3470 2569 3525 Ἀλλὰ
2600 3469 2781 3543 πολλῷ
2814 3470 2978 3523 πλέον
3000 3468 3244 3540 ηὖξησας
3261 3467 3357 3539 τὴν
3385 3470 3639 3540 ἀπορίαν

2042 3554 2088 3615 ὦ
2119 3561 2339 3630 ἄγγελε.
2364 3563 2534 3627 Τόκος
2557 3562 2667 3633 γὰρ
2686 3561 2852 3627 ἅπας,
2879 3559 3073 3633 ἀνδρὸς
3091 3561 3343 3631 κοινωνίᾳ
3366 3562 3638 3615 συνίστα-

2042 3668 2154 3706 ται*
2184 3656 2216 3725 ή
2247 3652 2303 3706 δὲ
2324 3653 2427 3725 τῆς
2460 3654 2599 3724 πρὸς
2628 3654 2828 3726 ἄνδρας
2854 3652 3070 3723 ὁμιλίας
3093 3651 3466 3723 ἀλλοτρίωσις,
3502 3651 3639 3707 οὐδὲ

2042 3746 2143 3817 τὴν
2165 3746 2341 3817 ἀρχὴν
2365 3748 2444 3809 εἰς
2478 3745 2648 3817 ἀκοὴν
2675 3746 3001 3817 κατέρχεται
3024 3744 3121 3814 τῆς
3144 3742 3477 3813 συλλήψεως.
3496 3743 3634 3809 Πῶς

2042 3836 2137 3891 οὖν
2185 3837 2337 3890 ἔσται
2384 3853 2477 3908 μοι
2531 3836 2800 3909 γέννημα,
2844 3830 2909 3890 οὖ
2965 3836 3249 3907 γεννήτωρ
3298 3834 3397 3888 οὐκ
3450 3836 3638 3904 ἐγνώ-

2048 3947 2228 4002 ρισται
2250 3949 2264 3997 ;

2114 4020 2270 4093 [Pag.
2317 4019 2379 4075 2!
2417 4019 2495 4092 α.]
2529 4021 2775 4074 Φωτίου.
2820 4020 2879 4073 Ὀ
2922 4020 3031 4093 γὰρ
3091 4022 3430 4094 στειρώσεως
3477 4020 3637 4075 λύων

2039 4110 2235 4182 δεσμὰ,
2266 4111 2427 4175 αὐτὸς
2462 4112 2555 4164 καὶ
2597 4110 2755 4164 τόκον
2798 4111 2977 4183 ἑαυτῷ
3002 4112 3227 4169 δύναται
3274 4115 3638 4168 κατασκευά-

341 4204 576 4258 ratione.
609 4201 711 4269 Qui
745 4203 893 4257 enim
928 4202 1189 4257 siccatam
1236 4202 1475 4259 radicem
1510 4204 1564 4258 in
1598 4201 1932 4258 fructiferam

2048 4221 2153 4269 σαι,
2172 4204 2294 4275 δίχα
2325 4204 2604 4275 μεσιτείας
2633 4203 2845 4275 ἀνδρός.
2880 4205 2937 4259 ’0
2959 4207 3056 4277 τὴν
3080 4207 3442 4281 ξηρανθεῖσαν
3464 4204 3637 4278 ῥίζαν

346 4295 589 4367 stipitem
634 4304 931 4358 restaurat,
965 4296 1054 4351 hic
1083 4311 1304 4366 quoque
1331 4296 1451 4351 sine
1483 4296 1712 4351 humore
1745 4310 1932 4366 agrum

2048 4300 2118 4361 είς
2147 4297 2495 4369 καρποφόρον
2536 4296 2789 4367 στέλεχος
2824 4298 3160 4366 άνανεώσας,
3205 4300 3367 4362 αὒτδς
3394 4299 3493 4352 καὶ
3522 4300 3635 4368 τὴν

344 4386 400 4440 in
452 4386 743 4442 fecundum
795 4402 987 4441 arvum
1037 4387 1112 4441 illi
1144 4387 1452 4442 rcnovabit.
1487 4386 1584 4441 Sin
1624 4396 1805 4441 autem
1838 4401 1932 4439 vo-

2048 4389 2271 4459 Ξνικμον
2314 4388 2556 4461 ἄρουραν
2609 4391 2690 4455 είς
2726 4388 2958 4462 εὔφορον
2987 4390 3172 4463 χώραν
3210 4392 3388 4463 ἑαυτῷ
3431 4410 3631 4445 καινο-

343 4476 511 4531 luerit
551 4492 644 4546 per
686 4478 933 4548 exempla
990 4477 1149 4532 {idem
1211 4478 1407 4531 horum
1440 4493 1563 4549 qua:
1606 4478 1929 4531 nuntiantur

2048 4481 2278 4552 ποιήσει.
2308 4481 2405 4533 Ἂν
2437 4481 2493 4534 δὲ
2524 4481 2689 4555 βούλῃ
2717 4484 2811 4536 καὶ
2856 4484 3261 4555 παραδείγμασι
3287 4485 3394 4538 τῶν
3426 4486 3635 4555 ἀπηγ-

344 4571 615 4642 accipere,
645 4572 827 4642 parvis
866 4586 1062 4641 magna
1087 4585 1444 4641 componens,
1472 4580 1523 4624 et
1560 4585 1659 4640 per
1698 4581 1924 4640 praeter-

2048 4570 2320 4641 γελμὲνων
2352 4569 2452 4640 τὴν
2494 4570 2674 4624 πίστιν
2706 4572 3147 4643 παραδέξασθαι,
3176 4577 3395 4645 μικροῖς
3422 4575 3492 4626 τά
3526 4592 3634 4644 με-

345 4664 422 4719 ita
484 4663 644 4719 ﬁdem
681 4663 887 4719 addens
914 4664 1148 4729 futuris;
1180 4665 1253 4718 ita
1280 4665 1537 4733 concipies
1583 4664 1637 4717 in
1686 4671 1834 4717 utero
1880 4672 1929 4717 et

2048 4658 2181 4728 γάλα
2220 4659 2545 4725 είκάζουσα,
2593 4662 2688 4715 καὶ
2727 4664 2840 4725 τοῖς
2886 4662 3123 4732 φθάσασι
3175 4664 3512 4733 πιστουμένη
3554 4666 3633 4719 τὰ

346 4758 521 4826 paries
557 4758 754 4828 ﬁlium,
810 4768 869 4812 ut
903 4758 1051 4828 virga
1100 4757 1281 4812 Aaron
1328 4757 1532 4811 inculta
1581 4757 1924 4827 germinavit,

2048 4750 2322 4821 μέλλοντα,
2370 4750 2546 4815 οὕτως
2588 4752 2889 4823 συλλήψῃ
2940 4754 3012 4807 ἐν
3055 4754 3267 4825 γαστρὶ
3318 4756 3419 4809 καὶ
3476 4755 3633 4826 τέξῃ

347 4846 507 4915 quasi
544 4848 787 4903 radicum
820 4863 922 4917 ope
954 4848 1178 4918 adjuta;
1214 4856 1272 4901 ut
1307 4862 1398 4903 ros
1424 4862 1455 4902 e
1486 4847 1626 4902 «(elo
1667 4846 1719 4901 in
1753 4848 1929 4902 vellus

2048 4839 2189 4903 υἱὸν,
2227 4840 2361 4912 ὠςή
2397 4841 2593 4912 ράσδος
2644 4842 2859 4914 Ἀαρὼν
2892 4846 3264 4916 ἀγεωργήτως
3297 4845 3626 4917 ἐϐλάστησε,

347 4940 707 5007 descendens,
758 4940 937 5010 ipsum
992 4941 1171 4995 solum
1228 4940 1445 5012 rigavit,
1490 4949 1689 4995 terram
1742 4951 1925 4995 autem

346 5043 460 5082 non
510 5029 880 5096 bumectavit;
913 5040 971 5083 ut
1018 5032 1185 5085 rubus
1227 5031 1349 5102 igne
1386 5031 1541 5093 arsit,
1569 5044 1623 5086 et
1655 5029 1927 5084 ﬂammam

346 5120 600 5176 nutriens
619 5138 726 5177 non
760 5134 1124 5194 consumptus
1169 5133 1252 5178 est
1289 5145 1300 5179 :
1335 5125 1415 5179 sic
1459 5134 1514 5179 et
1549 5131 1605 5177 tu
1651 5123 1930 5193 concipies

345 5214 542 5282 lilium,
592 5230 813 5269 carnem
860 5226 1151 5286 praestans,
1197 5216 1522 5271 alimentum
1578 5215 1924 5271 itnmatcriali

345 5306 459 5376 igni
508 5306 780 5378 praebens,
836 5318 891 5362 et
944 5309 1517 5379 incorruptibilitatem
1569 5322 1923 5364 Conservans.

349 5394 481 5451 Haec
510 5396 657 5452 enim
705 5405 852 5451 tuam
892 5400 1100 5469 pridem
1146 5403 1569 5473 praetigurabant
1603 5403 1927 5473 praegnatio-

354 5505 515 5557 nem;
568 5492 825 5545 innovata
880 5502 1008 5545 sunt
1068 5493 1169 5549 ista
1227 5504 1281 5549 et
1344 5496 1823 5565 prmexstiterunt,
1870 5506 1929 5551 ut

346 5584 597 5652 mysterii
643 5584 697 5638 in
735 5593 786 5638 te
817 5584 1135 5640 exsistentis
1187 5587 1582 5647 adumbrarent
1618 5589 1929 5659 incompre-

349 5670 794 5731 bensibilitatem.

2032 4932 2101 4986 τὰ
2130 4932 2239 4985 τῶν
2289 4934 2676 5007 ὲρῤιζωμὲνων
2707 4937 3076 5008 ὲνεργήσασαο
3103 4937 3185 5004 ὡς
3212 4940 3241 4991 ό
3276 4939 3431 5003 ὑετὸς
3458 4941 3631 5010 οὐρα-

2030 5024 2183 5078 νόθεν
2213 5027 2303 5079 ἐπὶ
2327 5027 2419 5079 τὸν
2442 5030 2609 5080 πόκον
2644 5029 2968 5098 φερόμενος,
3001 5031 3163 5084 αὐτὸν
3192 5032 3355 5100 μόνον
3378 5032 3627 5096 ὲπότιζε,

2031 5115 2132 5184 τὴν
2151 5114 2207 5168 δὲ
2250 5115 2354 5183 γῆν
2392 5117 2493 5169 οὐκ
2525 5117 2824 5188 ὲδρόσιςεν·
2870 5118 3008 5189 ὡςή
3045 5119 3204 5188 βάτος
3237 5121 3299 5173 τὸ
3350 5121 3466 5189 πῦρ
3515 5124 3628 5174 ὑπ-

2032 5199 2266 5270 εδέχετο,
2287 5202 2383 5255 καὶ
2405 5203 2503 5270 τὴν
2523 5204 2697 5271 φλόγα
2719 5204 3013 5275 τρέφουσα,
3035 5208 3134 5261 οὐκ
3152 5208 3458 5281 ἐφθείρετο·
3478 5211 3627 5263 οὕτω

2032 5291 2127 5343 καὶ
2164 5291 2227 5343 σὺ
2271 5292 2521 5367 συλλήψῃ
2556 5295 2672 5349 υίδν
2710 5297 2890 5365 σάρκα
2916 5299 3261 5365 δανείζουσα.
3308 5302 3519 5373 τροφὴν
3545 5304 3627 5374 τῷ

2036 5381 2186 5453 eam,»
2220 5384 2357 5456 πυρὶ
2405 5386 2743 5458 παρέχουσα,
2783 5392 2878 5445 καὶ
2920 5392 3021 5463 τὴν
3070 5392 3383 5463 ἀφθαρσίαν
3430 5395 3626 5448 ἀνθέλ-

2037 5491 2227 5529 κουσα.
2258 5476 2441 5530 Ταῦτα
2468 5479 2578 5549 γὰρ
2606 5478 2706 5550 τὴν
2736 5481 2835 5551 σὴν
2866 5483 3153 5553 πόρρωθεν
3196 5484 3622 5557 προεζωγράφει

2036 5567 2369 5637 κυοφορίαν⁹
2434 5558 2823 5645 ὲκαινοποιήθη
2872 5575 3050 5631 ταῦτα
3101 5579 3196 5631 καὶ
3256 5583 3618 5653 προῦπέστη,

2036 5656 2125 5800 Eva
2148 5656 2240 5710 τοῦ
2262 5660 2401 5712 κατὰ
2441 5661 2500 5713 σὲ
2544 5664 2843 5736 μυστηρίου
2885 5671 3277 5744 σκιαγραφήσῃ
3314 5672 3375 5725 τὸ
3404 5674 3617 5729 ἀκατάο

2056 5766 2263 5800 ιτιπτον.

2056 5766 2263 5821 ιηπτον.
