3930 6218
390 313 521 377 1‘22!

1576 319 2046 383 FRAGMENTA
2073 323 2155 386 IN
2178 328 2457 392 LUCAM.

3514 344 3650 414 1222

457 420 613 493 iPag.
662 419 734 475 ἥ
777 418 857 493 ι›.]
908 418 1155 475 Φωτίου.
1196 420 1349 475 Ἐπεί
1384 440 1505 491 μοι,
1535 426 1702 495 φησὶ,
1745 426 1957 499 Πνεῦμα

2148 433 2352 493 Pharii.
2413 438 2686 506 Quoniam
2732 445 2890 511 mihi,
2945 448 3146 520 inquit,
3203 452 3469 525 Spiritum
3519 475 3652 515 san-

384 514 543 582 ἆγιον
574 510 969 567 ἐπελεύσεσθαι
999 512 1389 585 διετράνωσας,
1415 516 1601 570 οὐκέτι
1632 519 1964 586 ἀντιπίπτω,

382 605 505 659 οῦδὲ
530 604 819 672 ἀντιλέγω.
858 604 1178 672 Γενηθήτω
1210 622 1313 675 μοι
1354 605 1506 659 κατὰ
1544 606 1605 660 τὸ
1626 607 1796 677 ῥῆμά
1825 623 1965 663 σου.

384 695 446 749 El
473 694 603 759 ἀξία
628 695 709 766 τῷ
732 696 983 766 Δεσπότῃ
1017 694 1297 767 κρίνομαι,
1336 696 1669 769 ὑπουργήσω
1700 700 1966 769 χαίρουσα

381 787 462 861 τῷ
506 786 797 859 θελήματιο
826 786 875 840 εί
919 790 947 841 ὁ
988 788 1241 859 Πλὰστης
1264 772 1345 858 τῷ
1378 788 1657 860 πλάσματι
1691 791 1967 845 ἀναπαύε-

381 898 493 946 ται,
538 880 893 951 οίκοδομείτω
925 880 1016 933 τὸν
1060 877 1206 934 οἷκον
1247 881 1411 946 αὐτὸς
1451 882 1651 954 ἐαυτῷ,
1700 883 1777 948 ὡς
1818 885 1968 938 εὑδό-

384 986 539 1041 κησεσ
571 969 991 1034 ζωοπλαστείτω
1021 970 1077 1022 ὲν
1121 971 1244 1039 ἐμοὶ
1275 971 1374 1042 τὴν
1402 972 1583 1041 σάρκα
1611 972 1714 1043 τὴν
1747 973 1962 1038 ἑαυτοῦ,

381 1063 456 1129 ὡς
492 1061 633 1117 οἶδεν
663 1062 825 1125 αύτδς
859 1062 956 1116 καὶ
983 1061 1058 1125 ὡς
1100 1061 1349 1132 βούλεται
1371 1078 1385 1091 ’
1416 1063 1629 1133 γένοιτό
1665 1081 1755 1136 μοι
1796 1064 1866 1118 τὰ
1897 1067 1966 1120 σά

382 1154 605 1226 ῥήματα
633 1151 1019 1225 περατούμενα
1048 1151 1359 1223 πράγματι,

452 1244 530 1317 [p.
552 1246 643 1298 27.
682 1243 757 1315 a.]
777 1244 1023 1298 Φωτίου.
1071 1242 1131 1295 Ὀ
1163 1243 1472 1313 ἀσπασμὸς,
1500 1242 1706 1317 ἄνωθεν
1738 1244 1807 1315 δή
1843 1243 1969 1297 σύλ-

382 1339 540 1408 ληψις
562 1339 800 1407 ἄσπορος
821 1353 837 1367 ’
873 1337 906 1404 ἠ
937 1335 1154 1407 κύησις,
1185 1334 1479 1407 ἄφραστος·
1507 1335 1717 1399 ὠδῖνες,
1744 1335 1967 1404 ἀλόχευ-

378 1446 460 1482 τοι
485 1445 500 1459 ·
530 1428 765 1499 σφραγὶς
804 1426 902 1497 τῆς
935 1424 1251 1496 παρθενίας,
1276 1427 1309 1496 ἡ
1332 1425 1442 1478 τῶν
1466 1425 1669 1478 ὠδίνων
1701 1426 1963 1490 διάλυσις·

378 1527 408 1578 δ
455 1522 632 1585 τόκος,
679 1520 914 1590 ᾶφθορος
947 1516 1080 1573 ’καὶ
1132 1519 1166 1589 ἠ
1215 1518 1477 1583 τεκοῦσα,
1542 1518 1812 1588 παρθένος
1871 1520 1967 1573 καὶ

384 1615 519 1685 μετὰ
574 1613 847 1684 γέννησιν.
908 1609 1041 1673 Θεὸς
1086 1609 1143 1664 ὲν
1203 1610 1417 1679 σαρκὶ,
1472 1609 1533 1661 τὸ
1599 1608 1963 1678 τικτόμενονο

379 1706 538 1776 χορὸς
582 1703 851 1771 ἀγγέλων,
876 1697 1027 1773 ᾆσμα
1067 1701 1130 1754 ea
1187 1698 1372 1770 θαῦμα
1417 1698 1749 1768 ποιούμενοι.
1795 1699 1966 1754 Ἔνθα

378 1796 645 1850 τοσούτων
683 1795 777 1848 καὶ
819 1792 1148 1864 τηλικούτων
1208 1788 1482 1862 συνδρομὴ
1513 1833 1528 1856 ,
1583 1790 1699 1854 πῶς
1752 1791 1815 1845 ἄν
1877 1808 1960 1856 τις
1990 1782 2037 1844 Β

379 1887 899 1959 διαμφισϐητήσειε,
955 1887 1060 1939 κᾶν
1100 1885 1277 1937 πάντα
1327 1884 1542 1936 ἀσεϐεῖν
1596 1883 1750 1937 ἔθετο
1802 1884 1957 1955 μελέ-

379 1986 496 2051 την,
523 1982 604 2033 ὅτι
656 1979 731 2050 μὴ
787 1979 906 2049 οὐχὶ
952 1976 1222 2048 ταρθένος
1252 1977 1285 2045 ἡ
1336 1975 1613 2046 Παρθένος
1656 1976 1751 2028 καλ⁸
1794 1975 1957 2046 μέχρι

379 2072 563 2136 τέλους
591 2071 897 2142 διέμεινεν;
929 2069 1069 2123 ὥστε
1094 2070 1126 2139 ἡ
1154 2068 1263 2121 τῶν
1306 2068 1594 2138 ἀχράντων
1626 2066 1799 2134 λόγων
1826 2067 1959 2138 ἀλή-

380 2166 498 2221 θεια
525 2166 586 2218 τὺ
618 2164 718 2235 μὲν
742 2162 1043 2231 παράδοξον
1075 2162 1168 2215 καὶ
1197 2158 1483 2230 ὑπερφυὲς
1505 2158 1600 2211 καὶ
1631 2158 1773 2228 ὑπὲρ
1798 2156 1959 2211 κατάο

378 2258 561 2329 ληψιν,
596 2254 871 2328 ἠϐουλήθη
923 2254 1291 2325 παραστῆσαι,
1322 2254 1458 2322 ὅπερ
1492 2251 1607 2302 ἐστὶ
1631 2250 1790 2313 τόκος
1829 2251 1956 2303 ἄνευ

377 2347 569 2419 ἀνδρὸς
594 2344 963 2414 ἐπιγνώσεως·
1016 2342 1079 2395 τὸ
1109 2340 1167 2395 δὲ
1218 2340 1357 2411 μετά
1403 2336 1595 2401 ταῦτα,
1642 2340 1783 2389 νοεῖν
1836 2353 1959 2389 κατ-

377 2439 564 2493 έλιπεν
580 2438 654 2501 ὡς
673 2435 984 2491 ἀκόλουθον.
1001 2436 1073 2487 Τὸ
1098 2433 1209 2502 γὰρ
1229 2430 1328 2502 τὴν
1343 2433 1400 2483 ἐν
1423 2430 1566 2498 τόκῳ
1593 2426 1957 2499 παρθενεύου-

379 2548 499 2596 σαν,
530 2532 643 2598 aut;
664 2528 727 2582 τό
767 2528 951 2581 λοιπὸν
976 2526 1084 2579 διὰ⁴
1116 2524 1233 2594 βίου
1261 2520 1637 2592 παρθενεύειν,
1661 2517 1784 2571 οὔτε
1833 2535 1958 2571 και-

383 2625 474 2677 νὸν
508 2623 642 2684 ὅλως
674 2621 707 2691 ἢ
744 2618 1067 2690 παράδοξον,
1111 2616 1245 2669 ἀλλά
1272 2616 1365 2667 καὶ
1409 2615 1521 2675 τοῖς
1554 2609 1954 2682 προηγησαμέ-

378 2733 491 2779 νοις
527 2713 587 2779 ὲξ
618 2712 916 2779 ἀναγκαίου
970 2707 1170 2779 μᾶλλον
1210 2705 1497 2774 ἑπόμενον.
1530 2702 1740 2764 ’Ἄλλως
1771 2717 1830 2752 τε
1863 2699 1956 2752 καὶ

378 2807 486 2860 τῶν
544 2803 816 2857 Ἰουδαίων
864 2800 1005 2862 τέως
1058 2795 1431 2865 ἐπιστομίζειν
1484 2795 1513 2847 ὁ
1563 2790 1958 2860 εὐαγγελιστὴς

380 2900 521 2968 ἐίνω
540 2897 600 2950 τὸ
622 2896 961 2966 βλάσφημον,
989 2892 1038 2945 οἳ
1076 2893 1139 2943 ὲκ
1169 2887 1426 2959 πορνείας
1471 2886 1563 2939 τὸν
1596 2886 1835 2955 ἄσπορον
1870 2885 1959 2937 τό-

378 3007 473 3045 κον
496 2987 759 3058 διέσυρον.
793 2986 882 3039 Διὸ
907 2983 1001 3037 καὶ
1027 2982 1161 3053 πρὸς
1182 2980 1280 3051 τὴν
1300 2979 1524 3033 ἐκείνων
1546 2978 1762 3031 ἵσταται
1792 2977 1957 3029 κακός

378 3098 547 3147 νοιαν,
586 3080 651 3132 δι’
685 3074 760 3131 ὢν
804 3077 994 3147 τρανοῖ
1038 3074 1136 3144 τῆς
1192 3070 1460 3141 τεκούσης
1514 3070 1574 3123 τὸ
1627 3068 1907 3138 ἀνέπαφον
1941 3086 1955 3099 υ

377 3171 514 3225 ἀλλά
544 3170 637 3223 καὶ
662 3169 724 3221 τὸ
745 3166 877 3231 ἕως,
912 3165 1083 3218 ἐνίοτε
1118 3164 1215 3235 μὲν
1254 3161 1392 3233 πρὸς
1425 3160 1832 3231 ἀντιδιαστολὴν
1866 3176 1925 3211 το

380 3264 580 3333 ἑφεξῆς
608 3260 825 3332 χρόνον,
860 3258 936 3322 ὡς
965 3259 1203 3328 εἴρηται,
1243 3253 1758 3325 παραλαμϐάνεται,
1791 3252 1962 3303 ἐνίοτε

376 3356 433 3408 δὲ
457 3354 549 3406 ἐπὶ
577 3350 807 3422 δηλώσει
837 3347 1089 3419 μεγάλων
1117 3346 1293 3416 ἔργων
1315 3344 1410 3397 καὶ
1432 3342 1770 3413 θεοπρεπῶν,
1789 3340 1963 3394 καθά-

377 3464 484 3519 περ
526 3445 641 3506 νῦν,
685 3443 745 3497 ού
796 3441 901 3513 μὴν
933 3440 1071 3511 πρὸς
1121 3434 1527 3506 ἀντιδιαστολὴν
1583 3434 1772 3504 ἑτέρου
1833 3433 1958 3503 χρό-

377 3558 470 3595 νου
498 3537 664 3600 τινὸς,
695 3535 832 3589 ἀλλά
864 3534 959 3587 καὶ
989 3530 1302 3585 τούναντίον
1329 3530 1408 3588 είς
1441 3526 1782 3598 ὑποδήλωσιν
1813 3528 1954 3579 ἀπε-

380 3631 574 3703 ράντου
646 3626 1035 3696 διαστήματος.
1083 3622 1194 3675 Καὶ
1246 3618 1499 3674 ἀνατελεί
1556 3618 1666 3688 γὰρ
1694 3619 1775 3687 εὲν
1839 3619 1961 3681 ταῖς

377 3723 611 3794 ἡμέραις
677 3717 839 3772 αὑτοῦ
901 3713 1238 3781 δικαιοσύνη,
1271 3711 1376 3775 ἕως
1422 3704 1483 3764 οὗ
1532 3708 1890 3779 ἀνταναιρεθῇ
1927 3709 1960 3778 ἠ

379 3815 574 3884 σελήνη
594 3831 607 3842 ·
627 3811 741 3875 καὶ,
762 3808 960 3864 Κάθου
988 3807 1054 3860 ἐκ
1080 3803 1294 3869 δεξιῶν
1314 3822 1456 3874 μου,
1476 3803 1586 3869 ἕως
1608 3803 1686 3857 ἂν
1710 3802 1788 3856 θῶ
1819 3800 1960 3866 τοὺς

376 3903 620 3974 ἐχθρούς
642 3915 758 3954 σου
781 3895 1113 3967 ὑποπόδιον
1136 3892 1255 3946 τῶν
1279 3890 1479 3946 ποδῶν
1505 3905 1643 3944 σουο
1679 3888 1792 3951 καὶ,
1821 3888 1958 3941 Μεθ’

376 3994 543 4065 ὑμῶν
564 3996 679 4063 ειμι
730 3991 841 4054 ἕως
872 3986 982 4056 τῆς
1015 3983 1396 4050 συντελείας.
1425 3981 1592 4052 Δῆλον
1617 3980 1725 4052 γὰρ
1765 3979 1841 4043 ὡς
1871 3982 1957 4032 ὲν-

376 4086 549 4140 ταῦθα
591 4083 655 4136 τὸ
691 4082 801 4147 ἕως
830 4080 890 4135 ού
943 4076 1195 4151 χρονικόν
1242 4094 1293 4128 τι
1330 4073 1606 4145 μεθόριον,
1660 4070 1758 4125 καὶ
1784 4069 1958 4140 πέρας

376 4176 727 4249 παρεισάγει,
761 4171 991 4245 μέγεθος
1024 4170 1081 4223 δὲ
1138 4168 1298 4220 θείων
1338 4162 1682 4235 πραγμάτων
1730 4163 1763 4231 ἡ
1810 4160 1957 4223 λέξις

378 4264 785 4337 παραδηλοῦσα,
815 4264 893 4325 εἰς
924 4258 1306 4330 ἀπεριόριστον
1336 4254 1646 4325 παράτασιν
1694 4251 1788 4304 τὸν
1830 4249 1955 4304 νοῦν

376 4361 484 4414 τῶν
520 4357 959 4427 ἐντυγχανόντων
1015 4350 1359 4420 ἀναπέμπει.
1389 4348 1500 4402 Kal.
1538 4345 1674 4400 ἄλλα
1696 4344 1753 4397 δὲ
1783 4344 1953 4414 μυρία

376 4452 523 4504 ἔστιν
548 4448 748 4517 εὑρεῖν,
774 4446 839 4499 δι’
872 4438 946 4497 ὧν
968 4443 1124 4514 δῆλον
1160 4440 1509 4501 καθίσταται,
1542 4437 1619 4500 ὡς
1654 4436 1796 4503 ξάντὶ
1854 4434 1948 4488 τοῦ

375 4540 640 4613 διηνεκῶς
674 4537 768 4592 καὶ
797 4540 876 4599 είς
914 4535 1005 4588 τὸν
1041 4534 1233 4597 αίῶνα,
1260 4534 1293 4602 ἡ
1337 4530 1482 4595 λέξις
1529 4525 1953 4601 παραλαμϐάνει

375 4652 487 4688 ται.
510 4634 681 4687 Ὅταν
710 4626 802 4686 οὖν
830 4627 1078 4697 δείξωσιν
1105 4626 1157 4679 οἱ
1206 4625 1385 4678 πάντα
1416 4624 1658 4694 θρασεῖς,
1690 4621 1827 4691 μετά
1856 4619 1953 4690 τὴν

375 4726 469 4798 τῆς
498 4723 725 4795 σελήνης
751 4719 1151 4791 ἀνταναίρεσιν,
1183 4717 1281 4786 τὴν
1312 4714 1410 4769 τοῦ
1429 4711 1667 4785 Χριστοῦ
1692 4712 1787 4765 καὶ
1816 4710 1952 4765 Θεοῦ

375 4818 532 4890 ἡμῶν
580 4812 929 4884 δικαιοσύνην
991 4812 1070 4874 εἰς
1107 4812 1166 4863 τὸ
1204 4808 1278 4879 μὴ
1326 4806 1386 4877 ὃν
1433 4805 1827 4867 καταδύουσαν,
1860 4802 1954 4855 καὶ

379 4908 517 4983 μετά
541 4924 604 4977 γε
630 4906 691 4959 τὸ
724 4903 1051 4974 ύποτεθῆναι
1085 4904 1211 4964 τοὺς
1255 4898 1481 4970 ἐχθροὺς
1526 4894 1690 4950 αὑτοῦ
1738 4894 1841 4963 τῆς
1889 4894 1953 4946 ὲκ

372 5000 563 5066 διξιῶν
593 4996 861 5065 καθέδρας
888 4992 981 5045 τοῦ
1015 4992 1224 5062 nam;
1267 4986 1757 5061 παρακινούμενον,
1797 4984 1830 5055 ἦ
1862 4984 1954 5038 καὶ

378 5092 515 5165 μετά
542 5091 640 5160 τὴν
666 5086 976 5143 συντέλειαν
1028 5083 1124 5137 τοῦ
1155 5081 1371 5146 αἰῶνος,
1401 5082 1490 5134 ὅτε
1541 5079 1738 5151 μᾶλλον
1771 5080 1952 5141 αὐτοῖς

372 5188 406 5257 ὴ
439 5181 850 5257 οἱκείωσιςτῶν
875 5176 1134 5249 μαθητῶν
1167 5175 1557 5245 ἀφιστάμενον,
1594 5172 1720 5225 τότε
1761 5171 1952 5225 διαπο-

378 5254 642 5347 ρείτωσαν
674 5254 768 5323 καὶ
803 5269 853 5321 εἰ
889 5267 1029 5337 μετὰ
1054 5267 1145 5319 τὸν
1167 5266 1402 5338 ἄρρητον
1429 5264 1586 5317 τόκον
1614 5261 1809 5333 ἀνδρὸς
1833 5262 1954 5331 ὁμι-

371 5368 493 5430 λίας
514 5368 548 5436 ἡ
579 5363 855 5433 Παρθένος
886 5359 1236 5432 ὲμελέτησεν.

444 5458 593 5531 [pag.
628 5458 718 5523 59,
773 5455 849 5528 a.]
879 5454 1128 5511 Φωτίου.
1176 5451 1509 5515 Συντελέσας
1565 5453 1593 5504 ὁ
1642 5447 1954 5521 πρεσϐύτης

371 5552 471 5623 τὴν
506 5554 585 5615 εἰς
638 5551 699 5604 τὸ
749 5549 905 5602 Θεῖον
958 5546 1289 5616 δοξολογίαν,
1318 5546 1580 5619 τρέπεται
1627 5542 1813 5598 λοιπὸν
1860 5541 1954 5594 ἐπὶ

446 5752 462 5781 ί
485 5749 635 5807 l’sal.
666 5765 775 5817 crs,
805 5752 858 5808 l.

2070 538 2217 583 ctum
2250 545 2706 601 superventurum
2738 552 2862 594 esse
2888 540 3237 612 signiﬁcasti,
3269 562 3379 604 non
3427 551 3648 617 resisto,

2070 634 2177 674 non
2205 626 2545 682 contradico.
2582 626 2629 680 F
2653 639 2708 683 at
2745 632 2874 685 mihi
2904 637 3194 691 sectmdum
3236 641 3451 695 verbum
3476 652 3648 710 tuum,
3672 648 3692 701 η’

2069 712 2114 766 si
2142 713 2311 805 digna
2362 732 2390 770 a
2441 714 2673 775 Domino
2716 723 2971 791 judicor,
3040 742 3203 797 pareo
3251 731 3496 801 gaudens
3529 735 3651 805 ejus

2067 802 2373 870 voluntati;
2409 809 2455 861 si
2485 808 2711 864 Creator
2738 812 2792 866 in
2826 826 3075 871 creatura
3116 830 3384 887 moratur,
3418 802 3651 881 aediﬁcet

2070 894 2173 950 sibi
2210 896 2325 965 ipse
2352 897 2598 965 domum,
2626 913 2704 959 ut,
2724 903 2962 960 libuerit.
2992 908 3257 966 Informet
3285 913 3339 966 in
3367 929 3456 970 me
3493 931 3649 972 suam
3688 907 3695 916 ’

2069 1002 2317 1056 carnem,
2363 1000 2423 1045 ut
2454 993 2561 1046 scit
2606 994 2723 1063 ipse
2755 1005 2809 1052 et
2836 1007 2895 1052 ut
2940 1000 3087 1062 vult;
3139 1002 3273 1059 ﬁant
3305 1007 3441 1062 mihi
3484 1008 3649 1064 verba

2069 1090 2162 1134 tua
2194 1082 2268 1137 rei
2276 1098 2373 1153 psa
2405 1087 2693 1156 completa.

2140 1264 2337 1321 Photii.
2408 1266 2677 1328 Salutatio
2732 1275 3002 1343 caelestis;
3056 1283 3344 1351 conceptio
3388 1285 3509 1340 sino
3558 1302 3650 1343 se-

2070 1356 2250 1424 mine;
2284 1363 2587 1431 praegnatio
2638 1365 2967 1436 ineﬁ'abilis;
3023 1371 3243 1428 dolores
3288 1376 3408 1431 sine
3450 1388 3649 1447 partu;

2071 1451 2406 1520 virginitatis
2460 1454 2746 1525 sigillum,
2792 1460 3045 1518 dolorum
3115 1466 3403 1535 liberatio;
3458 1479 3651 1540 paruis

2071 1542 2403 1613 inviolatus;
2434 1550 2655 1618 pariens
2686 1552 2837 1623 virgo
2868 1564 2922 1609 et
2950 1567 3074 1625 post
3115 1569 3332 1628 partum
3358 1578 3373 1627 ;
3403 1562 3548 1619 Deus
3593 1566 3648 1619 in

2070 1650 2273 1701 carne,
2317 1654 2480 1707 quem
2512 1644 2753 1711 peperit;
2797 1647 3117 1716 angelorum
3164 1651 3370 1709 chorus
3420 1655 3651 1711 canticis

2070 1728 2378 1798 prodigium
2423 1732 2839 1790 celebrantium.
2878 1736 2979 1794 llic
3018 1742 3206 1796 talium
3262 1754 3316 1798 et
3366 1754 3649 1802 tantorum

2068 1817 2170 1873 fuit
2189 1834 2522 1889 concursus;
2550 1828 2827 1892 quomodo
2840 1833 3195 1888 contenderet
3215 1834 3433 1905 aliquis,
3456 1853 3651 1907 quam-

2068 1913 2150 1968 vis
2199 1928 2362 1969 omne
2419 1915 2476 1970 itt
2529 1918 2864 1988 impietatem
2919 1925 3160 1980 studium
3211 1931 3474 1995 posuerit,
3539 1946 3648 1986 non

2066 2005 2332 2075 virginem
2384 2008 2451 2063 ad
2502 2010 2666 2065 linem
2726 2016 3118 2082 permansisse,
3179 2033 3303 2072 cum
3355 2024 3648 2077 verborum

2068 2097 2519 2156 intemeratorum
2553 2104 2759 2158 veritas
2786 2108 3073 2162 ostendere
3104 2110 3340 2166 voluerit
3374 2128 3489 2167 rem
3527 2123 3649 2169 stu-

2066 2190 2299 2261 pendam
2330 2201 2385 2247 et
2426 2209 2590 2263 supra
2625 2206 2879 2252 naturam
2922 2208 2979 2257 et
3023 2200 3355 2257 intellectum
3391 2207 3647 2274 positam,

2066 2298 2190 2352 qua:
2237 2294 2342 2350 est,
2392 2297 2582 2356 partus
2628 2289 2747 2343 sine
2786 2291 2886 2346 viri
2919 2294 3271 2362 cognitione?
3299 2294 3429 2362 Qua:
3461 2307 3646 2352 autem

2066 2386 2393 2447 sequuntur,
2441 2380 2717 2449 explicare
2767 2384 2980 2453 inutile,
3031 2397 3221 2456 utpote
3273 2392 3644 2446 consectaria.

2071 2469 2349 2540 Virginem
2380 2473 2527 2527 enim
2565 2474 2617 2528 in
2649 2484 2806 2544 partu
2841 2476 3035 2545 fuisse,
3070 2489 3124 2535 et
3150 2482 3360 2552 reliqua
3400 2485 3509 2538 vita
3538 2488 3648 2539 vir-

2065 2564 2249 2633 ginem
2284 2578 2630 2632 permanere,
2660 2584 2837 2638 neque
2862 2584 3061 2625 novum
3093 2574 3319 2629 omnino
3353 2589 3437 2632 est
3467 2593 3648 2648 neque

2066 2656 2419 2724 stupendum,
2452 2657 2546 2711 sed
2571 2660 2753 2726 potius
2781 2663 3093 2716 necessario
3116 2678 3181 2718 ex
3214 2676 3372 2720 antea
3408 2672 3649 2726 narratis

2066 2748 2338 2817 sequitur.
2401 2748 2517 2803 lmo
2586 2748 2900 2806 Judteorum
2966 2768 3188 2824 quoque
3248 2756 3646 2826 blasphemiam

2067 2842 2359 2897 retundere
2410 2844 2589 2912 potuit
2652 2843 3008 2913 evangelista,
3062 2845 3157 2915 qui
3196 2862 3227 2901 e
3283 2851 3649 2907 fornicatione

2066 2949 2188 2990 esse
2243 2936 2634 2991 inseminatum
2696 2947 2914 3007 partum
2964 2938 3367 2997 obtrectabant.
3420 2943 3548 3000 Ideo
3595 2957 3681 3001 et'

2066 3036 2259 3082 contra
2291 3028 2508 3083 illorum
2542 3030 2737 3083 malam
2767 3040 3004 3085 mentem
3035 3042 3372 3097 statuuntur,
3398 3051 3495 3106 per
3524 3054 3648 3108 quae

1929 3157 1959 3211 ὖ
1990 3145 2030 3202 C
2067 3122 2332 3190 parientis
2360 3123 2752 3180 inviolabilitas
2782 3124 3211 3195 demonstretur,
3257 3132 3352 3185 sed
3380 3140 3436 3186 et
3464 3132 3522 3185 τὸ
3548 3136 3648 3186 do-

2067 3230 2178 3277 nec,
2226 3230 2375 3270 nunc
2419 3216 2474 3269 in
2521 3216 2837 3271 distantiam
2886 3220 3051 3274 seriei
3102 3223 3391 3291 temporis,
3429 3225 3650 3293 quando

2067 3303 2394 3370 adhibetur,
2453 3304 2810 3374 intelligitur,
2870 3322 3018 3361 nunc
3074 3308 3129 3362 in
3188 3309 3643 3379 signiﬁcationem

2069 3407 2387 3460 magnorum
2425 3402 2478 3446 et
2515 3394 2826 3448 divinorum
2859 3411 3125 3464 operum;
3159 3398 3303 3454 sicut
3334 3401 3425 3456 hic
3472 3404 3650 3457 sumi-

2068 3498 2177 3550 tur,
2222 3504 2333 3542 non
2373 3488 2427 3542 in
2478 3489 2796 3544 distantiam
2848 3491 2990 3547 alius
3022 3492 3310 3562 cujusdam
3358 3498 3646 3566 temporis,

2065 3583 2158 3636 sed
2185 3598 2216 3636 e
2253 3582 2535 3637 contrario
2562 3583 2628 3637 ad
2664 3583 3057 3639 ostendendam
3089 3586 3359 3642 inﬁnitam
3399 3590 3647 3646 duratio—

2064 3690 2208 3728 nem.
2237 3675 2446 3729 Etenim
2478 3686 2667 3746 surget
2696 3677 2749 3730 in
2793 3677 2986 3733 diebus
3032 3677 3153 3748 ejus
3204 3679 3438 3745 justitia,
3472 3684 3648 3738 dOnec

2062 3766 2376 3821 destruatur
2428 3767 2591 3833 luna;
2645 3778 2719 3832 et,
2772 3767 2905 3822 Sede
2946 3786 2979 3823 a
3036 3770 3241 3825 dextris
3291 3774 3442 3840 meis,
3485 3776 3648 3831 donec

2060 3875 2252 3925 ponam
2290 3859 2533 3914 inimicos
2575 3869 2692 3913 tuos
2722 3862 3009 3914 scabellum
3042 3863 3232 3931 pedum
3266 3875 3478 3920 tuorum
3502 3868 3555 3933 ¹;
3593 3882 3649 3923 et

2073 3952 2350 4007 Vobiscum
2388 3970 2504 4009 sum
2540 3956 2706 4010 donec
2753 3959 2925 4012 veniat
2958 3964 3366 4016 consummatio.
3405 3962 3644 4018 Evidens

2059 4046 2205 4101 enim
2231 4056 2315 4101 est
2346 4048 2417 4102 ibi
2449 4048 2512 4101 τὺ
2533 4054 2719 4113 donec,
2755 4067 2859 4105 non
2893 4054 3249 4122 temporalem
3281 4055 3509 4110 limitem
3551 4067 3646 4110 aut

2062 4142 2354 4196 terminum
2410 4142 2713 4207 adducere;
2764 4143 2882 4197 haec
2921 4160 3027 4199 vox
3072 4154 3253 4200 autem
3306 4147 3645 4218 magnitudi-

2061 4248 2185 4287 ncm
2238 4233 2552 4287 divinarum
2614 4249 2798 4288 rerutn
2866 4238 3201 4299 ostendens,
3261 4238 3315 4290 in
3370 4239 3642 4295 inﬁnitam

2057 4328 2431 4382 extensionem
2461 4327 2638 4381 ideam
2670 4342 2852 4381 rerum
2881 4343 3004 4397 quae
3034 4328 3107 4383 ibi
3139 4341 3438 4386 occurrunt
3468 4332 3641 4386 addu-

2058 4423 2150 4476 cit.
2188 4421 2307 4474 Alia
2331 4429 2511 4474 autem
2553 4420 3080 4494 pertnultainveniri
3114 4432 3364 4489 possunt,
3396 4438 3491 4492 per
3517 4440 3641 4494 quae

2058 4513 2337 4570 evidenter
2370 4511 2651 4576 statuitur,
2679 4492 3034 4564 lianc'vocem
3061 4526 3160 4579 pro
3188 4525 3294 4565 non
3330 4492 3639 4583 interrupto

2055 4616 2108 4661 et
2138 4606 2191 4659 in
2241 4605 2440 4660 saecula
2474 4603 2704 4658 assumi.
2755 4601 2989 4668 Quando
3041 4603 3209 4671 igitur
3247 4603 3336 4657 isti
3382 4604 3637 4657 audacis-

2055 4699 2204 4765 simi,
2244 4696 2561 4755 ostendunt.
2595 4707 2719 4765 post
2766 4696 2909 4749 lunae
2956 4695 3386 4749 destructionem
3431 4695 3638 4751 Christi

2053 4804 2108 4849 et
2135 4791 2229 4848 Dei
2274 4791 2447 4846 nostri
2478 4789 2747 4858 justitiam
2792 4790 2847 4842 in
2881 4789 3115 4842 nihilum
3148 4788 3356 4853 reduci,
3390 4796 3446 4843 et
3484 4796 3637 4858 post-

2054 4904 2217 4958 quam
2249 4886 2415 4957 positi
2453 4885 2655 4941 fuerint
2706 4883 2810 4939 sub
2853 4882 3083 4953 pedibus
3124 4882 3243 4949 ejus
3287 4881 3523 4944 inimici.
3567 4882 3639 4936 il-

2054 4979 2167 5033 lum
2214 4991 2245 5030 e
2283 4975 2409 5032 sede
2456 4974 2524 5028 ad
2574 4972 2753 5028 Patris
2789 4975 3068 5028 dexteram
3117 4972 3299 5041 dejici,
3346 4981 3442 5027 aut
3471 4972 3636 5028 etiam

2057 5080 2179 5143 post
2228 5067 2761 5125 consummationem
2813 5065 3021 5129 saeculi,
3054 5081 3177 5120 cum
3228 5064 3413 5135 potius
3458 5065 3560 5135 ipsi
3606 5082 3637 5119 a

2054 5162 2450 5233 discipulorum
2513 5160 2804 5215 mansione
2850 5158 3218 5228 repellentur,
3276 5168 3406 5213 tunc
3463 5157 3638 5214 ambi-

2055 5262 2206 5327 ganl,
2257 5268 2325 5307 an
2372 5259 2495 5321 post
2529 5248 2857 5306 ineﬁ‘abilem
2902 5256 3118 5318 partum
3164 5246 3264 5301 viri
3314 5244 3635 5302 societatem

2056 5348 2210 5419 virgo
2236 5346 2533 5401 curaverit.

2125 5440 2325 5495 Photii.
2365 5438 2500 5493 Cum
2556 5433 2879 5506 perfecisset
2932 5448 3100 5488 senex
3151 5446 3308 5487 suam
3357 5430 3414 5485 in
3463 5429 3635 5485 Deum

2055 5534 2424 5606 doxologiam,
2459 5532 2679 5589 demum
2720 5530 3059 5587 convertitur
3100 5527 3167 5582 ad
3200 5522 3638 5582 benedictionem
