3930 6218
271 264 409 328 1923

1427 260 1688 326 PHOTII
1725 257 2231 322 PATRIARCHB
2267 257 2374 319 CP.

3385 252 3527 318 1224

269 384 461 426 eorum
503 368 595 439 qui
641 382 868 438 puerum
904 366 1254 425 inilucebant.
1303 368 1505 427 Deinde
1550 369 1620 425 ad
1669 368 1876 430 solam,

1978 366 2042 439 ὴν
2072 365 2325 434 εὐλογίαν
2349 364 2460 419 τῶν
2496 363 2816 433 ἀγαγόντων
2851 363 2916 417 16
2960 361 3160 439 βρέφος
3190 380 3206 395 ⁸
3232 359 3353 420 εἶτα
3378 367 3529 422 Exsi-

268 471 499 515 matrem
563 473 874 514 sermonem
918 459 1107 531 dirigit
1154 460 1640 516 :benedictionem
1694 461 1843 515 enim

272 551 541 606 ambobus
604 552 998 618 communicat,
1060 550 1155 607 sed
1209 551 1611 607 reconditorum
1671 550 1847 621 magis

273 643 685 714 praedictionem
738 646 841 699 soli
892 645 1059 699 matri
1102 644 1306 715 dirigit,
1358 652 1418 698 ut
1457 658 1555 714 per
1601 658 1849 698 commu-

271 750 395 790 nem
446 734 881 790 benedictionem
938 733 1177 801 parentis
1228 732 1407 803 specie
1453 747 1559 788 non
1605 732 1849 803 privetur

271 823 473 895 Joseph
496 866 512 892 ,
562 824 655 880 sed
684 839 778 894 per
808 823 972 878 verba
1001 823 1201 892 quibus
1248 830 1478 876 matrem
1526 822 1846 892 alloquitur,

278 915 554 987 Virginem
586 916 654 971 ab
684 915 790 970 isto
826 916 1163 971 discernens.
1199 913 1343 967 illam
1379 922 1437 967 ut
1465 930 1591 969 vere
1620 923 1849 968 matrem

274 1009 590 1080 compellat,
619 1020 781 1079 quam
842 1006 1112 1061 henedicit
1152 1015 1211 1060 ut
1235 1005 1428 1060 divina»
1464 1005 1726 1060 voluntati
1757 1005 1851 1059 ob-

276 1109 618 1169 sequentem.
650 1098 813 1162 Tum,
840 1096 972 1151 dicit
1000 1096 1066 1150 ad
1107 1096 1255 1149 illam
1292 1112 1305 1149 :
1334 1093 1441 1148 Hic
1464 1097 1663 1163 positus
1686 1104 1762 1148 est
1796 1095 1852 1148 in

278 1193 494 1246 ruinam
524 1199 575 1245 et
596 1188 1037 1244 resurrectionem
1068 1186 1354 1240 multorum
1387 1187 1442 1239 in
1465 1184 1659 1240 Israel.
1688 1184 1854 1241 Vides

1947 459 2039 513 θεν
2064 454 2202 528 πρὸς
2234 456 2403 528 μόνην
2435 455 2535 529 τὴν
2585 456 2802 528 μητέρα
2830 456 3171 528 ἀποστρέφει
3201 457 3296 513 τὸν
3344 458 3527 527 λόγον.

1946 550 2059 621 Τῆς
2085 550 2186 621 μὲν
2230 547 2340 619 γὰρ
2397 546 2649 618 εὐλογίας
2707 548 2915 619 ἀμφοῖν
2958 547 3310 619 μεταδίδωσι,
3341 549 3532 621 τὴνᾶ

1945 644 2251 715 πρόρρησιν
2274 642 2385 697 τῶν
2420 640 2897 713 ἀπορρητοτέρων,
2927 642 2995 710 τῇ
3046 640 3216 712 μητρί
3263 641 3535 711 προσάγει

1952 732 2112 805 μόνῃ,
2149 733 2236 788 ἵνα
2264 732 2355 787 διὰ
2377 730 2474 802 μὲν
2494 733 2594 799 τῆς
2618 730 2805 799 κοινῆς
2835 728 3088 798 εὐλογίας
3126 728 3222 783 τοῦ
3252 730 3537 801 σχήματος

1947 823 2057 878 τῶν
2080 823 2441 895 γεννητόρων,
2466 820 2543 893 μὴ
2568 820 2947 892 ἀπογυμνώσῃ
2972 821 3064 875 τὸν
3095 820 3297 893 Ἰωσήφ
3320 839 3337 855 ο
3358 822 3450 877 διὰ
3475 823 3539 879 δὲ

1948 915 2058 969 τῶν
2085 916 2219 987 πρὸς
2240 914 2340 985 τὴν
2381 914 2593 984 μητέρα
2634 912 2829 981 λόγων,
2860 913 2961 984 τὴν
2995 912 3271 985 Παρθένον
3322 914 3539 969 ἐκείνω

1949 1006 2274 1071 διαστείλας,
2309 1008 2407 1077 τὴν
2434 1009 2511 1069 ὡς
2564 1004 2781 1076 άληθῶς
2818 1005 3144 1078 ἀνακηρύξῃ
3200 1006 3437 1080 μητέρα,
3464 1008 3543 1079 ἦν

1950 1101 2046 1155 καὶ
2071 1099 2284 1169 εὐλογεί
2305 1099 2381 1164 ὠς
2423 1098 2851 1170 ὐπηρετήσασαν
2882 1097 3004 1169 θείᾳ
3042 1098 3226 1170 βουλῇ.
3256 1099 3391 1153 Εἶτα
3441 1103 3543 1154 καὶ

1952 1190 2259 1260 διαλέγεται
2285 1190 2425 1261 πρὸς
2474 1188 2668 1259 αὐτὴν⁸
2703 1184 2896 1256 Οὗτος
2936 1188 3125 1244 κεῖται
3181 1192 3264 1256 εὶς
3304 1189 3544 1245 πτῶσιν

280 1279 560 1351 quomodo
591 1287 759 1335 totam
790 1278 1038 1349 mysterii
1071 1277 1439 1331 (economiam
1472 1275 1681 1347 Virgini
1722 1290 1855 1346 apes

1978 1280 2052 1333 ιαί
2069 1279 2412 1335 ἀνάστασιν
2429 1278 2677 1334 πολλῶν
2695 1278 2768 1333 ἐν
2788 1279 2868 1346 τῷ
2900 1276 3175 1349 Ἰσραήλ.
3201 1281 3367 1352 Ὁρᾷς
3387 1282 3541 1344 ὅπως

279 1373 371 1436 rit,
406 1380 461 1425 et
500 1370 579 1424 illi
619 1370 823 1440 praebet
852 1368 1017 1439 hujus
1048 1370 1442 1423 narrationem.
1487 1368 1719 1422 Ruinam
1769 1368 1856 1422 hic

1978 1370 2083 1441 ἱλην
2113 1368 2208 1422 τοῦ
2237 1369 2538 1440 μυστηρίου
2568 1368 2667 1440 τὴν
2704 1369 3016 1440 οἰκονομίαν
3054 1372 3192 1443 πρὸς
3240 1372 3341 1442 τὴν
3391 1372 3543 1443 Παρ-

280 1465 413 1518 dicit
443 1477 633 1518 eorum
662 1462 756 1532 qui
799 1476 830 1516 e
855 1460 964 1517 ﬁde
998 1461 1051 1515 in
1092 1458 1369 1514 Christum
1411 1468 1466 1515 et
1502 1459 1702 1529 pietate
1734 1471 1857 1513 cor-

1978 1460 2109 1514 lévov
2136 1461 2419 1531 ἀναφέρει,
2458 1460 2687 1532 κάκείνῃ
2708 1464 2943 1514 ποιεῖται
2987 1461 3088 1533 τὴν
3123 1460 3317 1515 τούτου
3346 1461 3543 1533 διήγη-

279 1563 467 1621 ruent;
512 1554 950 1609 resurrectionem
998 1562 1200 1618 autem,
1240 1559 1429 1607 eorum
1473 1552 1564 1621 qui
1605 1551 1756 1605 illum
1800 1559 1859 1604 ut

1978 1568 2077 1620 rw;
2108 1552 2202 1606 καὶ
2243 1550 2476 1605 πτῶσιν
2505 1552 2605 1622 μὲν
2629 1552 2780 1621 λέγει
2821 1552 3077 1616 ἐνταῦθα,
3108 1552 3217 1607 τῶν
3246 1555 3541 1607 ἐκπεπτω-

282 1643 619 1699 Salvatorem
649 1649 949 1713 agnoscent
975 1641 1110 1711 (18).

1978 1642 2135 1694 ιότων
2158 1643 2257 1713 τῆς
2284 1642 2363 1705 εἰς
2394 1641 2629 1713 Χριστὸν
2672 1640 2909 1705 πίστεως
2938 1643 3034 1695 καὶ
3061 1640 3365 1705 εὐσεϐείαςο
3392 1640 3541 1697 ard.

1888 1708 1935 1767 Β
1962 1746 2189 1787 στασιν
2210 1708 2289 1797 δὲ,
2323 1732 2433 1785 τῶν
2450 1708 2848 1801 ⁷ἐπεγνωκότων
2868 1733 2960 1786 τὸν
2984 1734 3236 1805 Σωτῆρα.

358 1824 553 1878 Photii.
616 1819 997 1877 Sanctissimae
1044 1826 1099 1872 et
1151 1830 1368 1886 semper
1408 1812 1636 1885 virginis
1679 1809 1861 1865 Mariae

2033 1821 2111 1894 [p.
2139 1822 2229 1879 40.
2250 1821 2330 1895 a.]
2356 1823 2605 1879 Φωτίου.
2637 1824 2751 1894 Τῆς
2781 1824 3055 1892 παναγίας
3104 1825 3201 1879 καὶ
3250 1825 3341 1879 ἀει
3397 1842 3545 1897 παρ·

283 1917 521 1972 animam
560 1914 774 1986 gladius
814 1912 1147 1983 pertransiit,
1191 1911 1262 1964 ob
1305 1908 1478 1977 ipsam
1524 1904 1861 1961 salutiferam

1978 1914 2116 1968 iévou
2146 1915 2365 1987 Μαρίας
2424 1916 2522 1988 τὴν
2549 1915 2727 1986 ψυχὴν
2759 1916 3004 1987 ῥομφαία
3046 1916 3252 1989 διῆλθε,
3286 1917 3409 1973 κατ’
3438 1918 3543 1970 αὐο

283 2007 491 2063 Christi
524 2006 863 2076 passionem,
897 2018 1009 2057 non
1042 2012 1102 2055 ut
1128 1999 1310 2054 dubiis
1340 1996 1629 2053 sententiis
1662 1995 1863 2064 agitata

1978 2006 2025 2059 ιδ
2054 2006 2116 2059 τὸ
2158 2008 2426 2078 σωτήριον
2472 2006 2567 2061 τοῦ
2607 2008 2849 2080 Χριστοῦ
2888 2009 3081 2074 πάθος,
3120 2010 3220 2063 οὐκ
3264 2009 3548 2065 ἐπιδιστά-

286 2101 378 2161 sit,
433 2111 537 2152 nec
578 2094 981 2151 incredulitatis
1023 2092 1222 2162 jaculis
1265 2090 1581 2154 vulnerata;
1627 2102 1730 2142 nec
1766 2100 1866 2156 pro

1978 2096 2119 2161 ’ζουσι
2166 2097 2445 2170 λογισμοῖς
2503 2097 2860 2169 βαλλομένης,
2904 2100 3008 2153 οὐκ
3055 2099 3316 2164 ἀπιστίας
3363 2100 3549 2171 βέλεσι

289 2189 377 2245 his
432 2188 637 2258 quibus
692 2187 985 2257 gaudebat,
1048 2185 1290 2238 dolorem
1349 2191 1714 2247 commutans,
1771 2182 1866 2235 sed

290 2292 539 2339 materna
586 2280 776 2335 sinens
823 2277 1031 2331 viscera
1104 2275 1320 2344 propria
1377 2274 1603 2335 sentire,
1650 2280 1870 2341 propter

292 2375 596 2429 naturalem
641 2369 1027 2443 sympathiam,
1078 2367 1217 2421 Filio
1262 2365 1548 2419 crueiﬁxo.
1579 2362 1870 2430 Quomodo

292 2468 439 2521 enim
466 2473 642 2520 mater
674 2478 780 2517 non
811 2470 1087 2533 pateretur
1120 2460 1307 2514 videns
1334 2458 1531 2522 ﬁlium,
1561 2464 1617 2511 et
1639 2469 1870 2527 praeser-

295 2558 390 2612 tim
449 2563 647 2609 natura
707 2554 948 2607 humana
1006 2552 1167 2621 longe
1226 2552 1533 2615 meliorem,
1578 2554 1924 2620 pravorum'L

295 2661 489 2717 poenas
520 2643 823 2700 ferentem?
855 2644 958 2697 hoc
989 2643 1187 2698 accidit
1238 2642 1512 2697 inviolata:
1539 2639 1702 2694 Verbi
1749 2653 1872 2693 ma-

297 2740 385 2800 tti.
438 2736 681 2793 amarior
733 2744 789 2790 et
846 2735 1093 2790 acerbior
1150 2735 1298 2790 omni
1350 2734 1530 2805 gladio
1581 2733 1757 2788 dolor.
1814 2730 1873 2786 Si

293 2832 441 2887 enim
504 2830 708 2886 multas
774 2827 967 2882 habuit
1033 2829 1309 2884 llrmitatis
1376 2842 1617 2893 causas,
1701 2824 1872 2880 Deum

299 2923 484 2978 sciens
535 2921 888 2976 incarnatum
942 2936 1105 2977 suum
1158 2918 1357 2974 Filium
1411 2932 1552 2984 esse,
1616 2917 1709 2973 sed
1763 2930 1875 2971 non

1965 2189 2412 2261 τιτρωσκομένης
2430 2206 2446 2222 ο
2477 2189 2577 2244 οὐκ
2593 2191 2680 2261 ἐφ’
2700 2188 2781 2255 οἷς
2802 2191 3121 2265 ἔχαιρε,τὴν
3142 2192 3323 2263 λύπην
3349 2192 3551 2247 ἀλλασ⁸

1970 2280 2224 2351 σομένης,
2279 2280 2416 2335 ἀλλὰ
2468 2282 2713 2352 μητρικά
2752 2283 3036 2356 σπλάγχνα
3093 2284 3368 2355 διδούσης,
3408 2284 3551 2356 πρὸς

1969 2372 2068 2441 τὴν
2122 2372 2363 2442 ἔμφυτον
2406 2375 2774 2445 συμπάθειαν,
2826 2376 3392 2447 ἀνασκολοπιζομένου
3449 2376 3549 2430 τοῦ

1971 2462 2124 2529 Υίοῦ,
2149 2463 2406 2534 πράττειν
2427 2464 2497 2518 τὰ
2521 2466 2714 2521 οίκεία.
2738 2467 2804 2520 Τί
2832 2466 2945 2536 γὰρ
2998 2468 3178 2540 μήτηρ
3204 2468 3307 2521 οὐκ
3335 2466 3402 2521 ἂν
3434 2468 3548 2522 πά-

1974 2551 2055 2606 θοι
2086 2551 2361 2622 βλέπουσα
2386 2553 2477 2607 τὸν
2509 2554 2638 2608 Υίὸν
2659 2557 2753 2610 καὶ
2790 2558 3027 2627 μάλιστα
3071 2559 3171 2630 τῆς
3200 2558 3555 2631 ἀνθρωπίνης

1975 2643 2191 2712 φύσεως
2210 2645 2627 2717 πολιτευόμενον
2650 2650 2918 2718 κρεῖττον,
2941 2650 3040 2714 τὰς
3071 2650 3181 2705 τῶν
3219 2650 3554 2724 κακούργων

1977 2735 2246 2807 ὑπέχοντα
2276 2736 2461 2803 δίκας;
2484 2739 2655 2793 Τοῦτο
2680 2739 2871 2809 γέγονε
2897 2744 2964 2812 τῇ
2987 2742 3346 2815 παναχράντῳ
3370 2744 3559 2815 Μητρὶ

1974 2826 2071 2880 τοῦ
2133 2828 2329 2897 Λόγου,
2370 2830 2696 2902 πικρότερον
2748 2831 2848 2885 καὶ
2900 2833 3228 2906 δριμύτερον
3280 2834 3561 2905 ῥομφαίας

1980 2915 2198 2986 ἁπάσης
2227 2917 2289 2970 τὸ
2316 2917 2510 2982 πάθος.
2541 2919 2602 2972 Εἰ
2629 2919 2739 2992 γὰρ
2759 2921 2853 2975 καὶ
2884 2924 3088 2987 πολλάς
3123 2923 3410 2990 ὑποθέσεις
3439 2921 3559 2997 εἶχε

299 3014 525 3069 omnino
559 3012 712 3083 leges
757 3020 965 3068 natura:
1004 3010 1191 3077 solvit,
1236 3009 1515 3065 concessit
1542 3018 1725 3064 autem
1772 3022 1875 3063 na-

1981 3008 2115 3062 Θεὸν
2138 3008 2336 3064 εἰδέναι
2359 3009 2450 3063 τὸν
2482 3010 2612 3063 Υίδν
2666 3015 3111 3083 σεσαρκωμένον,
3145 3014 3261 3070 ἀλλ’
3313 3010 3409 3069 οὖν
3456 3017 3563 3069 οὐκ

297 3114 437 3159 turae
458 3111 518 3159 ut
540 3103 683 3159 intra
704 3106 957 3175 proprios
985 3103 1223 3158 emineat
1245 3102 1402 3158 ﬁnes.
1422 3101 1546 3156 Ideo
1573 3110 1629 3155 et
1649 3100 1878 3155 horren-

297 3197 425 3251 dam
460 3196 768 3265 passionem
803 3194 1061 3262 videntis,
1090 3192 1353 3249 maternis
1383 3192 1560 3247 oculis
1594 3191 1877 3260 subjectus

299 3295 576 3356 aspectus,
627 3301 725 3340 ceu
768 3286 931 3356 gladii
965 3286 1210 3351 vulnere,
1255 3283 1496 3339 animam
1542 3281 1663 3354 ejus
1689 3281 1880 3337 vulne-

300 3377 443 3433 ravit
467 3386 523 3435 et
546 3378 752 3435 divisit.

381 3549 540 3606 CAP.
579 3549 668 3606 Ill.
707 3550 877 3608 Vens.
927 3552 982 3606 5.
1026 3550 1227 3608 Pharii.
1286 3551 1437 3607 Licet
1484 3549 1690 3621 pariter
1729 3551 1883 3619 cogi-

304 3652 420 3698 tare
447 3654 501 3698 et
534 3643 736 3708 dicere,
775 3644 1097 3713 praestitisse
1124 3652 1468 3714 peccatorum
1501 3641 1881 3697 remissionem

302 3735 673 3792 Praecursoris
695 3750 918 3807 quoque
944 3736 1238 3805 baptisma,
1262 3749 1370 3788 non
1394 3744 1577 3789 autem
1599 3733 1880 3797 omnium;

304 3829 448 3884 sicut
479 3843 580 3884 nec
601 3828 804 3898 legales
835 3827 1181 3884 caeremoniae
1215 3836 1270 3882 et
1311 3827 1737 3882 immolationes.
1764 3824 1884 3879 Non

305 3921 452 3974 enim
495 3919 864 3975 admissarum
928 3935 1056 3976 cum
1099 3918 1564 3989 praemeditatione
1615 3916 1883 3978 caedium,

307 4026 485 4082 neque
537 4012 585 4067 si
639 4012 764 4082 quis
818 4011 1048 4067 aliorum
1100 4009 1515 4079 conjunetiones
1575 4006 1886 4061 transfode-

306 4106 399 4171 rit,
456 4119 633 4174 neque
692 4105 937 4171 illorum,
994 4111 1220 4173 pr0pter
1267 4116 1389 4171 quae
1438 4099 1741 4155 horrendus
1784 4097 1889 4155 iste

196 4205 200 4211 '
307 4207 363 4252 et
403 4196 643 4253 caelestis
688 4196 827 4267 ignis
878 4197 935 4251 in
977 4203 1241 4251 nocentes
1274 4192 1477 4248 invidia
1532 4191 1737 4245 missus
1780 4198 1886 4256 est,

308 4301 489 4357 neque
538 4286 839 4343 multorum
873 4284 1318 4341 facinorosorum
1363 4293 1417 4339 et
1464 4281 1728 4339 similium
1766 4294 1890 4349 ope-

1980 3100 2073 3154 ἐπί
2100 3101 2316 3155 πάντων
2346 3100 2467 3154 έλυε
2498 3105 2627 3167 τοὺς
2662 3107 2764 3173 τῆς
2814 3103 3029 3173 φύσεως
3070 3106 3291 3176 νόμους,
3319 3106 3555 3160 ἐνεδίδου

1978 3190 2035 3244 δὲ
2066 3191 2164 3244 καὶ
2211 3194 2278 3262 τῇ
2328 3191 2511 3261 φύσει,
2532 3196 2645 3257 τοῖς
2686 3194 2907 3259 οἰκείοις
2961 3195 3343 3266 ἐνδιαπρέπειν
3392 3197 3563 3266 ὅροις.

1979 3284 2069 3336 Διὸ
2098 3283 2196 3336 καὶ
2230 3284 2401 3346 πάθος
2433 3286 2660 3353 φρικτὸν
2688 3286 2875 3355 δρῶσα
2902 3290 3193 3358 μητρικοῖς
3234 3286 3562 3357 ὀφθαλμοῖς,

1982 3372 2346 3443 προκείμενον
2412 3372 2616 3443 θέαμα,
2657 3376 2801 3430 κατά
2847 3376 3066 3447 πληγὴν
3118 3376 3418 3449 ῥομφαίας,
3463 3377 3567 3448 τὴν

1981 3459 2155 3530 ψυχὴν
2182 3461 2439 3533 ὲτέμνετό
2465 3480 2526 3516 τε
2557 3465 2650 3518 καί
2680 3466 3092 3537 κατεμερίζετο.

2060 3552 2137 3623 Ιρ.
2158 3554 2227 3608 49
2258 3552 2339 3624 a.]
2366 3556 2594 3611 Φωτιου
2624 3558 2723 3611 καί
2753 3559 3058 3626 Κυρίλλου
3107 3557 3564 3629 Ἰεροσολύμων.

1988 3643 2206 3707 Ἔξεστι
2247 3645 2305 3698 δὲ
2362 3644 2493 3711 ίσως
2528 3650 2747 3720 φρονεῖν
2768 3666 2828 3702 τε
2875 3650 2966 3703 καὶ
2991 3649 3192 3719 λέγειν,
3218 3651 3295 3713 ὡς
3335 3651 3568 3720 παρεῖχε

1988 3736 2090 3807 μὲν
2149 3738 2565 3809 ἁμαρτημάτων
2621 3739 2818 3810 ἄφεσιν
2847 3742 2944 3795 καὶ
2996 3742 3058 3795 τὸ
3101 3742 3195 3795 τοῦ
3246 3742 3566 3815 Προδρόμου

1987 3825 2271 3897 βάπτισμα
2304 3844 2317 3859 ⁸
2341 3829 2401 3882 οὐ
2428 3828 2648 3883 πάντων
2686 3830 2744 3884 δέ
2772 3846 2788 3861 ’
2825 3831 3015 3904 ὥσπερ
3066 3830 3173 3885 οὐδ’
3226 3832 3285 3884 αἱ
3343 3834 3569 3902 νομικαὶ

1984 3918 2198 3972 τελεταὶ
2219 3920 2313 3974 καί
2338 3920 2549 3977 θυσίαι.
2570 3922 2706 3975 υύδὲ
2735 3922 2845 3995 γὰρ
2862 3922 2973 3977 τῶν
2998 3925 3062 3977 ἐκ
3083 3923 3339 3993 προνοίας
3364 3925 3565 3993 φόνων,

1986 4010 2095 4064 οὐδ’
2121 4009 2175 4062 εἴ
2199 4027 2285 4074 τις
2316 4010 2628 4082 άᾺοτρίους
2663 4014 2877 4085 γάμους
2906 4014 3188 4085 διώρυξεν,
3217 4014 3329 4067 οὐδ’
3354 4015 3455 4067 ὅσα
3506 4015 3569 4067 16

1987 4098 2215 4170 φρικτὸν
2241 4101 2417 4154 ἐκεῖνο
2439 4103 2532 4155 καὶ
2552 4103 2803 4174 οὐράνιον
2832 4104 2943 4174 πῦρ
2976 4105 3089 4166 τοῖς
3123 4102 3331 4174 ἐνόχοις
3362 4101 3569 4173 ζημίας

1988 4190 2304 4256 ἐπέϐαλλον,
2336 4192 2445 4244 οὐδ’
2476 4192 2651 4247 ἄλλων
2680 4194 2891 4246 πολλῶν
2921 4194 3225 4262 ἐξαγίστων
3254 4195 3350 4248 καὶ
3387 4211 3570 4265 παρα-

1990 4282 2235 4353 πλησίων
2260 4281 2437 4353 έργων
2463 4284 2563 4355 τὴν
2590 4284 2880 4355 κάθαρσιν,
2912 4284 3035 4338 οὐτε
3068 4288 3097 4339 6
3124 4286 3288 4355 νόμος
3318 4283 3443 4338 οὔτε
3505 4286 3569 4338 16

310 4392 433 4431 rum
486 4376 939 4444 mundationem,
1006 4390 1184 4446 neque
1234 4375 1357 4441 lex,
1414 4387 1595 4443 neque
1655 4369 1876 4426 Joannis

2000 4372 2244 4427 Ἰωάννου
2269 4373 2622 4446 διεπράττετο
2673 4376 2957 4447 βάπτισμα
2974 4393 2990 4408 ο
3015 4376 3153 4431 ἀλλὰ
3166 4376 3370 4431 τούτων
3396 4376 3571 4431 ἀπάν·

312 4470 578 4539 haptisma
608 4470 921 4541 prmstabat.
960 4467 1068 4524 Sed
1110 4468 1177 4523 de
1202 4468 1287 4522 his
1328 4465 1605 4530 omnibus,
1649 4478 1772 4533 quae
1797 4462 1882 4517 lex

314 4575 423 4615 non
452 4569 806 4631 prmcaverat,
848 4569 903 4616 et
930 4560 1142 4630 primus
1190 4555 1471 4627 legislator
1498 4553 1885 4618 damnaverat,

313 4669 505 4724 pmnas
546 4653 760 4724 gladius
788 4652 1042 4724 sumpsit.
1079 4648 1309 4705 Joannis
1359 4656 1543 4702 autem
1590 4644 1887 4716 baptisma,

314 4746 570 4801 omnibus
612 4745 672 4800 in
717 4745 988 4809 salutem,
1041 4750 1229 4812 utpote
1271 4730 1445 4793 multo
1491 4736 1672 4808 majus
1723 4736 1893 4791 fuerit

315 4838 477 4893 solita
509 4838 733 4905 virtute,
765 4837 1005 4908 patebat.
1038 4834 1340 4891 Praestahat
1367 4833 1533 4905 igitur
1560 4840 1615 4888 et
1645 4831 1893 4888 Przecur-

315 4930 456 4984 seris
492 4928 783 4998 baptisma,
808 4937 868 4982 ut
911 4927 1118 4983 dictum
1157 4935 1265 4990 est,
1294 4933 1646 4996 peccatorum
1697 4926 1895 4979 remis-

317 5020 553 5085 sionem,
600 5035 712 5074 non
760 5028 947 5074 autem
979 5018 1262 5085 omnium;
1298 5017 1400 5072 hoc
1445 5018 1591 5073 enim
1627 5015 1894 5070 Dominici

316 5112 660 5182 baptismatis
683 5111 963 5181 proprium
990 5119 1094 5166 est.
1122 5108 1227 5164 Sed
1254 5110 1570 5180 praestabat,
1599 5106 1896 5179 perfectio-

317 5221 440 5260 nem
470 5203 739 5258 Salvatori
775 5218 1090 5274 praeparans
1113 5221 1128 5271 ;
1155 5202 1440 5257 inundatio
1487 5210 1625 5267 erat,
1658 5200 1893 5256 munda-

318 5297 526 5348 tionem
557 5293 904 5365 praecedens;
955 5302 1011 5348 et
1052 5293 1306 5349 remissio
1347 5308 1442 5363 per
1485 5298 1717 5363 partem,
1754 5290 1894 5345 inte-

318 5401 470 5456 gram
502 5386 878 5443 remissionem
906 5386 1188 5453 anteieus;
1217 5384 1533 5457 imperfecta
1558 5382 1892 5456 purilicatio,

1987 4481 2095 4518 των
2127 4466 2156 4519 6
2182 4464 2280 4536 μὲν
2309 4465 2471 4536 νόμος
2502 4468 2605 4521 ὅσα
2644 4466 2724 4539 μὴ
2757 4466 3046 4539 προλαϐὼν
3068 4469 3096 4521 6
3146 4468 3364 4539 πρῶτος
3411 4483 3573 4537 νομο-

1989 4556 2152 4627 θέτης
2192 4558 2579 4628 εἰσεπράττετο
2638 4558 2896 4631 δικαστὴν
2925 4559 2988 4613 16
3040 4557 3194 4628 ξίφος
3226 4557 3471 4622 ἐκάθιζε.
3496 4558 3573 4611 T6

1988 4646 2046 4701 δὲ
2100 4647 2345 4702 Ἰωάννου
2395 4648 2676 4720 βάπτισμα
2712 4652 2791 4713 είς
2832 4652 2895 4703 16
2942 4651 3122 4704 κοινὸν
3162 4651 3256 4703 καί
3281 4650 3570 4721 σωτήριον,

1988 4738 2065 4802 ὡς
2096 4739 2273 4809 πολλῷ
2305 4742 2489 4810 μεῖξον
2538 4742 2783 4812 ὑπάρχον
2809 4742 2911 4811 τῆς
2967 4742 3102 4805 ίδίας
3165 4740 3368 4811 ίσχύος,
3431 4756 3575 4812 παρ-

1997 4830 2237 4900 έπεμπε.
2271 4832 2503 4903 Παρεῖχε
2552 4834 2651 4903 μὲν
2675 4832 2766 4886 οὖν
2796 4834 2890 4887 καί
2919 4832 2980 4886 16
3008 4832 3101 4886 τοῦ
3132 4832 3445 4904 Προδρόμου
3479 4832 3577 4902 βάς

1997 4940 2228 4993 πτισμα,
2248 4923 2436 4995 ὥσπερ
2454 4924 2687 4996 εἴρηται,
2703 4924 2813 4979 τῶν
2844 4924 3255 4995 ἁμαρτημάτων
3269 4924 3462 4994 ἄφεσιν
3478 4941 3491 4953 ·
3512 4923 3574 4976 οὐ

2000 5016 2219 5069 πάντων
2245 5015 2301 5069 δέ
2344 5034 2359 5049 ο
2395 5018 2554 5071 τοῦτο
2605 5017 2714 5089 γὰρ
2748 5018 2841 5072 τοῦ
2870 5015 3202 5071 Δεσποτικοῦ
3250 5016 3311 5071 τὸ
3362 5014 3578 5085 ἐξαίρε-

1995 5123 2086 5159 τον
2121 5122 2135 5136 ·
2186 5108 2419 5177 παρεῖχε
2453 5107 2532 5173 δὲ,
2565 5106 2995 5179 προευτρεπίζον
3048 5106 3123 5176 τῷ
3181 5104 3434 5175 σωτηρίῳ
3475 5105 3579 5173 τὴν

1992 5197 2333 5270 τελειότητα·
2363 5199 2455 5252 καὶ
2484 5199 2707 5271 λουτρὸν
2736 5195 2804 5271 ἦν
2832 5199 2938 5270 πρὸ
2966 5196 3195 5268 λουτροῦ
3221 5215 3237 5230 ο
3263 5198 3358 5250 καὶ
3384 5195 3580 5263 ἄφεσις

1996 5290 2061 5343 ὲκ
2087 5289 2307 5361 μέρους,
2336 5290 2442 5362 πρὸ
2472 5292 2572 5362 τῆς
2601 5289 2905 5353 παντελοῦς
2933 5288 3202 5360 ἀφέσεως
3237 5288 3333 5341 καὶ
3380 5283 3580 5354 ἀτελὴς

1997 5382 2263 5456 κάθαρσις
2288 5384 2754 5458 προοιμιαζομένη
2781 5384 2880 5457 τὴν
2921 5381 3253 5438 τελειοποιόν
3286 5396 3302 5414 ο
3347 5380 3441 5434 καὶ
3484 5395 3589 5451 καέ

1825 5521 2056 5579 NOTAE.

393 5660 503 5731 (l8)
542 5660 627 5717 Cf.
657 5676 712 5733 q.
748 5659 927 5717 CLVII
982 5659 1263 5715 CLXXVI.
