3930 6218
366 286 501 352 1225

1554 296 2016 360 FRAGMENTA
2049 298 2134 360 IN
2156 287 2435 361 LUCAM.

3488 266 3640 366 μεθ’

362 403 553 475 θαίρον
587 401 690 474 μὶν
718 404 786 459 τὰ
839 404 1124 476 φθάσαντα
1158 406 1269 461 τῶν
1320 406 1541 481 ἀμαρτη
1551 411 1756 481 μάτων,
1791 410 1944 466 οὐδὲν

2065 409 2301 467 ierfectae
2328 410 2474 464 viam
2508 407 2808 483 disponens
2828 380 2855 475 ;V
2880 410 3153 467 mundans
3174 406 3391 482 quidem
3424 429 3456 470 a
3489 429 3617 485 pec-

361 495 408 549 δ⁹
429 495 672 565 ἀσφαλὲς
719 496 830 551 οὐδ’
856 496 1120 569 ἐχέγγυον
1147 500 1277 571 περ)⁸
1304 499 1414 555 τῶν
1448 501 1755 571 μελλόντων
1782 516 1943 574 χαρι-

364 584 611 655 ζόμενον.
648 585 723 639 Τὸ
776 587 1108 642 Δεσποτικὺν
1155 587 1212 642 δὲ
1256 588 1353 643 καὶ
1413 590 1683 662 σωτήριον
1728 591 1946 647 πάντων

368 676 468 747 μὲν
496 675 604 730 τῶν
635 677 1016 749 προλαϐόντων
1070 677 1278 751 ῥύσιον,
1313 679 1507 752 ῥώμης
1533 680 1590 735 δὲ
1611 683 1947 755 παρεκτικδν

364 766 463 819 καὶ
491 765 694 836 ἰσχύος,
722 767 799 840 μὴ
818 768 959 822 κατά
988 771 1089 833 τάς
1117 771 1343 842 πρώτας
1363 772 1669 844 ὀλισθήσεις
1698 774 1781 829 ἔτι
1806 775 1948 847 πρὸς

364 858 436 913 τά
459 856 608 927 πάθη
648 858 1048 931 κατασύρεσθαι
1079 875 1096 891 ·
1142 861 1240 916 καὶ
1292 862 1353 916 τὸ
1408 864 1527 935 μὲν,
1565 866 1646 930 είς
1696 865 1797 940 τήν
1836 867 1949 923 τῶν

365 949 613 1023 οὐρανῶν
633 953 894 1024 ἀναφέρει
923 953 1223 1025 βασιλείαν,
1255 953 1437 1010 καὶτὸ
1468 957 1654 1028 μεῖζον
1704 958 1944 1027 πάντων,

367 1038 640 1096 υἱοθεσίαν
660 1041 945 1114 χαρίζεται
978 1062 995 1079 θ
1022 1045 1085 1099 τὸ
1118 1046 1175 1100 δὲ
1206 1045 1371 1101 τινῶν
1413 1049 1515 1117 μὲν
1560 1048 1757 1119 ἄφεσιν
1805 1069 1949 1122 παρ-

369 1126 504 1198 έχει,
556 1126 682 1182 οὐτε
710 1130 768 1184 δὲ
817 1132 1149 1205 κληρουχίαν
1195 1135 1441 1207 οὐρανῶν
1490 1136 1791 1207 βασιλείας,
1825 1141 1948 1195 οὐδὲ

368 1217 552 1289 ⁴πολλῷ
588 1220 787 1290 μᾶλλον
816 1223 954 1294 πρὸς
991 1224 1265 1292 υἱοθεσίας
1313 1227 1634 1295 ἀναϐιϐάζει
1681 1229 1899 1302 ἀξίωμα
1930 1248 1945 1263 ο

368 1307 746 1381 ἑντελέστερον
765 1310 824 1365 δὲ
852 1313 983 1385 περὶ
1009 1312 1214 1369 τούτων
1242 1316 1300 1370 ὲν
1347 1318 1426 1388 τῷ
1475 1316 1700 1392 ’Ῑωάννῃ
1751 1322 1847 1375 καὶ
1871 1320 1950 1393 τῷ

349 1398 639 1469 ’Ματθαίῳ
663 1401 901 1472 εἴρηται.
939 1405 1150 1459 Ἐκεῖσε
1175 1406 1269 1461 οὖν
1284 1409 1410 1472 τοὺς
1430 1409 1746 1481 φιλολόγους
1772 1426 1951 1486 παρα-

370 1489 713 1561 πέμψαντες,
743 1494 905 1564 ήμεῖς
932 1494 1027 1549 ἐπὶ
1056 1495 1124 1551 τά
1150 1498 1387 1568 ἐχόμενα
1412 1500 1607 1570 ῐωμεν.

444 1581 694 1638 Φωτίου.
736 1583 851 1637 Οὐκ
878 1581 986 1638 οἶδε
1018 1586 1238 1641 σύνοδον
1267 1588 1513 1661 ἀλλήλων
1543 1590 1828 1657 πλεονεξία
1857 1594 1951 1647 καὶ

373 1673 755 1746 φιλανθρωπία
776 1692 793 1707 ’
819 1677 1039 1749 μακρὰν
1061 1679 1259 1751 ἀπέχει
1286 1681 1426 1755 ἀνὴρ
1441 1683 1692 1756 ἐλεήμων
1714 1686 1815 1755 τῆς
1839 1685 1951 1740 τῶν

372 1765 747 1821 πλουτούντων
799 1770 1175 1841 μισαδελφίας.
1237 1774 1336 1827 Διά
1397 1774 1558 1829 τοῦτο
1586 1816 1602 1841 ,
1647 1779 1744 1831 καὶ
1797 1779 1956 1851 μέγα

374 1854 580 1927 χάσμα
607 1857 926 1931 ἐστήρικται
955 1864 1160 1931 μεταξὺ
1185 1865 1408 1938 γεέννης
1432 1866 1527 1921 καὶ
1556 1868 1854 1939 βασιλείας.

408 2042 414 2049 ’
447 2034 525 2109 [Ρο
566 2037 696 2094 9-23.
726 2038 809 2113 b.]
838 2042 1087 2100 Φωτίου.
1117 2037 1404 2113 Ἦλοιτὰς
1451 2051 1791 2120 Δεσποτικάς
1840 2057 1957 2113 δια-

377 2129 650 2201 περονῶσι
676 2130 959 2204 παλάμας,
989 2137 1084 2189 καὶ
1110 2139 1239 2201 τοὺς
1270 2141 1372 2210 τῆς
1401 2143 1604 2208 κακίας
1652 2148 1685 2215 ή
1695 2146 1811 2218 μῶν
1842 2153 1957 2217 τοῖς

379 2219 567 2289 μέλεσι
594 2223 991 2294 παρεμφύντας
1016 2226 1196 2296 ὄζους,
1227 2231 1323 2301 ὐφ’
1363 2225 1442 2287 ὧν
1492 2234 1828 2309 ὲξερημοῦτο
1859 2244 1957 2297 καὶ

376 2312 677 2369 ὲκακύνετο
714 2315 776 2369 τὸ
801 2316 1167 2389 ἀνθρώπινον,
1198 2323 1390 2388 αὐταῖς
1415 2326 1705 2383 άνασπῶσι
1756 2330 1952 2403 ῥίζαις.

375 2400 646 2473 Στέφανος
675 2405 735 2470 ἐξ
753 2407 1006 2462 ἀκανθῶν
1032 2413 1099 2481 τῇ
1131 2412 1339 2485 κεφαλῇ
1389 2400 1837 2487 περισφίγγεται,
1864 2425 1958 2478 καὶ

373 2495 404 2548 δ
449 2493 788 2561 πολυὼδυνος
832 2499 935 2569 τῆς
989 2501 1229 2567 παλαιᾶς
1253 2506 1502 2578 κατάρας
1543 2511 1727 2576 κλοιὸς
1772 2515 1953 2570 ἀπαυ-

374 2585 646 2681 χενίζεται
673 2603 691 2620 ο
732 2588 899 2662 λόγχῃ
946 2592 1160 2665 πλευρὰ
1215 2593 1585 2669 διορύσσεται,
1635 2604 1731 2660 καὶ
1776 2607 1810 2677 ή
1858 2609 1959 2681 τῆς

375 2679 651 2751 σωτηρίας
676 2682 836 2753 ήμῶν
860 2686 1263 2757 ἀναστομοῦται
1290 2693 1467 2764 πηγή.

446 2766 524 2842 [ρ.
541 2768 667 2826 506.
689 2770 769 2844 1).]
800 2775 1048 2831 Φωτιου.
1072 2778 1288 2835 Μᾶλλον
1304 2781 1361 2836 δὲ
1383 2783 1677 2853 ῥήγνυται
1698 2795 1955 2850 καταπέ-

372 2875 574 2953 τασμα
588 2862 695 2953 τοῦ
709 2866 884 2931 ναοῦ,
902 2866 1045 2941 ξύλῳ
1065 2869 1159 2925 τοῦ
1184 2874 1454 2930 Δεσπότου
1478 2882 1850 2953 κρεμαμένου,
1868 2887 1956 2943 διὰ

372 2951 907 3052 πολλὰςφίμαιηάς
924 2960 1123 3026 αίτίας.
1155 2963 1228 3018 Τὸ
1258 2964 1360 3035 μὲν
1389 2967 1497 3039 γὰρ
1527 2970 1625 3043 τὴν
1645 2951 1750 3045 γῆν
1782 2977 1957 3052 κλόνῳ

2047 501 2187 558 catis
2237 500 2553 572 praeteritis,
2592 501 2686 557 sed
2719 500 2855 555 nihil
2889 506 3197 568 tutamenti,
3246 498 3380 560 nihil
3410 507 3624 563 roboris

2046 598 2320 655 adfutura
2344 597 2604 667 largiens.
2632 596 2847 650 Domini
2875 605 3056 652 autem
3101 608 3155 653 et
3185 597 3484 656 Salvatoris
3519 602 3625 657 ba-

2046 692 2267 762 ptisma,
2298 690 2481 745 omnia
2513 686 2787 759 praeterita
2816 686 3029 752 lavaris,
3058 688 3318 749 virtutem
3359 699 3415 746 et
3446 692 3621 747 robur

2046 788 2291 854 praestat,
2341 795 2409 836 ne
2463 780 2519 834 in
2566 778 2776 848 priores
2825 776 3014 846 lapsus
3056 777 3170 848 jam
3221 781 3287 833 ad
3336 782 3625 850 passiones

2047 872 2417 943 abripiamur;
2471 870 2582 925 imo
2612 869 2669 924 in
2718 868 2985 925 ctelorum
3030 885 3257 941 regnum
3301 872 3622 938 introducit,

2046 972 2103 1021 et
2139 963 2283 1035 quod
2321 962 2579 1019 omnibus
2607 961 2789 1034 majus
2838 972 2943 1027 est,
2989 962 3223 1018 ﬁliorum
3275 964 3626 1034 adoptionem

2047 1056 2297 1127 largitur.
2328 1053 2558 1110 Joannis
2589 1063 2774 1111 autem
2816 1054 3086 1125 baptisma
3120 1064 3470 1126 peccatorum
3504 1056 3627 1125 qui-

2049 1150 2175 1206 dem
2208 1130 2587 1204 remissionem
2632 1146 2861 1218 prtebet,
2903 1147 2998 1203 sed
3044 1162 3153 1200 non
3202 1147 3442 1203 caelestis
3474 1148 3627 1217 regni

2050 1239 2445 1305 haereditatem,
2495 1253 2673 1309 neque
2734 1238 2912 1297 multo
2966 1237 3140 1305 magis
3196 1238 3261 1292 ad
3316 1237 3629 1309 adoptionis

2049 1330 2367 1401 dignitatem
2414 1305 2633 1385 attollit.
2681 1326 2936 1398 Apertius
2976 1326 3042 1380 de
3086 1326 3173 1382 bis
3215 1328 3269 1381 in
3321 1305 3531 1382 Joanne
3568 1305 3634 1383 ξι

2050 1419 2305 1476 Matthaao
2356 1420 2576 1489 legitur,
2626 1418 2693 1473 ad
2732 1432 2873 1486 quos
2918 1416 3225 1487 philologus
3267 1418 3628 1482 remittentes,

2051 1527 2154 1570 nos
2182 1513 2248 1567 ad
2285 1509 2624 1581 propositum
2656 1509 2964 1564 volvamus.

2120 1601 2274 1656 CAP.
2305 1598 2445 1654 XVI.
2482 1598 2644 1655 Vsus.
2681 1598 2771 1654 5|.
2807 1597 3011 1652 Photii.
3052 1596 3172 1652 Non
3214 1596 3447 1654 invicem
3497 1613 3632 1655 con-

2053 1694 2282 1750 veniunt
2311 1692 2540 1748 avaritia
2591 1699 2648 1746 et
2696 1690 3033 1755 liberalitas;
3086 1689 3319 1744 multum
3363 1690 3517 1745 abest
3551 1690 3634 1744 vir

2057 1785 2373 1840 misericors
2403 1784 2472 1836 ab
2504 1781 2627 1837 odio
2649 1781 2878 1835 divitum
2910 1780 2965 1835 in
2989 1779 3219 1849 fratres;
3239 1792 3546 1851 propterea,
3577 1790 3633 1836 et

2058 1891 2306 1946 magnum
2334 1875 2607 1945 ﬁrmatum
2652 1882 2736 1928 est
2774 1871 3124 1928 intervallum
3165 1872 3468 1944 gehennam
3494 1872 3635 1928 inter

2054 1976 2111 2023 et
2147 1983 2397 2038 regnum.

2126 2058 2281 2114 CAP.
2310 2057 2475 2114 XVII.
2504 2056 2673 2115 Vens.
2700 2059 2791 2114 '53.
2820 2055 3023 2114 Photii.
3051 2056 3203 2114 Clavi
3253 2057 3472 2117 Domini
3514 2059 3635 2129 pal-

2057 2163 2175 2203 mas
2209 2148 2556 2218 transligunt,
2589 2155 2643 2202 et
2674 2146 2900 2201 malitiae
2942 2154 3145 2202 nostrae
3170 2146 3434 2202 membris
3462 2145 3635 2200 inhaa-

2056 2248 2239 2295 rentes
2277 2240 2453 2295 nodos
2479 2282 2496 2309 ,
2533 2254 2629 2310 per
2658 2254 2800 2310 quos
2823 2248 3099 2294 vastatum
3136 2245 3190 2293 et
3213 2245 3526 2307 corruptum
3549 2248 3638 2303 est

2058 2332 2355 2387 humanum
2392 2345 2584 2404 genus,
2634 2330 2769 2400 ipsis
2814 2329 3055 2385 evellunt
3082 2328 3382 2385 radicibus.
3412 2326 3637 2384 Corona

2056 2438 2086 2478 e
2120 2423 2294 2493 spinis
2334 2424 2497 2492 capiti
2529 2422 2999 2487 circumducitur,
3034 2430 3090 2477 et
3114 2436 3460 2479 aerumnosus
3490 2423 3636 2478 anti-

2056 2531 2184 2585 quae
2212 2514 2614 2571 maledictionis
2645 2522 2869 2584 torques
2904 2513 3217 2584 rumpitur;
3254 2513 3447 2571 lancea
3483 2514 3632 2570 latus

2056 2608 2343 2673 dividitur,
2383 2614 2440 2663 et
2464 2605 2625 2663 nobis
2650 2604 2841 2663 salutis
2866 2604 2992 2661 fons
3020 2605 3286 2677 aperitur.

2126 2791 2280 2849 CAP.
2313 2787 2505 2847 XXIII.
2535 2786 2702 2844 Vsus.
2736 2788 2830 2844 45.
2865 2786 3066 2843 Photii.
3093 2784 3283 2842 Potius
3332 2797 3466 2839 vero
3504 2783 3638 2839 scis-

2054 2899 2171 2938 sum
2191 2892 2269 2938 est
2296 2881 2466 2937 uelum
2496 2880 2694 2952 templi,
2719 2880 2867 2952 ligno
2898 2895 3024 2936 cum
3048 2877 3317 2934 Dominus
3352 2875 3638 2946 penderet,

2054 2976 2126 3031 ob
2160 2974 2447 3045 plurimas,
2485 2983 2639 3044 puto,
2678 2987 2894 3029 causas.
2927 2971 3084 3038 Quod
3118 2970 3263 3025 enim
3296 2976 3437 3025 terra
3485 2979 3643 3023 motu

375 3045 587 3141 μικροῦι
598 3046 707 3141 δεῖν
736 3053 1248 3126 πγκατενεχθῆναι,
1271 3057 1493 3116 δυνατόν
1520 3062 1636 3117 ἔστι
1656 3067 1766 3131 τοῖς
1786 3045 1955 3141 ἀγνω-

2065 3083 2258 3138 parum
2276 3066 2517 3138 oportuit
2538 3066 2756 3137 agitari,
2782 3064 3049 3137 possibile
3074 3072 3160 3120 est
3185 3060 3482 3118 incredulis
3507 3060 3644 3116 illud

376 3135 597 3233 μονοῦσι
608 3139 713 3233 ’καὶ
739 3142 819 3206 είς
846 3144 915 3198 τὰ
938 3143 1077 3199 κατὰ
1101 3146 1261 3217 φύσιν
1284 3149 1508 3219 ἀνάγειν
1538 3155 1649 3209 τῶν
1683 3135 1962 3233 στοιχείων

373 3228 543 3323 πάθη.
558 3229 633 3323 fre
647 3231 702 3285 δὲ
721 3234 956 3304 ῥαγῆναι
973 3238 1033 3289 τὸ
1046 3240 1468 3314 καταπέτασμα,
1486 3250 1714 3318 μηδενὸς
1727 3228 1963 3323 μάλιστα

374 3320 731 3412 διασπῶντος,
764 3325 873 3412 ἀπθ
898 3326 1106 3383 ἄνωθεν
1133 3330 1239 3396 ἕως
1270 3334 1442 3400 κάτω,
1467 3320 1762 3412 θεομηνίαν
1788 3347 1852 3400 τδ
1876 3349 1965 3403 τέο

377 3426 476 3510 ρας
510 3410 803 3510 δείκνυσιν.
839 3410 1026 3510 Ἦνδὲ
1063 3421 1156 3483 καὶ
1188 3422 1473 3493 σύμϐολον]
1494 3410 1592 3483 καί
1623 3410 1963 3510 προμήνυμα

373 3501 475 3570 τῆς
503 3502 592 3556 ἀεὶ
622 3508 1010 3580 καταστροφῆς
1060 3528 1121 3564 τε
1179 3516 1274 3569 καὶ
1326 3501 1861 3591 ὲξερημώσεωςντοῦ
1885 3501 1966 3584 ’τε

373 3594 727 3667 περιωνύμου
782 3599 913 3653 ναοῦ
951 3600 1261 3660 Ἰουδαϊκῶν
1307 3608 1559 3667 τελετῶν.
1592 3615 1703 3670 Καὶ
1759 3618 1961 3689 τρίτον,

376 3685 454 3751 ὡς
502 3688 693 3743 οὐκέτι
760 3691 919 3763 μέρει
984 3696 1215 3768 τινὶτῆς
1257 3699 1588 3774 οίκουμένης
1631 3708 1666 3777 ἡ
1714 3685 1966 3768 εὐσέϐεια

374 3777 877 3876 συγκλεισθήσεται⁹
894 3784 1007 3840 ἀλλ’
1029 3788 1245 3844 ἅπαντα
1263 3792 1332 3846 τὰ
1356 3793 1586 3866 πέρατα,
1604 3800 1712 3853 τῶν
1723 3801 1967 3876 ἀπορρή-

372 3885 482 3924 των
497 3871 555 3924 ὲν
576 3873 876 3930 ἀπολαύσει
899 3879 1210 3949 γενήσεται.
1244 3883 1366 3937 Ἔτι
1385 3887 1419 3956 ή
1442 3886 1674 3953 κιϐωτὸς
1708 3892 1801 3947 καὶ
1908 3871 1966 3948 έν

373 3965 537 4037 αὐτῇ,
563 3967 705 4022 κατὰ
732 3969 826 4023 τὸν
869 3970 1040 4027 τύπον
1066 3974 1258 4045 γέγονε
1290 3978 1402 4047 τοῦ,
1430 3981 1719 4053 ἀνθρώπου
1739 3987 1835 4040 καὶ
1858 3986 1967 4041 τῶν

374 4056 481 4111 ὐπὸ
532 4058 625 4114 τὸν
677 4060 946 4134 οὐρανὸν,
1009 4066 1149 4139 αὐτη
1206 4069 1265 4123 δὲ
1323 4070 1594 4145 διείργετο
1652 4075 1731 4147 τῷ
1792 4094 1968 4133 καταο

375 4150 717 4223 πετάσματι,
764 4157 861 4210 καὶ
913 4158 1299 4231 ἀπεκρύπτετο
1326 4180 1343 4196 ο
1393 4164 1583 4237 ἐδήλου
1638 4166 1697 4222 δὲ
1739 4168 1839 4241 τὴν
1885 4172 1968 4235 είς

374 4244 640 4316 οὐρανοὺς
667 4249 896 4317 εἴσοδον,
935 4251 1246 4324 ἀνθρώποις
1279 4256 1483 4311 ἄϐατον
1530 4262 1965 4333 ωντετηρῆσθαι

374 4336 534 4399 τέως.
574 4337 979 4409 Ῥήγνυταιούν
996 4342 1059 4397 τὸ
1092 4346 1490 4420 καταπέτασμα
1520 4350 1760 4424 Χριστοῦ
1802 4370 1963 4408 σταυ-

2062 3162 2460 3217 elementorum
2479 3158 2715 3215 naturali
2736 3156 3137 3229 perturbationi
3157 3154 3482 3220 attribuere,
3502 3153 3645 3209 scis-

2064 3270 2185 3311 sum
2203 3267 2334 3309 vero
2363 3267 2490 3309 esse
2514 3250 2721 3318 velum,
2750 3250 2970 3306 nemine
2992 3248 3296 3320 praesertim
3329 3245 3642 3310 divellente,

2064 3362 2097 3403 a
2127 3359 2343 3402 summo
2373 3359 2549 3414 usque
2580 3344 2862 3404 deorsum,
2891 3340 2983 3396 Dei
3023 3341 3159 3395 iram
3199 3339 3303 3395 hoc
3332 3338 3645 3409 prodigium

2066 3434 2327 3500 ostendit.
2360 3432 2492 3488 Erat
2524 3440 2707 3486 autem
2765 3430 3077 3501 symbolum
3111 3437 3165 3484 et
3220 3427 3482 3483 indicium
3517 3441 3645 3496 per-

2066 3538 2246 3598 petuae
2279 3523 2671 3581 destructionis
2705 3529 2761 3577 et
2793 3519 3120 3577 vastationis
3170 3518 3358 3598 inclyti
3386 3516 3640 3575 Judaico-

2065 3594 2190 3674 rum
2220 3617 2425 3673 rituum
2448 3615 2656 3684 templi.
2689 3612 2756 3669 Et
2778 3613 2959 3677 tertio,
2986 3613 3130 3682 quod
3156 3594 3261 3665 ndn
3291 3617 3444 3680 parte
3465 3608 3647 3678 aliqua

2067 3712 2218 3768 orbis
2246 3710 2434 3781 religio
2455 3706 2841 3771 concludetur;
2870 3704 2965 3762 sed
2990 3717 3189 3761 omnes
3208 3702 3344 3758 lines
3362 3702 3418 3755 ln
3445 3709 3649 3771 myste-

2068 3806 2275 3860 riorum
2312 3801 2787 3873 participationem
2832 3797 3198 3855 adducentur.
3253 3793 3374 3849 Jam
3421 3808 3546 3848 arca
3595 3800 3651 3849 et

2068 3911 2189 3968 quas
2215 3895 2549 3959 includebat,
2591 3891 2896 3949 secundum
2932 3890 3163 3960 ﬁguram
3217 3886 3361 3943 facta
3409 3894 3494 3941 est
3543 3885 3651 3963 bos

2068 3989 2235 4044 minis
2253 3997 2308 4043 et
2326 4001 2511 4044 eorum
2541 4000 2664 4057 qua:
2686 3984 2789 4041 sub
2818 3983 2959 4038 ccelo
2984 3989 3147 4047 sunt;
3184 3979 3298 4034 haec
3320 3987 3501 4032 autem
3530 3974 3649 4030 velo

2068 4081 2429 4153 separabatur
2452 4078 2947 4142 etoccultahatur;
3008 4070 3332 4128 ostendebat
3382 4070 3647 4128 hactenus

2067 4174 2331 4231 cmlorum
2357 4173 2666 4244 ingressum
2696 4168 3014 4224 hominibus
3039 4163 3371 4235 impervium
3394 4175 3649 4229 perman-

2069 4263 2248 4330 sisse;
2277 4261 2545 4318 scinditur
2570 4275 2701 4329 ergo
2732 4258 2938 4323 velum,
2969 4271 3093 4311 eum
3124 4252 3376 4308 Christus
3399 4258 3483 4306 est
3520 4266 3648 4307 cru-

2070 4352 2286 4416 ciﬁxns,
2319 4352 2583 4408 caelorum
2622 4350 2932 4420 ingressum
2985 4344 3244 4400 omnibus
3273 4340 3649 4413 praeconizans

374 4429 663 4500 ρουμένου,
692 4431 793 4503 τὴν
831 4434 912 4499 είς
964 4434 1192 4505 οὐρανὸν
1226 4415 1431 4494 εἴσοδον
1473 4415 1640 4497 πᾶσιν
1666 4444 1800 4515 ήμίν
1827 4444 1955 4503 ὐπο-

2066 4452 2119 4499 et
2144 4415 2482 4498 annuntians
2508 4439 2642 4511 (l9).

377 4520 640 4587 σαλπίξον
663 4525 759 4578 καὶ¹
794 4525 1307 4599 εὐαγγελιζόμενον.

445 4615 693 4670 Φωτίου.
727 4611 838 4670 Ἦν
886 4636 1017 4673 ποτε
1074 4621 1306 4692 κρύφιος
1352 4621 1506 4692 φίλος
1539 4624 1569 4677 ὁ
1607 4624 1826 4699 Ἰωσὴφ,
1869 4627 1965 4682 καὶ

372 4708 685 4779 νυκτερινὸς
746 4710 1011 4781 Χριστοῦ
1041 4712 1311 4787 μαθητής·
1366 4716 1483 4771 ἀλλ’
1540 4714 1668 4775 ὐστε
1683 4736 1775 4791 ρον
1829 4722 1963 4786 τοὺς

370 4798 609 4870 δεσμοὺς
632 4802 952 4874 ἀπορρήξας
976 4804 1079 4876 τῆς
1110 4805 1334 4873 δειλίας,
1365 4807 1474 4863 τῶν
1508 4811 1589 4873 είς
1623 4812 1681 4866 τὸ
1728 4812 1962 4884 φανερὸν

256 4919 263 4927 -
375 4890 675 4960 φιλούντων
705 4890 1037 4967 θερμότερός
1058 4915 1118 4951 τε
1144 4901 1241 4953 καὶ
1270 4900 1716 4975 θαρραλεὼτερος
1743 4905 1959 4975 γέγονεο

373 4986 466 5039 καὶ
496 4986 558 5039 τὺ
587 4987 917 5043 Δεσποτικὸν
962 4991 1020 5044 ὲν
1058 4990 1216 5062 ὐϐρει
1263 4994 1612 5067 κρεμάμενον
1662 4996 1823 5070 σῶμα
1854 4984 1960 5053 θτοῦ

373 5075 534 5142 ξύλου
564 5078 832 5147 καθελὼν,
856 5081 954 5151 τῆς
980 5082 1213 5156 δυνατῆς
1235 5085 1532 5157 θεραπείας
1553 5088 1655 5143 οὐκ
1682 5090 1954 5161 ἠμέλησε,

378 5170 642 5240 ῥημάτων
707 5173 1057 5248 μετριότητι,
1107 5176 1199 5231 τὸν
1260 5179 1527 5251 πολυτελῆ
1614 5182 1961 5254 μαργαρίτην

374 5261 814 5335 ἐμπορευόμενος
844 5305 860 5330 ,
907 5267 1004 5322 καὶ
1049 5266 1309 5340 κρύπτων
1359 5269 1567 5327 τούτων
1622 5274 1684 5328 τὸ
1724 5274 1961 5330 σπουδα-

372 5351 621 5426 ζόμενον.
661 5357 796 5412 Οὐδὲ
823 5357 933 5431 γὰρ
970 5358 1047 5426 ὡς
1092 5361 1154 5434 δή
1187 5380 1238 5417 τι
1280 5362 1421 5433 μέγα
1472 5366 1686 5437 φρονῶν
1724 5367 1757 5438 ἢ
1804 5368 1962 5437 φθεγε

2139 4624 2306 4680 Vsns.
2338 4623 2430 4679 50.
2476 4622 2673 4677 Photii.
2707 4619 2837 4677 Erat
2864 4620 3008 4676 forte
3032 4618 3283 4675 occultus
3315 4616 3528 4673 amicus
3557 4614 3650 4669 Jo-

2072 4714 2229 4784 seph,
2266 4722 2321 4771 et
2348 4722 2649 4770 nocturnus
2676 4710 2883 4767 Christi
2915 4708 3221 4780 discipulus
3249 4724 3265 4775 ;
3299 4707 3393 4762 sed
3429 4705 3649 4761 tandem

2066 4820 2246 4867 metus
2298 4821 2559 4878 rumpens
2607 4802 2826 4859 vincula
2851 4844 2868 4870 ,
2927 4801 3186 4857 omnibus
3217 4799 3310 4870 qui
3344 4797 3523 4868 palam
3561 4813 3650 4853 se—

2064 4904 2374 4977 quebantur
2404 4898 2705 4955 ferventior
2728 4905 2783 4951 et
2816 4894 3077 4951 audacior
3103 4893 3279 4949 faetus
3310 4901 3412 4947 est.
3447 4892 3513 4947 Et
3542 4890 3651 4944 Do-

2066 4995 2203 5053 mini
2250 5008 2452 5064 corpus
2498 4991 2554 5047 in
2595 4989 2925 5047 contumelia
2984 5000 3357 5056 suspensum,
3412 4997 3442 5036 a
3505 4981 3651 5053 ligno

2065 5088 2384 5153 demittens,
2425 5084 2573 5158 quod
2629 5082 2813 5155 potuit
2866 5078 3193 5151 obsequium
3245 5092 3355 5132 non
3391 5075 3651 5147 neglexit,

2067 5185 2365 5240 verborum
2419 5178 2820 5243 moderatione,
2871 5174 3169 5247 ptetiosam
3205 5185 3396 5228 emens
3436 5184 3653 5238 marga’

2070 5278 2257 5344 ritam.
2292 5286 2347 5333 et
2371 5274 2567 5331 horum
2586 5272 2831 5327 valorem
2860 5268 3063 5328 selans.
3087 5264 3208 5322 Non
3235 5265 3380 5320 enim
3404 5271 3462 5318 ut
3490 5263 3654 5317 homo

2072 5380 2254 5427 mente
2284 5378 2336 5425 et
2400 5380 2653 5425 sermone
2695 5361 2967 5436 superbus
2991 5400 3008 5427 ,
3038 5373 3239 5430 corpus
3279 5358 3519 5429 expetit,
3557 5352 3652 5409 sed

1895 5566 2129 5625 NOTAE.

439 5698 551 5770 (ιθ)
580 5697 667 5757 Ct.
699 5717 754 5775 ιι.
789 5701 991 5760 ccxn.
