  <div class='ocr_page' id='page_1' title='image "/cluster/home/n/w/nwhite01/storage/ocr_20150623/101/hvd.32044018872879/637.png"; bbox 0 0 3930 6218; ppageno 0'>
   <div class='ocr_carea' id='block_1_1' title="bbox 302 239 443 306">
    <p class='ocr_par' dir='ltr' id='par_1_1' title="bbox 302 239 443 306">
     <span class='ocr_line' id='line_1_1' title="bbox 302 239 443 306; baseline -0.021 0"><span class='ocrx_word' id='word_1_1' title='bbox 302 239 443 306; x_wconf 73' lang='grc'><strong>1227</strong></span> 
     </span>
    </p>
   </div>
   <div class='ocr_carea' id='block_1_2' title="bbox 1454 236 2402 301">
    <p class='ocr_par' dir='ltr' id='par_1_2' title="bbox 1454 236 2402 301">
     <span class='ocr_line' id='line_1_2' title="bbox 1454 236 2402 301; baseline 0.004 -6"><span class='ocrx_word' id='word_1_2' title='bbox 1454 236 1719 298; x_wconf 82' lang='grc' dir='ltr'><strong>ΡΗΟΤΙΙ</strong></span> <span class='ocrx_word' id='word_1_3' title='bbox 1747 236 2253 301; x_wconf 78' lang='lat' dir='ltr'><strong>PATRIARCH/E</strong></span> <span class='ocrx_word' id='word_1_4' title='bbox 2292 238 2402 299; x_wconf 72' lang='grc' dir='ltr'><strong>(ΞΡ.</strong></span> 
     </span>
    </p>
   </div>
   <div class='ocr_carea' id='block_1_3' title="bbox 3398 236 3541 300">
    <p class='ocr_par' dir='ltr' id='par_1_3' title="bbox 3398 236 3541 300">
     <span class='ocr_line' id='line_1_3' title="bbox 3398 236 3541 300; baseline 0.014 -1"><span class='ocrx_word' id='word_1_5' title='bbox 3398 236 3541 300; x_wconf 66' lang='grc' dir='ltr'><strong>ῙΞΞΒ</strong></span> 
     </span>
    </p>
   </div>
   <div class='ocr_carea' id='block_1_4' title="bbox 299 342 1868 420">
    <p class='ocr_par' dir='ltr' id='par_1_4' title="bbox 299 342 1863 419">
     <span class='ocr_line' id='line_1_4' title="bbox 299 342 1863 419; baseline -0.001 -14"><span class='ocrx_word' id='word_1_6' title='bbox 299 362 358 406; x_wconf 88' lang='lat' dir='ltr'><strong>ut</strong></span> <span class='ocrx_word' id='word_1_7' title='bbox 389 345 779 405; x_wconf 77' lang='lat' dir='ltr'><strong>misericordia:</strong></span> <span class='ocrx_word' id='word_1_8' title='bbox 811 352 866 401; x_wconf 91' lang='lat' dir='ltr'><strong>et</strong></span> <span class='ocrx_word' id='word_1_9' title='bbox 895 342 1207 403; x_wconf 86' lang='lat' dir='ltr'><strong>liberalitati</strong></span> <span class='ocrx_word' id='word_1_10' title='bbox 1236 344 1451 417; x_wconf 84' lang='lat' dir='ltr'><strong>deditus</strong></span> <span class='ocrx_word' id='word_1_11' title='bbox 1473 389 1487 413; x_wconf 93' lang='lat'><strong>,</strong></span> <span class='ocrx_word' id='word_1_12' title='bbox 1518 348 1575 403; x_wconf 86' lang='lat' dir='ltr'><strong>in</strong></span> <span class='ocrx_word' id='word_1_13' title='bbox 1623 351 1863 419; x_wconf 85' lang='lat' dir='ltr'><strong>sepultu-</strong></span> 
     </span>
    </p>
   </div>
   <div class='ocr_carea' id='block_1_5' title="bbox 1971 342 3551 420">
    <p class='ocr_par' dir='ltr' id='par_1_5' title="bbox 1971 342 3551 420">
     <span class='ocr_line' id='line_1_5' title="bbox 1971 342 3551 420; baseline 0.001 -20"><span class='ocrx_word' id='word_1_14' title='bbox 1971 347 2215 420; x_wconf 84' lang='grc' dir='ltr'>γόμενος,</span> <span class='ocrx_word' id='word_1_15' title='bbox 2248 347 2418 411; x_wconf 76' lang='grc' dir='ltr'>οὕτως</span> <span class='ocrx_word' id='word_1_16' title='bbox 2446 344 2507 400; x_wconf 86' lang='grc' dir='ltr'><strong>τδ</strong></span> <span class='ocrx_word' id='word_1_17' title='bbox 2538 344 2699 416; x_wconf 83' lang='grc' dir='ltr'>σῶμα</span> <span class='ocrx_word' id='word_1_18' title='bbox 2732 342 3005 417; x_wconf 73' lang='grc' dir='ltr'>ἐπιζητεῖ,</span> <span class='ocrx_word' id='word_1_19' title='bbox 3044 344 3161 401; x_wconf 75' lang='grc' dir='ltr'>ἀλλ’</span> <span class='ocrx_word' id='word_1_20' title='bbox 3184 343 3259 410; x_wconf 79' lang='grc' dir='ltr'>ὥς</span> <span class='ocrx_word' id='word_1_21' title='bbox 3287 344 3356 399; x_wconf 71' lang='grc' dir='ltr'>ἂν</span> <span class='ocrx_word' id='word_1_22' title='bbox 3384 346 3551 418; x_wconf 64' lang='grc' dir='ltr'>ἐλαίῳ</span> 
     </span>
    </p>
   </div>
   <div class='ocr_carea' id='block_1_6' title="bbox 300 434 1869 505">
    <p class='ocr_par' dir='ltr' id='par_1_6' title="bbox 300 434 1869 505">
     <span class='ocr_line' id='line_1_6' title="bbox 300 434 1869 505; baseline 0.002 -15"><span class='ocrx_word' id='word_1_23' title='bbox 300 454 420 493; x_wconf 88' lang='lat' dir='ltr'><strong>ram</strong></span> <span class='ocrx_word' id='word_1_24' title='bbox 454 446 730 491; x_wconf 88' lang='lat' dir='ltr'><strong>mortuum</strong></span> <span class='ocrx_word' id='word_1_25' title='bbox 763 434 929 505; x_wconf 87' lang='lat' dir='ltr'><strong>petit;</strong></span> <span class='ocrx_word' id='word_1_26' title='bbox 965 442 1020 489; x_wconf 91' lang='lat' dir='ltr'><strong>et</strong></span> <span class='ocrx_word' id='word_1_27' title='bbox 1059 434 1261 489; x_wconf 78' lang='lat' dir='ltr'><strong>accedit</strong></span> <span class='ocrx_word' id='word_1_28' title='bbox 1300 436 1368 488; x_wconf 82' lang='lat' dir='ltr'><strong>ad</strong></span> <span class='ocrx_word' id='word_1_29' title='bbox 1412 434 1671 503; x_wconf 77' lang='lat' dir='ltr'><strong>Pilatum,</strong></span> <span class='ocrx_word' id='word_1_30' title='bbox 1705 436 1869 493; x_wconf 83' lang='lat' dir='ltr'><strong>timo-</strong></span> 
     </span>
    </p>
   </div>
   <div class='ocr_carea' id='block_1_7' title="bbox 300 523 1868 596">
    <p class='ocr_par' dir='ltr' id='par_1_7' title="bbox 300 523 1868 596">
     <span class='ocr_line' id='line_1_7' title="bbox 300 523 1868 596; baseline 0.001 -16"><span class='ocrx_word' id='word_1_31' title='bbox 300 542 417 581; x_wconf 87' lang='lat' dir='ltr'><strong>rem</strong></span> <span class='ocrx_word' id='word_1_32' title='bbox 446 535 501 582; x_wconf 89' lang='lat' dir='ltr'><strong>et</strong></span> <span class='ocrx_word' id='word_1_33' title='bbox 530 539 788 596; x_wconf 83' lang='lat' dir='ltr'><strong>pavorem</strong></span> <span class='ocrx_word' id='word_1_34' title='bbox 842 523 1148 588; x_wconf 79' lang='lat' dir='ltr'><strong>excutiens,</strong></span> <span class='ocrx_word' id='word_1_35' title='bbox 1179 524 1337 591; x_wconf 89' lang='lat' dir='ltr'><strong>quasi</strong></span> <span class='ocrx_word' id='word_1_36' title='bbox 1370 524 1599 579; x_wconf 91' lang='lat' dir='ltr'><strong>consilio</strong></span> <span class='ocrx_word' id='word_1_37' title='bbox 1632 540 1868 581; x_wconf 88' lang='lat' dir='ltr'><strong>consen-</strong></span> 
     </span>
    </p>
   </div>
   <div class='ocr_carea' id='block_1_8' title="bbox 299 615 1870 687">
    <p class='ocr_par' dir='ltr' id='par_1_8' title="bbox 299 615 1870 687">
     <span class='ocr_line' id='line_1_8' title="bbox 299 615 1870 687; baseline 0 -15"><span class='ocrx_word' id='word_1_38' title='bbox 299 621 459 681; x_wconf 86' lang='lat' dir='ltr'><strong>tiens.</strong></span> <span class='ocrx_word' id='word_1_39' title='bbox 504 616 701 674; x_wconf 81' lang='lat' dir='ltr'><strong>deferri</strong></span> <span class='ocrx_word' id='word_1_40' title='bbox 737 630 938 686; x_wconf 90' lang='lat' dir='ltr'><strong>corpus</strong></span> <span class='ocrx_word' id='word_1_41' title='bbox 982 615 1183 670; x_wconf 88' lang='lat' dir='ltr'><strong>mortui</strong></span> <span class='ocrx_word' id='word_1_42' title='bbox 1217 615 1502 683; x_wconf 80' lang='lat' dir='ltr'><strong>hortatur;</strong></span> <span class='ocrx_word' id='word_1_43' title='bbox 1557 615 1668 687; x_wconf 88' lang='lat' dir='ltr'><strong>jam</strong></span> <span class='ocrx_word' id='word_1_44' title='bbox 1722 617 1870 672; x_wconf 88' lang='lat' dir='ltr'><strong>enim</strong></span> 
     </span>
    </p>
   </div>
   <div class='ocr_carea' id='block_1_9' title="bbox 300 706 1871 780">
    <p class='ocr_par' dir='ltr' id='par_1_9' title="bbox 300 706 1871 780">
     <span class='ocr_line' id='line_1_9' title="bbox 300 706 1871 780; baseline -0.001 -15"><span class='ocrx_word' id='word_1_45' title='bbox 300 724 597 780; x_wconf 86' lang='lat' dir='ltr'><strong>parasceve</strong></span> <span class='ocrx_word' id='word_1_46' title='bbox 634 708 916 764; x_wconf 89' lang='lat' dir='ltr'><strong>occidente</strong></span> <span class='ocrx_word' id='word_1_47' title='bbox 943 707 1058 763; x_wconf 88' lang='lat' dir='ltr'><strong>sole</strong></span> <span class='ocrx_word' id='word_1_48' title='bbox 1088 706 1394 770; x_wconf 88' lang='lat' dir='ltr'><strong>desinebat,</strong></span> <span class='ocrx_word' id='word_1_49' title='bbox 1424 716 1479 762; x_wconf 88' lang='lat' dir='ltr'><strong>et</strong></span> <span class='ocrx_word' id='word_1_50' title='bbox 1522 707 1608 762; x_wconf 81' lang='lat' dir='ltr'><strong>lex</strong></span> <span class='ocrx_word' id='word_1_51' title='bbox 1647 706 1871 764; x_wconf 88' lang='lat' dir='ltr'><strong>Sabbati</strong></span> 
     </span>
    </p>
   </div>
   <div class='ocr_carea' id='block_1_10' title="bbox 298 800 1871 872">
    <p class='ocr_par' dir='ltr' id='par_1_10' title="bbox 298 800 1871 872">
     <span class='ocr_line' id='line_1_10' title="bbox 298 800 1871 872; baseline 0.001 -15"><span class='ocrx_word' id='word_1_52' title='bbox 298 801 552 872; x_wconf 63' lang='lat' dir='ltr'><strong>praesenti</strong></span> <span class='ocrx_word' id='word_1_53' title='bbox 581 800 966 867; x_wconf 87' lang='lat' dir='ltr'><strong>illucescebat;</strong></span> <span class='ocrx_word' id='word_1_54' title='bbox 1009 809 1062 854; x_wconf 93' lang='lat' dir='ltr'><strong>et</strong></span> <span class='ocrx_word' id='word_1_55' title='bbox 1113 800 1440 870; x_wconf 86' lang='lat' dir='ltr'><strong>persuadere</strong></span> <span class='ocrx_word' id='word_1_56' title='bbox 1488 800 1665 870; x_wconf 87' lang='lat' dir='ltr'><strong>magis</strong></span> <span class='ocrx_word' id='word_1_57' title='bbox 1717 811 1871 858; x_wconf 84' lang='lat' dir='ltr'><strong>ratus</strong></span> 
     </span>
    </p>
   </div>
   <div class='ocr_carea' id='block_1_11' title="bbox 297 889 1865 962">
    <p class='ocr_par' dir='ltr' id='par_1_11' title="bbox 297 889 1865 962">
     <span class='ocr_line' id='line_1_11' title="bbox 297 889 1865 962; baseline 0.002 -15"><span class='ocrx_word' id='word_1_58' title='bbox 297 901 402 958; x_wconf 81' lang='lat' dir='ltr'><strong>est,</strong></span> <span class='ocrx_word' id='word_1_59' title='bbox 432 893 605 962; x_wconf 86' lang='lat' dir='ltr'><strong>legem</strong></span> <span class='ocrx_word' id='word_1_60' title='bbox 629 892 833 962; x_wconf 89' lang='lat' dir='ltr'><strong>pariter</strong></span> <span class='ocrx_word' id='word_1_61' title='bbox 863 889 1203 961; x_wconf 68' lang='lat' dir='ltr'><strong>praetendens</strong></span> <span class='ocrx_word' id='word_1_62' title='bbox 1228 929 1243 953; x_wconf 95' lang='lat'><strong>,</strong></span> <span class='ocrx_word' id='word_1_63' title='bbox 1279 906 1386 960; x_wconf 87' lang='lat' dir='ltr'><strong>qua</strong></span> <span class='ocrx_word' id='word_1_64' title='bbox 1420 892 1704 947; x_wconf 82' lang='lat' dir='ltr'><strong>vetabatur</strong></span> <span class='ocrx_word' id='word_1_65' title='bbox 1740 909 1865 950; x_wconf 82' lang='lat' dir='ltr'><strong>sus-</strong></span> 
     </span>
    </p>
   </div>
   <div class='ocr_carea' id='block_1_12' title="bbox 298 982 1869 1053">
    <p class='ocr_par' dir='ltr' id='par_1_12' title="bbox 298 982 1869 1053">
     <span class='ocr_line' id='line_1_12' title="bbox 298 982 1869 1053; baseline 0.004 -17"><span class='ocrx_word' id='word_1_66' title='bbox 298 1000 466 1053; x_wconf 80' lang='lat' dir='ltr'><strong>pensa</strong></span> <span class='ocrx_word' id='word_1_67' title='bbox 517 999 740 1038; x_wconf 87' lang='lat' dir='ltr'><strong>manere</strong></span> <span class='ocrx_word' id='word_1_68' title='bbox 788 997 1017 1052; x_wconf 90' lang='lat' dir='ltr'><strong>corpora</strong></span> <span class='ocrx_word' id='word_1_69' title='bbox 1066 982 1478 1039; x_wconf 83' lang='lat' dir='ltr'><strong>cruciﬁxorum.</strong></span> <span class='ocrx_word' id='word_1_70' title='bbox 1518 984 1688 1040; x_wconf 76' lang='lat' dir='ltr'><strong>Judaei</strong></span> <span class='ocrx_word' id='word_1_71' title='bbox 1722 988 1869 1042; x_wconf 89' lang='lat' dir='ltr'><strong>enim</strong></span> 
     </span>
    </p>
   </div>
   <div class='ocr_carea' id='block_1_13' title="bbox 297 1072 1869 1144">
    <p class='ocr_par' dir='ltr' id='par_1_13' title="bbox 297 1072 1869 1144">
     <span class='ocr_line' id='line_1_13' title="bbox 297 1072 1869 1144; baseline 0 -16"><span class='ocrx_word' id='word_1_72' title='bbox 297 1075 405 1128; x_wconf 89' lang='lat' dir='ltr'><strong>alia</strong></span> <span class='ocrx_word' id='word_1_73' title='bbox 434 1082 623 1128; x_wconf 89' lang='lat' dir='ltr'><strong>contra</strong></span> <span class='ocrx_word' id='word_1_74' title='bbox 673 1073 843 1142; x_wconf 84' lang='lat' dir='ltr'><strong>legem</strong></span> <span class='ocrx_word' id='word_1_75' title='bbox 885 1077 1123 1139; x_wconf 85' lang='lat' dir='ltr'><strong>agentes,</strong></span> <span class='ocrx_word' id='word_1_76' title='bbox 1150 1081 1204 1126; x_wconf 93' lang='lat' dir='ltr'><strong>et</strong></span> <span class='ocrx_word' id='word_1_77' title='bbox 1246 1082 1432 1140; x_wconf 87' lang='lat' dir='ltr'><strong>aperta</strong></span> <span class='ocrx_word' id='word_1_78' title='bbox 1464 1072 1643 1128; x_wconf 89' lang='lat' dir='ltr'><strong>fronte</strong></span> <span class='ocrx_word' id='word_1_79' title='bbox 1688 1075 1869 1144; x_wconf 88' lang='lat' dir='ltr'><strong>patria</strong></span> 
     </span>
    </p>
   </div>
   <div class='ocr_carea' id='block_1_14' title="bbox 298 1158 1868 1228">
    <p class='ocr_par' dir='ltr' id='par_1_14' title="bbox 298 1158 1868 1228">
     <span class='ocr_line' id='line_1_14' title="bbox 298 1158 1868 1228; baseline -0.001 -12"><span class='ocrx_word' id='word_1_80' title='bbox 298 1162 549 1216; x_wconf 86' lang='lat' dir='ltr'><strong>instituta</strong></span> <span class='ocrx_word' id='word_1_81' title='bbox 606 1158 1108 1226; x_wconf 80' lang='lat' dir='ltr'><strong>transgredientes,</strong></span> <span class='ocrx_word' id='word_1_82' title='bbox 1163 1158 1212 1211; x_wconf 89' lang='lat' dir='ltr'><strong>si</strong></span> <span class='ocrx_word' id='word_1_83' title='bbox 1270 1159 1399 1228; x_wconf 91' lang='lat' dir='ltr'><strong>quid</strong></span> <span class='ocrx_word' id='word_1_84' title='bbox 1456 1160 1720 1214; x_wconf 82' lang='lat' dir='ltr'><strong>voluntati</strong></span> <span class='ocrx_word' id='word_1_85' title='bbox 1758 1176 1868 1215; x_wconf 88' lang='lat' dir='ltr'><strong>non</strong></span> 
     </span>
    </p>
   </div>
   <div class='ocr_carea' id='block_1_15' title="bbox 298 1242 1868 1323">
    <p class='ocr_par' dir='ltr' id='par_1_15' title="bbox 298 1242 1868 1323">
     <span class='ocr_line' id='line_1_15' title="bbox 298 1242 1868 1323; baseline 0.001 -18"><span class='ocrx_word' id='word_1_86' title='bbox 298 1242 634 1306; x_wconf 86' lang='lat' dir='ltr'><strong>contrarium</strong></span> <span class='ocrx_word' id='word_1_87' title='bbox 665 1250 1010 1315; x_wconf 81' lang='lat' dir='ltr'><strong>occurrebat,</strong></span> <span class='ocrx_word' id='word_1_88' title='bbox 1033 1258 1086 1304; x_wconf 91' lang='lat' dir='ltr'><strong>et</strong></span> <span class='ocrx_word' id='word_1_89' title='bbox 1115 1247 1434 1305; x_wconf 89' lang='lat' dir='ltr'><strong>facillimum</strong></span> <span class='ocrx_word' id='word_1_90' title='bbox 1464 1254 1761 1323; x_wconf 91' lang='lat' dir='ltr'><strong>completu,</strong></span> <span class='ocrx_word' id='word_1_91' title='bbox 1792 1254 1868 1307; x_wconf 91' lang='lat' dir='ltr'><strong>le-</strong></span> 
     </span>
    </p>
   </div>
   <div class='ocr_carea' id='block_1_16' title="bbox 298 1341 1871 1414">
    <p class='ocr_par' dir='ltr' id='par_1_16' title="bbox 298 1341 1871 1414">
     <span class='ocr_line' id='line_1_16' title="bbox 298 1341 1871 1414; baseline 0 -16"><span class='ocrx_word' id='word_1_92' title='bbox 298 1346 382 1414; x_wconf 86' lang='lat' dir='ltr'><strong>gis</strong></span> <span class='ocrx_word' id='word_1_93' title='bbox 406 1346 459 1398; x_wconf 89' lang='lat' dir='ltr'><strong>in</strong></span> <span class='ocrx_word' id='word_1_94' title='bbox 491 1344 594 1398; x_wconf 89' lang='lat' dir='ltr'><strong>hoc</strong></span> <span class='ocrx_word' id='word_1_95' title='bbox 627 1342 989 1397; x_wconf 83' lang='lat' dir='ltr'><strong>reverentiam</strong></span> <span class='ocrx_word' id='word_1_96' title='bbox 1016 1342 1303 1396; x_wconf 89' lang='lat' dir='ltr'><strong>curabant.</strong></span> <span class='ocrx_word' id='word_1_97' title='bbox 1352 1341 1431 1396; x_wconf 88' lang='lat' dir='ltr'><strong>Da</strong></span> <span class='ocrx_word' id='word_1_98' title='bbox 1473 1344 1605 1397; x_wconf 90' lang='lat' dir='ltr'><strong>mihi</strong></span> <span class='ocrx_word' id='word_1_99' title='bbox 1632 1383 1647 1407; x_wconf 95' lang='lat'><strong>,</strong></span> <span class='ocrx_word' id='word_1_100' title='bbox 1692 1344 1871 1414; x_wconf 90' lang='lat' dir='ltr'><strong>inquit</strong></span> 
     </span>
    </p>
   </div>
   <div class='ocr_carea' id='block_1_17' title="bbox 297 1430 1868 1503">
    <p class='ocr_par' dir='ltr' id='par_1_17' title="bbox 297 1430 1868 1503">
     <span class='ocr_line' id='line_1_17' title="bbox 297 1430 1868 1503; baseline -0.001 -14"><span class='ocrx_word' id='word_1_101' title='bbox 297 1433 498 1503; x_wconf 81' lang='lat' dir='ltr'><strong>Joseph</strong></span> <span class='ocrx_word' id='word_1_102' title='bbox 524 1477 537 1500; x_wconf 91' lang='lat'><strong>,</strong></span> <span class='ocrx_word' id='word_1_103' title='bbox 585 1433 630 1488; x_wconf 88' lang='lat' dir='ltr'><strong>si</strong></span> <span class='ocrx_word' id='word_1_104' title='bbox 665 1434 787 1499; x_wconf 87' lang='lat' dir='ltr'><strong>vis,</strong></span> <span class='ocrx_word' id='word_1_105' title='bbox 823 1432 1053 1501; x_wconf 89' lang='lat' dir='ltr'><strong>sepelire</strong></span> <span class='ocrx_word' id='word_1_106' title='bbox 1103 1446 1301 1499; x_wconf 90' lang='lat' dir='ltr'><strong>corpus</strong></span> <span class='ocrx_word' id='word_1_107' title='bbox 1342 1430 1473 1486; x_wconf 84' lang='lat' dir='ltr'><strong>Jesu</strong></span> <span class='ocrx_word' id='word_1_108' title='bbox 1535 1448 1697 1500; x_wconf 91' lang='lat' dir='ltr'><strong>quem</strong></span> <span class='ocrx_word' id='word_1_109' title='bbox 1753 1433 1868 1487; x_wconf 89' lang='lat' dir='ltr'><strong>noti</strong></span> 
     </span>
    </p>
   </div>
   <div class='ocr_carea' id='block_1_18' title="bbox 298 1518 1871 1590">
    <p class='ocr_par' dir='ltr' id='par_1_18' title="bbox 298 1518 1871 1590">
     <span class='ocr_line' id='line_1_18' title="bbox 298 1518 1871 1590; baseline -0.001 -15"><span class='ocrx_word' id='word_1_110' title='bbox 298 1538 491 1577; x_wconf 78' lang='lat' dir='ltr'><strong>omnes</strong></span> <span class='ocrx_word' id='word_1_111' title='bbox 519 1522 965 1590; x_wconf 90' lang='lat' dir='ltr'><strong>derelinquentes</strong></span> <span class='ocrx_word' id='word_1_112' title='bbox 1000 1519 1291 1586; x_wconf 89' lang='lat' dir='ltr'><strong>abierunt;</strong></span> <span class='ocrx_word' id='word_1_113' title='bbox 1342 1518 1501 1590; x_wconf 83' lang='lat' dir='ltr'><strong>cujus</strong></span> <span class='ocrx_word' id='word_1_114' title='bbox 1541 1520 1697 1574; x_wconf 91' lang='lat' dir='ltr'><strong>multi</strong></span> <span class='ocrx_word' id='word_1_115' title='bbox 1739 1535 1871 1574; x_wconf 92' lang='lat' dir='ltr'><strong>con-</strong></span> 
     </span>
    </p>
   </div>
   <div class='ocr_carea' id='block_1_19' title="bbox 297 1612 1868 1685">
    <p class='ocr_par' dir='ltr' id='par_1_19' title="bbox 297 1612 1868 1685">
     <span class='ocr_line' id='line_1_19' title="bbox 297 1612 1868 1685; baseline -0.004 -15"><span class='ocrx_word' id='word_1_116' title='bbox 297 1616 593 1670; x_wconf 84' lang='lat' dir='ltr'><strong>currebant</strong></span> <span class='ocrx_word' id='word_1_117' title='bbox 618 1615 671 1668; x_wconf 91' lang='lat' dir='ltr'><strong>in</strong></span> <span class='ocrx_word' id='word_1_118' title='bbox 696 1613 950 1685; x_wconf 87' lang='lat' dir='ltr'><strong>passione</strong></span> <span class='ocrx_word' id='word_1_119' title='bbox 979 1619 1337 1682; x_wconf 87' lang='lat' dir='ltr'><strong>spectatores,</strong></span> <span class='ocrx_word' id='word_1_120' title='bbox 1366 1628 1510 1667; x_wconf 92' lang='lat' dir='ltr'><strong>nunc</strong></span> <span class='ocrx_word' id='word_1_121' title='bbox 1536 1621 1716 1666; x_wconf 89' lang='lat' dir='ltr'><strong>autem</strong></span> <span class='ocrx_word' id='word_1_122' title='bbox 1742 1612 1868 1665; x_wconf 90' lang='lat' dir='ltr'><strong>nul-</strong></span> 
     </span>
    </p>
   </div>
   <div class='ocr_carea' id='block_1_20' title="bbox 1968 437 3553 513">
    <p class='ocr_par' dir='ltr' id='par_1_20' title="bbox 1968 437 3553 513">
     <span class='ocr_line' id='line_1_20' title="bbox 1968 437 3553 513; baseline -0.001 -19"><span class='ocrx_word' id='word_1_123' title='bbox 1968 442 2064 495; x_wconf 76' lang='grc' dir='ltr'>καὶ</span> <span class='ocrx_word' id='word_1_124' title='bbox 2086 441 2468 513; x_wconf 76' lang='grc' dir='ltr'><strong>φιλανθρωπίᾳ</strong></span> <span class='ocrx_word' id='word_1_125' title='bbox 2500 437 2694 502; x_wconf 76' lang='grc' dir='ltr'>διδοὺς,</span> <span class='ocrx_word' id='word_1_126' title='bbox 2727 439 2807 503; x_wconf 79' lang='grc' dir='ltr'><strong>είς</strong></span> <span class='ocrx_word' id='word_1_127' title='bbox 2841 437 3019 509; x_wconf 78' lang='grc' dir='ltr'>ταφὴν</span> <span class='ocrx_word' id='word_1_128' title='bbox 3062 438 3292 492; x_wconf 71' lang='grc' dir='ltr'>αἰτεῖται</span> <span class='ocrx_word' id='word_1_129' title='bbox 3329 437 3421 491; x_wconf 79' lang='grc' dir='ltr'>τὸν</span> <span class='ocrx_word' id='word_1_130' title='bbox 3460 454 3553 492; x_wconf 77' lang='grc' dir='ltr'>νε-</span> 
     </span>
    </p>
   </div>
   <div class='ocr_carea' id='block_1_21' title="bbox 1938 527 3548 603">
    <p class='ocr_par' dir='ltr' id='par_1_21' title="bbox 1938 527 3548 603">
     <span class='ocr_line' id='line_1_21' title="bbox 1938 527 3548 603; baseline 0 -20"><span class='ocrx_word' id='word_1_131' title='bbox 1938 532 2122 603; x_wconf 74' lang='grc' dir='ltr'>.κρόνο</span> <span class='ocrx_word' id='word_1_132' title='bbox 2150 533 2245 585; x_wconf 73' lang='grc' dir='ltr'>καὶ</span> <span class='ocrx_word' id='word_1_133' title='bbox 2275 532 2555 600; x_wconf 79' lang='grc' dir='ltr'>πρόσεισι</span> <span class='ocrx_word' id='word_1_134' title='bbox 2582 529 2698 600; x_wconf 77' lang='grc' dir='ltr'><strong>μὲν</strong></span> <span class='ocrx_word' id='word_1_135' title='bbox 2725 529 2807 595; x_wconf 81' lang='grc' dir='ltr'>τῷ</span> <span class='ocrx_word' id='word_1_136' title='bbox 2830 527 3089 595; x_wconf 74' lang='grc' dir='ltr'>Πιλάτφ,</span> <span class='ocrx_word' id='word_1_137' title='bbox 3123 528 3281 582; x_wconf 74' lang='grc' dir='ltr'>ὄκνον</span> <span class='ocrx_word' id='word_1_138' title='bbox 3334 529 3548 583; x_wconf 69' lang='grc' dir='ltr'>ἃπαντα</span> 
     </span>
    </p>
   </div>
   <div class='ocr_carea' id='block_1_22' title="bbox 1968 615 3546 694">
    <p class='ocr_par' dir='ltr' id='par_1_22' title="bbox 1968 615 3546 694">
     <span class='ocr_line' id='line_1_22' title="bbox 1968 615 3546 694; baseline -0.001 -17"><span class='ocrx_word' id='word_1_139' title='bbox 1968 623 2063 677; x_wconf 81' lang='grc' dir='ltr'>καὶ</span> <span class='ocrx_word' id='word_1_140' title='bbox 2096 622 2261 694; x_wconf 86' lang='grc' dir='ltr'>φόϐον</span> <span class='ocrx_word' id='word_1_141' title='bbox 2319 621 2789 692; x_wconf 78' lang='grc' dir='ltr'>ἁπορῥιψὰμενος,</span> <span class='ocrx_word' id='word_1_142' title='bbox 2817 615 2908 674; x_wconf 76' lang='grc' dir='ltr'>οἷα</span> <span class='ocrx_word' id='word_1_143' title='bbox 2945 620 3001 673; x_wconf 84' lang='grc' dir='ltr'>δὲ</span> <span class='ocrx_word' id='word_1_144' title='bbox 3030 620 3225 691; x_wconf 79' lang='grc' dir='ltr'>βουλῆς</span> <span class='ocrx_word' id='word_1_145' title='bbox 3253 620 3546 688; x_wconf 73' lang='grc' dir='ltr'>κοινωνῶν,</span> 
     </span>
    </p>
   </div>
   <div class='ocr_carea' id='block_1_23' title="bbox 1968 712 3545 785">
    <p class='ocr_par' dir='ltr' id='par_1_23' title="bbox 1968 712 3545 785">
     <span class='ocr_line' id='line_1_23' title="bbox 1968 712 3545 785; baseline -0.003 -15"><span class='ocrx_word' id='word_1_146' title='bbox 1968 715 2362 785; x_wconf 81' lang='grc' dir='ltr'>κατενεχθῆναι</span> <span class='ocrx_word' id='word_1_147' title='bbox 2386 714 2446 767; x_wconf 80' lang='grc' dir='ltr'>τὸ</span> <span class='ocrx_word' id='word_1_148' title='bbox 2472 714 2636 784; x_wconf 83' lang='grc' dir='ltr'>σῶμα</span> <span class='ocrx_word' id='word_1_149' title='bbox 2671 712 2765 767; x_wconf 89' lang='grc' dir='ltr'><strong>τοῦ</strong></span> <span class='ocrx_word' id='word_1_150' title='bbox 2804 712 3127 783; x_wconf 85' lang='grc' dir='ltr'>τεθνηκότος</span> <span class='ocrx_word' id='word_1_151' title='bbox 3167 713 3545 782; x_wconf 83' lang='grc' dir='ltr'>συμϐουλεύει.</span> 
     </span>
    </p>
   </div>
   <div class='ocr_carea' id='block_1_24' title="bbox 1973 802 3549 878">
    <p class='ocr_par' dir='ltr' id='par_1_24' title="bbox 1973 802 3549 878">
     <span class='ocr_line' id='line_1_24' title="bbox 1973 802 3549 878; baseline -0.003 -17"><span class='ocrx_word' id='word_1_152' title='bbox 1973 808 2113 873; x_wconf 85' lang='grc' dir='ltr'><strong>Ἤδη</strong></span> <span class='ocrx_word' id='word_1_153' title='bbox 2146 808 2256 878; x_wconf 81' lang='grc' dir='ltr'><strong>γὰρ</strong></span> <span class='ocrx_word' id='word_1_154' title='bbox 2281 806 2379 875; x_wconf 82' lang='grc' dir='ltr'>τῆς</span> <span class='ocrx_word' id='word_1_155' title='bbox 2408 806 2765 875; x_wconf 81' lang='grc' dir='ltr'><strong>παρασκευῆς</strong></span> <span class='ocrx_word' id='word_1_156' title='bbox 2806 806 2927 864; x_wconf 86' lang='grc' dir='ltr'>ταῖς</span> <span class='ocrx_word' id='word_1_157' title='bbox 2961 802 3055 856; x_wconf 88' lang='grc' dir='ltr'><strong>τοῦ</strong></span> <span class='ocrx_word' id='word_1_158' title='bbox 3111 803 3266 875; x_wconf 79' lang='grc' dir='ltr'>ἡλίου</span> <span class='ocrx_word' id='word_1_159' title='bbox 3314 804 3549 874; x_wconf 75' lang='grc' dir='ltr'><strong>δυσμαῖς</strong></span> 
     </span>
    </p>
   </div>
   <div class='ocr_carea' id='block_1_25' title="bbox 1968 892 3549 968">
    <p class='ocr_par' dir='ltr' id='par_1_25' title="bbox 1968 892 3549 968">
     <span class='ocr_line' id='line_1_25' title="bbox 1968 892 3549 968; baseline -0.004 -16"><span class='ocrx_word' id='word_1_160' title='bbox 1968 896 2468 968; x_wconf 88' lang='grc' dir='ltr'>συνυποληγούσης,</span> <span class='ocrx_word' id='word_1_161' title='bbox 2493 895 2629 948; x_wconf 78' lang='grc' dir='ltr'>καὶό</span> <span class='ocrx_word' id='word_1_162' title='bbox 2648 893 2743 946; x_wconf 92' lang='grc' dir='ltr'><strong>τοῦ</strong></span> <span class='ocrx_word' id='word_1_163' title='bbox 2768 892 3048 948; x_wconf 84' lang='grc' dir='ltr'>Σαϐϐάτου</span> <span class='ocrx_word' id='word_1_164' title='bbox 3070 895 3234 964; x_wconf 86' lang='grc' dir='ltr'>νόμος</span> <span class='ocrx_word' id='word_1_165' title='bbox 3259 896 3327 966; x_wconf 77' lang='grc' dir='ltr'>τῇ</span> <span class='ocrx_word' id='word_1_166' title='bbox 3356 892 3549 947; x_wconf 78' lang='grc' dir='ltr'>ἐπιού-</span> 
     </span>
    </p>
   </div>
   <div class='ocr_carea' id='block_1_26' title="bbox 1968 980 3548 1060">
    <p class='ocr_par' dir='ltr' id='par_1_26' title="bbox 1968 980 3548 1060">
     <span class='ocr_line' id='line_1_26' title="bbox 1968 980 3548 1060; baseline -0.003 -21"><span class='ocrx_word' id='word_1_167' title='bbox 1968 1002 2040 1060; x_wconf 76' lang='grc' dir='ltr'>σῃ</span> <span class='ocrx_word' id='word_1_168' title='bbox 2066 983 2503 1052; x_wconf 83' lang='grc' dir='ltr'>συνανεφαίνετο”</span> <span class='ocrx_word' id='word_1_169' title='bbox 2546 982 2641 1034; x_wconf 79' lang='grc' dir='ltr'>καὶ</span> <span class='ocrx_word' id='word_1_170' title='bbox 2684 980 3056 1052; x_wconf 73' lang='grc' dir='ltr'><strong>πιθανώτερος</strong></span> <span class='ocrx_word' id='word_1_171' title='bbox 3086 982 3283 1048; x_wconf 76' lang='grc' dir='ltr'>ἐδόκει,</span> <span class='ocrx_word' id='word_1_172' title='bbox 3313 982 3409 1035; x_wconf 75' lang='grc' dir='ltr'>καὶ</span> <span class='ocrx_word' id='word_1_173' title='bbox 3453 981 3548 1035; x_wconf 64' lang='grc' dir='ltr'><strong>τὸν</strong></span> 
     </span>
    </p>
   </div>
   <div class='ocr_carea' id='block_1_27' title="bbox 1968 1072 3549 1149">
    <p class='ocr_par' dir='ltr' id='par_1_27' title="bbox 1968 1072 3549 1149">
     <span class='ocr_line' id='line_1_27' title="bbox 1968 1072 3549 1149; baseline -0.004 -17"><span class='ocrx_word' id='word_1_174' title='bbox 1968 1078 2131 1149; x_wconf 88' lang='grc' dir='ltr'>νόμον</span> <span class='ocrx_word' id='word_1_175' title='bbox 2160 1078 2289 1138; x_wconf 77' lang='grc' dir='ltr'>ἴσως</span> <span class='ocrx_word' id='word_1_176' title='bbox 2345 1073 2659 1141; x_wconf 81' lang='grc' dir='ltr'>ὑποφαίνων</span> <span class='ocrx_word' id='word_1_177' title='bbox 2684 1111 2700 1138; x_wconf 86' lang='grc'><strong>,</strong></span> <span class='ocrx_word' id='word_1_178' title='bbox 2730 1072 2797 1128; x_wconf 79' lang='grc' dir='ltr'>δι’</span> <span class='ocrx_word' id='word_1_179' title='bbox 2842 1073 2902 1127; x_wconf 83' lang='grc' dir='ltr'>ὃν</span> <span class='ocrx_word' id='word_1_180' title='bbox 2929 1074 3029 1127; x_wconf 77' lang='grc' dir='ltr'>οὐκ</span> <span class='ocrx_word' id='word_1_181' title='bbox 3074 1074 3242 1145; x_wconf 75' lang='grc' dir='ltr'>ἐχρῆν</span> <span class='ocrx_word' id='word_1_182' title='bbox 3293 1074 3549 1144; x_wconf 83' lang='grc' dir='ltr'>μετέωρα</span> 
     </span>
    </p>
   </div>
   <div class='ocr_carea' id='block_1_28' title="bbox 1970 1164 3548 1239">
    <p class='ocr_par' dir='ltr' id='par_1_28' title="bbox 1970 1164 3548 1239">
     <span class='ocr_line' id='line_1_28' title="bbox 1970 1164 3548 1239; baseline -0.004 -18"><span class='ocrx_word' id='word_1_183' title='bbox 1970 1169 2153 1239; x_wconf 79' lang='grc' dir='ltr'>μένειν</span> <span class='ocrx_word' id='word_1_184' title='bbox 2185 1168 2267 1221; x_wconf 79' lang='grc' dir='ltr'>ἔτι</span> <span class='ocrx_word' id='word_1_185' title='bbox 2288 1166 2357 1221; x_wconf 82' lang='grc' dir='ltr'>τὰ</span> <span class='ocrx_word' id='word_1_186' title='bbox 2384 1164 2614 1237; x_wconf 85' lang='grc' dir='ltr'>σώματα</span> <span class='ocrx_word' id='word_1_187' title='bbox 2648 1166 2757 1218; x_wconf 86' lang='grc' dir='ltr'><strong>τῶν</strong></span> <span class='ocrx_word' id='word_1_188' title='bbox 2787 1164 3170 1236; x_wconf 81' lang='grc' dir='ltr'><strong>ἀνῃρημένων.</strong></span> <span class='ocrx_word' id='word_1_189' title='bbox 3196 1164 3280 1217; x_wconf 79' lang='grc' dir='ltr'><strong>Τὰ</strong></span> <span class='ocrx_word' id='word_1_190' title='bbox 3308 1164 3405 1235; x_wconf 84' lang='grc' dir='ltr'>μὲν</span> <span class='ocrx_word' id='word_1_191' title='bbox 3436 1164 3548 1235; x_wconf 79' lang='grc' dir='ltr'><strong>γὰρ</strong></span> 
     </span>
    </p>
   </div>
   <div class='ocr_carea' id='block_1_29' title="bbox 1968 1255 3551 1325">
    <p class='ocr_par' dir='ltr' id='par_1_29' title="bbox 1968 1255 3551 1325">
     <span class='ocr_line' id='line_1_29' title="bbox 1968 1255 3551 1325; baseline -0.003 -11"><span class='ocrx_word' id='word_1_192' title='bbox 1968 1259 2103 1314; x_wconf 83' lang='grc' dir='ltr'>ἄλλα</span> <span class='ocrx_word' id='word_1_193' title='bbox 2126 1259 2235 1313; x_wconf 86' lang='grc' dir='ltr'>τῶν</span> <span class='ocrx_word' id='word_1_194' title='bbox 2279 1258 2548 1311; x_wconf 82' lang='grc' dir='ltr'>Ἰουδαίων</span> <span class='ocrx_word' id='word_1_195' title='bbox 2579 1255 2863 1325; x_wconf 80' lang='grc' dir='ltr'>ὲκθέσμως</span> <span class='ocrx_word' id='word_1_196' title='bbox 2904 1256 3271 1324; x_wconf 83' lang='grc' dir='ltr'>πραττόντων,</span> <span class='ocrx_word' id='word_1_197' title='bbox 3296 1255 3391 1308; x_wconf 80' lang='grc' dir='ltr'>καὶ</span> <span class='ocrx_word' id='word_1_198' title='bbox 3417 1256 3551 1309; x_wconf 79' lang='grc' dir='ltr'>ἁπε-</span> 
     </span>
    </p>
   </div>
   <div class='ocr_carea' id='block_1_30' title="bbox 1972 1345 3545 1422">
    <p class='ocr_par' dir='ltr' id='par_1_30' title="bbox 1972 1345 3545 1422">
     <span class='ocr_line' id='line_1_30' title="bbox 1972 1345 3545 1422; baseline -0.004 -20"><span class='ocrx_word' id='word_1_199' title='bbox 1972 1349 2287 1422; x_wconf 85' lang='grc' dir='ltr'>ρικαλύπτῳ</span> <span class='ocrx_word' id='word_1_200' title='bbox 2314 1350 2381 1419; x_wconf 80' lang='grc' dir='ltr'>τῇ</span> <span class='ocrx_word' id='word_1_201' title='bbox 2413 1347 2621 1418; x_wconf 76' lang='grc' dir='ltr'>κεφαλῇ</span> <span class='ocrx_word' id='word_1_202' title='bbox 2650 1347 2758 1399; x_wconf 88' lang='grc' dir='ltr'><strong>τῶν</strong></span> <span class='ocrx_word' id='word_1_203' title='bbox 2789 1346 3034 1417; x_wconf 86' lang='grc' dir='ltr'>πατρίων</span> <span class='ocrx_word' id='word_1_204' title='bbox 3073 1345 3545 1416; x_wconf 80' lang='grc' dir='ltr'>ὲκδιαιτωμένων,</span> 
     </span>
    </p>
   </div>
   <div class='ocr_carea' id='block_1_31' title="bbox 1967 1436 3549 1508">
    <p class='ocr_par' dir='ltr' id='par_1_31' title="bbox 1967 1436 3549 1508">
     <span class='ocr_line' id='line_1_31' title="bbox 1967 1436 3549 1508; baseline -0.003 -15"><span class='ocrx_word' id='word_1_205' title='bbox 1967 1442 2026 1493; x_wconf 79' lang='grc' dir='ltr'>ὲν</span> <span class='ocrx_word' id='word_1_206' title='bbox 2049 1436 2129 1503; x_wconf 79' lang='grc' dir='ltr'><strong>οἷς</strong></span> <span class='ocrx_word' id='word_1_207' title='bbox 2158 1440 2311 1492; x_wconf 78' lang='grc' dir='ltr'>οὐδὲν</span> <span class='ocrx_word' id='word_1_208' title='bbox 2349 1436 2641 1491; x_wconf 85' lang='grc' dir='ltr'>ἀντίπαλον</span> <span class='ocrx_word' id='word_1_209' title='bbox 2695 1436 2790 1490; x_wconf 82' lang='grc' dir='ltr'><strong>τοῦ</strong></span> <span class='ocrx_word' id='word_1_210' title='bbox 2838 1437 3143 1508; x_wconf 82' lang='grc' dir='ltr'><strong>θελήματος</strong></span> <span class='ocrx_word' id='word_1_211' title='bbox 3167 1437 3404 1507; x_wconf 75' lang='grc' dir='ltr'>ἀπήντα,</span> <span class='ocrx_word' id='word_1_212' title='bbox 3450 1437 3549 1490; x_wconf 74' lang='grc' dir='ltr'>καὶ</span> 
     </span>
    </p>
   </div>
   <div class='ocr_carea' id='block_1_32' title="bbox 1970 1526 3551 1603">
    <p class='ocr_par' dir='ltr' id='par_1_32' title="bbox 1970 1526 3551 1603">
     <span class='ocr_line' id='line_1_32' title="bbox 1970 1526 3551 1603; baseline -0.002 -19"><span class='ocrx_word' id='word_1_213' title='bbox 1970 1534 2163 1603; x_wconf 75' lang='grc' dir='ltr'>ῥᾷστον</span> <span class='ocrx_word' id='word_1_214' title='bbox 2218 1526 2287 1600; x_wconf 81' lang='grc' dir='ltr'>ἦν</span> <span class='ocrx_word' id='word_1_215' title='bbox 2343 1529 2645 1596; x_wconf 73' lang='grc' dir='ltr'>ἐκτελέσαι,</span> <span class='ocrx_word' id='word_1_216' title='bbox 2670 1530 2705 1597; x_wconf 79' lang='grc' dir='ltr'><strong>η</strong></span> <span class='ocrx_word' id='word_1_217' title='bbox 2748 1529 2885 1599; x_wconf 60' lang='grc' dir='ltr'>περιέ</span> <span class='ocrx_word' id='word_1_218' title='bbox 2916 1530 3045 1592; x_wconf 78' lang='grc' dir='ltr'>τοὺς</span> <span class='ocrx_word' id='word_1_219' title='bbox 3076 1529 3273 1599; x_wconf 84' lang='grc' dir='ltr'>νόμους</span> <span class='ocrx_word' id='word_1_220' title='bbox 3296 1527 3551 1583; x_wconf 75' lang='grc' dir='ltr'>εὐλάϐεια</span> 
     </span>
    </p>
   </div>
   <div class='ocr_carea' id='block_1_33' title="bbox 1968 1616 3549 1690">
    <p class='ocr_par' dir='ltr' id='par_1_33' title="bbox 1968 1616 3549 1690">
     <span class='ocr_line' id='line_1_33' title="bbox 1968 1616 3549 1690; baseline -0.001 -16"><span class='ocrx_word' id='word_1_221' title='bbox 1968 1619 2392 1685; x_wconf 76' lang='grc' dir='ltr'>κατεσπούδαζε.</span> <span class='ocrx_word' id='word_1_222' title='bbox 2421 1620 2532 1674; x_wconf 78' lang='grc' dir='ltr'><strong>Καὶ</strong></span> <span class='ocrx_word' id='word_1_223' title='bbox 2552 1620 2639 1682; x_wconf 88' lang='grc' dir='ltr'><strong>δός</strong></span> <span class='ocrx_word' id='word_1_224' title='bbox 2673 1635 2786 1689; x_wconf 86' lang='grc' dir='ltr'>μοι,</span> <span class='ocrx_word' id='word_1_225' title='bbox 2816 1620 2981 1689; x_wconf 74' lang='grc' dir='ltr'>φησὶν</span> <span class='ocrx_word' id='word_1_226' title='bbox 3011 1621 3042 1673; x_wconf 82' lang='grc' dir='ltr'>ὁ</span> <span class='ocrx_word' id='word_1_227' title='bbox 3080 1618 3302 1690; x_wconf 81' lang='grc' dir='ltr'>Ἰωσὴφ,</span> <span class='ocrx_word' id='word_1_228' title='bbox 3328 1619 3377 1672; x_wconf 84' lang='grc' dir='ltr'><strong>εί</strong></span> <span class='ocrx_word' id='word_1_229' title='bbox 3423 1616 3549 1689; x_wconf 86' lang='grc' dir='ltr'>βού-</span> 
     </span>
    </p>
   </div>
   <div class='ocr_carea' id='block_1_34' title="bbox 298 1702 1868 1789">
    <p class='ocr_par' dir='ltr' id='par_1_34' title="bbox 298 1702 1867 1776">
     <span class='ocr_line' id='line_1_34' title="bbox 298 1702 1867 1776; baseline -0.003 -15"><span class='ocrx_word' id='word_1_230' title='bbox 298 1708 384 1761; x_wconf 87' lang='lat' dir='ltr'><strong>ius</strong></span> <span class='ocrx_word' id='word_1_231' title='bbox 416 1707 738 1776; x_wconf 89' lang='lat' dir='ltr'><strong>permansit,</strong></span> <span class='ocrx_word' id='word_1_232' title='bbox 780 1720 847 1759; x_wconf 92' lang='lat' dir='ltr'><strong>ne</strong></span> <span class='ocrx_word' id='word_1_233' title='bbox 879 1704 1179 1758; x_wconf 87' lang='lat' dir='ltr'><strong>amicorum</strong></span> <span class='ocrx_word' id='word_1_234' title='bbox 1211 1702 1454 1773; x_wconf 87' lang='lat' dir='ltr'><strong>quidem,</strong></span> <span class='ocrx_word' id='word_1_235' title='bbox 1492 1704 1560 1757; x_wconf 90' lang='lat' dir='ltr'><strong>ad</strong></span> <span class='ocrx_word' id='word_1_236' title='bbox 1597 1703 1867 1772; x_wconf 81' lang='lat' dir='ltr'><strong>sepelien-</strong></span> 
     </span>
    </p>
   </div>
   <div class='ocr_carea' id='block_1_35' title="bbox 1971 1702 3543 1789">
    <p class='ocr_par' dir='ltr' id='par_1_35' title="bbox 1971 1710 3543 1789">
     <span class='ocr_line' id='line_1_35' title="bbox 1971 1710 3543 1789; baseline -0.001 -23"><span class='ocrx_word' id='word_1_237' title='bbox 1971 1713 2069 1777; x_wconf 87' lang='grc' dir='ltr'>λει,</span> <span class='ocrx_word' id='word_1_238' title='bbox 2098 1712 2264 1782; x_wconf 81' lang='grc' dir='ltr'>θάψαι</span> <span class='ocrx_word' id='word_1_239' title='bbox 2284 1712 2375 1765; x_wconf 84' lang='grc' dir='ltr'>τὸν</span> <span class='ocrx_word' id='word_1_240' title='bbox 2398 1710 2591 1789; x_wconf 68' lang='grc' dir='ltr'>νεκρδν</span> <span class='ocrx_word' id='word_1_241' title='bbox 2618 1710 2713 1764; x_wconf 89' lang='grc' dir='ltr'><strong>τοῦ</strong></span> <span class='ocrx_word' id='word_1_242' title='bbox 2753 1710 2954 1779; x_wconf 86' lang='grc' dir='ltr'>Ἰησοῦ,</span> <span class='ocrx_word' id='word_1_243' title='bbox 2978 1710 3038 1764; x_wconf 78' lang='grc' dir='ltr'>ὃν</span> <span class='ocrx_word' id='word_1_244' title='bbox 3066 1710 3379 1782; x_wconf 43' lang='grc' dir='ltr'>οίδγνωστοὶ</span> <span class='ocrx_word' id='word_1_245' title='bbox 3409 1710 3543 1764; x_wconf 82' lang='grc' dir='ltr'>πάν-</span> 
     </span>
    </p>
   </div>
   <div class='ocr_carea' id='block_1_36' title="bbox 297 1795 1868 1863">
    <p class='ocr_par' dir='ltr' id='par_1_36' title="bbox 297 1795 1868 1863">
     <span class='ocr_line' id='line_1_36' title="bbox 297 1795 1868 1863; baseline -0.002 -12"><span class='ocrx_word' id='word_1_246' title='bbox 297 1798 451 1863; x_wconf 92' lang='lat' dir='ltr'><strong>dum,</strong></span> <span class='ocrx_word' id='word_1_247' title='bbox 488 1797 641 1851; x_wconf 87' lang='lat' dir='ltr'><strong>abest</strong></span> <span class='ocrx_word' id='word_1_248' title='bbox 666 1811 697 1849; x_wconf 91' lang='lat' dir='ltr'><strong>a</strong></span> <span class='ocrx_word' id='word_1_249' title='bbox 725 1804 777 1849; x_wconf 91' lang='lat' dir='ltr'><strong>te</strong></span> <span class='ocrx_word' id='word_1_250' title='bbox 798 1795 866 1849; x_wconf 90' lang='lat' dir='ltr'><strong>de</strong></span> <span class='ocrx_word' id='word_1_251' title='bbox 894 1809 1062 1862; x_wconf 83' lang='lat' dir='ltr'><strong>regno</strong></span> <span class='ocrx_word' id='word_1_252' title='bbox 1103 1801 1283 1847; x_wconf 91' lang='lat' dir='ltr'><strong>metus</strong></span> <span class='ocrx_word' id='word_1_253' title='bbox 1311 1808 1327 1855; x_wconf 65' lang='grc' dir='ltr'>ξ</span> <span class='ocrx_word' id='word_1_254' title='bbox 1377 1802 1623 1847; x_wconf 91' lang='lat' dir='ltr'><strong>mortuus</strong></span> <span class='ocrx_word' id='word_1_255' title='bbox 1659 1801 1741 1847; x_wconf 90' lang='lat' dir='ltr'><strong>est</strong></span> <span class='ocrx_word' id='word_1_256' title='bbox 1772 1795 1868 1863; x_wconf 89' lang='lat' dir='ltr'><strong>qui</strong></span> 
     </span>
    </p>
   </div>
   <div class='ocr_carea' id='block_1_37' title="bbox 298 1885 1865 1961">
    <p class='ocr_par' dir='ltr' id='par_1_37' title="bbox 298 1885 1865 1961">
     <span class='ocr_line' id='line_1_37' title="bbox 298 1885 1865 1961; baseline -0.001 -19"><span class='ocrx_word' id='word_1_257' title='bbox 298 1897 623 1957; x_wconf 85' lang='lat' dir='ltr'><strong>potestatem</strong></span> <span class='ocrx_word' id='word_1_258' title='bbox 668 1887 1020 1957; x_wconf 78' lang='lat' dir='ltr'><strong>magistratus</strong></span> <span class='ocrx_word' id='word_1_259' title='bbox 1074 1893 1441 1954; x_wconf 88' lang='lat' dir='ltr'><strong>occupaturus</strong></span> <span class='ocrx_word' id='word_1_260' title='bbox 1486 1885 1865 1961; x_wconf 65' lang='lat' dir='ltr'><strong>incusabatur,</strong></span> 
     </span>
    </p>
   </div>
   <div class='ocr_carea' id='block_1_38' title="bbox 297 1976 1869 2048">
    <p class='ocr_par' dir='ltr' id='par_1_38' title="bbox 297 1976 1869 2048">
     <span class='ocr_line' id='line_1_38' title="bbox 297 1976 1869 2048; baseline -0.001 -16"><span class='ocrx_word' id='word_1_261' title='bbox 297 1979 377 2034; x_wconf 84' lang='lat' dir='ltr'><strong>Ad</strong></span> <span class='ocrx_word' id='word_1_262' title='bbox 413 1980 584 2048; x_wconf 89' lang='lat' dir='ltr'><strong>ipsam</strong></span> <span class='ocrx_word' id='word_1_263' title='bbox 621 1977 996 2047; x_wconf 90' lang='lat' dir='ltr'><strong>apparentiam</strong></span> <span class='ocrx_word' id='word_1_264' title='bbox 1025 1991 1221 2046; x_wconf 78' lang='lat' dir='ltr'><strong>expers</strong></span> <span class='ocrx_word' id='word_1_265' title='bbox 1246 1977 1400 2030; x_wconf 90' lang='lat' dir='ltr'><strong>visus</strong></span> <span class='ocrx_word' id='word_1_266' title='bbox 1431 1984 1517 2030; x_wconf 90' lang='lat' dir='ltr'><strong>est</strong></span> <span class='ocrx_word' id='word_1_267' title='bbox 1568 1977 1746 2031; x_wconf 88' lang='lat' dir='ltr'><strong>omnis</strong></span> <span class='ocrx_word' id='word_1_268' title='bbox 1785 1976 1869 2031; x_wconf 86' lang='lat' dir='ltr'><strong>in-</strong></span> 
     </span>
    </p>
   </div>
   <div class='ocr_carea' id='block_1_39' title="bbox 294 2064 1868 2136">
    <p class='ocr_par' dir='ltr' id='par_1_39' title="bbox 294 2064 1868 2136">
     <span class='ocr_line' id='line_1_39' title="bbox 294 2064 1868 2136; baseline 0.003 -19"><span class='ocrx_word' id='word_1_269' title='bbox 294 2065 555 2133; x_wconf 68' lang='lat' dir='ltr'><strong>justitiaez</strong></span> <span class='ocrx_word' id='word_1_270' title='bbox 585 2079 746 2134; x_wconf 90' lang='lat' dir='ltr'><strong>quem</strong></span> <span class='ocrx_word' id='word_1_271' title='bbox 778 2064 1169 2134; x_wconf 89' lang='lat' dir='ltr'><strong>prophetarum</strong></span> <span class='ocrx_word' id='word_1_272' title='bbox 1215 2064 1551 2119; x_wconf 79' lang='lat' dir='ltr'><strong>interfectrix</strong></span> <span class='ocrx_word' id='word_1_273' title='bbox 1595 2066 1780 2136; x_wconf 85' lang='lat' dir='ltr'><strong>lingua</strong></span> <span class='ocrx_word' id='word_1_274' title='bbox 1814 2078 1868 2121; x_wconf 90' lang='lat' dir='ltr'><strong>et</strong></span> 
     </span>
    </p>
   </div>
   <div class='ocr_carea' id='block_1_40' title="bbox 298 2154 1867 2222">
    <p class='ocr_par' dir='ltr' id='par_1_40' title="bbox 298 2154 1867 2222">
     <span class='ocr_line' id='line_1_40' title="bbox 298 2154 1867 2222; baseline 0.003 -15"><span class='ocrx_word' id='word_1_275' title='bbox 298 2171 406 2209; x_wconf 80' lang='lat' dir='ltr'><strong>vox</strong></span> <span class='ocrx_word' id='word_1_276' title='bbox 438 2165 492 2210; x_wconf 87' lang='lat' dir='ltr'><strong>et</strong></span> <span class='ocrx_word' id='word_1_277' title='bbox 520 2170 739 2222; x_wconf 83' lang='lat' dir='ltr'><strong>manus,</strong></span> <span class='ocrx_word' id='word_1_278' title='bbox 761 2164 815 2210; x_wconf 90' lang='lat' dir='ltr'><strong>te</strong></span> <span class='ocrx_word' id='word_1_279' title='bbox 855 2154 997 2210; x_wconf 91' lang='lat' dir='ltr'><strong>ferre</strong></span> <span class='ocrx_word' id='word_1_280' title='bbox 1025 2163 1283 2211; x_wconf 85' lang='lat' dir='ltr'><strong>censente</strong></span> <span class='ocrx_word' id='word_1_281' title='bbox 1330 2157 1709 2211; x_wconf 86' lang='lat' dir='ltr'><strong>humaniorem</strong></span> <span class='ocrx_word' id='word_1_282' title='bbox 1738 2172 1867 2212; x_wconf 89' lang='lat' dir='ltr'><strong>sen-</strong></span> 
     </span>
    </p>
   </div>
   <div class='ocr_carea' id='block_1_41' title="bbox 299 2245 1867 2309">
    <p class='ocr_par' dir='ltr' id='par_1_41' title="bbox 299 2245 1867 2309">
     <span class='ocr_line' id='line_1_41' title="bbox 299 2245 1867 2309; baseline -0.001 -7"><span class='ocrx_word' id='word_1_283' title='bbox 299 2246 550 2309; x_wconf 82' lang='lat' dir='ltr'><strong>tentiam,</strong></span> <span class='ocrx_word' id='word_1_284' title='bbox 587 2245 689 2300; x_wconf 88' lang='lat' dir='ltr'><strong>sub</strong></span> <span class='ocrx_word' id='word_1_285' title='bbox 717 2245 1122 2299; x_wconf 88' lang='lat' dir='ltr'><strong>damnationem</strong></span> <span class='ocrx_word' id='word_1_286' title='bbox 1158 2245 1352 2299; x_wconf 89' lang='lat' dir='ltr'><strong>mortis</strong></span> <span class='ocrx_word' id='word_1_287' title='bbox 1384 2247 1735 2302; x_wconf 83' lang='lat' dir='ltr'><strong>induxerunt.</strong></span> <span class='ocrx_word' id='word_1_288' title='bbox 1791 2249 1867 2301; x_wconf 90' lang='lat' dir='ltr'><strong>Da</strong></span> 
     </span>
    </p>
   </div>
   <div class='ocr_carea' id='block_1_42' title="bbox 301 2334 1865 2405">
    <p class='ocr_par' dir='ltr' id='par_1_42' title="bbox 301 2334 1865 2405">
     <span class='ocr_line' id='line_1_42' title="bbox 301 2334 1865 2405; baseline 0.003 -16"><span class='ocrx_word' id='word_1_289' title='bbox 301 2334 432 2391; x_wconf 88' lang='lat' dir='ltr'><strong>mihi</strong></span> <span class='ocrx_word' id='word_1_290' title='bbox 461 2349 701 2389; x_wconf 89' lang='lat' dir='ltr'><strong>annuere</strong></span> <span class='ocrx_word' id='word_1_291' title='bbox 728 2334 980 2405; x_wconf 81' lang='lat' dir='ltr'><strong>gratiam,</strong></span> <span class='ocrx_word' id='word_1_292' title='bbox 1015 2349 1111 2403; x_wconf 91' lang='lat' dir='ltr'><strong>per</strong></span> <span class='ocrx_word' id='word_1_293' title='bbox 1153 2349 1317 2404; x_wconf 90' lang='lat' dir='ltr'><strong>quam</strong></span> <span class='ocrx_word' id='word_1_294' title='bbox 1351 2334 1488 2389; x_wconf 86' lang='lat' dir='ltr'><strong>alios</strong></span> <span class='ocrx_word' id='word_1_295' title='bbox 1520 2336 1741 2391; x_wconf 90' lang='lat' dir='ltr'><strong>minime</strong></span> <span class='ocrx_word' id='word_1_296' title='bbox 1770 2338 1865 2393; x_wconf 64' lang='lat' dir='ltr'><strong>lm-</strong></span> 
     </span>
    </p>
   </div>
   <div class='ocr_carea' id='block_1_43' title="bbox 299 2422 1868 2496">
    <p class='ocr_par' dir='ltr' id='par_1_43' title="bbox 299 2422 1868 2496">
     <span class='ocr_line' id='line_1_43' title="bbox 299 2422 1868 2496; baseline 0.003 -18"><span class='ocrx_word' id='word_1_297' title='bbox 299 2425 427 2479; x_wconf 86' lang='lat' dir='ltr'><strong>dere</strong></span> <span class='ocrx_word' id='word_1_298' title='bbox 453 2433 646 2494; x_wconf 89' lang='lat' dir='ltr'><strong>potes;</strong></span> <span class='ocrx_word' id='word_1_299' title='bbox 698 2440 804 2479; x_wconf 91' lang='lat' dir='ltr'><strong>non</strong></span> <span class='ocrx_word' id='word_1_300' title='bbox 835 2424 980 2479; x_wconf 91' lang='lat' dir='ltr'><strong>enim</strong></span> <span class='ocrx_word' id='word_1_301' title='bbox 1012 2422 1323 2479; x_wconf 70' lang='lat' dir='ltr'><strong>Iudaeorum</strong></span> <span class='ocrx_word' id='word_1_302' title='bbox 1372 2426 1531 2480; x_wconf 89' lang='lat' dir='ltr'><strong>turba</strong></span> <span class='ocrx_word' id='word_1_303' title='bbox 1564 2442 1705 2496; x_wconf 49' lang='lat' dir='ltr'><strong>aegre</strong></span> <span class='ocrx_word' id='word_1_304' title='bbox 1732 2427 1868 2483; x_wconf 89' lang='lat' dir='ltr'><strong>feret</strong></span> 
     </span>
    </p>
   </div>
   <div class='ocr_carea' id='block_1_44' title="bbox 300 2518 1868 2589">
    <p class='ocr_par' dir='ltr' id='par_1_44' title="bbox 300 2518 1868 2589">
     <span class='ocr_line' id='line_1_44' title="bbox 300 2518 1868 2589; baseline 0.001 -17"><span class='ocrx_word' id='word_1_305' title='bbox 300 2518 345 2572; x_wconf 77' lang='lat' dir='ltr'><strong>si</strong></span> <span class='ocrx_word' id='word_1_306' title='bbox 374 2526 516 2572; x_wconf 87' lang='lat' dir='ltr'><strong>terra</strong></span> <span class='ocrx_word' id='word_1_307' title='bbox 541 2518 753 2573; x_wconf 86' lang='lat' dir='ltr'><strong>noverit</strong></span> <span class='ocrx_word' id='word_1_308' title='bbox 771 2518 1149 2573; x_wconf 90' lang='lat' dir='ltr'><strong>absconditum</strong></span> <span class='ocrx_word' id='word_1_309' title='bbox 1175 2518 1478 2573; x_wconf 90' lang='lat' dir='ltr'><strong>inimicum.</strong></span> <span class='ocrx_word' id='word_1_310' title='bbox 1504 2518 1672 2589; x_wconf 81' lang='lat' dir='ltr'><strong>Magis</strong></span> <span class='ocrx_word' id='word_1_311' title='bbox 1702 2520 1868 2588; x_wconf 83' lang='lat' dir='ltr'><strong>igitur</strong></span> 
     </span>
    </p>
   </div>
   <div class='ocr_carea' id='block_1_45' title="bbox 298 2607 1866 2679">
    <p class='ocr_par' dir='ltr' id='par_1_45' title="bbox 298 2607 1866 2679">
     <span class='ocr_line' id='line_1_45' title="bbox 298 2607 1866 2679; baseline 0.001 -14"><span class='ocrx_word' id='word_1_312' title='bbox 298 2607 576 2674; x_wconf 88' lang='lat' dir='ltr'><strong>dolebunt,</strong></span> <span class='ocrx_word' id='word_1_313' title='bbox 627 2610 672 2663; x_wconf 87' lang='lat' dir='ltr'><strong>si</strong></span> <span class='ocrx_word' id='word_1_314' title='bbox 707 2618 982 2663; x_wconf 91' lang='lat' dir='ltr'><strong>mortuum</strong></span> <span class='ocrx_word' id='word_1_315' title='bbox 1025 2624 1186 2679; x_wconf 91' lang='lat' dir='ltr'><strong>quem</strong></span> <span class='ocrx_word' id='word_1_316' title='bbox 1215 2611 1442 2665; x_wconf 91' lang='lat' dir='ltr'><strong>oderant</strong></span> <span class='ocrx_word' id='word_1_317' title='bbox 1491 2611 1753 2674; x_wconf 84' lang='lat' dir='ltr'><strong>viderint,</strong></span> <span class='ocrx_word' id='word_1_318' title='bbox 1812 2614 1866 2667; x_wconf 88' lang='lat' dir='ltr'><strong>id</strong></span> 
     </span>
    </p>
   </div>
   <div class='ocr_carea' id='block_1_46' title="bbox 302 2700 1868 2771">
    <p class='ocr_par' dir='ltr' id='par_1_46' title="bbox 302 2700 1868 2771">
     <span class='ocr_line' id='line_1_46' title="bbox 302 2700 1868 2771; baseline 0.003 -18"><span class='ocrx_word' id='word_1_319' title='bbox 302 2709 410 2763; x_wconf 88' lang='lat' dir='ltr'><strong>est,</strong></span> <span class='ocrx_word' id='word_1_320' title='bbox 436 2714 625 2754; x_wconf 88' lang='lat' dir='ltr'><strong>eorum</strong></span> <span class='ocrx_word' id='word_1_321' title='bbox 662 2700 941 2754; x_wconf 87' lang='lat' dir='ltr'><strong>victimam</strong></span> <span class='ocrx_word' id='word_1_322' title='bbox 987 2716 1148 2763; x_wconf 83' lang='lat' dir='ltr'><strong>cruce</strong></span> <span class='ocrx_word' id='word_1_323' title='bbox 1192 2702 1614 2771; x_wconf 88' lang='lat' dir='ltr'><strong>triumphantem</strong></span> <span class='ocrx_word' id='word_1_324' title='bbox 1638 2719 1868 2758; x_wconf 88' lang='lat' dir='ltr'><strong>cernen-</strong></span> 
     </span>
    </p>
   </div>
   <div class='ocr_carea' id='block_1_47' title="bbox 298 2790 1862 2864">
    <p class='ocr_par' dir='ltr' id='par_1_47' title="bbox 298 2790 1862 2864">
     <span class='ocr_line' id='line_1_47' title="bbox 298 2790 1862 2864; baseline 0.001 -19"><span class='ocrx_word' id='word_1_325' title='bbox 298 2791 434 2845; x_wconf 89' lang='lat' dir='ltr'><strong>tium</strong></span> <span class='ocrx_word' id='word_1_326' title='bbox 476 2791 884 2845; x_wconf 87' lang='lat' dir='ltr'><strong>miserationem</strong></span> <span class='ocrx_word' id='word_1_327' title='bbox 917 2790 1299 2857; x_wconf 89' lang='lat' dir='ltr'><strong>adducentem,</strong></span> <span class='ocrx_word' id='word_1_328' title='bbox 1347 2801 1400 2846; x_wconf 93' lang='lat' dir='ltr'><strong>et</strong></span> <span class='ocrx_word' id='word_1_329' title='bbox 1430 2795 1862 2864; x_wconf 84' lang='lat' dir='ltr'><strong>crucifigentium</strong></span> 
     </span>
    </p>
   </div>
   <div class='ocr_carea' id='block_1_48' title="bbox 296 2883 1871 2953">
    <p class='ocr_par' dir='ltr' id='par_1_48' title="bbox 296 2883 1871 2953">
     <span class='ocr_line' id='line_1_48' title="bbox 296 2883 1871 2953; baseline 0.002 -16"><span class='ocrx_word' id='word_1_330' title='bbox 296 2883 673 2938; x_wconf 88' lang='lat' dir='ltr'><strong>crudelitatem</strong></span> <span class='ocrx_word' id='word_1_331' title='bbox 694 2883 1026 2953; x_wconf 84' lang='lat' dir='ltr'><strong>exprobrare</strong></span> <span class='ocrx_word' id='word_1_332' title='bbox 1044 2883 1427 2952; x_wconf 83' lang='lat' dir='ltr'><strong>inspirantem;</strong></span> <span class='ocrx_word' id='word_1_333' title='bbox 1449 2900 1627 2953; x_wconf 88' lang='lat' dir='ltr'><strong>neque</strong></span> <span class='ocrx_word' id='word_1_334' title='bbox 1643 2886 1871 2941; x_wconf 75' lang='lat' dir='ltr'><strong>Caesaris</strong></span> 
     </span>
    </p>
   </div>
   <div class='ocr_carea' id='block_1_49' title="bbox 296 2972 1871 3043">
    <p class='ocr_par' dir='ltr' id='par_1_49' title="bbox 296 2972 1871 3043">
     <span class='ocr_line' id='line_1_49' title="bbox 296 2972 1871 3043; baseline 0.002 -15"><span class='ocrx_word' id='word_1_335' title='bbox 296 2974 602 3028; x_wconf 86' lang='lat' dir='ltr'><strong>amicitiam</strong></span> <span class='ocrx_word' id='word_1_336' title='bbox 638 2989 747 3043; x_wconf 75' lang='lat' dir='ltr'><strong>prae</strong></span> <span class='ocrx_word' id='word_1_337' title='bbox 778 2989 837 3030; x_wconf 89' lang='lat' dir='ltr'><strong>se</strong></span> <span class='ocrx_word' id='word_1_338' title='bbox 860 2973 1061 3027; x_wconf 84' lang='lat' dir='ltr'><strong>ferent.</strong></span> <span class='ocrx_word' id='word_1_339' title='bbox 1098 2972 1217 3027; x_wconf 85' lang='lat' dir='ltr'><strong>Non</strong></span> <span class='ocrx_word' id='word_1_340' title='bbox 1249 2990 1329 3039; x_wconf 87' lang='lat' dir='ltr'><strong>es,</strong></span> <span class='ocrx_word' id='word_1_341' title='bbox 1362 2976 1625 3042; x_wconf 79' lang='lat' dir='ltr'><strong>dicentes,</strong></span> <span class='ocrx_word' id='word_1_342' title='bbox 1661 2977 1871 3032; x_wconf 90' lang='lat' dir='ltr'><strong>amicus</strong></span> 
     </span>
    </p>
   </div>
   <div class='ocr_carea' id='block_1_50' title="bbox 296 3063 1873 3135">
    <p class='ocr_par' dir='ltr' id='par_1_50' title="bbox 296 3063 1873 3135">
     <span class='ocr_line' id='line_1_50' title="bbox 296 3063 1873 3135; baseline 0.002 -16"><span class='ocrx_word' id='word_1_343' title='bbox 296 3064 549 3129; x_wconf 67' lang='lat' dir='ltr'><strong>Caesaris,</strong></span> <span class='ocrx_word' id='word_1_344' title='bbox 577 3064 623 3120; x_wconf 88' lang='lat' dir='ltr'><strong>si</strong></span> <span class='ocrx_word' id='word_1_345' title='bbox 654 3066 885 3119; x_wconf 81' lang='lat' dir='ltr'><strong>cadaver</strong></span> <span class='ocrx_word' id='word_1_346' title='bbox 923 3063 1137 3118; x_wconf 88' lang='lat' dir='ltr'><strong>dederis</strong></span> <span class='ocrx_word' id='word_1_347' title='bbox 1162 3074 1303 3118; x_wconf 90' lang='lat' dir='ltr'><strong>terra</strong></span> <span class='ocrx_word' id='word_1_348' title='bbox 1335 3066 1581 3135; x_wconf 84' lang='lat' dir='ltr'><strong>sepeliri;</strong></span> <span class='ocrx_word' id='word_1_349' title='bbox 1608 3068 1727 3122; x_wconf 91' lang='lat' dir='ltr'><strong>sine</strong></span> <span class='ocrx_word' id='word_1_350' title='bbox 1761 3069 1873 3122; x_wconf 83' lang='lat' dir='ltr'><strong>hae-</strong></span> 
     </span>
    </p>
   </div>
   <div class='ocr_carea' id='block_1_51' title="bbox 298 3154 1868 3228">
    <p class='ocr_par' dir='ltr' id='par_1_51' title="bbox 298 3154 1868 3228">
     <span class='ocr_line' id='line_1_51' title="bbox 298 3154 1868 3228; baseline 0.004 -22"><span class='ocrx_word' id='word_1_351' title='bbox 298 3154 574 3219; x_wconf 83' lang='lat' dir='ltr'><strong>sitatione,</strong></span> <span class='ocrx_word' id='word_1_352' title='bbox 610 3155 656 3209; x_wconf 92' lang='lat' dir='ltr'><strong>si</strong></span> <span class='ocrx_word' id='word_1_353' title='bbox 693 3155 770 3208; x_wconf 86' lang='lat' dir='ltr'><strong>vis</strong></span> <span class='ocrx_word' id='word_1_354' title='bbox 793 3164 1027 3217; x_wconf 89' lang='lat' dir='ltr'><strong>tantum,</strong></span> <span class='ocrx_word' id='word_1_355' title='bbox 1057 3154 1368 3224; x_wconf 90' lang='lat' dir='ltr'><strong>implebitur</strong></span> <span class='ocrx_word' id='word_1_356' title='bbox 1403 3172 1522 3211; x_wconf 89' lang='lat' dir='ltr'><strong>mea</strong></span> <span class='ocrx_word' id='word_1_357' title='bbox 1553 3159 1868 3228; x_wconf 89' lang='lat' dir='ltr'><strong>postulatio.</strong></span> 
     </span>
    </p>
   </div>
   <div class='ocr_carea' id='block_1_52' title="bbox 298 3242 1868 3316">
    <p class='ocr_par' dir='ltr' id='par_1_52' title="bbox 298 3242 1868 3316">
     <span class='ocr_line' id='line_1_52' title="bbox 298 3242 1868 3316; baseline 0.004 -21"><span class='ocrx_word' id='word_1_358' title='bbox 298 3242 522 3299; x_wconf 86' lang='lat' dir='ltr'><strong>Talibus</strong></span> <span class='ocrx_word' id='word_1_359' title='bbox 543 3243 703 3297; x_wconf 88' lang='lat' dir='ltr'><strong>Pilati</strong></span> <span class='ocrx_word' id='word_1_360' title='bbox 724 3252 960 3297; x_wconf 89' lang='lat' dir='ltr'><strong>mentem</strong></span> <span class='ocrx_word' id='word_1_361' title='bbox 988 3244 1274 3298; x_wconf 89' lang='lat' dir='ltr'><strong>incantaus</strong></span> <span class='ocrx_word' id='word_1_362' title='bbox 1294 3246 1498 3311; x_wconf 85' lang='lat' dir='ltr'><strong>verbis,</strong></span> <span class='ocrx_word' id='word_1_363' title='bbox 1528 3248 1868 3316; x_wconf 91' lang='lat' dir='ltr'><strong>propositum</strong></span> 
     </span>
    </p>
   </div>
   <div class='ocr_carea' id='block_1_53' title="bbox 296 3335 1866 3406">
    <p class='ocr_par' dir='ltr' id='par_1_53' title="bbox 296 3335 1866 3406">
     <span class='ocr_line' id='line_1_53' title="bbox 296 3335 1866 3406; baseline 0.006 -20"><span class='ocrx_word' id='word_1_364' title='bbox 296 3335 524 3400; x_wconf 87' lang='lat' dir='ltr'><strong>obtinet,</strong></span> <span class='ocrx_word' id='word_1_365' title='bbox 555 3345 608 3390; x_wconf 88' lang='lat' dir='ltr'><strong>et</strong></span> <span class='ocrx_word' id='word_1_366' title='bbox 646 3337 814 3390; x_wconf 85' lang='lat' dir='ltr'><strong>sumit</strong></span> <span class='ocrx_word' id='word_1_367' title='bbox 839 3336 1088 3391; x_wconf 90' lang='lat' dir='ltr'><strong>avulsum</strong></span> <span class='ocrx_word' id='word_1_368' title='bbox 1121 3351 1322 3406; x_wconf 90' lang='lat' dir='ltr'><strong>corpus</strong></span> <span class='ocrx_word' id='word_1_369' title='bbox 1352 3335 1508 3404; x_wconf 79' lang='lat' dir='ltr'><strong>Jesu,</strong></span> <span class='ocrx_word' id='word_1_370' title='bbox 1535 3346 1589 3393; x_wconf 84' lang='lat' dir='ltr'><strong>et</strong></span> <span class='ocrx_word' id='word_1_371' title='bbox 1633 3340 1866 3395; x_wconf 87' lang='lat' dir='ltr'><strong>assuetis</strong></span> 
     </span>
    </p>
   </div>
   <div class='ocr_carea' id='block_1_54' title="bbox 296 3426 729 3481">
    <p class='ocr_par' dir='ltr' id='par_1_54' title="bbox 296 3426 729 3481">
     <span class='ocr_line' id='line_1_54' title="bbox 296 3426 729 3481; baseline 0.002 -3"><span class='ocrx_word' id='word_1_372' title='bbox 296 3426 532 3479; x_wconf 87' lang='lat' dir='ltr'><strong>honorat</strong></span> <span class='ocrx_word' id='word_1_373' title='bbox 563 3426 729 3481; x_wconf 90' lang='lat' dir='ltr'><strong>curis.</strong></span> 
     </span>
    </p>
   </div>
   <div class='ocr_carea' id='block_1_55' title="bbox 1967 1796 3550 1873">
    <p class='ocr_par' dir='ltr' id='par_1_55' title="bbox 1967 1796 3550 1873">
     <span class='ocr_line' id='line_1_55' title="bbox 1967 1796 3550 1873; baseline 0 -18"><span class='ocrx_word' id='word_1_374' title='bbox 1967 1819 2057 1867; x_wconf 85' lang='grc' dir='ltr'><strong>τες</strong></span> <span class='ocrx_word' id='word_1_375' title='bbox 2091 1802 2292 1873; x_wconf 78' lang='grc' dir='ltr'>ᾣχοντο</span> <span class='ocrx_word' id='word_1_376' title='bbox 2324 1800 2743 1866; x_wconf 76' lang='grc' dir='ltr'>καταλιπόντες,</span> <span class='ocrx_word' id='word_1_377' title='bbox 2772 1796 2835 1856; x_wconf 76' lang='grc' dir='ltr'>οὗ</span> <span class='ocrx_word' id='word_1_378' title='bbox 2867 1801 3055 1855; x_wconf 75' lang='grc' dir='ltr'>πολλοὶ</span> <span class='ocrx_word' id='word_1_379' title='bbox 3105 1800 3206 1872; x_wconf 78' lang='grc' dir='ltr'>μὲν</span> <span class='ocrx_word' id='word_1_380' title='bbox 3256 1803 3550 1872; x_wconf 78' lang='grc' dir='ltr'>συνέρρεον</span> 
     </span>
    </p>
   </div>
   <div class='ocr_carea' id='block_1_56' title="bbox 1969 1891 3552 1963">
    <p class='ocr_par' dir='ltr' id='par_1_56' title="bbox 1969 1891 3552 1963">
     <span class='ocr_line' id='line_1_56' title="bbox 1969 1891 3552 1963; baseline -0.001 -17"><span class='ocrx_word' id='word_1_381' title='bbox 1969 1894 2062 1947; x_wconf 71' lang='grc' dir='ltr'><strong>ἐπὶ</strong></span> <span class='ocrx_word' id='word_1_382' title='bbox 2086 1895 2165 1963; x_wconf 88' lang='grc' dir='ltr'>τῷ</span> <span class='ocrx_word' id='word_1_383' title='bbox 2194 1895 2358 1948; x_wconf 83' lang='grc' dir='ltr'>πάθει</span> <span class='ocrx_word' id='word_1_384' title='bbox 2394 1893 2584 1947; x_wconf 84' lang='grc' dir='ltr'>θεαταὶ</span> <span class='ocrx_word' id='word_1_385' title='bbox 2642 1892 2736 1945; x_wconf 90' lang='grc' dir='ltr'><strong>νῦν</strong></span> <span class='ocrx_word' id='word_1_386' title='bbox 2767 1891 2811 1945; x_wconf 86' lang='grc' dir='ltr'>δ’</span> <span class='ocrx_word' id='word_1_387' title='bbox 2860 1891 3036 1954; x_wconf 75' lang='grc' dir='ltr'>οὐδεὶς</span> <span class='ocrx_word' id='word_1_388' title='bbox 3087 1892 3398 1961; x_wconf 83' lang='grc' dir='ltr'>ὑπέμεινεν,</span> <span class='ocrx_word' id='word_1_389' title='bbox 3424 1892 3552 1944; x_wconf 78' lang='grc' dir='ltr'>οὐδὲ</span> 
     </span>
    </p>
   </div>
   <div class='ocr_carea' id='block_1_57' title="bbox 1968 1979 3552 2053">
    <p class='ocr_par' dir='ltr' id='par_1_57' title="bbox 1968 1979 3552 2053">
     <span class='ocr_line' id='line_1_57' title="bbox 1968 1979 3552 2053; baseline -0.002 -18"><span class='ocrx_word' id='word_1_390' title='bbox 1968 1982 2077 2037; x_wconf 82' lang='grc' dir='ltr'><strong>τῶν</strong></span> <span class='ocrx_word' id='word_1_391' title='bbox 2126 1982 2315 2052; x_wconf 89' lang='grc' dir='ltr'>φίλων,</span> <span class='ocrx_word' id='word_1_392' title='bbox 2358 1982 2741 2053; x_wconf 83' lang='grc' dir='ltr'>ὲνταφιαστής.</span> <span class='ocrx_word' id='word_1_393' title='bbox 2776 1979 3007 2034; x_wconf 75' lang='grc' dir='ltr'>Ἀπεστί</span> <span class='ocrx_word' id='word_1_394' title='bbox 3057 1996 3136 2034; x_wconf 79' lang='grc' dir='ltr'><strong>σοι</strong></span> <span class='ocrx_word' id='word_1_395' title='bbox 3176 1980 3339 2049; x_wconf 87' lang='grc' dir='ltr'>φόϐος</span> <span class='ocrx_word' id='word_1_396' title='bbox 3391 1981 3552 2051; x_wconf 84' lang='grc' dir='ltr'>βασι-</span> 
     </span>
    </p>
   </div>
   <div class='ocr_carea' id='block_1_58' title="bbox 1968 2072 3551 2144">
    <p class='ocr_par' dir='ltr' id='par_1_58' title="bbox 1968 2072 3551 2144">
     <span class='ocr_line' id='line_1_58' title="bbox 1968 2072 3551 2144; baseline 0.002 -19"><span class='ocrx_word' id='word_1_397' title='bbox 1968 2072 2137 2138; x_wconf 85' lang='grc' dir='ltr'>λείας·</span> <span class='ocrx_word' id='word_1_398' title='bbox 2166 2073 2429 2143; x_wconf 81' lang='grc' dir='ltr'><strong>τέθνηκεν</strong></span> <span class='ocrx_word' id='word_1_399' title='bbox 2456 2076 2483 2127; x_wconf 87' lang='grc' dir='ltr'>ὁ</span> <span class='ocrx_word' id='word_1_400' title='bbox 2509 2073 2568 2126; x_wconf 86' lang='grc' dir='ltr'>τὸ</span> <span class='ocrx_word' id='word_1_401' title='bbox 2592 2073 2795 2144; x_wconf 88' lang='grc' dir='ltr'>κράτος</span> <span class='ocrx_word' id='word_1_402' title='bbox 2827 2072 2928 2143; x_wconf 75' lang='grc' dir='ltr'>μὲν</span> <span class='ocrx_word' id='word_1_403' title='bbox 2957 2075 3056 2144; x_wconf 82' lang='grc' dir='ltr'>τῆς</span> <span class='ocrx_word' id='word_1_404' title='bbox 3095 2073 3343 2137; x_wconf 72' lang='grc' dir='ltr'>ἐξουσίας</span> <span class='ocrx_word' id='word_1_405' title='bbox 3369 2073 3551 2143; x_wconf 76' lang='grc' dir='ltr'>ἁρπά-</span> 
     </span>
    </p>
   </div>
   <div class='ocr_carea' id='block_1_59' title="bbox 1971 2163 3551 2235">
    <p class='ocr_par' dir='ltr' id='par_1_59' title="bbox 1971 2163 3551 2235">
     <span class='ocr_line' id='line_1_59' title="bbox 1971 2163 3551 2235; baseline -0.001 -17"><span class='ocrx_word' id='word_1_406' title='bbox 1971 2183 2061 2218; x_wconf 90' lang='grc' dir='ltr'>σαι</span> <span class='ocrx_word' id='word_1_407' title='bbox 2096 2164 2592 2235; x_wconf 83' lang='grc' dir='ltr'>κατηγορούμενος,</span> <span class='ocrx_word' id='word_1_408' title='bbox 2634 2164 2796 2235; x_wconf 85' lang='grc' dir='ltr'>μέχρι</span> <span class='ocrx_word' id='word_1_409' title='bbox 2822 2164 2880 2218; x_wconf 77' lang='grc' dir='ltr'>δὲ</span> <span class='ocrx_word' id='word_1_410' title='bbox 2905 2166 2998 2218; x_wconf 78' lang='grc' dir='ltr'>καὶ</span> <span class='ocrx_word' id='word_1_411' title='bbox 3030 2163 3196 2235; x_wconf 80' lang='grc' dir='ltr'>αὐτῆς</span> <span class='ocrx_word' id='word_1_412' title='bbox 3224 2164 3551 2235; x_wconf 80' lang='grc' dir='ltr'>προφάσεως</span> 
     </span>
    </p>
   </div>
   <div class='ocr_carea' id='block_1_60' title="bbox 1967 2255 3552 2325">
    <p class='ocr_par' dir='ltr' id='par_1_60' title="bbox 1967 2255 3552 2325">
     <span class='ocr_line' id='line_1_60' title="bbox 1967 2255 3552 2325; baseline -0.001 -16"><span class='ocrx_word' id='word_1_413' title='bbox 1967 2256 2144 2318; x_wconf 82' lang='grc' dir='ltr'>ἀθῶος</span> <span class='ocrx_word' id='word_1_414' title='bbox 2187 2256 2375 2324; x_wconf 76' lang='grc' dir='ltr'>ὀφθεὶς</span> <span class='ocrx_word' id='word_1_415' title='bbox 2420 2256 2619 2319; x_wconf 84' lang='grc' dir='ltr'>παντὸς</span> <span class='ocrx_word' id='word_1_416' title='bbox 2647 2256 3004 2325; x_wconf 82' lang='grc' dir='ltr'>ἀδικήματος·</span> <span class='ocrx_word' id='word_1_417' title='bbox 3036 2255 3094 2308; x_wconf 86' lang='grc' dir='ltr'>ὃν</span> <span class='ocrx_word' id='word_1_418' title='bbox 3116 2256 3552 2325; x_wconf 84' lang='grc' dir='ltr'>προφητοκτόνος</span> 
     </span>
    </p>
   </div>
   <div class='ocr_carea' id='block_1_61' title="bbox 1968 2340 3551 2413">
    <p class='ocr_par' dir='ltr' id='par_1_61' title="bbox 1968 2340 3551 2413">
     <span class='ocr_line' id='line_1_61' title="bbox 1968 2340 3551 2413; baseline -0.003 -17"><span class='ocrx_word' id='word_1_419' title='bbox 1968 2345 2189 2413; x_wconf 85' lang='grc' dir='ltr'>γλῶσσα</span> <span class='ocrx_word' id='word_1_420' title='bbox 2216 2344 2311 2398; x_wconf 74' lang='grc' dir='ltr'>καὶ</span> <span class='ocrx_word' id='word_1_421' title='bbox 2340 2344 2491 2413; x_wconf 80' lang='grc' dir='ltr'>φωνὴ</span> <span class='ocrx_word' id='word_1_422' title='bbox 2526 2344 2622 2398; x_wconf 74' lang='grc' dir='ltr'>καὶ</span> <span class='ocrx_word' id='word_1_423' title='bbox 2657 2346 2864 2413; x_wconf 84' lang='grc' dir='ltr'>χεῖρες,</span> <span class='ocrx_word' id='word_1_424' title='bbox 2916 2341 3009 2395; x_wconf 90' lang='grc' dir='ltr'><strong>σοῦ</strong></span> <span class='ocrx_word' id='word_1_425' title='bbox 3054 2341 3337 2403; x_wconf 75' lang='grc' dir='ltr'>δοκοῦντος</span> <span class='ocrx_word' id='word_1_426' title='bbox 3362 2340 3551 2410; x_wconf 79' lang='grc' dir='ltr'>φέρειν</span> 
     </span>
    </p>
   </div>
   <div class='ocr_carea' id='block_1_62' title="bbox 1970 2433 3552 2507">
    <p class='ocr_par' dir='ltr' id='par_1_62' title="bbox 1970 2433 3552 2507">
     <span class='ocr_line' id='line_1_62' title="bbox 1970 2433 3552 2507; baseline -0.001 -18"><span class='ocrx_word' id='word_1_427' title='bbox 1970 2436 2483 2507; x_wconf 78' lang='grc' dir='ltr'>φιλανθρωποτέραν</span> <span class='ocrx_word' id='word_1_428' title='bbox 2532 2435 2731 2505; x_wconf 70' lang='grc' dir='ltr'>ψῆφον,</span> <span class='ocrx_word' id='word_1_429' title='bbox 2784 2435 2889 2488; x_wconf 80' lang='grc' dir='ltr'><strong>ὑπὸ</strong></span> <span class='ocrx_word' id='word_1_430' title='bbox 2926 2434 3108 2505; x_wconf 84' lang='grc' dir='ltr'>κρίσιν</span> <span class='ocrx_word' id='word_1_431' title='bbox 3154 2435 3358 2505; x_wconf 66' lang='grc' dir='ltr'>ἤγαγον</span> <span class='ocrx_word' id='word_1_432' title='bbox 3386 2433 3552 2487; x_wconf 81' lang='grc' dir='ltr'><strong>θανά⁹</strong></span> 
     </span>
    </p>
   </div>
   <div class='ocr_carea' id='block_1_63' title="bbox 1966 2524 3575 2601">
    <p class='ocr_par' dir='ltr' id='par_1_63' title="bbox 1966 2524 3575 2601">
     <span class='ocr_line' id='line_1_63' title="bbox 1966 2524 3575 2601; baseline -0.002 -19"><span class='ocrx_word' id='word_1_433' title='bbox 1966 2547 2082 2584; x_wconf 85' lang='grc' dir='ltr'>του.</span> <span class='ocrx_word' id='word_1_434' title='bbox 2116 2530 2213 2592; x_wconf 81' lang='grc' dir='ltr'><strong>Δός</strong></span> <span class='ocrx_word' id='word_1_435' title='bbox 2244 2547 2332 2599; x_wconf 90' lang='grc' dir='ltr'><strong>μοι</strong></span> <span class='ocrx_word' id='word_1_436' title='bbox 2364 2529 2520 2600; x_wconf 82' lang='grc' dir='ltr'>χάριν</span> <span class='ocrx_word' id='word_1_437' title='bbox 2575 2531 2883 2599; x_wconf 82' lang='grc' dir='ltr'>ὁμολογεῖν,</span> <span class='ocrx_word' id='word_1_438' title='bbox 2928 2528 2997 2583; x_wconf 80' lang='grc' dir='ltr'>δι’</span> <span class='ocrx_word' id='word_1_439' title='bbox 3038 2524 3105 2601; x_wconf 77' lang='grc' dir='ltr'>ἧς</span> <span class='ocrx_word' id='word_1_440' title='bbox 3129 2529 3348 2601; x_wconf 73' lang='grc' dir='ltr'>ἐτέρους</span> <span class='ocrx_word' id='word_1_441' title='bbox 3397 2530 3575 2583; x_wconf 69' lang='grc' dir='ltr'>οὐδὲν</span> 
     </span>
    </p>
   </div>
   <div class='ocr_carea' id='block_1_64' title="bbox 1967 2620 3552 2691">
    <p class='ocr_par' dir='ltr' id='par_1_64' title="bbox 1967 2620 3552 2691">
     <span class='ocr_line' id='line_1_64' title="bbox 1967 2620 3552 2691; baseline 0.001 -17"><span class='ocrx_word' id='word_1_442' title='bbox 1967 2620 2205 2691; x_wconf 72' lang='grc' dir='ltr'>ζημιοῖς.</span> <span class='ocrx_word' id='word_1_443' title='bbox 2243 2620 2377 2674; x_wconf 75' lang='grc' dir='ltr'><strong>Οὐδὲ</strong></span> <span class='ocrx_word' id='word_1_444' title='bbox 2403 2621 2533 2691; x_wconf 85' lang='grc' dir='ltr'>γὰρ,</span> <span class='ocrx_word' id='word_1_445' title='bbox 2567 2622 2674 2674; x_wconf 78' lang='grc' dir='ltr'>οὐδ’</span> <span class='ocrx_word' id='word_1_446' title='bbox 2699 2624 2728 2681; x_wconf 81' lang='grc' dir='ltr'><strong>δ</strong></span> <span class='ocrx_word' id='word_1_447' title='bbox 2758 2621 2866 2673; x_wconf 82' lang='grc' dir='ltr'>τῶν</span> <span class='ocrx_word' id='word_1_448' title='bbox 2912 2620 3180 2681; x_wconf 84' lang='grc' dir='ltr'>Ἰουδαίων</span> <span class='ocrx_word' id='word_1_449' title='bbox 3208 2621 3361 2691; x_wconf 75' lang='grc' dir='ltr'>ὄχλος</span> <span class='ocrx_word' id='word_1_450' title='bbox 3398 2622 3552 2675; x_wconf 82' lang='grc' dir='ltr'>ἀνιά-</span> 
     </span>
    </p>
   </div>
   <div class='ocr_carea' id='block_1_65' title="bbox 1969 2712 3553 2784">
    <p class='ocr_par' dir='ltr' id='par_1_65' title="bbox 1969 2712 3553 2784">
     <span class='ocr_line' id='line_1_65' title="bbox 1969 2712 3553 2784; baseline 0 -19"><span class='ocrx_word' id='word_1_451' title='bbox 1969 2729 2120 2765; x_wconf 87' lang='grc' dir='ltr'>σεται</span> <span class='ocrx_word' id='word_1_452' title='bbox 2150 2715 2220 2782; x_wconf 79' lang='grc' dir='ltr'>γῇ</span> <span class='ocrx_word' id='word_1_453' title='bbox 2250 2712 2511 2782; x_wconf 84' lang='grc' dir='ltr'>μαθόντες</span> <span class='ocrx_word' id='word_1_454' title='bbox 2535 2714 2626 2766; x_wconf 75' lang='grc' dir='ltr'>τὸν</span> <span class='ocrx_word' id='word_1_455' title='bbox 2658 2714 2857 2784; x_wconf 72' lang='grc' dir='ltr'>ἐχθρὸν</span> <span class='ocrx_word' id='word_1_456' title='bbox 2884 2713 3309 2784; x_wconf 69' lang='grc' dir='ltr'>καλυπτόμενον.</span> <span class='ocrx_word' id='word_1_457' title='bbox 3334 2714 3553 2767; x_wconf 76' lang='grc' dir='ltr'>Μᾶλλον</span> 
     </span>
    </p>
   </div>
   <div class='ocr_carea' id='block_1_66' title="bbox 1979 2803 3552 2875">
    <p class='ocr_par' dir='ltr' id='par_1_66' title="bbox 1979 2803 3552 2875">
     <span class='ocr_line' id='line_1_66' title="bbox 1979 2803 3552 2875; baseline 0 -19"><span class='ocrx_word' id='word_1_458' title='bbox 1979 2804 2076 2873; x_wconf 84' lang='grc' dir='ltr'>μὲν</span> <span class='ocrx_word' id='word_1_459' title='bbox 2103 2803 2626 2875; x_wconf 18' lang='grc' dir='ltr'>οῦνξδυσχεραίνουσι</span> <span class='ocrx_word' id='word_1_460' title='bbox 2652 2806 2744 2858; x_wconf 76' lang='grc' dir='ltr'>καὶ</span> <span class='ocrx_word' id='word_1_461' title='bbox 2783 2804 2970 2875; x_wconf 86' lang='grc' dir='ltr'>νεκρὸν</span> <span class='ocrx_word' id='word_1_462' title='bbox 3010 2804 3099 2857; x_wconf 82' lang='grc' dir='ltr'>τὸν</span> <span class='ocrx_word' id='word_1_463' title='bbox 3135 2805 3226 2858; x_wconf 81' lang='grc' dir='ltr'><strong>ὑπ’</strong></span> <span class='ocrx_word' id='word_1_464' title='bbox 3254 2805 3433 2859; x_wconf 82' lang='grc' dir='ltr'>αὐτῶν</span> <span class='ocrx_word' id='word_1_465' title='bbox 3465 2822 3552 2873; x_wconf 82' lang='grc' dir='ltr'>μι-</span> 
     </span>
    </p>
   </div>
   <div class='ocr_carea' id='block_1_67' title="bbox 1975 2884 3552 2967">
    <p class='ocr_par' dir='ltr' id='par_1_67' title="bbox 1975 2884 3552 2967">
     <span class='ocr_line' id='line_1_67' title="bbox 1975 2884 3552 2967; baseline 0 -21"><span class='ocrx_word' id='word_1_466' title='bbox 1975 2894 2239 2965; x_wconf 82' lang='grc' dir='ltr'>σούμενον</span> <span class='ocrx_word' id='word_1_467' title='bbox 2271 2895 2579 2967; x_wconf 83' lang='grc' dir='ltr'>βλέποντες·</span> <span class='ocrx_word' id='word_1_468' title='bbox 2627 2896 2786 2950; x_wconf 81' lang='grc' dir='ltr'>τοῦτο</span> <span class='ocrx_word' id='word_1_469' title='bbox 2833 2897 2929 2967; x_wconf 81' lang='grc' dir='ltr'>μὲν</span> <span class='ocrx_word' id='word_1_470' title='bbox 2976 2896 3074 2966; x_wconf 81' lang='grc' dir='ltr'>τὴν</span> <span class='ocrx_word' id='word_1_471' title='bbox 3109 2895 3288 2951; x_wconf 84' lang='grc' dir='ltr'>αὐτῶν</span> <span class='ocrx_word' id='word_1_472' title='bbox 3333 2884 3552 2963; x_wconf 60' lang='grc' dir='ltr'>μιαιφοέ</span> 
     </span>
    </p>
   </div>
   <div class='ocr_carea' id='block_1_68' title="bbox 1969 2986 3552 3059">
    <p class='ocr_par' dir='ltr' id='par_1_68' title="bbox 1969 2986 3552 3059">
     <span class='ocr_line' id='line_1_68' title="bbox 1969 2986 3552 3059; baseline 0 -21"><span class='ocrx_word' id='word_1_473' title='bbox 1969 2987 2089 3039; x_wconf 88' lang='grc' dir='ltr'>νίαν</span> <span class='ocrx_word' id='word_1_474' title='bbox 2118 2986 2197 3057; x_wconf 80' lang='grc' dir='ltr'>τῷ</span> <span class='ocrx_word' id='word_1_475' title='bbox 2230 2988 2447 3058; x_wconf 86' lang='grc' dir='ltr'>σταυρῷ</span> <span class='ocrx_word' id='word_1_476' title='bbox 2480 2988 2881 3059; x_wconf 83' lang='grc' dir='ltr'>θριαμϐεύοντα</span> <span class='ocrx_word' id='word_1_477' title='bbox 2907 3027 2921 3052; x_wconf 90' lang='grc'><strong>,</strong></span> <span class='ocrx_word' id='word_1_478' title='bbox 2954 2987 3111 3049; x_wconf 81' lang='grc' dir='ltr'>τοῦτο</span> <span class='ocrx_word' id='word_1_479' title='bbox 3151 2988 3208 3040; x_wconf 78' lang='grc' dir='ltr'>δὲ</span> <span class='ocrx_word' id='word_1_480' title='bbox 3240 2987 3349 3039; x_wconf 85' lang='grc' dir='ltr'><strong>τῶν</strong></span> <span class='ocrx_word' id='word_1_481' title='bbox 3381 2986 3552 3055; x_wconf 59' lang='grc' dir='ltr'>δρῶν-</span> 
     </span>
    </p>
   </div>
   <div class='ocr_carea' id='block_1_69' title="bbox 1967 3078 3552 3151">
    <p class='ocr_par' dir='ltr' id='par_1_69' title="bbox 1967 3078 3552 3151">
     <span class='ocr_line' id='line_1_69' title="bbox 1967 3078 3552 3151; baseline 0.001 -21"><span class='ocrx_word' id='word_1_482' title='bbox 1967 3095 2077 3132; x_wconf 89' lang='grc' dir='ltr'><strong>των</strong></span> <span class='ocrx_word' id='word_1_483' title='bbox 2100 3078 2191 3131; x_wconf 80' lang='grc' dir='ltr'>τὸν</span> <span class='ocrx_word' id='word_1_484' title='bbox 2219 3079 2366 3133; x_wconf 78' lang='grc' dir='ltr'>ἔλεον</span> <span class='ocrx_word' id='word_1_485' title='bbox 2396 3080 2643 3143; x_wconf 72' lang='grc' dir='ltr'>ἕλκοντα,</span> <span class='ocrx_word' id='word_1_486' title='bbox 2671 3081 2764 3133; x_wconf 69' lang='grc' dir='ltr'>καὶ</span> <span class='ocrx_word' id='word_1_487' title='bbox 2798 3080 2905 3133; x_wconf 81' lang='grc' dir='ltr'>τῶν</span> <span class='ocrx_word' id='word_1_488' title='bbox 2938 3079 3552 3151; x_wconf 76' lang='grc' dir='ltr'>σταυρωσάντωνὲκκαο</span> 
     </span>
    </p>
   </div>
   <div class='ocr_carea' id='block_1_70' title="bbox 1968 3158 3554 3242">
    <p class='ocr_par' dir='ltr' id='par_1_70' title="bbox 1968 3158 3554 3242">
     <span class='ocr_line' id='line_1_70' title="bbox 1968 3158 3554 3242; baseline 0.002 -21"><span class='ocrx_word' id='word_1_489' title='bbox 1968 3168 2229 3239; x_wconf 89' lang='grc' dir='ltr'>λούμενον</span> <span class='ocrx_word' id='word_1_490' title='bbox 2280 3171 2646 3241; x_wconf 87' lang='grc' dir='ltr'>μυσάττεσθαι</span> <span class='ocrx_word' id='word_1_491' title='bbox 2688 3173 2784 3242; x_wconf 84' lang='grc' dir='ltr'>τὴν</span> <span class='ocrx_word' id='word_1_492' title='bbox 2813 3158 3090 3240; x_wconf 60' lang='grc' dir='ltr'>ὡμότηταλ</span> <span class='ocrx_word' id='word_1_493' title='bbox 3126 3171 3247 3224; x_wconf 82' lang='grc' dir='ltr'>ούδε</span> <span class='ocrx_word' id='word_1_494' title='bbox 3278 3170 3378 3238; x_wconf 84' lang='grc' dir='ltr'>τὴν</span> <span class='ocrx_word' id='word_1_495' title='bbox 3417 3171 3554 3224; x_wconf 80' lang='grc' dir='ltr'>Καί-</span> 
     </span>
    </p>
   </div>
   <div class='ocr_carea' id='block_1_71' title="bbox 1975 3259 3550 3334">
    <p class='ocr_par' dir='ltr' id='par_1_71' title="bbox 1975 3259 3550 3334">
     <span class='ocr_line' id='line_1_71' title="bbox 1975 3259 3550 3334; baseline 0.003 -22"><span class='ocrx_word' id='word_1_496' title='bbox 1975 3276 2143 3328; x_wconf 91' lang='grc' dir='ltr'>σαρος</span> <span class='ocrx_word' id='word_1_497' title='bbox 2196 3263 2532 3316; x_wconf 83' lang='grc' dir='ltr'>ὲπισείσουσι</span> <span class='ocrx_word' id='word_1_498' title='bbox 2574 3263 2757 3332; x_wconf 82' lang='grc' dir='ltr'>φιλίαν</span> <span class='ocrx_word' id='word_1_499' title='bbox 2783 3304 2797 3328; x_wconf 94' lang='grc'><strong>,</strong></span> <span class='ocrx_word' id='word_1_500' title='bbox 2836 3264 2949 3318; x_wconf 85' lang='grc' dir='ltr'><strong>υύκ</strong></span> <span class='ocrx_word' id='word_1_501' title='bbox 2971 3259 3020 3316; x_wconf 74' lang='lat' dir='ltr'><strong>el</strong></span> <span class='ocrx_word' id='word_1_502' title='bbox 3070 3263 3244 3334; x_wconf 86' lang='grc' dir='ltr'>φίλος,</span> <span class='ocrx_word' id='word_1_503' title='bbox 3276 3263 3550 3331; x_wconf 85' lang='grc' dir='ltr'>λέγοντες.</span> 
     </span>
    </p>
   </div>
   <div class='ocr_carea' id='block_1_72' title="bbox 1972 3350 3550 3427">
    <p class='ocr_par' dir='ltr' id='par_1_72' title="bbox 1972 3350 3550 3427">
     <span class='ocr_line' id='line_1_72' title="bbox 1972 3350 3550 3427; baseline 0.003 -25"><span class='ocrx_word' id='word_1_504' title='bbox 1972 3350 2064 3404; x_wconf 85' lang='grc' dir='ltr'><strong>τοῦ</strong></span> <span class='ocrx_word' id='word_1_505' title='bbox 2102 3352 2405 3424; x_wconf 85' lang='grc' dir='ltr'>Καίσαρος,</span> <span class='ocrx_word' id='word_1_506' title='bbox 2437 3354 2485 3406; x_wconf 83' lang='grc' dir='ltr'>εἰ</span> <span class='ocrx_word' id='word_1_507' title='bbox 2511 3355 2700 3427; x_wconf 75' lang='grc' dir='ltr'>νεκρὸν</span> <span class='ocrx_word' id='word_1_508' title='bbox 2724 3356 2879 3420; x_wconf 83' lang='grc' dir='ltr'>δίδως</span> <span class='ocrx_word' id='word_1_509' title='bbox 2905 3358 2971 3425; x_wconf 80' lang='grc' dir='ltr'>τῇ</span> <span class='ocrx_word' id='word_1_510' title='bbox 3003 3359 3073 3426; x_wconf 83' lang='grc' dir='ltr'><strong>γῇ</strong></span> <span class='ocrx_word' id='word_1_511' title='bbox 3103 3353 3550 3427; x_wconf 79' lang='grc' dir='ltr'>κατορύττεσθαι.</span> 
     </span>
    </p>
   </div>
   <div class='ocr_carea' id='block_1_73' title="bbox 1988 3442 3554 3518">
    <p class='ocr_par' dir='ltr' id='par_1_73' title="bbox 1988 3442 3554 3518">
     <span class='ocr_line' id='line_1_73' title="bbox 1988 3442 3554 3518; baseline 0.009 -21"><span class='ocrx_word' id='word_1_512' title='bbox 1988 3442 2444 3514; x_wconf 81' lang='grc' dir='ltr'>Ἀπροφάσιστος,</span> <span class='ocrx_word' id='word_1_513' title='bbox 2468 3449 2522 3499; x_wconf 86' lang='grc' dir='ltr'>εἰ</span> <span class='ocrx_word' id='word_1_514' title='bbox 2558 3447 2733 3517; x_wconf 82' lang='grc' dir='ltr'>βούλει</span> <span class='ocrx_word' id='word_1_515' title='bbox 2764 3447 2950 3517; x_wconf 82' lang='grc' dir='ltr'>μόνον,</span> <span class='ocrx_word' id='word_1_516' title='bbox 2978 3448 3013 3518; x_wconf 78' lang='grc' dir='ltr'><strong>ἡ</strong></span> <span class='ocrx_word' id='word_1_517' title='bbox 3039 3447 3313 3518; x_wconf 82' lang='grc' dir='ltr'>πλήρωσις</span> <span class='ocrx_word' id='word_1_518' title='bbox 3344 3448 3440 3516; x_wconf 79' lang='grc' dir='ltr'>τῆς</span> <span class='ocrx_word' id='word_1_519' title='bbox 3468 3446 3554 3498; x_wconf 63' lang='grc' dir='ltr'><strong>δι’</strong></span> 
     </span>
    </p>
   </div>
   <div class='ocr_carea' id='block_1_74' title="bbox 294 3518 3554 3610">
    <p class='ocr_par' dir='ltr' id='par_1_74' title="bbox 294 3518 3554 3610">
     <span class='ocr_line' id='line_1_74' title="bbox 294 3518 3554 3610; baseline -0.001 -18"><span class='ocrx_word' id='word_1_520' title='bbox 294 3521 523 3591; x_wconf 71' lang='grc' dir='ltr'><strong>τήσεως·</strong></span> <span class='ocrx_word' id='word_1_521' title='bbox 555 3518 779 3583; x_wconf 66' lang='grc' dir='ltr'><strong>Τούτοις</strong></span> <span class='ocrx_word' id='word_1_522' title='bbox 797 3518 897 3592; x_wconf 64' lang='grc' dir='ltr'><strong>τὴν</strong></span> <span class='ocrx_word' id='word_1_523' title='bbox 927 3519 1021 3573; x_wconf 68' lang='grc' dir='ltr'><strong>τοῦ</strong></span> <span class='ocrx_word' id='word_1_524' title='bbox 1043 3519 1280 3575; x_wconf 76' lang='grc' dir='ltr'><strong>Πιλάτου</strong></span> <span class='ocrx_word' id='word_1_525' title='bbox 1315 3521 1637 3592; x_wconf 72' lang='grc' dir='ltr'>κατεπᾴδων</span> <span class='ocrx_word' id='word_1_526' title='bbox 1696 3524 1897 3601; x_wconf 74' lang='grc' dir='ltr'>ψυχὴν,</span> <span class='ocrx_word' id='word_1_527' title='bbox 1937 3536 2196 3608; x_wconf 67' lang='grc' dir='ltr'>τυγχάνει</span> <span class='ocrx_word' id='word_1_528' title='bbox 2232 3538 2327 3592; x_wconf 88' lang='grc' dir='ltr'><strong>τοῦ</strong></span> <span class='ocrx_word' id='word_1_529' title='bbox 2366 3538 2569 3592; x_wconf 82' lang='grc' dir='ltr'>σκοποῦ</span> <span class='ocrx_word' id='word_1_530' title='bbox 2591 3580 2607 3605; x_wconf 88' lang='grc'><strong>,</strong></span> <span class='ocrx_word' id='word_1_531' title='bbox 2651 3540 2745 3592; x_wconf 78' lang='grc' dir='ltr'>καὶ</span> <span class='ocrx_word' id='word_1_532' title='bbox 2795 3538 3065 3609; x_wconf 85' lang='grc' dir='ltr'>λαμϐάνει</span> <span class='ocrx_word' id='word_1_533' title='bbox 3139 3537 3464 3608; x_wconf 81' lang='grc' dir='ltr'>καθαιρεθὲν</span> <span class='ocrx_word' id='word_1_534' title='bbox 3487 3553 3554 3610; x_wconf 77' lang='grc' dir='ltr'>τδ</span> 
     </span>
    </p>
   </div>
   <div class='ocr_carea' id='block_1_75' title="bbox 296 3612 1864 3691">
    <p class='ocr_par' dir='ltr' id='par_1_75' title="bbox 296 3612 1864 3691">
     <span class='ocr_line' id='line_1_75' title="bbox 296 3612 1864 3691; baseline 0.007 -23"><span class='ocrx_word' id='word_1_535' title='bbox 296 3612 457 3686; x_wconf 84' lang='grc' dir='ltr'>σῶμα</span> <span class='ocrx_word' id='word_1_536' title='bbox 493 3613 587 3667; x_wconf 87' lang='grc' dir='ltr'><strong>τοῦ</strong></span> <span class='ocrx_word' id='word_1_537' title='bbox 629 3614 828 3685; x_wconf 82' lang='grc' dir='ltr'>Ἰησοῦ,</span> <span class='ocrx_word' id='word_1_538' title='bbox 854 3615 1059 3684; x_wconf 75' lang='grc' dir='ltr'>καὶτῆς</span> <span class='ocrx_word' id='word_1_539' title='bbox 1083 3616 1346 3685; x_wconf 86' lang='grc' dir='ltr'>συνήθους</span> <span class='ocrx_word' id='word_1_540' title='bbox 1386 3616 1529 3682; x_wconf 81' lang='grc' dir='ltr'>ἀξιοῖ</span> <span class='ocrx_word' id='word_1_541' title='bbox 1561 3621 1864 3691; x_wconf 88' lang='grc' dir='ltr'>φροντίδος.</span> 
     </span>
    </p>
   </div>
   <div class='ocr_carea' id='block_1_76' title="bbox 366 3706 1867 3786">
    <p class='ocr_par' dir='ltr' id='par_1_76' title="bbox 366 3706 1867 3786">
     <span class='ocr_line' id='line_1_76' title="bbox 366 3706 1867 3786; baseline 0.009 -26"><span class='ocrx_word' id='word_1_542' title='bbox 366 3706 638 3777; x_wconf 80' lang='lat' dir='ltr'><strong>Ejusdem.</strong></span> <span class='ocrx_word' id='word_1_543' title='bbox 681 3707 900 3778; x_wconf 83' lang='lat' dir='ltr'><strong>Myrrha</strong></span> <span class='ocrx_word' id='word_1_544' title='bbox 939 3708 1108 3778; x_wconf 89' lang='lat' dir='ltr'><strong>igitur</strong></span> <span class='ocrx_word' id='word_1_545' title='bbox 1136 3718 1346 3778; x_wconf 85' lang='lat' dir='ltr'><strong>ungens</strong></span> <span class='ocrx_word' id='word_1_546' title='bbox 1396 3723 1450 3768; x_wconf 91' lang='lat' dir='ltr'><strong>ct</strong></span> <span class='ocrx_word' id='word_1_547' title='bbox 1494 3716 1613 3772; x_wconf 90' lang='lat' dir='ltr'><strong>aloe</strong></span> <span class='ocrx_word' id='word_1_548' title='bbox 1664 3733 1867 3786; x_wconf 89' lang='lat' dir='ltr'><strong>corpus</strong></span> 
     </span>
    </p>
   </div>
   <div class='ocr_carea' id='block_1_77' title="bbox 299 3800 1871 3869">
    <p class='ocr_par' dir='ltr' id='par_1_77' title="bbox 299 3800 1871 3869">
     <span class='ocr_line' id='line_1_77' title="bbox 299 3800 1871 3869; baseline 0.01 -18"><span class='ocrx_word' id='word_1_549' title='bbox 299 3800 536 3865; x_wconf 86' lang='lat' dir='ltr'><strong>Domini,</strong></span> <span class='ocrx_word' id='word_1_550' title='bbox 568 3801 710 3869; x_wconf 86' lang='lat' dir='ltr'><strong>quod</strong></span> <span class='ocrx_word' id='word_1_551' title='bbox 738 3802 969 3855; x_wconf 90' lang='lat' dir='ltr'><strong>mortuis</strong></span> <span class='ocrx_word' id='word_1_552' title='bbox 1002 3800 1145 3869; x_wconf 90' lang='lat' dir='ltr'><strong>apud</strong></span> <span class='ocrx_word' id='word_1_553' title='bbox 1170 3800 1387 3859; x_wconf 72' lang='lat' dir='ltr'><strong>Judaaos</strong></span> <span class='ocrx_word' id='word_1_554' title='bbox 1422 3806 1599 3861; x_wconf 92' lang='lat' dir='ltr'><strong>honor</strong></span> <span class='ocrx_word' id='word_1_555' title='bbox 1627 3808 1871 3866; x_wconf 87' lang='lat' dir='ltr'><strong>funebris</strong></span> 
     </span>
    </p>
   </div>
   <div class='ocr_carea' id='block_1_78' title="bbox 296 3893 1871 3967">
    <p class='ocr_par' dir='ltr' id='par_1_78' title="bbox 296 3893 1871 3967">
     <span class='ocr_line' id='line_1_78' title="bbox 296 3893 1871 3967; baseline 0.004 -18"><span class='ocrx_word' id='word_1_556' title='bbox 296 3902 435 3956; x_wconf 85' lang='lat' dir='ltr'><strong>erat,</strong></span> <span class='ocrx_word' id='word_1_557' title='bbox 471 3902 522 3947; x_wconf 90' lang='lat' dir='ltr'><strong>et</strong></span> <span class='ocrx_word' id='word_1_558' title='bbox 556 3893 879 3949; x_wconf 89' lang='lat' dir='ltr'><strong>mortuariis</strong></span> <span class='ocrx_word' id='word_1_559' title='bbox 908 3895 1296 3967; x_wconf 86' lang='lat' dir='ltr'><strong>circumligans</strong></span> <span class='ocrx_word' id='word_1_560' title='bbox 1331 3896 1515 3954; x_wconf 81' lang='lat' dir='ltr'><strong>fasciis</strong></span> <span class='ocrx_word' id='word_1_561' title='bbox 1544 3941 1559 3965; x_wconf 92' lang='lat'><strong>,</strong></span> <span class='ocrx_word' id='word_1_562' title='bbox 1616 3903 1669 3955; x_wconf 91' lang='lat' dir='ltr'><strong>in</strong></span> <span class='ocrx_word' id='word_1_563' title='bbox 1729 3917 1871 3957; x_wconf 89' lang='lat' dir='ltr'><strong>novo</strong></span> 
     </span>
    </p>
   </div>
   <div class='ocr_carea' id='block_1_79' title="bbox 297 3984 1867 4053">
    <p class='ocr_par' dir='ltr' id='par_1_79' title="bbox 297 3984 1867 4053">
     <span class='ocr_line' id='line_1_79' title="bbox 297 3984 1867 4053; baseline 0.008 -18"><span class='ocrx_word' id='word_1_564' title='bbox 297 3984 522 4053; x_wconf 88' lang='lat' dir='ltr'><strong>deponit</strong></span> <span class='ocrx_word' id='word_1_565' title='bbox 553 3994 925 4038; x_wconf 89' lang='lat' dir='ltr'><strong>monumento.</strong></span> <span class='ocrx_word' id='word_1_566' title='bbox 972 3984 1185 4040; x_wconf 86' lang='lat' dir='ltr'><strong>Novum</strong></span> <span class='ocrx_word' id='word_1_567' title='bbox 1232 3998 1412 4041; x_wconf 90' lang='lat' dir='ltr'><strong>autem</strong></span> <span class='ocrx_word' id='word_1_568' title='bbox 1453 4003 1867 4047; x_wconf 87' lang='lat' dir='ltr'><strong>monumentum</strong></span> 
     </span>
    </p>
   </div>
   <div class='ocr_carea' id='block_1_80' title="bbox 296 4075 1867 4149">
    <p class='ocr_par' dir='ltr' id='par_1_80' title="bbox 296 4075 1867 4149">
     <span class='ocr_line' id='line_1_80' title="bbox 296 4075 1867 4149; baseline 0.006 -21"><span class='ocrx_word' id='word_1_569' title='bbox 296 4076 538 4145; x_wconf 84' lang='lat' dir='ltr'><strong>paravit‘,</strong></span> <span class='ocrx_word' id='word_1_570' title='bbox 574 4085 632 4128; x_wconf 86' lang='lat' dir='ltr'><strong>ut</strong></span> <span class='ocrx_word' id='word_1_571' title='bbox 678 4075 778 4144; x_wconf 89' lang='lat' dir='ltr'><strong>ipsi</strong></span> <span class='ocrx_word' id='word_1_572' title='bbox 825 4076 1054 4132; x_wconf 86' lang='lat' dir='ltr'><strong>Domina</strong></span> <span class='ocrx_word' id='word_1_573' title='bbox 1083 4079 1358 4146; x_wconf 89' lang='lat' dir='ltr'><strong>quomodo</strong></span> <span class='ocrx_word' id='word_1_574' title='bbox 1389 4082 1566 4149; x_wconf 86' lang='lat' dir='ltr'><strong>potuit</strong></span> <span class='ocrx_word' id='word_1_575' title='bbox 1604 4085 1867 4137; x_wconf 89' lang='lat' dir='ltr'><strong>honorem</strong></span> 
     </span>
    </p>
   </div>
   <div class='ocr_carea' id='block_1_81' title="bbox 298 4165 1877 4239">
    <p class='ocr_par' dir='ltr' id='par_1_81' title="bbox 298 4165 1877 4239">
     <span class='ocr_line' id='line_1_81' title="bbox 298 4165 1877 4239; baseline 0.006 -17"><span class='ocrx_word' id='word_1_576' title='bbox 298 4165 498 4238; x_wconf 82' lang='lat' dir='ltr'><strong>Joseph</strong></span> <span class='ocrx_word' id='word_1_577' title='bbox 530 4177 893 4237; x_wconf 79' lang='lat' dir='ltr'><strong>expromeret.</strong></span> <span class='ocrx_word' id='word_1_578' title='bbox 956 4168 1277 4239; x_wconf 90' lang='lat' dir='ltr'><strong>Sepulcrum</strong></span> <span class='ocrx_word' id='word_1_579' title='bbox 1324 4173 1467 4227; x_wconf 91' lang='lat' dir='ltr'><strong>enim</strong></span> <span class='ocrx_word' id='word_1_580' title='bbox 1515 4190 1716 4229; x_wconf 86' lang='lat' dir='ltr'><strong>novum</strong></span> <span class='ocrx_word' id='word_1_581' title='bbox 1759 4185 1877 4232; x_wconf 86' lang='lat' dir='ltr'><strong>erat</strong></span> 
     </span>
    </p>
   </div>
   <div class='ocr_carea' id='block_1_82' title="bbox 2052 3713 3553 3790">
    <p class='ocr_par' dir='ltr' id='par_1_82' title="bbox 2052 3713 3553 3790">
     <span class='ocr_line' id='line_1_82' title="bbox 2052 3713 3553 3790; baseline -0.004 -15"><span class='ocrx_word' id='word_1_582' title='bbox 2052 3720 2161 3777; x_wconf 84' lang='grc' dir='ltr'>Τοῦ</span> <span class='ocrx_word' id='word_1_583' title='bbox 2192 3718 2403 3775; x_wconf 84' lang='grc' dir='ltr'>αὐτοῦ.</span> <span class='ocrx_word' id='word_1_584' title='bbox 2433 3717 2686 3790; x_wconf 86' lang='grc' dir='ltr'>Σμύρνης</span> <span class='ocrx_word' id='word_1_585' title='bbox 2727 3713 2820 3772; x_wconf 81' lang='grc' dir='ltr'><strong>οῦν</strong></span> <span class='ocrx_word' id='word_1_586' title='bbox 2873 3716 3221 3777; x_wconf 72' lang='grc' dir='ltr'>ἒπιπλάσσων</span> <span class='ocrx_word' id='word_1_587' title='bbox 3267 3718 3360 3770; x_wconf 78' lang='grc' dir='ltr'>καὶ</span> <span class='ocrx_word' id='word_1_588' title='bbox 3390 3715 3553 3788; x_wconf 71' lang='grc' dir='ltr'>ἀλόης</span> 
     </span>
    </p>
   </div>
   <div class='ocr_carea' id='block_1_83' title="bbox 1976 3809 3549 3884">
    <p class='ocr_par' dir='ltr' id='par_1_83' title="bbox 1976 3809 3549 3884">
     <span class='ocr_line' id='line_1_83' title="bbox 1976 3809 3549 3884; baseline -0.003 -17"><span class='ocrx_word' id='word_1_589' title='bbox 1976 3812 2037 3867; x_wconf 78' lang='grc' dir='ltr'>τὸ</span> <span class='ocrx_word' id='word_1_590' title='bbox 2068 3815 2226 3884; x_wconf 86' lang='grc' dir='ltr'>σῶμα</span> <span class='ocrx_word' id='word_1_591' title='bbox 2251 3812 2310 3866; x_wconf 76' lang='grc' dir='ltr'>τὸ</span> <span class='ocrx_word' id='word_1_592' title='bbox 2337 3811 2685 3878; x_wconf 81' lang='grc' dir='ltr'>Δεσποτικδν,</span> <span class='ocrx_word' id='word_1_593' title='bbox 2731 3810 2761 3864; x_wconf 84' lang='grc' dir='ltr'><strong>ὃ</strong></span> <span class='ocrx_word' id='word_1_594' title='bbox 2807 3813 2921 3876; x_wconf 84' lang='grc' dir='ltr'>τοῖς</span> <span class='ocrx_word' id='word_1_595' title='bbox 2968 3809 3261 3864; x_wconf 85' lang='grc' dir='ltr'>τελευτῶσι</span> <span class='ocrx_word' id='word_1_596' title='bbox 3307 3809 3457 3879; x_wconf 85' lang='grc' dir='ltr'>παρά</span> <span class='ocrx_word' id='word_1_597' title='bbox 3483 3826 3549 3879; x_wconf 84' lang='grc' dir='ltr'><strong>γε</strong></span> 
     </span>
    </p>
   </div>
   <div class='ocr_carea' id='block_1_84' title="bbox 1976 3901 3552 3975">
    <p class='ocr_par' dir='ltr' id='par_1_84' title="bbox 1976 3901 3552 3975">
     <span class='ocr_line' id='line_1_84' title="bbox 1976 3901 3552 3975; baseline -0.004 -16"><span class='ocrx_word' id='word_1_598' title='bbox 1976 3908 2093 3963; x_wconf 82' lang='grc' dir='ltr'>τοῖς</span> <span class='ocrx_word' id='word_1_599' title='bbox 2121 3905 2401 3969; x_wconf 84' lang='grc' dir='ltr'>Ἰουδαίοις</span> <span class='ocrx_word' id='word_1_600' title='bbox 2426 3904 2559 3975; x_wconf 82' lang='grc' dir='ltr'>τιμὴ</span> <span class='ocrx_word' id='word_1_601' title='bbox 2576 3903 2881 3969; x_wconf 87' lang='grc' dir='ltr'>τελευταία,</span> <span class='ocrx_word' id='word_1_602' title='bbox 2903 3902 2995 3955; x_wconf 85' lang='lat' dir='ltr'><strong>xu‘t</strong></span> <span class='ocrx_word' id='word_1_603' title='bbox 3020 3904 3130 3965; x_wconf 80' lang='grc' dir='ltr'>τοῖς</span> <span class='ocrx_word' id='word_1_604' title='bbox 3159 3901 3552 3971; x_wconf 81' lang='grc' dir='ltr'>νεκροστολίοις</span> 
     </span>
    </p>
   </div>
   <div class='ocr_carea' id='block_1_85' title="bbox 1975 3989 3549 4066">
    <p class='ocr_par' dir='ltr' id='par_1_85' title="bbox 1975 3989 3549 4066">
     <span class='ocr_line' id='line_1_85' title="bbox 1975 3989 3549 4066; baseline -0.003 -19"><span class='ocrx_word' id='word_1_605' title='bbox 1975 3995 2338 4066; x_wconf 84' lang='grc' dir='ltr'>περιελίσσων</span> <span class='ocrx_word' id='word_1_606' title='bbox 2393 3994 2656 4057; x_wconf 84' lang='grc' dir='ltr'>ὀθονίοις,</span> <span class='ocrx_word' id='word_1_607' title='bbox 2686 3993 2821 4064; x_wconf 81' lang='grc' dir='ltr'>πρὸς</span> <span class='ocrx_word' id='word_1_608' title='bbox 2870 3990 2948 4062; x_wconf 79' lang='grc' dir='ltr'>τῷ</span> <span class='ocrx_word' id='word_1_609' title='bbox 3000 3991 3173 4062; x_wconf 87' lang='grc' dir='ltr'>καινῷ</span> <span class='ocrx_word' id='word_1_610' title='bbox 3222 3989 3549 4061; x_wconf 87' lang='grc' dir='ltr'>κατατίθησι</span> 
     </span>
    </p>
   </div>
   <div class='ocr_carea' id='block_1_86' title="bbox 1981 4082 3549 4159">
    <p class='ocr_par' dir='ltr' id='par_1_86' title="bbox 1981 4082 3549 4159">
     <span class='ocr_line' id='line_1_86' title="bbox 1981 4082 3549 4159; baseline -0.004 -19"><span class='ocrx_word' id='word_1_611' title='bbox 1981 4088 2251 4159; x_wconf 83' lang='grc' dir='ltr'>μνημείῳ·</span> <span class='ocrx_word' id='word_1_612' title='bbox 2291 4086 2477 4140; x_wconf 84' lang='grc' dir='ltr'>καινὸν</span> <span class='ocrx_word' id='word_1_613' title='bbox 2508 4085 2565 4139; x_wconf 85' lang='grc' dir='ltr'>δὲ</span> <span class='ocrx_word' id='word_1_614' title='bbox 2589 4085 2649 4138; x_wconf 83' lang='grc' dir='ltr'>τὸ</span> <span class='ocrx_word' id='word_1_615' title='bbox 2693 4087 2956 4157; x_wconf 85' lang='grc' dir='ltr'>μνημεῖον</span> <span class='ocrx_word' id='word_1_616' title='bbox 2980 4082 3414 4153; x_wconf 72' lang='grc' dir='ltr'>παρεσκεύαστο,</span> <span class='ocrx_word' id='word_1_617' title='bbox 3445 4083 3549 4135; x_wconf 89' lang='grc' dir='ltr'>αύ-</span> 
     </span>
    </p>
   </div>
   <div class='ocr_carea' id='block_1_87' title="bbox 1975 4171 3548 4250">
    <p class='ocr_par' dir='ltr' id='par_1_87' title="bbox 1975 4171 3548 4250">
     <span class='ocr_line' id='line_1_87' title="bbox 1975 4171 3548 4250; baseline -0.004 -19"><span class='ocrx_word' id='word_1_618' title='bbox 1975 4178 2055 4248; x_wconf 82' lang='grc' dir='ltr'><strong>τῷ</strong></span> <span class='ocrx_word' id='word_1_619' title='bbox 2086 4194 2148 4231; x_wconf 86' lang='grc' dir='ltr'><strong>τε</strong></span> <span class='ocrx_word' id='word_1_620' title='bbox 2173 4178 2252 4249; x_wconf 81' lang='grc' dir='ltr'><strong>τῷ</strong></span> <span class='ocrx_word' id='word_1_621' title='bbox 2288 4177 2537 4250; x_wconf 82' lang='grc' dir='ltr'>Δεσπότῃ</span> <span class='ocrx_word' id='word_1_622' title='bbox 2582 4176 2673 4229; x_wconf 83' lang='grc' dir='ltr'>τὸν</span> <span class='ocrx_word' id='word_1_623' title='bbox 2711 4174 2933 4228; x_wconf 73' lang='grc' dir='ltr'>δυνατὸν</span> <span class='ocrx_word' id='word_1_624' title='bbox 2964 4174 3167 4245; x_wconf 82' lang='grc' dir='ltr'>τρόπον</span> <span class='ocrx_word' id='word_1_625' title='bbox 3212 4171 3305 4226; x_wconf 87' lang='grc' dir='ltr'><strong>τοῦ</strong></span> <span class='ocrx_word' id='word_1_626' title='bbox 3351 4172 3548 4242; x_wconf 71' lang='grc' dir='ltr'>Ἰωσὴφ</span> 
     </span>
    </p>
   </div>
   <div class='ocr_carea' id='block_1_88' title="bbox 298 4254 1868 4343">
    <p class='ocr_par' dir='ltr' id='par_1_88' title="bbox 298 4254 1868 4337">
     <span class='ocr_line' id='line_1_88' title="bbox 298 4254 1868 4337; baseline 0.008 -25"><span class='ocrx_word' id='word_1_627' title='bbox 298 4256 352 4314; x_wconf 68' lang='lat' dir='ltr'><strong>et</strong></span> <span class='ocrx_word' id='word_1_628' title='bbox 390 4261 692 4330; x_wconf 89' lang='lat' dir='ltr'><strong>proprium,</strong></span> <span class='ocrx_word' id='word_1_629' title='bbox 752 4277 860 4315; x_wconf 92' lang='lat' dir='ltr'><strong>non</strong></span> <span class='ocrx_word' id='word_1_630' title='bbox 911 4271 1087 4316; x_wconf 91' lang='lat' dir='ltr'><strong>autem</strong></span> <span class='ocrx_word' id='word_1_631' title='bbox 1129 4278 1463 4331; x_wconf 88' lang='lat' dir='ltr'><strong>commune,</strong></span> <span class='ocrx_word' id='word_1_632' title='bbox 1517 4277 1572 4321; x_wconf 90' lang='lat' dir='ltr'><strong>et</strong></span> <span class='ocrx_word' id='word_1_633' title='bbox 1624 4254 1868 4337; x_wconf 83' lang='lat' dir='ltr'><strong>plurimis</strong></span> 
     </span>
    </p>
   </div>
   <div class='ocr_carea' id='block_1_89' title="bbox 1971 4254 3546 4343">
    <p class='ocr_par' dir='ltr' id='par_1_89' title="bbox 1978 4268 3546 4343">
     <span class='ocr_line' id='line_1_89' title="bbox 1978 4268 3546 4343; baseline -0.001 -21"><span class='ocrx_word' id='word_1_634' title='bbox 1978 4270 2142 4340; x_wconf 82' lang='grc' dir='ltr'>τιμὴν</span> <span class='ocrx_word' id='word_1_635' title='bbox 2198 4269 2605 4341; x_wconf 77' lang='grc' dir='ltr'>ὲξευρίσκοντος</span> <span class='ocrx_word' id='word_1_636' title='bbox 2635 4287 2650 4300; x_wconf 73' lang='grc' dir='ltr'><strong>ο</strong></span> <span class='ocrx_word' id='word_1_637' title='bbox 2678 4271 2848 4343; x_wconf 81' lang='grc' dir='ltr'>τάφος</span> <span class='ocrx_word' id='word_1_638' title='bbox 2881 4270 2990 4341; x_wconf 78' lang='grc' dir='ltr'>γὰρ</span> <span class='ocrx_word' id='word_1_639' title='bbox 3038 4269 3219 4333; x_wconf 84' lang='grc' dir='ltr'>καινὸς</span> <span class='ocrx_word' id='word_1_640' title='bbox 3251 4269 3347 4321; x_wconf 82' lang='lat' dir='ltr'><strong>xui.</strong></span> <span class='ocrx_word' id='word_1_641' title='bbox 3368 4312 3371 4315; x_wconf 32' lang='lat'><strong>.</strong></span> <span class='ocrx_word' id='word_1_642' title='bbox 3394 4268 3546 4332; x_wconf 74' lang='grc' dir='ltr'>ἴδιος,</span> 
     </span>
    </p>
   </div>
   <div class='ocr_carea' id='block_1_90' title="bbox 304 4351 1868 4432">
    <p class='ocr_par' dir='ltr' id='par_1_90' title="bbox 304 4351 1868 4430">
     <span class='ocr_line' id='line_1_90' title="bbox 304 4351 1868 4430; baseline 0.008 -28"><span class='ocrx_word' id='word_1_643' title='bbox 304 4351 730 4405; x_wconf 65' lang='lat' dir='ltr'><strong>contaminatum</strong></span> <span class='ocrx_word' id='word_1_644' title='bbox 762 4354 1113 4422; x_wconf 85' lang='lat' dir='ltr'><strong>corporibus,</strong></span> <span class='ocrx_word' id='word_1_645' title='bbox 1166 4365 1223 4409; x_wconf 91' lang='lat' dir='ltr'><strong>ut</strong></span> <span class='ocrx_word' id='word_1_646' title='bbox 1278 4356 1330 4409; x_wconf 89' lang='lat' dir='ltr'><strong>in</strong></span> <span class='ocrx_word' id='word_1_647' title='bbox 1384 4359 1613 4413; x_wconf 88' lang='lat' dir='ltr'><strong>mortuis</strong></span> <span class='ocrx_word' id='word_1_648' title='bbox 1661 4362 1868 4430; x_wconf 88' lang='lat' dir='ltr'><strong>sepulto</strong></span> 
     </span>
    </p>
   </div>
   <div class='ocr_carea' id='block_1_91' title="bbox 1971 4351 3546 4432">
    <p class='ocr_par' dir='ltr' id='par_1_91' title="bbox 1980 4358 3546 4432">
     <span class='ocr_line' id='line_1_91' title="bbox 1980 4358 3546 4432; baseline -0.004 -16"><span class='ocrx_word' id='word_1_649' title='bbox 1980 4362 2116 4416; x_wconf 83' lang='grc' dir='ltr'><strong>ἀλλά</strong></span> <span class='ocrx_word' id='word_1_650' title='bbox 2147 4361 2222 4432; x_wconf 80' lang='grc' dir='ltr'>μὴ</span> <span class='ocrx_word' id='word_1_651' title='bbox 2250 4361 2428 4425; x_wconf 78' lang='grc' dir='ltr'>κοινὸς</span> <span class='ocrx_word' id='word_1_652' title='bbox 2457 4361 2553 4415; x_wconf 73' lang='grc' dir='ltr'>καὶ</span> <span class='ocrx_word' id='word_1_653' title='bbox 2582 4361 2796 4425; x_wconf 81' lang='grc' dir='ltr'>πολλοῖς</span> <span class='ocrx_word' id='word_1_654' title='bbox 2813 4358 3282 4430; x_wconf 79' lang='grc' dir='ltr'>ἐκλελυμασμένος</span> <span class='ocrx_word' id='word_1_655' title='bbox 3308 4358 3546 4429; x_wconf 81' lang='grc' dir='ltr'>σώμασι,</span> 
     </span>
    </p>
   </div>
   <div class='ocr_carea' id='block_1_92' title="bbox 305 4443 1868 4523">
    <p class='ocr_par' dir='ltr' id='par_1_92' title="bbox 305 4443 1868 4521">
     <span class='ocr_line' id='line_1_92' title="bbox 305 4443 1868 4521; baseline 0.007 -25"><span class='ocrx_word' id='word_1_656' title='bbox 305 4443 663 4497; x_wconf 70' lang='lat' dir='ltr'><strong>reverentiam</strong></span> <span class='ocrx_word' id='word_1_657' title='bbox 693 4452 943 4513; x_wconf 66' lang='lat' dir='ltr'><strong>praestet;</strong></span> <span class='ocrx_word' id='word_1_658' title='bbox 992 4455 1047 4499; x_wconf 89' lang='lat' dir='ltr'><strong>et</strong></span> <span class='ocrx_word' id='word_1_659' title='bbox 1076 4447 1346 4516; x_wconf 84' lang='lat' dir='ltr'><strong>duplicem</strong></span> <span class='ocrx_word' id='word_1_660' title='bbox 1390 4449 1460 4504; x_wconf 90' lang='lat' dir='ltr'><strong>ob</strong></span> <span class='ocrx_word' id='word_1_661' title='bbox 1489 4449 1648 4503; x_wconf 83' lang='lat' dir='ltr'><strong>aliam</strong></span> <span class='ocrx_word' id='word_1_662' title='bbox 1686 4452 1868 4521; x_wconf 87' lang='lat' dir='ltr'><strong>dispo-</strong></span> 
     </span>
    </p>
   </div>
   <div class='ocr_carea' id='block_1_93' title="bbox 1971 4443 3549 4523">
    <p class='ocr_par' dir='ltr' id='par_1_93' title="bbox 1971 4450 3549 4523">
     <span class='ocr_line' id='line_1_93' title="bbox 1971 4450 3549 4523; baseline -0.004 -19"><span class='ocrx_word' id='word_1_663' title='bbox 1971 4450 2069 4523; x_wconf 85' lang='grc' dir='ltr'>τὴν</span> <span class='ocrx_word' id='word_1_664' title='bbox 2096 4451 2171 4513; x_wconf 84' lang='grc' dir='ltr'><strong>ὡς</strong></span> <span class='ocrx_word' id='word_1_665' title='bbox 2203 4453 2261 4504; x_wconf 79' lang='grc' dir='ltr'>ἐν</span> <span class='ocrx_word' id='word_1_666' title='bbox 2278 4454 2489 4521; x_wconf 87' lang='grc' dir='ltr'>νεκροῖς</span> <span class='ocrx_word' id='word_1_667' title='bbox 2515 4450 2591 4521; x_wconf 89' lang='grc' dir='ltr'>τῷ</span> <span class='ocrx_word' id='word_1_668' title='bbox 2615 4452 2941 4522; x_wconf 81' lang='grc' dir='ltr'>θαπτομένῳ</span> <span class='ocrx_word' id='word_1_669' title='bbox 2964 4451 3259 4522; x_wconf 84' lang='grc' dir='ltr'>προσνέμει</span> <span class='ocrx_word' id='word_1_670' title='bbox 3288 4450 3549 4518; x_wconf 80' lang='grc' dir='ltr'>σεμνότη-</span> 
     </span>
    </p>
   </div>
   <div class='ocr_carea' id='block_1_94' title="bbox 298 4533 1875 4608">
    <p class='ocr_par' dir='ltr' id='par_1_94' title="bbox 298 4533 1875 4608">
     <span class='ocr_line' id='line_1_94' title="bbox 298 4533 1875 4608; baseline 0.008 -22"><span class='ocrx_word' id='word_1_671' title='bbox 298 4533 457 4588; x_wconf 80' lang='lat' dir='ltr'><strong>sitam</strong></span> <span class='ocrx_word' id='word_1_672' title='bbox 486 4549 515 4588; x_wconf 88' lang='lat' dir='ltr'><strong>a</strong></span> <span class='ocrx_word' id='word_1_673' title='bbox 541 4533 652 4589; x_wconf 86' lang='lat' dir='ltr'><strong>Deo</strong></span> <span class='ocrx_word' id='word_1_674' title='bbox 683 4551 903 4589; x_wconf 79' lang='lat' dir='ltr'><strong>causam</strong></span> <span class='ocrx_word' id='word_1_675' title='bbox 930 4552 943 4589; x_wconf 90' lang='lat'><strong>:</strong></span> <span class='ocrx_word' id='word_1_676' title='bbox 966 4538 1139 4604; x_wconf 88' lang='lat' dir='ltr'><strong>primo</strong></span> <span class='ocrx_word' id='word_1_677' title='bbox 1162 4540 1402 4608; x_wconf 90' lang='lat' dir='ltr'><strong>quidem,</strong></span> <span class='ocrx_word' id='word_1_678' title='bbox 1437 4556 1502 4594; x_wconf 90' lang='lat' dir='ltr'><strong>ne</strong></span> <span class='ocrx_word' id='word_1_679' title='bbox 1532 4558 1655 4596; x_wconf 89' lang='lat' dir='ltr'><strong>cum</strong></span> <span class='ocrx_word' id='word_1_680' title='bbox 1690 4560 1875 4598; x_wconf 77' lang='lat' dir='ltr'><strong>resur-</strong></span> 
     </span>
    </p>
   </div>
   <div class='ocr_carea' id='block_1_95' title="bbox 297 4626 1871 4700">
    <p class='ocr_par' dir='ltr' id='par_1_95' title="bbox 297 4626 1871 4700">
     <span class='ocr_line' id='line_1_95' title="bbox 297 4626 1871 4700; baseline 0.009 -23"><span class='ocrx_word' id='word_1_681' title='bbox 297 4626 556 4681; x_wconf 76' lang='lat' dir='ltr'><strong>rec-tionis</strong></span> <span class='ocrx_word' id='word_1_682' title='bbox 615 4627 935 4680; x_wconf 86' lang='lat' dir='ltr'><strong>miraculum</strong></span> <span class='ocrx_word' id='word_1_683' title='bbox 998 4631 1357 4700; x_wconf 79' lang='lat' dir='ltr'><strong>contigisset,</strong></span> <span class='ocrx_word' id='word_1_684' title='bbox 1424 4633 1492 4688; x_wconf 89' lang='lat' dir='ltr'><strong>ab</strong></span> <span class='ocrx_word' id='word_1_685' title='bbox 1544 4635 1871 4691; x_wconf 75' lang='lat' dir='ltr'><strong>audentibus</strong></span> 
     </span>
    </p>
   </div>
   <div class='ocr_carea' id='block_1_96' title="bbox 297 4713 1867 4794">
    <p class='ocr_par' dir='ltr' id='par_1_96' title="bbox 297 4713 1867 4794">
     <span class='ocr_line' id='line_1_96' title="bbox 297 4713 1867 4794; baseline 0.009 -29"><span class='ocrx_word' id='word_1_686' title='bbox 297 4715 477 4768; x_wconf 85' lang='lat' dir='ltr'><strong>omnia</strong></span> <span class='ocrx_word' id='word_1_687' title='bbox 503 4713 704 4770; x_wconf 63' lang='lat' dir='ltr'><strong>Judaeis</strong></span> <span class='ocrx_word' id='word_1_688' title='bbox 733 4726 787 4770; x_wconf 90' lang='lat' dir='ltr'><strong>et</strong></span> <span class='ocrx_word' id='word_1_689' title='bbox 811 4732 918 4771; x_wconf 89' lang='lat' dir='ltr'><strong>non</strong></span> <span class='ocrx_word' id='word_1_690' title='bbox 958 4719 1409 4777; x_wconf 85' lang='lat' dir='ltr'><strong>erubescentibus</strong></span> <span class='ocrx_word' id='word_1_691' title='bbox 1442 4725 1583 4779; x_wconf 84' lang='lat' dir='ltr'><strong>alius</strong></span> <span class='ocrx_word' id='word_1_692' title='bbox 1642 4727 1867 4794; x_wconf 87' lang='lat' dir='ltr'><strong>quidam</strong></span> 
     </span>
    </p>
   </div>
   <div class='ocr_carea' id='block_1_97' title="bbox 297 4809 1872 4887">
    <p class='ocr_par' dir='ltr' id='par_1_97' title="bbox 297 4809 1872 4887">
     <span class='ocr_line' id='line_1_97' title="bbox 297 4809 1872 4887; baseline 0.009 -26"><span class='ocrx_word' id='word_1_693' title='bbox 297 4809 740 4879; x_wconf 74' lang='lat' dir='ltr'><strong>consepultorum</strong></span> <span class='ocrx_word' id='word_1_694' title='bbox 776 4810 1087 4882; x_wconf 84' lang='lat' dir='ltr'><strong>divulgatus</strong></span> <span class='ocrx_word' id='word_1_695' title='bbox 1117 4812 1254 4869; x_wconf 88' lang='lat' dir='ltr'><strong>foret</strong></span> <span class='ocrx_word' id='word_1_696' title='bbox 1283 4855 1298 4880; x_wconf 93' lang='lat'><strong>,</strong></span> <span class='ocrx_word' id='word_1_697' title='bbox 1367 4832 1474 4869; x_wconf 90' lang='lat' dir='ltr'><strong>non</strong></span> <span class='ocrx_word' id='word_1_698' title='bbox 1532 4818 1623 4872; x_wconf 89' lang='lat' dir='ltr'><strong>ille</strong></span> <span class='ocrx_word' id='word_1_699' title='bbox 1653 4820 1744 4887; x_wconf 88' lang='lat' dir='ltr'><strong>qui</strong></span> <span class='ocrx_word' id='word_1_700' title='bbox 1803 4819 1872 4875; x_wconf 89' lang='lat' dir='ltr'><strong>ab</strong></span> 
     </span>
    </p>
   </div>
   <div class='ocr_carea' id='block_1_98' title="bbox 296 4903 1873 4977">
    <p class='ocr_par' dir='ltr' id='par_1_98' title="bbox 296 4903 1873 4977">
     <span class='ocr_line' id='line_1_98' title="bbox 296 4903 1873 4977; baseline 0.006 -22"><span class='ocrx_word' id='word_1_701' title='bbox 296 4903 405 4959; x_wconf 88' lang='lat' dir='ltr'><strong>illis</strong></span> <span class='ocrx_word' id='word_1_702' title='bbox 434 4903 501 4958; x_wconf 89' lang='lat' dir='ltr'><strong>ad</strong></span> <span class='ocrx_word' id='word_1_703' title='bbox 526 4919 745 4959; x_wconf 91' lang='lat' dir='ltr'><strong>crucem</strong></span> <span class='ocrx_word' id='word_1_704' title='bbox 781 4905 1177 4962; x_wconf 82' lang='lat' dir='ltr'><strong>condemnatus</strong></span> <span class='ocrx_word' id='word_1_705' title='bbox 1201 4918 1336 4974; x_wconf 84' lang='lat' dir='ltr'><strong>erat,</strong></span> <span class='ocrx_word' id='word_1_706' title='bbox 1367 4919 1727 4977; x_wconf 82' lang='lat' dir='ltr'><strong>mortuorum,</strong></span> <span class='ocrx_word' id='word_1_707' title='bbox 1753 4928 1873 4965; x_wconf 85' lang='lat' dir='ltr'><strong>sur-</strong></span> 
     </span>
    </p>
   </div>
   <div class='ocr_carea' id='block_1_99' title="bbox 299 4992 1869 5067">
    <p class='ocr_par' dir='ltr' id='par_1_99' title="bbox 299 4992 1869 5067">
     <span class='ocr_line' id='line_1_99' title="bbox 299 4992 1869 5067; baseline 0.006 -24"><span class='ocrx_word' id='word_1_708' title='bbox 299 4994 535 5057; x_wconf 79' lang='lat' dir='ltr'><strong>rexisse;</strong></span> <span class='ocrx_word' id='word_1_709' title='bbox 575 4992 669 5047; x_wconf 89' lang='lat' dir='ltr'><strong>sed</strong></span> <span class='ocrx_word' id='word_1_710' title='bbox 691 5002 751 5046; x_wconf 88' lang='lat' dir='ltr'><strong>ut</strong></span> <span class='ocrx_word' id='word_1_711' title='bbox 770 4992 877 5048; x_wconf 91' lang='lat' dir='ltr'><strong>illis</strong></span> <span class='ocrx_word' id='word_1_712' title='bbox 898 4995 1260 5065; x_wconf 86' lang='lat' dir='ltr'><strong>undequaque</strong></span> <span class='ocrx_word' id='word_1_713' title='bbox 1284 4999 1670 5067; x_wconf 66' lang='lat' dir='ltr'><strong>praecideretur</strong></span> <span class='ocrx_word' id='word_1_714' title='bbox 1691 5000 1869 5055; x_wconf 89' lang='lat' dir='ltr'><strong>omnis</strong></span> 
     </span>
    </p>
   </div>
   <div class='ocr_carea' id='block_1_100' title="bbox 296 5082 1866 5157">
    <p class='ocr_par' dir='ltr' id='par_1_100' title="bbox 296 5082 1866 5157">
     <span class='ocr_line' id='line_1_100' title="bbox 296 5082 1866 5157; baseline 0.009 -25"><span class='ocrx_word' id='word_1_715' title='bbox 296 5082 561 5135; x_wconf 77' lang='lat' dir='ltr'><strong>mendacii</strong></span> <span class='ocrx_word' id='word_1_716' title='bbox 598 5093 651 5137; x_wconf 84' lang='lat' dir='ltr'><strong>et</strong></span> <span class='ocrx_word' id='word_1_717' title='bbox 680 5084 734 5137; x_wconf 92' lang='lat' dir='ltr'><strong>in</strong></span> <span class='ocrx_word' id='word_1_718' title='bbox 761 5084 928 5138; x_wconf 88' lang='lat' dir='ltr'><strong>Deum</strong></span> <span class='ocrx_word' id='word_1_719' title='bbox 960 5086 1072 5141; x_wconf 92' lang='lat' dir='ltr'><strong>odii</strong></span> <span class='ocrx_word' id='word_1_720' title='bbox 1107 5090 1345 5143; x_wconf 87' lang='lat' dir='ltr'><strong>occasio.</strong></span> <span class='ocrx_word' id='word_1_721' title='bbox 1384 5089 1636 5146; x_wconf 87' lang='lat' dir='ltr'><strong>Secundo</strong></span> <span class='ocrx_word' id='word_1_722' title='bbox 1662 5100 1866 5157; x_wconf 89' lang='lat' dir='ltr'><strong>autem,</strong></span> 
     </span>
    </p>
   </div>
   <div class='ocr_carea' id='block_1_101' title="bbox 296 5175 1875 5250">
    <p class='ocr_par' dir='ltr' id='par_1_101' title="bbox 296 5175 1875 5250">
     <span class='ocr_line' id='line_1_101' title="bbox 296 5175 1875 5250; baseline 0.01 -26"><span class='ocrx_word' id='word_1_723' title='bbox 296 5189 362 5227; x_wconf 88' lang='lat' dir='ltr'><strong>ne</strong></span> <span class='ocrx_word' id='word_1_724' title='bbox 392 5175 703 5229; x_wconf 88' lang='lat' dir='ltr'><strong>viderentur</strong></span> <span class='ocrx_word' id='word_1_725' title='bbox 754 5177 866 5241; x_wconf 86' lang='lat' dir='ltr'><strong>sola</strong></span> <span class='ocrx_word' id='word_1_726' title='bbox 910 5179 999 5234; x_wconf 88' lang='lat' dir='ltr'><strong>illa</strong></span> <span class='ocrx_word' id='word_1_727' title='bbox 1034 5196 1064 5234; x_wconf 91' lang='lat' dir='ltr'><strong>e</strong></span> <span class='ocrx_word' id='word_1_728' title='bbox 1107 5183 1358 5250; x_wconf 82' lang='lat' dir='ltr'><strong>sepulcro</strong></span> <span class='ocrx_word' id='word_1_729' title='bbox 1391 5185 1701 5240; x_wconf 82' lang='lat' dir='ltr'><strong>surrexisse</strong></span> <span class='ocrx_word' id='word_1_730' title='bbox 1737 5176 1875 5239; x_wconf 22' lang='lat' dir='ltr'><strong>cor-l</strong></span> 
     </span>
    </p>
   </div>
   <div class='ocr_carea' id='block_1_102' title="bbox 296 5267 1867 5345">
    <p class='ocr_par' dir='ltr' id='par_1_102' title="bbox 296 5267 1867 5345">
     <span class='ocr_line' id='line_1_102' title="bbox 296 5267 1867 5345; baseline 0.01 -28"><span class='ocrx_word' id='word_1_731' title='bbox 296 5282 447 5335; x_wconf 85' lang='lat' dir='ltr'><strong>pora,</strong></span> <span class='ocrx_word' id='word_1_732' title='bbox 486 5267 688 5334; x_wconf 85' lang='lat' dir='ltr'><strong>quibus</strong></span> <span class='ocrx_word' id='word_1_733' title='bbox 729 5268 944 5324; x_wconf 90' lang='lat' dir='ltr'><strong>Domini</strong></span> <span class='ocrx_word' id='word_1_734' title='bbox 986 5288 1185 5342; x_wconf 90' lang='lat' dir='ltr'><strong>corpus</strong></span> <span class='ocrx_word' id='word_1_735' title='bbox 1218 5277 1548 5345; x_wconf 88' lang='lat' dir='ltr'><strong>applicatum</strong></span> <span class='ocrx_word' id='word_1_736' title='bbox 1594 5286 1647 5331; x_wconf 90' lang='lat' dir='ltr'><strong>et</strong></span> <span class='ocrx_word' id='word_1_737' title='bbox 1678 5279 1867 5332; x_wconf 90' lang='lat' dir='ltr'><strong>admo-</strong></span> 
     </span>
    </p>
   </div>
   <div class='ocr_carea' id='block_1_103' title="bbox 295 5357 1863 5435">
    <p class='ocr_par' dir='ltr' id='par_1_103' title="bbox 295 5357 1863 5435">
     <span class='ocr_line' id='line_1_103' title="bbox 295 5357 1863 5435; baseline 0.01 -27"><span class='ocrx_word' id='word_1_738' title='bbox 295 5364 411 5411; x_wconf 91' lang='lat' dir='ltr'><strong>tum</strong></span> <span class='ocrx_word' id='word_1_739' title='bbox 473 5357 704 5424; x_wconf 86' lang='lat' dir='ltr'><strong>fuisset;</strong></span> <span class='ocrx_word' id='word_1_740' title='bbox 762 5361 905 5429; x_wconf 90' lang='lat' dir='ltr'><strong>quod</strong></span> <span class='ocrx_word' id='word_1_741' title='bbox 961 5364 1124 5417; x_wconf 88' lang='lat' dir='ltr'><strong>etiam</strong></span> <span class='ocrx_word' id='word_1_742' title='bbox 1188 5366 1256 5419; x_wconf 92' lang='lat' dir='ltr'><strong>ab</strong></span> <span class='ocrx_word' id='word_1_743' title='bbox 1317 5368 1501 5435; x_wconf 86' lang='lat' dir='ltr'><strong>aliquo</strong></span> <span class='ocrx_word' id='word_1_744' title='bbox 1552 5379 1863 5423; x_wconf 87' lang='lat' dir='ltr'><strong>sanctorqu</strong></span> 
     </span>
    </p>
   </div>
   <div class='ocr_carea' id='block_1_104' title="bbox 293 5450 1864 5523">
    <p class='ocr_par' dir='ltr' id='par_1_104' title="bbox 293 5450 1864 5523">
     <span class='ocr_line' id='line_1_104' title="bbox 293 5450 1864 5523; baseline 0.01 -24"><span class='ocrx_word' id='word_1_745' title='bbox 293 5463 522 5517; x_wconf 66' lang='lat' dir='ltr'><strong>corpore</strong></span> <span class='ocrx_word' id='word_1_746' title='bbox 554 5450 765 5506; x_wconf 84' lang='lat' dir='ltr'><strong>vivente</strong></span> <span class='ocrx_word' id='word_1_747' title='bbox 791 5453 970 5507; x_wconf 87' lang='lat' dir='ltr'><strong>adhuc</strong></span> <span class='ocrx_word' id='word_1_748' title='bbox 999 5455 1301 5523; x_wconf 74' lang='lat' dir='ltr'><strong>differebat,</strong></span> <span class='ocrx_word' id='word_1_749' title='bbox 1337 5467 1392 5513; x_wconf 91' lang='lat' dir='ltr'><strong>et</strong></span> <span class='ocrx_word' id='word_1_750' title='bbox 1420 5474 1449 5511; x_wconf 88' lang='lat' dir='ltr'><strong>a</strong></span> <span class='ocrx_word' id='word_1_751' title='bbox 1474 5458 1683 5515; x_wconf 87' lang='lat' dir='ltr'><strong>fortiori</strong></span> <span class='ocrx_word' id='word_1_752' title='bbox 1716 5478 1864 5515; x_wconf 83' lang='lat' dir='ltr'><strong>utor-</strong></span> 
     </span>
    </p>
   </div>
   <div class='ocr_carea' id='block_1_105' title="bbox 296 5540 1863 5617">
    <p class='ocr_par' dir='ltr' id='par_1_105' title="bbox 296 5540 1863 5617">
     <span class='ocr_line' id='line_1_105' title="bbox 296 5540 1863 5617; baseline 0.011 -26"><span class='ocrx_word' id='word_1_753' title='bbox 296 5549 408 5594; x_wconf 87' lang='lat' dir='ltr'><strong>tuo.</strong></span> <span class='ocrx_word' id='word_1_754' title='bbox 444 5540 548 5597; x_wconf 88' lang='lat' dir='ltr'><strong>Sed</strong></span> <span class='ocrx_word' id='word_1_755' title='bbox 591 5553 672 5607; x_wconf 93' lang='lat' dir='ltr'><strong>ut,</strong></span> <span class='ocrx_word' id='word_1_756' title='bbox 724 5554 984 5615; x_wconf 90' lang='lat' dir='ltr'><strong>tanquam</strong></span> <span class='ocrx_word' id='word_1_757' title='bbox 1021 5562 1187 5617; x_wconf 86' lang='lat' dir='ltr'><strong>super</strong></span> <span class='ocrx_word' id='word_1_758' title='bbox 1232 5551 1418 5605; x_wconf 91' lang='lat' dir='ltr'><strong>omnia</strong></span> <span class='ocrx_word' id='word_1_759' title='bbox 1478 5552 1641 5607; x_wconf 84' lang='lat' dir='ltr'><strong>fuerit</strong></span> <span class='ocrx_word' id='word_1_760' title='bbox 1676 5564 1863 5608; x_wconf 86' lang='lat' dir='ltr'><strong>contra</strong></span> 
     </span>
    </p>
   </div>
   <div class='ocr_carea' id='block_1_106' title="bbox 295 5630 1861 5708">
    <p class='ocr_par' dir='ltr' id='par_1_106' title="bbox 295 5630 1861 5708">
     <span class='ocr_line' id='line_1_106' title="bbox 295 5630 1861 5708; baseline 0.008 -21"><span class='ocrx_word' id='word_1_761' title='bbox 295 5630 565 5687; x_wconf 80' lang='lat' dir='ltr'><strong>lttfcruum</strong></span> <span class='ocrx_word' id='word_1_762' title='bbox 625 5637 863 5704; x_wconf 87' lang='lat' dir='ltr'><strong>potentia</strong></span> <span class='ocrx_word' id='word_1_763' title='bbox 920 5636 1132 5691; x_wconf 84' lang='lat' dir='ltr'><strong>Domini</strong></span> <span class='ocrx_word' id='word_1_764' title='bbox 1186 5641 1564 5708; x_wconf 71' lang='lat' dir='ltr'><strong>manifestata,</strong></span> <span class='ocrx_word' id='word_1_765' title='bbox 1624 5647 1861 5701; x_wconf 81' lang='lat' dir='ltr'><strong>nondum</strong></span> 
     </span>
    </p>
   </div>
   <div class='ocr_carea' id='block_1_107' title="bbox 1970 4539 3545 4613">
    <p class='ocr_par' dir='ltr' id='par_1_107' title="bbox 1970 4539 3545 4613">
     <span class='ocr_line' id='line_1_107' title="bbox 1970 4539 3545 4613; baseline -0.002 -19"><span class='ocrx_word' id='word_1_766' title='bbox 1970 4557 2060 4594; x_wconf 85' lang='grc' dir='ltr'>τα·</span> <span class='ocrx_word' id='word_1_767' title='bbox 2109 4541 2203 4593; x_wconf 76' lang='grc' dir='ltr'>καὶ</span> <span class='ocrx_word' id='word_1_768' title='bbox 2230 4540 2424 4611; x_wconf 78' lang='grc' dir='ltr'>διπλῆς</span> <span class='ocrx_word' id='word_1_769' title='bbox 2470 4541 2639 4610; x_wconf 78' lang='grc' dir='ltr'>ἄλλης</span> <span class='ocrx_word' id='word_1_770' title='bbox 2683 4542 3138 4613; x_wconf 80' lang='grc' dir='ltr'>οἶκονομουμένης</span> <span class='ocrx_word' id='word_1_771' title='bbox 3166 4539 3340 4602; x_wconf 73' lang='grc' dir='ltr'>αἰτίας</span> <span class='ocrx_word' id='word_1_772' title='bbox 3362 4539 3545 4600; x_wconf 78' lang='grc' dir='ltr'>ἕνεκα,</span> 
     </span>
    </p>
   </div>
   <div class='ocr_carea' id='block_1_108' title="bbox 1975 4630 3544 4705">
    <p class='ocr_par' dir='ltr' id='par_1_108' title="bbox 1975 4630 3544 4705">
     <span class='ocr_line' id='line_1_108' title="bbox 1975 4630 3544 4705; baseline -0.004 -19"><span class='ocrx_word' id='word_1_773' title='bbox 1975 4634 2107 4703; x_wconf 81' lang='grc' dir='ltr'>μιᾶς</span> <span class='ocrx_word' id='word_1_774' title='bbox 2140 4633 2259 4703; x_wconf 82' lang='grc' dir='ltr'>μὲν,</span> <span class='ocrx_word' id='word_1_775' title='bbox 2308 4633 2395 4684; x_wconf 80' lang='grc' dir='ltr'>ἵνα</span> <span class='ocrx_word' id='word_1_776' title='bbox 2435 4631 2511 4705; x_wconf 83' lang='grc' dir='ltr'>μὴ</span> <span class='ocrx_word' id='word_1_777' title='bbox 2538 4632 2631 4686; x_wconf 87' lang='grc' dir='ltr'><strong>τοῦ</strong></span> <span class='ocrx_word' id='word_1_778' title='bbox 2669 4634 2768 4703; x_wconf 80' lang='grc' dir='ltr'><strong>τῆς</strong></span> <span class='ocrx_word' id='word_1_779' title='bbox 2799 4634 3144 4694; x_wconf 81' lang='grc' dir='ltr'>ἀναστάσεως</span> <span class='ocrx_word' id='word_1_780' title='bbox 3192 4630 3544 4699; x_wconf 73' lang='grc' dir='ltr'>ἐπιτελουμέ-</span> 
     </span>
    </p>
   </div>
   <div class='ocr_carea' id='block_1_109' title="bbox 1972 4720 3545 4795">
    <p class='ocr_par' dir='ltr' id='par_1_109' title="bbox 1972 4720 3545 4795">
     <span class='ocr_line' id='line_1_109' title="bbox 1972 4720 3545 4795; baseline -0.004 -15"><span class='ocrx_word' id='word_1_781' title='bbox 1972 4742 2065 4780; x_wconf 90' lang='grc' dir='ltr'><strong>νου</strong></span> <span class='ocrx_word' id='word_1_782' title='bbox 2096 4724 2375 4795; x_wconf 87' lang='grc' dir='ltr'>θαύματος</span> <span class='ocrx_word' id='word_1_783' title='bbox 2404 4727 2518 4787; x_wconf 85' lang='grc' dir='ltr'>τοῖς</span> <span class='ocrx_word' id='word_1_784' title='bbox 2546 4726 2723 4779; x_wconf 87' lang='grc' dir='ltr'>πάντα</span> <span class='ocrx_word' id='word_1_785' title='bbox 2760 4724 3001 4794; x_wconf 82' lang='grc' dir='ltr'>τολμῶσι</span> <span class='ocrx_word' id='word_1_786' title='bbox 3037 4726 3127 4777; x_wconf 70' lang='grc' dir='ltr'><strong>καὶ</strong></span> <span class='ocrx_word' id='word_1_787' title='bbox 3156 4720 3545 4793; x_wconf 64' lang='grc' dir='ltr'>ἀναισχυντοῦ-</span> 
     </span>
    </p>
   </div>
   <div class='ocr_carea' id='block_1_110' title="bbox 1973 4815 3544 4886">
    <p class='ocr_par' dir='ltr' id='par_1_110' title="bbox 1973 4815 3544 4886">
     <span class='ocr_line' id='line_1_110' title="bbox 1973 4815 3544 4886; baseline -0.003 -17"><span class='ocrx_word' id='word_1_788' title='bbox 1973 4834 2056 4869; x_wconf 89' lang='grc' dir='ltr'><strong>σιν</strong></span> <span class='ocrx_word' id='word_1_789' title='bbox 2098 4816 2396 4881; x_wconf 87' lang='grc' dir='ltr'>Ἰουδαίοις,</span> <span class='ocrx_word' id='word_1_790' title='bbox 2430 4817 2584 4881; x_wconf 82' lang='grc' dir='ltr'>ἇλλος</span> <span class='ocrx_word' id='word_1_791' title='bbox 2618 4835 2698 4880; x_wconf 84' lang='grc' dir='ltr'><strong>τις</strong></span> <span class='ocrx_word' id='word_1_792' title='bbox 2728 4818 2835 4869; x_wconf 77' lang='grc' dir='ltr'>τῶν</span> <span class='ocrx_word' id='word_1_793' title='bbox 2864 4815 3315 4886; x_wconf 81' lang='grc' dir='ltr'>συντεθαμμένων</span> <span class='ocrx_word' id='word_1_794' title='bbox 3342 4816 3544 4883; x_wconf 77' lang='grc' dir='ltr'>ἐπιφη-</span> 
     </span>
    </p>
   </div>
   <div class='ocr_carea' id='block_1_111' title="bbox 1974 4905 3575 4979">
    <p class='ocr_par' dir='ltr' id='par_1_111' title="bbox 1974 4905 3575 4979">
     <span class='ocr_line' id='line_1_111' title="bbox 1974 4905 3575 4979; baseline -0.002 -18"><span class='ocrx_word' id='word_1_795' title='bbox 1974 4908 2162 4979; x_wconf 78' lang='grc' dir='ltr'>μισθῇ,</span> <span class='ocrx_word' id='word_1_796' title='bbox 2188 4909 2286 4979; x_wconf 84' lang='grc' dir='ltr'><strong>οὐχ</strong></span> <span class='ocrx_word' id='word_1_797' title='bbox 2332 4910 2361 4961; x_wconf 85' lang='grc' dir='ltr'><strong>ό</strong></span> <span class='ocrx_word' id='word_1_798' title='bbox 2384 4909 2514 4979; x_wconf 81' lang='grc' dir='ltr'>παρ’</span> <span class='ocrx_word' id='word_1_799' title='bbox 2544 4909 2721 4961; x_wconf 82' lang='grc' dir='ltr'>αὐτῶν</span> <span class='ocrx_word' id='word_1_800' title='bbox 2742 4907 2817 4977; x_wconf 79' lang='grc' dir='ltr'>τῷ</span> <span class='ocrx_word' id='word_1_801' title='bbox 2841 4908 3059 4978; x_wconf 77' lang='grc' dir='ltr'>σταυρῷ</span> <span class='ocrx_word' id='word_1_802' title='bbox 3083 4905 3549 4974; x_wconf 81' lang='grc' dir='ltr'>καταδεδικασμέ·</span> <span class='ocrx_word' id='word_1_803' title='bbox 3572 4978 3575 4979; x_wconf 13' lang='grc' dir='ltr'><em>ν</em></span> 
     </span>
    </p>
   </div>
   <div class='ocr_carea' id='block_1_112' title="bbox 1972 4999 3543 5071">
    <p class='ocr_par' dir='ltr' id='par_1_112' title="bbox 1972 4999 3543 5071">
     <span class='ocr_line' id='line_1_112' title="bbox 1972 4999 3543 5071; baseline -0.002 -19"><span class='ocrx_word' id='word_1_804' title='bbox 1972 5017 2081 5064; x_wconf 91' lang='grc' dir='ltr'>νος,</span> <span class='ocrx_word' id='word_1_805' title='bbox 2123 5000 2230 5052; x_wconf 87' lang='grc' dir='ltr'>τῶν</span> <span class='ocrx_word' id='word_1_806' title='bbox 2260 5000 2470 5071; x_wconf 83' lang='grc' dir='ltr'>νεκρῶν</span> <span class='ocrx_word' id='word_1_807' title='bbox 2494 4999 2872 5069; x_wconf 78' lang='grc' dir='ltr'>ἀνιστάμενος,</span> <span class='ocrx_word' id='word_1_808' title='bbox 2903 5000 3015 5051; x_wconf 79' lang='grc' dir='ltr'>ἀλλ’</span> <span class='ocrx_word' id='word_1_809' title='bbox 3044 5000 3129 5051; x_wconf 74' lang='grc' dir='ltr'>ἵνα</span> <span class='ocrx_word' id='word_1_810' title='bbox 3169 5000 3351 5061; x_wconf 81' lang='grc' dir='ltr'>αὐτοῖς</span> <span class='ocrx_word' id='word_1_811' title='bbox 3402 5016 3543 5050; x_wconf 82' lang='grc' dir='ltr'>παν-</span> 
     </span>
    </p>
   </div>
   <div class='ocr_carea' id='block_1_113' title="bbox 1968 5087 3545 5165">
    <p class='ocr_par' dir='ltr' id='par_1_113' title="bbox 1968 5087 3545 5165">
     <span class='ocr_line' id='line_1_113' title="bbox 1968 5087 3545 5165; baseline -0.001 -21"><span class='ocrx_word' id='word_1_812' title='bbox 1968 5087 2250 5165; x_wconf 85' lang='grc' dir='ltr'>ταχόθενῇ</span> <span class='ocrx_word' id='word_1_813' title='bbox 2278 5093 2425 5144; x_wconf 82' lang='grc' dir='ltr'>πᾶσα</span> <span class='ocrx_word' id='word_1_814' title='bbox 2451 5091 2800 5161; x_wconf 81' lang='grc' dir='ltr'>ψευδολογίας</span> <span class='ocrx_word' id='word_1_815' title='bbox 2854 5092 2947 5143; x_wconf 58' lang='grc' dir='ltr'><strong>καὶ⁹</strong></span> <span class='ocrx_word' id='word_1_816' title='bbox 2979 5091 3274 5165; x_wconf 79' lang='grc' dir='ltr'>θεομαχίας</span> <span class='ocrx_word' id='word_1_817' title='bbox 3321 5106 3545 5161; x_wconf 82' lang='grc' dir='ltr'>περικε-</span> 
     </span>
    </p>
   </div>
   <div class='ocr_carea' id='block_1_114' title="bbox 1972 5186 3544 5259">
    <p class='ocr_par' dir='ltr' id='par_1_114' title="bbox 1972 5186 3544 5259">
     <span class='ocr_line' id='line_1_114' title="bbox 1972 5186 3544 5259; baseline -0.003 -19"><span class='ocrx_word' id='word_1_818' title='bbox 1972 5188 2224 5258; x_wconf 81' lang='grc' dir='ltr'>κομμένη</span> <span class='ocrx_word' id='word_1_819' title='bbox 2257 5189 2528 5259; x_wconf 81' lang='grc' dir='ltr'>πρόφασις</span> <span class='ocrx_word' id='word_1_820' title='bbox 2554 5204 2567 5219; x_wconf 70' lang='grc' dir='ltr'><strong>ο</strong></span> <span class='ocrx_word' id='word_1_821' title='bbox 2597 5188 2788 5256; x_wconf 76' lang='grc' dir='ltr'>ἑτέρας</span> <span class='ocrx_word' id='word_1_822' title='bbox 2832 5190 2909 5253; x_wconf 79' lang='grc' dir='ltr'>δὲ,</span> <span class='ocrx_word' id='word_1_823' title='bbox 2944 5188 3038 5243; x_wconf 86' lang='grc' dir='ltr'><strong>τοῦ</strong></span> <span class='ocrx_word' id='word_1_824' title='bbox 3084 5186 3159 5258; x_wconf 81' lang='grc' dir='ltr'>μὴ</span> <span class='ocrx_word' id='word_1_825' title='bbox 3205 5187 3355 5250; x_wconf 82' lang='grc' dir='ltr'>δόξαι</span> <span class='ocrx_word' id='word_1_826' title='bbox 3405 5186 3544 5238; x_wconf 74' lang='grc' dir='ltr'>τισὶν</span> 
     </span>
    </p>
   </div>
   <div class='ocr_carea' id='block_1_115' title="bbox 1968 5279 3537 5352">
    <p class='ocr_par' dir='ltr' id='par_1_115' title="bbox 1968 5279 3537 5352">
     <span class='ocr_line' id='line_1_115' title="bbox 1968 5279 3537 5352; baseline -0.003 -18"><span class='ocrx_word' id='word_1_827' title='bbox 1968 5283 2151 5335; x_wconf 75' lang='grc' dir='ltr'>ἐκεῖνα</span> <span class='ocrx_word' id='word_1_828' title='bbox 2189 5283 2325 5352; x_wconf 88' lang='grc' dir='ltr'>μόνα</span> <span class='ocrx_word' id='word_1_829' title='bbox 2380 5282 2489 5334; x_wconf 83' lang='grc' dir='ltr'>τῶν</span> <span class='ocrx_word' id='word_1_830' title='bbox 2518 5282 2783 5350; x_wconf 85' lang='grc' dir='ltr'>σωμάτων</span> <span class='ocrx_word' id='word_1_831' title='bbox 2814 5280 3170 5350; x_wconf 73' lang='grc' dir='ltr'>ἐξαναστῆναι</span> <span class='ocrx_word' id='word_1_832' title='bbox 3202 5279 3297 5334; x_wconf 86' lang='grc' dir='ltr'><strong>τοῦ</strong></span> <span class='ocrx_word' id='word_1_833' title='bbox 3342 5280 3537 5347; x_wconf 81' lang='grc' dir='ltr'>τάφου,</span> 
     </span>
    </p>
   </div>
   <div class='ocr_carea' id='block_1_116' title="bbox 1966 5368 3538 5444">
    <p class='ocr_par' dir='ltr' id='par_1_116' title="bbox 1966 5368 3538 5444">
     <span class='ocr_line' id='line_1_116' title="bbox 1966 5368 3538 5444; baseline -0.003 -17"><span class='ocrx_word' id='word_1_834' title='bbox 1966 5368 2046 5437; x_wconf 77' lang='grc' dir='ltr'>οἷς</span> <span class='ocrx_word' id='word_1_835' title='bbox 2074 5374 2134 5427; x_wconf 83' lang='grc' dir='ltr'>τὸ</span> <span class='ocrx_word' id='word_1_836' title='bbox 2164 5374 2491 5427; x_wconf 74' lang='grc' dir='ltr'>Δεσποτικὺν</span> <span class='ocrx_word' id='word_1_837' title='bbox 2520 5372 2858 5444; x_wconf 75' lang='grc' dir='ltr'>ὲπεχωρίαζε</span> <span class='ocrx_word' id='word_1_838' title='bbox 2888 5374 3044 5442; x_wconf 83' lang='grc' dir='ltr'>σῶμα</span> <span class='ocrx_word' id='word_1_839' title='bbox 3074 5373 3170 5425; x_wconf 73' lang='grc' dir='ltr'>καὶ</span> <span class='ocrx_word' id='word_1_840' title='bbox 3191 5369 3538 5441; x_wconf 59' lang='grc' dir='ltr'>ἐπλησίαζεν</span> 
     </span>
    </p>
   </div>
   <div class='ocr_carea' id='block_1_117' title="bbox 1968 5460 3538 5531">
    <p class='ocr_par' dir='ltr' id='par_1_117' title="bbox 1968 5460 3538 5531">
     <span class='ocr_line' id='line_1_117' title="bbox 1968 5460 3538 5531; baseline -0.004 -14"><span class='ocrx_word' id='word_1_841' title='bbox 1968 5464 2029 5517; x_wconf 85' lang='grc' dir='ltr'>ὃν</span> <span class='ocrx_word' id='word_1_842' title='bbox 2063 5466 2156 5518; x_wconf 88' lang='grc' dir='ltr'><strong>καί</strong></span> <span class='ocrx_word' id='word_1_843' title='bbox 2194 5482 2338 5528; x_wconf 85' lang='grc' dir='ltr'>τινος</span> <span class='ocrx_word' id='word_1_844' title='bbox 2369 5464 2476 5517; x_wconf 85' lang='grc' dir='ltr'>τῶν</span> <span class='ocrx_word' id='word_1_845' title='bbox 2522 5464 2693 5531; x_wconf 80' lang='grc' dir='ltr'>ἁγίων</span> <span class='ocrx_word' id='word_1_846' title='bbox 2745 5463 2911 5516; x_wconf 84' lang='grc' dir='ltr'>πάλαι</span> <span class='ocrx_word' id='word_1_847' title='bbox 2967 5463 3060 5514; x_wconf 72' lang='grc' dir='ltr'>καὶ</span> <span class='ocrx_word' id='word_1_848' title='bbox 3092 5461 3292 5525; x_wconf 76' lang='grc' dir='ltr'>ζῶντος</span> <span class='ocrx_word' id='word_1_849' title='bbox 3334 5460 3413 5512; x_wconf 71' lang='grc' dir='ltr'>ἔτι</span> <span class='ocrx_word' id='word_1_850' title='bbox 3459 5460 3538 5512; x_wconf 80' lang='grc' dir='ltr'>δι-</span> 
     </span>
    </p>
   </div>
   <div class='ocr_carea' id='block_1_118' title="bbox 1968 5555 3540 5628">
    <p class='ocr_par' dir='ltr' id='par_1_118' title="bbox 1968 5555 3540 5628">
     <span class='ocr_line' id='line_1_118' title="bbox 1968 5555 3540 5628; baseline -0.001 -20"><span class='ocrx_word' id='word_1_851' title='bbox 1968 5556 2318 5628; x_wconf 82' lang='grc' dir='ltr'>επέπρακτο,</span> <span class='ocrx_word' id='word_1_852' title='bbox 2355 5559 2449 5611; x_wconf 87' lang='grc' dir='ltr'><strong>καί</strong></span> <span class='ocrx_word' id='word_1_853' title='bbox 2495 5555 2559 5611; x_wconf 76' lang='grc' dir='ltr'>αὖ</span> <span class='ocrx_word' id='word_1_854' title='bbox 2598 5557 3039 5627; x_wconf 85' lang='grc' dir='ltr'>τελευτήσαντος·</span> <span class='ocrx_word' id='word_1_855' title='bbox 3078 5556 3212 5609; x_wconf 77' lang='grc' dir='ltr'>ἀλλὰ</span> <span class='ocrx_word' id='word_1_856' title='bbox 3264 5556 3329 5609; x_wconf 81' lang='grc' dir='ltr'><strong>ἵν’</strong></span> <span class='ocrx_word' id='word_1_857' title='bbox 3355 5555 3540 5624; x_wconf 77' lang='grc' dir='ltr'>ὥσπερ</span> 
     </span>
    </p>
   </div>
   <div class='ocr_carea' id='block_1_119' title="bbox 1966 5644 3535 5719">
    <p class='ocr_par' dir='ltr' id='par_1_119' title="bbox 1966 5644 3535 5719">
     <span class='ocr_line' id='line_1_119' title="bbox 1966 5644 3535 5719; baseline -0.001 -21"><span class='ocrx_word' id='word_1_858' title='bbox 1966 5646 2105 5719; x_wconf 85' lang='grc' dir='ltr'>ὑπὲρ</span> <span class='ocrx_word' id='word_1_859' title='bbox 2142 5649 2353 5704; x_wconf 81' lang='grc' dir='ltr'>πάντων</span> <span class='ocrx_word' id='word_1_860' title='bbox 2388 5648 2473 5719; x_wconf 79' lang='grc' dir='ltr'>εἴη</span> <span class='ocrx_word' id='word_1_861' title='bbox 2504 5647 2564 5702; x_wconf 85' lang='grc' dir='ltr'>τὸ</span> <span class='ocrx_word' id='word_1_862' title='bbox 2597 5648 2737 5702; x_wconf 79' lang='grc' dir='ltr'>κατὰ</span> <span class='ocrx_word' id='word_1_863' title='bbox 2765 5649 2857 5703; x_wconf 84' lang='grc' dir='ltr'><strong>τοῦ</strong></span> <span class='ocrx_word' id='word_1_864' title='bbox 2898 5647 3022 5717; x_wconf 73' lang='grc' dir='ltr'>ᾅδου</span> <span class='ocrx_word' id='word_1_865' title='bbox 3055 5650 3251 5718; x_wconf 83' lang='grc' dir='ltr'>κράτος</span> <span class='ocrx_word' id='word_1_866' title='bbox 3281 5648 3308 5699; x_wconf 79' lang='grc' dir='ltr'>ὁ</span> <span class='ocrx_word' id='word_1_867' title='bbox 3336 5644 3535 5699; x_wconf 77' lang='grc' dir='ltr'>Δεσπό-</span> 
     </span>
    </p>
   </div>
  </div>
