3930 6218
304 249 443 315 i229

1492 242 1958 304 FRAGMENTA
1978 238 2061 300 IN
2094 240 2391 303 LUCAM.’

3432 235 3572 300 1230

298 385 399 438 της
422 363 868 437 ἀναδεδεγμένος,
902 361 1046 418 οὕτω
1079 363 1175 419 καὶ
1193 361 1301 417 τῶν
1325 359 1603 433 πανταχοῦ
1645 362 1748 433 γῆς
1788 360 1885 414 καὶ
1915 388 1928 423 λ

2033 357 2197 429 bique
2255 372 2350 428 per
2384 364 2560 413 terras
2608 364 2664 413 et
2723 356 2900 412 maria
2937 354 3159 427 agitatis
3212 355 3565 427 corporibus,

301 459 583 528 Θαλάσσης
614 456 1021 530 διερριμμένων
1051 456 1344 526 σωμάτων,
1368 456 1463 510 καὶ
1486 474 1561 507 πυ
1572 456 1623 523 ρὶ
1651 454 1747 508 καὶ
1771 453 1895 523 ἀέρι

299 551 794 622 διεσκεδασμένων,
822 548 1098 621 λαμπρῶς
1128 549 1441 620 ἐπιγνωσθῇ
1467 548 1544 619 τῷ
1574 548 1760 618 οἰκείῳ
1787 547 1897 601 πά-

306 645 391 701 θει
445 644 931 716 διαπεπραγμένος
979 642 1078 714 τὴν
1105 643 1436 699 ἀνάστασιν*
1472 640 1553 706 οἷς
1584 642 1691 713 γάρ
1737 641 1900 696 τινῶν

313 737 414 809 μὲν
445 736 507 790 οὐ
552 735 919 789 συνετέθαπτο
966 734 1207 806 σώμασι,
1253 733 1442 787 πολλοὶ
1480 733 1540 786 δὲ
1578 733 1688 787 τῶν
1720 731 1902 801 ἁγίων

305 828 661 891 ἀναστάντες,
690 824 874 881 ἄλλοθί
896 843 1001 879 που
1037 826 1133 879 καὶ
1160 822 1345 878 ἄλλοθι
1369 824 1464 878 καὶ
1486 822 1765 894 σποράδην
1800 821 1897 877 καὶ

301 920 365 973 οὐ
394 919 537 973 κατὰ
559 918 622 971 τὸ
652 916 981 971 Δεσποτικδν
1031 915 1225 987 μνῆμα
1262 914 1528 984 κείμενοι,
1565 914 1777 977 πολλοῖς
1809 909 1908 985 ἦλ-

313 1010 406 1065 θον
438 1011 519 1074 είς
538 1009 867 1080 ἐμφάνειανο
897 1007 989 1063 διὰ
1018 1007 1227 1061 τούτων
1282 1006 1484 1079 μᾶλλον
1512 1006 1726 1078 τρανῶς
1782 1006 1908 1058 ἐπι·

309 1104 609 1167 δείκνυται,
647 1102 724 1175 μὴ
752 1102 862 1156 τῶν
892 1101 1016 1173 μὲν,
1043 1100 1152 1156 τῶν
1172 1101 1230 1155 δὲ
1270 1101 1368 1173 μὴ,
1418 1100 1539 1155 ἀλλ’
1571 1100 1709 1171 ὑπὲρ
1760 1099 1902 1153 πὰν-

304 1212 415 1249 των
442 1194 521 1266 τῷ
541 1196 787 1265 Δεσπότῃ
808 1194 923 1263 ὄλτε
954 1193 1187 1257 θάνατος
1208 1193 1576 1265 γεγενημένος
1604 1192 1700 1245 καὶ
1723 1191 1757 1262 ή
1778 1190 1912 1246 ἀνά-

309 1304 520 1351 στασις·
551 1287 640 1342 διὰ
688 1284 865 1341 ταῦτα
892 1285 1002 1357 γὰρ
1026 1280 1120 1341 οὖν
1152 1286 1245 1339 καί⁵
1269 1284 1513 1348 τοιαῦτα,
1558 1283 1747 1347 καινὸς
1771 1283 1800 1335 ὁ
1818 1285 1916 1336 Ae.

308 1378 568 1443 σποτικδς
594 1378 766 1447 τάφος
798 1377 877 1448 τῷ
914 1377 1111 1449 Ἰωσὴφ
1131 1374 1405 1442 ὲλὰξευτο·
1423 1375 1634 1429 ἐκείνου
1672 1376 1773 1446 μὲν
1812 1373 1911 1445 μὴ,

314 1471 652 1542 συνορῶντος
679 1470 809 1534 ἴσως
838 1469 1078 1535 ἅπαντα,
1110 1468 1250 1522 ἀλλὰ
1282 1468 1421 1538 πρὸς
1468 1467 1527 1521 ἓν
1552 1483 1638 1536 γε,
1674 1468 1775 1537 τὴν
1831 1481 1914 1518 τι-

312 1561 442 1631 μὴν,
468 1558 890 1622 ἀποὸλὲποντος·
921 1559 1022 1629 τῆς
1065 1558 1215 1620 θείας
1243 1557 1327 1624 δεῖ
1347 1558 1441 1611 καὶ
1471 1555 1643 1609 ταῦτα
1671 1571 1917 1625 προκατ-

310 1650 639 1722 αρτιζούσης
673 1651 772 1704 καὶ
827 1648 1327 1720 συνοικονομούσης
1383 1647 1770 1719 προγνώσεως.

2000 465 2176 520 neque
2205 450 2260 504 in
2290 450 2413 520 igne
2450 459 2505 504 et
2540 463 2666 505 aere
2717 448 3007 519 dispersis,
3069 449 3215 504 clare
3262 458 3591 505 nosceretur

1999 544 2225 615 pr0pria
2260 532 2463 598 virtute
2502 542 2962 598 resurrectionem
3015 541 3343 612 patravisse.
3379 541 3591 608 Quibus

2001 634 2150 689 enim
2186 649 2297 689 non
2348 634 2705 703 consepultus
2735 642 2854 688 erat
2893 633 3240 703 corporibus,
3277 632 3432 686 multi
3465 647 3593 686 san—

2003 735 2226 782 ctorum
2264 735 2638 795 resurgentes,
2677 725 2750 779 ibi
2782 732 2837 780 et
2868 723 3001 779 alibi
3037 732 3093 778 et
3141 724 3343 792 passim
3399 730 3453 776 et
3482 736 3595 775 non

2005 819 2171 891 juxta
2198 818 2414 874 Domini
2450 816 3162 891 monumentum‘jacentes,
3204 814 3395 869 multis
3424 828 3595 884 appa-

2005 920 2262 966 ruerunt.
2314 909 2416 964 Per
2454 910 2571 965 haec
2619 918 2805 979 aperte
2862 907 3040 979 magis
3076 905 3423 970 ostenditur,
3482 919 3596 959 non

2010 1001 2229 1067 borum,
2275 1014 2455 1069 neque
2499 998 2753 1065 illorum,
2806 996 2903 1053 sed
2951 996 3332 1053 universorum
3365 992 3598 1049 Domino

2010 1092 2212 1148 factam
2233 1107 2356 1147 esse
2378 1100 2613 1146 mortem
2634 1099 2689 1146 et
2713 1090 3196 1146 resurrectionem.
3227 1087 3456 1156 Propter
3474 1102 3600 1157 qua:

2011 1181 2179 1253 igitur
2204 1190 2258 1236 et
2292 1180 2444 1246 talia,
2481 1194 2685 1234 novum
2711 1178 2946 1234 Domino
2984 1179 3298 1250 sepulcrum
3332 1192 3363 1231 a
3394 1174 3600 1245 Joseph

2012 1272 2258 1327 excisum
2290 1279 2408 1339 est;
2464 1272 2559 1341 qui
2618 1271 2841 1341 quidem
2894 1287 3004 1326 non
3050 1271 3237 1326 omnia
3278 1270 3396 1327 haec
3434 1270 3602 1325 simul

2014 1362 2258 1426 videbat,
2289 1362 2387 1418 sed
2425 1376 2618 1427 unum,
2657 1361 2923 1418 honorem
2952 1362 3187 1427 scilicet,
3244 1359 3599 1427 intendebat;

2015 1456 2345 1526 pmvisione
2381 1463 2564 1509 autem
2590 1453 2775 1509 divina
2806 1463 3008 1510 cuncta
3036 1460 3376 1524 praeparante
3406 1459 3462 1508 et
3487 1449 3606 1506 dis-

2017 1556 2272 1619 ponente.

386 1711 464 1815 [ρξ
483 1711 710 1814 διδῖελ
725 1743 976 1798 Φωτίου.
1001 1742 1076 1797 Οὐ
1098 1711 1205 1814 μὴν
1223 1711 1562 1809 sane“...
1582 1739 1662 1792 ὅτι
1678 1740 1711 1809 ή
1730 1738 1910 1808 παρά-

2086 1756 2238 1812 CAP.
2271 1755 2463 1814 XXIV.
2486 1755 2668 1814 .Vsns.
2707 1758 2797 1815 51.
2836 1757 3042 1813 Pharii.
3076 1756 3194 1813 Non
3222 1755 3479 1826 equidem
3516 1754 3606 1809 in-

313 1832 470 1895 6ασις
488 1833 617 1897 τοὺς
631 1832 945 1904 ὀφθαλμοὺς
970 1833 1195 1886 ἐκείνων
1226 1831 1513 1903 διήνοιξεν,
1543 1830 1748 1899 ἄπαγε.
1772 1829 1909 1884 Οὐδὲ

2033 1846 2366 1918 ,elligendum
2411 1863 2604 1904 eorum
2648 1849 2843 1905 oculos
2896 1849 3335 1919 transgressione
3386 1856 3609 1917 apertos

313 1925 447 1997 γὰρ,
476 1926 585 1980 οὐδ’
604 1928 663 1979 ὲν
693 1927 831 1995 αὐτῇ
866 1925 1179 1995 παραϐάσει
1208 1925 1525 1995 γέγραπται
1555 1924 1682 1989 τοὺς
1710 1921 1911 1991 ὀφθαλ-

2033 1937 2211 2005 'uisse,
2258 1940 2421 1995 absit.
2458 1938 2648 2011 Neque
2681 1943 2829 1996 enim
2890 1941 2946 1996 in
3010 1943 3128 2012 ipsa
3165 1940 3608 2011 transgressione

317 2017 451 2087 μοὺς
482 2016 663 2070 αὐτῶν
702 2016 1024 2087 διηνοῖχθαι,
1070 2016 1207 2070 ἀλλά
1242 2015 1380 2086 μετά
1418 2015 1519 2087 τὴν
1570 2014 1907 2085 παράϐασιν.

2033 2030 2280 2101 scriptum
2313 2039 2397 2086 est
2428 2040 2647 2102 apertos
2679 2031 2847 2088 fuisse
2870 2049 3062 2087 eorum
3099 2033 3313 2097 oculos,
3357 2031 3449 2086 sed
3483 2037 3604 2099 post

317 2108 496 2176 Ὅπερ
510 2105 752 2161 τοιοῦτόν
771 2108 913 2162 ἐστι.
937 2106 1096 2161 Μετά
1123 2106 1217 2176 τὴν
1249 2106 1528 2177 ἁμαρτίαν
1554 2106 1631 2169 ὡς
1650 2106 1720 2160 τά
1739 2106 1911 2161 πολλὰ

2033 2123 2532 2192 .ransgressionem.
2609 2123 2757 2179 Idem
2814 2133 2899 2180 est
2948 2125 3092 2195 quod
3146 2132 3270 2193 pust
3322 2129 3607 2193 peccatum

316 2197 612 2267 ἐπίγνωσις
641 2195 738 2251 τοῦ
767 2197 1167 2269 ἁμαρτήματος
1195 2196 1432 2266 γίνεται,
1462 2198 1559 2252 καὶ
1587 2198 1648 2251 τὸ
1681 2198 1911 2270 μέγεθος

2033 2216 2195 2287 najor
2233 2217 2478 2288 cognitio
2500 2215 2724 2273 oﬂ‘ensae
2740 2217 2925 2283 datur,
2948 2226 3003 2272 et
3021 2217 3265 2271 audacia:
3289 2212 3609 2285 magnitudo

317 2289 415 2343 τοῦ
466 2290 823 2361 τολμήματος
868 2290 992 2344 τότε
1042 2289 1248 2360 μᾶλλον
1292 2289 1756 2359 ὲπιγινώσκεται.ί
1799 2288 1908 2344 Τοῦ

2033 2323 2149 2361 ωηο
2178 2309 2355 2379 magis
2390 2310 2764 2379 cognoscitur.
2817 2308 2957 2363 Nam
3010 2307 3314 2362 oti‘uscante
3361 2305 3609 2359 animum

316 2382 427 2453 γὰρ
462 2381 929 2455 ὲπιπροσθοῦντος
978 2381 1185 2445 πάθους
1232 2382 1328 2437 καὶ
1355 2381 1637 2445 κινοῦντος
1691 2382 1909 2451 οἴστρου

318 2474 458 2546 πρὸς
489 2474 588 2546 τὴν
608 2473 905 2545 ἁμαρτίαν,
936 2476 1079 2544 μετά
1120 2474 1219 2543 τὴν
1252 2472 1523 2544 ἔκθεσμον
1568 2472 1768 2544 πρᾶξιν
1808 2490 1909 2526 πε-

320 2568 626 2637 παυμένου,
661 2567 785 2622 τότε
815 2566 1006 2636 ὥσπερ
1028 2566 1297 2637 διακύψας
1324 2567 1424 2636 τῆς
1456 2566 1660 2635 πολλῆς
1692 2564 1912 2635 ἐκείνης

322 2661 524 2732 ἀχλύος
550 2663 578 2715 ὁ
606 2660 867 2731 λογισμὸς
888 2660 983 2714 καὶ
1010 2659 1294 2730 ἀνανήψας
1320 2660 1495 2731 ἐφορᾷ
1524 2659 1594 2713 τὰ
1654 2675 1911 2730 πεπραγ-

329 2751 466 2823 μένα
497 2752 593 2804 καὶ
643 2752 723 2813 είς
773 2750 894 2804 οἵαν
944 2751 1277 2803 κατάστασιν
1320 2748 1379 2813 ἐξ
1405 2750 1524 2812 οἵας
1582 2748 1909 2820 μετηνέχθη,

329 2844 531 2915 μᾶλλον
575 2843 847 2915 λαμϐάνει
894 2842 996 2915 τήν
1030 2842 1407 2913 συναίσθησιν,
1438 2841 1534 2895 καὶ
1564 2841 1625 2894 τὸ
1674 2842 1913 2905 συνειδὸς

326 2937 631 3009 τιτρῶσκον
656 2936 821 2990 αὐτὸν
850 2939 943 2991 καὶ
973 2935 1240 3007 διεγεῖρον
1270 2935 1392 3007 ἔχον
1414 2975 1428 3001 ,
1463 2933 1745 2988 διαϐλέπει
1777 2952 1912 3005 τρα-

330 3028 433 3091 νῶς
464 3029 500 3084 ἁ
529 3027 623 3082 τοῦ
652 3027 857 3092 πάθους
890 3027 1368 3100 ὲπιπροσθοῦντος,
1392 3028 1489 3097 οὐχ
1533 3026 1735 3096 ὁμοίως
1761 3027 1910 3079 ἔϐλε-

329 3140 452 3177 πεν·
487 3122 663 3187 ἄλλως
693 3122 750 3176 δὲ
779 3122 916 3193 πρὸς
934 3123 1034 3192 τὴν
1052 3121 1326 3193 ἁμαρτίαν
1346 3121 1573 3180 ἕκαστος
1602 3120 1817 3192 χωρῶν,
1852 3116 1933 3184 οἷς

330 3217 360 3267 ὁ
390 3215 621 3286 πονηρὸς
677 3214 1121 3285 διαγαργαλίζων
1180 3231 1240 3266 τε
1273 3214 1369 3267 καὶ
1409 3213 1727 3281 ὑποθέλγων
1787 3213 1935 3283 ἡμᾶς

332 3308 639 3379 ὲκθηλύνει,
673 3309 768 3362 καὶ
794 3309 995 3377 γνόφου
1043 3306 1263 3378 πληροῖ,
1295 3307 1718 3377 κεκαρωμένους
1742 3307 1932 3377 ὥσπερ

335 3404 492 3474 φέρει
535 3403 665 3467 τοὺς
710 3402 1025 3473 λογισμοὺς,
1059 3404 1155 3456 καὶ
1196 3402 1598 3473 πεπηρωμένον
1624 3402 1684 3455 τὸ
1712 3402 1937 3455 ὀπτικδν

335 3497 435 3564 τῆς
457 3494 806 3565 διακρίσεως.
828 3494 983 3547 Μετὰ
1000 3492 1055 3546 δὲ
1082 3493 1181 3564 τὴν
1222 3492 1423 3565 πρᾶξιν
1452 3491 1546 3545 ὑπ’
1575 3492 1697 3561 ὄψιν
1725 3492 1847 3562 ἄγει
1876 3492 1937 3545 τὸ

334 3583 627 3655 τολμηθὲν,
656 3584 750 3636 κοιλ⁵
773 3582 1143 3637 ἀνακαλύπτει
1170 3583 1406 3655 πικρῶς,
1428 3576 1466 3635 ’ὃ
1493 3583 1759 3654 πρότερον
1805 3583 1936 3636 πολ-

336 3676 459 3740 λαῖς
497 3673 765 3746 μηχαναῖς
799 3676 1224 3730 συνεκάλυπτενο
1262 3670 1403 3741 εἶτα,
1440 3674 1520 3729 δι’
1548 3668 1625 3730 ὧν
1670 3676 1932 3746 κατάφω-

342 3788 438 3843 ρον
462 3771 554 3826 τὸν
582 3770 747 3839 δγκον
780 3770 1035 3825 ἀποτελεῖ
1066 3771 1161 3825 τοῦ
1202 3771 1574 3843 τολμήματος,
1613 3772 1750 3844 πρὸς
1800 3772 1933 3826 ἀπόο

341 3877 543 3930 γνωσιν
580 3860 743 3915 ὠθεῖν
789 3862 1049 3933 πειρᾶται
1077 3863 1169 3915 τὸν
1214 3863 1629 3934 ἀμαρτήσαντα.
1670 3863 1740 3916 Τὸ
1785 3862 1937 3933 γοῦν,

342 3955 793 4024 Διηνοίχθησαν
843 3953 1044 4008 αὐτῶν
1090 3957 1146 4008 οἱ
1192 3955 1509 4026 ὀφθαλμοί,
1537 3956 1600 4009 οὐ
1657 3956 1792 4028 πρὸς
1847 3956 1939 4011 τὸν

344 4046 658 4119 ἔμπροσθεν
703 4046 919 4117 χρόνον,
943 4046 1064 4099 οὐδὲ
1114 4046 1246 4117 πρὶν
1279 4046 1312 4119 ἢ
1343 4049 1441 4117 τῆς
1470 4046 1691 4117 ἐντολῆς
1740 4047 1940 4112 αὐτοὺς

345 4141 620 4203 ἐκπεσεῖν,
656 4138 1066 4210 παραληπτέον.
1091 4138 1226 4192 Τότε
1252 4140 1361 4210 γὰρ
1388 4139 1770 4211 ήνεῳγμένους
1796 4136 1941 4211 εἶχον

350 4232 570 4305 μᾶλλον,
594 4232 763 4305 μήπω
779 4231 873 4286 τοῦ
907 4231 1084 4302 δφεως
1095 4236 1206 4297 τοῖς
1230 4232 1583 4305 ψιθυρισμοῖς
1599 4232 1943 4289 ὑποκλαπέν-

348 4342 462 4390 τες,
479 4324 574 4378 καὶ
596 4326 829 4396 συνορᾷν
858 4324 919 4378 τὸ
941 4325 1239 4394 πρακτέον,
1274 4323 1579 4395 ὲγρήγορον
1606 4324 1802 4396 ἔφερον
1839 4325 1939 4396 τὴν

2017 2395 2277 2466 passione
2307 2405 2362 2451 et
2393 2396 2445 2450 in
2472 2406 2755 2467 peccatum
2786 2396 2994 2452 furiose
3030 2407 3303 2457 movente,
3321 2403 3443 2464 post
3462 2390 3612 2445 nefa-

2019 2488 2157 2542 riam
2178 2499 2359 2545 autem
2379 2490 2653 2546 actionem
2673 2490 2981 2555 desinente,
3006 2501 3161 2556 tunc,
3185 2494 3329 2542 velut
3350 2488 3417 2541 ab
3440 2500 3610 2554 opaca

2020 2577 2112 2631 illa
2146 2578 2295 2633 nube
2324 2586 2379 2633 et
2418 2579 2579 2650 quasi
2627 2580 2896 2635 ebrietate
2938 2580 3119 2636 soluta
3170 2577 3311 2632 ratio
3340 2578 3611 2630 actionem

2022 2669 2289 2734 intuetur,
2333 2680 2386 2726 et
2420 2686 2544 2726 cum
2582 2672 2636 2725 in
2671 2673 2834 2727 alium
2869 2687 2935 2727 ex
2966 2671 3076 2726 alio
3127 2680 3332 2725 statum
3377 2668 3614 2721 adducta

2022 2770 2129 2824 est,
2172 2763 2345 2835 magis
2392 2764 2791 2818 conscientiam
2831 2763 3005 2830 audit,
3038 2778 3162 2833 quae
3201 2762 3354 2816 velut
3404 2758 3615 2814 aculeis

2021 2865 2211 2920 pressa
2248 2862 2303 2907 et
2334 2854 2569 2909 excitata
2628 2855 2775 2909 clare
2826 2856 3099 2925 conspicit
3128 2892 3144 2915 .
3185 2868 3308 2924 quae
3354 2849 3617 2921 passione

2022 2942 2325 2998 olluscante
2354 2958 2461 2996 non
2489 2944 2680 2999 eadem
2710 2944 2937 2999 viderat.
2974 2944 3145 2998 Aliter
3176 2952 3356 2997 autem
3388 2939 3455 2995 ad
3484 2953 3615 3009 pec-

2033 3046 2213 3092 catum
2252 3036 2484 3107 quisque
2518 3036 2706 3103 tendit,
2735 3052 2859 3091 cum
2891 3034 3185 3104 malignus,
3229 3034 3432 3104 quibus
3460 3032 3618 3086 blan-

2035 3132 2192 3186 diens
2220 3142 2275 3187 et
2305 3130 2594 3186 ineautaus
2618 3147 2720 3185 nos
2737 3130 2982 3185 debilitat
3011 3140 3066 3184 et
3092 3128 3333 3184 tenebris
3362 3125 3617 3194 complet,

2036 3227 2373 3299 soporiferas
2412 3229 2653 3283 rationes
2693 3227 2938 3293 adducit,
3000 3235 3055 3281 et
3103 3224 3327 3280 oculum
3383 3219 3624 3276 occludit

2037 3321 2407 3377 conscientiae.
2444 3319 2549 3375 Sed
2583 3328 2706 3389 post
2735 3318 3032 3381 actionem,
3080 3324 3209 3371 ante
3246 3317 3438 3369 oculos
3471 3310 3625 3382 ponit

2037 3413 2183 3484 quod
2221 3428 2417 3467 ausum
2450 3421 2554 3473 est,
2591 3419 2645 3465 ct
2679 3424 2866 3464 amare
2892 3409 3090 3479 aperit,
3115 3407 3262 3478 quod
3298 3406 3451 3477 prius
3476 3404 3623 3457 mul-

2038 3505 2111 3560 tis
2143 3504 2355 3557 artibus
2389 3503 2701 3567 velaverat;
2730 3500 2949 3567 deinde,
2986 3508 3046 3555 ut
3092 3496 3448 3553 manifestam
3490 3494 3626 3550 faci-

2043 3596 2192 3652 noris
2222 3597 2545 3667 gravitatem
2571 3601 2940 3657 consummet,
2977 3592 3031 3646 in
3059 3589 3500 3661 desperationem
3543 3588 3627 3641 inv

2037 3688 2209 3758 jicerc
2241 3687 2438 3741 nititur
2470 3695 2836 3755 peccatorem.
2871 3682 3007 3737 Illud
3036 3682 3206 3752 igitur
3238 3699 3252 3735 :
3286 3679 3471 3749 Aperti
3503 3684 3629 3732 sunt

2041 3781 2183 3836 oculi
2202 3795 2404 3844 eorum,
2438 3794 2547 3833 non
2595 3775 2922 3848 praecedenti
2955 3785 3218 3844 tempore,
3264 3786 3441 3842 neque
3476 3778 3630 3824 ante-

2042 3887 2204 3942 quam
2229 3871 2279 3923 in
2309 3869 2628 3924 mandatum
2653 3868 3051 3937 peccavissent,
3074 3862 3486 3932 intelligendum
3508 3867 3625 3917 est:

2046 3963 2279 4032 Quando
2309 3963 2455 4019 enim
2490 3962 2684 4016 oculos
2722 3958 2997 4014 habebant
3021 3964 3241 4026 apertos
3269 3953 3465 4024 magis,
3491 3966 3632 4007 non-

2045 4060 2475 4129 dutnscrpcntis
2504 4055 2715 4125 decepti
2745 4052 3060 4116 fraudibus,
3114 4059 3169 4104 et
3217 4050 3285 4104 ad
3334 4047 3627 4101 videndum

2045 4152 2176 4224 quid
2207 4151 2475 4220 agendum
2500 4157 2666 4212 esset,
2690 4144 2907 4213 vigilem
2932 4142 3196 4215 gerebant
3214 4148 3470 4195 mentem.
3493 4136 3631 4190 Cum

2048 4246 2214 4317 igitur
2240 4242 2424 4299 videre
2452 4256 2559 4295 non
2585 4247 2856 4309 poterant,
2891 4237 2948 4291 in
2984 4243 3266 4306 peccatum
3297 4231 3629 4285 inciderunt.

2053 4341 2093 4393 Ε
2123 4335 2402 4394 contrario
2457 4341 2639 4388 autem
2672 4333 2766 4402 qui
2815 4333 2870 4386 in
2913 4339 3196 4401 peccatum
3249 4325 3463 4396 agendo
3499 4324 3631 4379 caeci

348 4416 608 4481 διᾲνοιαν.
627 4416 837 4471 Οὐκοῦν
855 4416 917 4469 τὸ
939 4416 1155 4488 βλέπειν
1172 4416 1272 4469 οὐκ
1291 4415 1524 4487 ἔχοντες,
1545 4417 1637 4470 ἐπὶ
1655 4417 1751 4487 τῆς
1766 4418 1928 4489 ἁμαρ·

2053 4440 2232 4497 erant,
2265 4440 2489 4502 peracto
2522 4434 2750 4499 peccato
2794 4425 2971 4480 visum
3020 4425 3503 4490 recuperaverunt.
3552 4415 3635 4471 lbi

351 4508 471 4573 τίας
534 4509 816 4562 ἀνέλαϐον⁸
847 4509 1159 4563 τούναντίον
1195 4507 1249 4561 δὲ
1283 4507 1381 4580 τὴν
1432 4507 1711 4580 ἁμαρτίαν
1753 4510 1812 4561 ὲν
1862 4507 1940 4580 τῷ

354 4605 618 4671 πράττειν
660 4601 1064 4672 τυφλώττοντες
1100 4644 1116 4668 ,
1178 4600 1537 4672 πεπαυμένης
1585 4600 1684 4674 τὴν
1751 4604 1945 4673 ὅρασιν

359 4696 730 4766 ἀνεκτήσαντο
771 4711 786 4727 ο
839 4694 1073 4748 ἐνταῦθα
1110 4694 1295 4763 μέντοι
1321 4693 1403 4760 τὸ,
1434 4693 1880 4761 Διηνοίχθησαν
1899 4695 1954 4747 ol

357 4786 675 4859 ὀφθαλμοὶ,
709 4787 829 4842 ἀντὶ
863 4787 979 4853 τοῦ,
1021 4786 1082 4839 τὸ
1106 4786 1324 4857 βλέμμα
1352 4784 1531 4839 αὐτῶν
1574 4784 1787 4857 ὠξύνθη
1818 4784 1953 4856 πρὸς

358 4882 675 4953 ἐπίγνωσιν·
703 4882 973 4954 ᾠκονόμει
1002 4882 1109 4955 γὰρ
1132 4882 1269 4946 τέως
1290 4883 1318 4936 ὁ
1355 4880 1561 4953 Κύριος
1602 4880 1663 4934 τὸ
1695 4880 1772 4954 μὴ
1810 4898 1949 4951 γνω-

361 4975 557 5044 σθῆναι
584 4976 791 5039 αὐτοῖς,
825 4974 988 5044 μέχρι
1016 4974 1117 5043 τῆς
1146 4972 1240 5026 τοῦ
1265 4972 1434 5044 ἄρτου
1460 4973 1725 5035 κλάσεως.

436 5070 510 5144 [ρ.
549 5069 655 5125 517
690 5065 765 5139 a.]
808 5068 919 5122 Τοῦ
951 5067 1159 5122 αὑτοῦ.
1189 5066 1481 5137 Συντέμνει
1509 5065 1608 5136 τὴν
1638 5060 1952 5136 ὑπόσχεσιν,

362 5165 450 5219 διὰ
479 5163 576 5233 τὴν
601 5160 951 5231 ὀλιγοψυχίαν
968 5160 1074 5213 τῶν
1106 5159 1393 5230 μαθητῶν·
1423 5160 1517 5212 καὶ
1548 5160 1635 5212 διὰ
1660 5158 1819 5213 τοῦτο
1851 5161 1957 5232 πρὸ

364 5255 464 5326 τῆς
482 5252 767 5316 Γαλιλαίας
790 5255 847 5305 ὲν
868 5252 1053 5313 αὐτοῖς
1087 5249 1500 5322 Ἱεροσολύμοις,
1518 5251 1698 5314 αὐτοῖς
1721 5251 1957 5321 ἐμφανί-

366 5350 540 5415 ζεται,
577 5348 669 5401 καὶ
705 5347 766 5400 οὐ
796 5347 970 5416 δήπου
1000 5343 1160 5397 τοῦτο
1205 5345 1302 5415 τῆς
1333 5343 1666 5412 ἐπαγγελίας
1702 5345 1957 5415 παράϐα-

368 5458 476 5504 σις.
520 5441 726 5509 Ταχεῖα
745 5438 803 5492 δὲ
834 5437 1041 5506 μᾶλλον
1066 5438 1133 5488 ὲκ
1167 5435 1367 5505 πολλῆς
1417 5434 1829 5505 φιλανθρωπίας
1863 5437 1956 5487 ὲκ-

373 5533 675 5599 πλήρωσις·
714 5529 870 5601 ὤφθη
896 5529 952 5582 δὲ
986 5528 1125 5599 μετὰ
1144 5528 1318 5581 ταῦτα
1359 5528 1452 5582 καὶ
1483 5529 1540 5580 ἐν
1571 5530 1636 5598 τῇ
1679 5527 1981 5599 Γαλιλαίᾳ,¹

373 5626 461 5679 ὅτε
472 5624 715 5697 ἀπῆλθον
728 5626 860 5677 ἐκεῖ’
882 5623 927 5676 Ἀ
937 5622 1125 5676 πελθό
1130 5637 1264 5688 ντες
1283 5618 1352 5690 γὰ
1361 5636 1411 5691 ρ,
1425 5638 1499 5693 φη
1507 5620 1609 5688 civ,
1626 5619 1853 5691 ὄψεσθέ
1860 5637 1956 5691 με.

2054 4536 2188 4590 ergo
2213 4522 2413 4576 dicitur
2441 4540 2454 4576 :
2485 4518 2667 4587 Aperti
2690 4524 3027 4571 suntreorum
3062 4512 3222 4574 oculi,
3251 4521 3511 4580 tanquam
3546 4508 3634 4562 di-

2057 4624 2296 4677 ceretur,
2324 4614 2476 4668 visus
2504 4626 2698 4667 eorum
2732 4608 2904 4679 magis
2936 4607 3003 4662 ad
3040 4605 3405 4675 cognitionem
3442 4611 3637 4657 acutus

2056 4704 2235 4761 factus
2275 4715 2379 4761 est.
2409 4703 2661 4773 DiSponit
2691 4701 2836 4757 enim
2877 4699 3141 4756 Dominus
3172 4714 3242 4754 ne
3272 4698 3536 4753 hactenus
3567 4695 3637 4749 ab

2058 4799 2165 4853 illis
2199 4806 2480 4861 noscatur,
2505 4810 2679 4867 usque
2702 4795 2769 4851 ad
2796 4792 3125 4849 fractionem
3174 4790 3352 4862 panis.

2127 5063 2294 5120 Vens.
2323 5062 2412 5126 56,
2448 5060 2724 5132 Ejusdem.
2778 5058 3205 5115 Promissionem
3254 5056 3508 5119 reducit,
3568 5057 3640 5110 ob

2058 5156 2456 5226 discipulorum
2507 5152 3013 5224 pusillanimitatem
3070 5160 3125 5206 et
3185 5159 3471 5221 propterea
3530 5163 3643 5219 prae

2059 5246 2280 5305 Galilaea
2310 5248 2445 5317 ipsis
2471 5243 2827 5316 Jerosolymis
2851 5243 2960 5299 illis
2991 5251 3238 5314 apparet,
3265 5253 3319 5298 et
3342 5243 3395 5297 id
3416 5244 3644 5298 minime

2061 5352 2148 5398 est
2178 5340 2436 5412 promissi
2467 5338 2690 5393 violatio
2717 5354 2732 5403 ;
2784 5337 2982 5392 celeris
3008 5337 3192 5407 potius
3230 5345 3314 5391 est
3353 5351 3418 5390 ex
3446 5350 3645 5404 magna

2061 5436 2332 5492 charitate
2358 5431 2623 5503 impletio.
2656 5428 2821 5486 Visus
2867 5438 2951 5486 est
3008 5438 3188 5484 autem
3224 5427 3459 5498 posthac
3497 5434 3553 5480 et
3587 5425 3644 5479 in

2065 5528 2305 5592 Galilaza,
2332 5526 2460 5596 quia
2498 5524 2603 5580 huc
2650 5524 2915 5581 abierant.
2960 5522 3102 5578 Dicit
3138 5522 3286 5577 enim
3319 5539 3333 5576 :
3365 5519 3518 5575 Abite
3546 5558 3561 5585 ,
3595 5531 3644 5573 et

2063 5620 2303 5676 videbitis
2334 5633 2432 5674 mc.
