3930 6218
314 198 443 264 1231

898 359 1331 373 m

1443 201 1703 264 PHOTII
1732 204 2228 266 PATRIARCH/E
2264 204 2375 267 CP.

3421 206 3568 272 1232

1121 516 1832 607 FRAGMENTA
1931 517 2059 604 IN
2152 517 2770 611 JOANNEM.

1627 682 1707 738 Ex
1737 683 1944 743 Catena
1971 683 2244 743 Corderil.

311 923 468 980 CAP.
521 921 610 977 ιν.
659 918 827 993 Vsus.
849 917 944 993 Δ13.
990 913 1273 993 Respondit
1319 912 1575 993 Jesus_,_et
1618 913 1754 993 dixit
1804 918 1896 973 ei:

2022 922 2315 993 Ἀπεκρίθη
2360 924 2395 978 d
2447 922 2711 991 Ἰησοῦς,
2770 922 2893 993 καί
2920 921 3089 979 εἶπεν
3131 920 3323 993 αὐτῷ
3374 924 3506 992 Πᾶς
3543 925 3581 981 ὁ

388 994 573 1047 Omnis
612 991 703 1059 qui
749 987 900 1059 cibit
931 1000 997 1040 ea:
1070 1001 1211 1053 aqua
1244 984 1365 1050 hac,
1440 985 1580 1038 sitiet
1631 986 1823 1059 iterum
1863 1003 1894 1059 7.-

383 1064 474 1132 qui
524 1056 697 1143 autern
740 1057 927 1143 biberit
959 1071 1023 1143 ea:
1069 1070 1209 1127 aqua
1255 1071 1416 1124 quam
1470 1070 1564 1126 ego
1618 1056 1756 1110 dabo
1824 1058 1896 1125 ei,

386 1148 488 1186 non
500 1138 641 1186 sitiet
675 1138 730 1182 in
749 1138 1022 1180 wternum.

394 1224 597 1279 Pharii.
628 1220 853 1275 Dicente
892 1218 981 1273 illa
1015 1236 1028 1272 :
1056 1215 1316 1288 Nunquid
1350 1225 1405 1272 tu
1446 1217 1697 1288 majores
1726 1219 1896 1276 Patro

316 1324 508 1371 nostro
546 1310 755 1368 Iacob?
785 1322 895 1363 non
946 1307 1257 1377 respondit:
1289 1307 1451 1362 Certe
1497 1308 1675 1378 major
1725 1324 1848 1365 sum
1880 1326 1895 1363 :

316 1407 467 1462 visus
508 1404 655 1461 enim
696 1402 893 1457 fuisset
934 1415 1057 1456 sese
1087 1407 1295 1454 tantum
1326 1399 1603 1468 jactitare,
1655 1402 1899 1456 nondum

318 1500 403 1553 sui
440 1498 583 1553 laeta
614 1494 959 1566 probatione.
1010 1490 1089 1546 Ex
1126 1492 1291 1547 dictis
1353 1503 1532 1547 autem
1593 1493 1645 1547 id
1680 1493 1897 1550 astruit.

316 1590 439 1645 Non
485 1588 631 1645 enim
659 1587 985 1657 simpliciter
1016 1584 1190 1639 dixit:
1220 1583 1370 1639 Dabo
1397 1585 1490 1639 tibi
1523 1572 1723 1654 aquam
1764 1585 1898 1653 ;sed

320 1683 472 1755 prius
498 1681 591 1736 illa
619 1678 788 1735 Jacob
818 1679 1088 1748 neglecta,
1113 1692 1266 1733 suam
1300 1677 1506 1741 laudat,
1528 1693 1559 1731 a
1604 1692 1898 1732 munerum

321 1785 543 1839 natura,
608 1772 857 1827 dantium
888 1772 1077 1827 volens
1115 1769 1471 1826 diﬂ‘erentiam
1503 1770 1816 1834 ostendere,
1844 1776 1901 1824 et

319 1875 582 1938 quantum
636 1864 752 1935 ipse
783 1863 1153 1933 patriarclzam
1179 1861 1468 1917 excelleret
1502 1878 1516 1913 :
1554 1875 1682 1915 nam
1723 1859 1770 1915 si
1797 1859 1900 1913 mi-

324 1959 484 2020 raris,
522 1958 719 2027 inquit,
768 1954 937 2010 Jacob
981 1954 1124 2009 hanc
1178 1969 1377 2023 aquam
1439 1952 1677 2020 dedisse,
1730 1952 1899 2007 bacee

321 2050 496 2105 multo
524 2048 957 2119 praestantiorem
988 2046 1129 2101 dabo
1156 2046 1249 2101 tibi
1273 2045 1408 2117 (ει).

325 2163 492 2219 Vens.
525 2160 616 2215 ΞΟ.
643 2160 836 2215 Patres
862 2158 1029 2212 nostri
1075 2158 1128 2210 in
1176 2166 1348 2211 monte
1389 2158 1484 2213 hoc
1515 2159 1895 2225 adoraverunt,

392 2244 441 2288 et
471 2248 560 2287 vos
582 2231 783 2295 dicitis,
810 2229 936 2299 quia
963 2225 1309 2297 Jerosolymis
1339 2236 1416 2283 est
1453 2231 1617 2294 locus,
1651 2229 1741 2283 ubi
1766 2231 1898 2285 ado-

401 2318 523 2355 rare
545 2309 767 2370 oportet.

398 2389 602 2445 Photii.
633 2387 808 2444 Judaei
846 2386 1211 2444 crassioribus
1230 2388 1296 2443 de
1323 2387 1503 2443 divina
1537 2389 1900 2459 corporisque

324 2493 545 2554 experte
574 2489 770 2538 natura
802 2481 1151 2552 opinionibus
1173 2480 1390 2545 imbuti,
1411 2479 1768 2551 Jerosolymis
1798 2481 1903 2535 du-

338 2585 488 2631 taxat
515 2576 581 2631 ab
610 2575 868 2630 omnibus
900 2573 1070 2629 Deum
1132 2573 1471 2628 adorandum
1501 2587 1625 2628 esse
1673 2581 1902 2627 conten-

338 2668 567 2734 debant,
598 2667 757 2738 quasi
805 2665 973 2721 semel
1019 2673 1131 2720 tota
1190 2666 1387 2720 ibidem
1449 2665 1908 2736 incomprehensa

329 2762 419 2817 illa
472 2768 524 2815 et
576 2758 868 2815 ineﬂ‘abilis
921 2766 1137 2822 natura,
1189 2757 1244 2811 in
1283 2772 1451 2811 unum
1506 2755 1909 2827 quodammodo

330 2862 612 2923 eompacta
648 2862 702 2909 et
731 2851 1145 2921 circumscripta
1177 2847 1334 2905 foret.
1366 2848 1749 2915 Quamobrem
1787 2856 1911 2901 tan-

329 2963 495 3019 quam
553 2947 778 3002 omnino
828 2939 997 2999 rudes'
1058 2943 1165 2997 hac
1204 2943 1256 2997 in
1304 2957 1363 2996 re
1418 2956 1590 3010 arque
1649 2940 1908 3011 imperiti,

332 3053 466 3093 voce
494 3036 886 3105 prophetarum
942 3032 1254 3103 reprehensi
1284 3039 1433 3097 sunt,
1462 3030 1674 3085 dicente
1731 3028 1911 3083 Domi-

333 3143 406 3184 no
437 3127 677 3183 :Crelum
704 3126 836 3180 mihi
882 3124 1052 3188 sedes,
1086 3134 1227 3177 terra
1266 3133 1443 3175 autem
1489 3121 1783 3176 scabellum
1824 3138 1913 3191 pe-

334 3223 463 3276 dum
512 3236 766 3275 meorum.
831 3216 1053 3282 Qualem
1099 3217 1310 3269 domum
1356 3215 1695 3284 rediﬁcabitis
1751 3214 1881 3268 mihi
1897 3254 1911 3277 ,

335 3308 467 3362 dicit
492 3306 792 3362 Dominus?
828 3305 921 3361 γει
954 3306 1070 3375 quis
1104 3304 1250 3358 locus
1294 3305 1484 3374 quietis
1513 3305 1683 3359 mew?
1723 3303 1915 3359 Sama-

337 3397 503 3453 ritani
530 3412 658 3453 vero
680 3410 921 3460 rursum,
971 3403 1050 3449 ut.
1073 3395 1193 3449 loco
1212 3403 1267 3447 et
1309 3393 1546 3462 regione,
1580 3394 1662 3448 sic
1723 3401 1778 3449 et
1830 3392 1915 3446 in~

337 3489 498 3544 scitia
529 3488 873 3557 ruditateque
899 3485 1062 3540 vicini
1108 3483 1332 3549 Judaeis,
1364 3484 1419 3539 in
1477 3496 1663 3539 monte
1693 3484 1914 3541 Garizin

338 3580 507 3647 dicto,
538 3579 815 3635 orationes
849 3592 913 3632 ac
958 3591 1148 3647 preces
1176 3574 1473 3632 faciendas.
1499 3574 1900 3639 existimantes,

338 3670 540 3725 merito
564 3671 734 3724 risum
790 3683 897 3721 non
933 3666 1219 3736 eﬂ‘ugiunt.
1252 3664 1426 3735 Hujus
1481 3674 1660 3720 autem
1707 3667 1915 3722 stolida:

342 3756 752 3827 superstitionis
809 3754 1156 3809 occasionem
1196 3754 1302 3809 illis
1346 3754 1578 3824 praebuit
1630 3754 1721 3808 illa
1753 3755 1916 3811 bene-

342 3850 533 3913 dictio,
567 3864 729 3919 quam
764 3848 819 3901 in
839 3845 1021 3901 Garizi
1059 3857 1244 3901 monte
1277 3846 1456 3901 datam
1486 3862 1551 3901 ex
1574 3846 1912 3904 Deuterono-

342 3941 456 3995 mio
484 3938 892 4009 cegnoseimus.
924 3936 1142 3992 Hancce
1179 3936 1536 4007 quaestionem
1588 3938 1691 3991 ista
1722 3939 1915 3993 mulier

348 4030 617 4086 Salvatori
648 4040 907 4099 tanquam
962 4028 1240 4097 problema
1294 4026 1672 4080 difﬁcillimum
1708 4041 1915 4097 propo-

344 4122 450 4187 nit,
500 4121 688 4178 dicens
721 4138 734 4174 :
772 4118 962 4173 Patres
1003 4118 1169 4172 nostri
1202 4118 1257 4171 in
1284 4128 1459 4172 monte
1512 4118 1608 4171 hoc
1659 4125 1915 4172 adorave-

345 4224 492 4282 runt,
525 4223 580 4268 et
614 4228 737 4284 qua:
761 4222 1085 4282 sequuntur.
1120 4211 1200 4266 Ad
1229 4209 1375 4280 quod
1400 4211 1682 4280 respondit
1729 4212 1921 4266 Salva-

347 4315 433 4361 tor
464 4305 613 4362 :Non
634 4306 745 4375 jam
777 4305 1012 4373 amplius
1059 4303 1351 4373 quaesitum
1389 4303 1455 4357 iri
1485 4303 1686 4369 locum,
1717 4303 1772 4357 in
1809 4319 1918 4373 quo

348 4398 565 4468 preprie
595 4397 738 4453 Deus
776 4405 995 4468 putetur
1045 4396 1324 4461 habitare;
1366 4395 1463 4450 sed
1511 4404 1570 4450 ut
1602 4396 1696 4465 qui
1733 4397 1919 4451 omnia

348 4490 593 4560 impleat,
650 4501 704 4543 et
746 4490 1000 4543 universa
1046 4488 1343 4552 contineat,
1380 4500 1448 4541 ex
1508 4501 1920 4557 suo,quemque

351 4584 472 4635 loco
504 4580 787 4635 Dominum
846 4580 1225 4643 adoraturum,
1285 4577 1743 4648 quemadmodum
1797 4580 1921 4648 qui-

348 4675 475 4729 dam
507 4684 823 4728 sanctorum
856 4672 1245 4742 pr0phetarum
1280 4671 1376 4724 ait.
1412 4668 1613 4724 Horam
1660 4680 1834 4726 autem
1866 4683 1921 4729 et

351 4778 566 4838 tempus
612 4766 940 4837 ejuscemodi
1009 4766 1212 4818 rituum
1267 4766 1725 4836 abrogandorum,
1765 4775 1923 4822 vocat

2077 994 2269 1045 πίνων
2291 992 2360 1048 ἐκ
2398 993 2505 1048 τοῦ
2537 993 2758 1059 ὕδατος
2793 992 3031 1055 τούτου,
3063 992 3314 1059 διψήσει
3354 995 3577 1050 πάλιν*

2075 1061 2145 1128 ὃς
2168 1062 2220 1116 δ’
2242 1061 2320 1117 ἂν
2338 1064 2448 1130 πίῃ
2473 1064 2541 1117 ἐκ
2567 1063 2674 1117 τοῦ
2699 1062 2941 1128 ὕδατος,
2964 1060 3037 1123 οὗ
3057 1060 3173 1131 ἐντῶ
3198 1060 3372 1120 δώσω
3392 1063 3578 1131 αὐτῷ,

2074 1133 2147 1186 οὐ
2170 1131 2257 1200 μὴ
2290 1132 2525 1201 διψήσῃ
2553 1135 2641 1200 είς
2667 1134 2776 1187 τὸν
2805 1134 3012 1190 αίῶνα.

2075 1222 2319 1275 Φωτίου.
2372 1222 2655 1291 Λεγούσης
2693 1221 2887 1292 αὐτῆς,
2920 1222 3016 1290 Μὴ
3041 1220 3125 1276 σὺ
3145 1218 3358 1292 μείζων
3390 1215 3449 1275 εἳ
3468 1216 3582 1273 τοῦ

2004 1313 2227 1384 πατρὸς
2253 1311 2423 1384 ἡμῶν
2451 1312 2695 1378 Ἰακώ6;
2725 1314 2840 1369 Οὐκ
2858 1310 3032 1379 εἶπεν,
3060 1315 3171 1368 Καὶ
3200 1312 3403 1383 μείζων
3428 1311 3577 1381 εἰμί’

2005 1404 2152 1471 ἔδοξε
2181 1406 2291 1474 γὰρ
2340 1404 2407 1459 ἂν
2440 1404 2747 1476 κομπάζειν
2779 1405 2961 1477 μόνον,
3005 1406 3105 1476 τῆς
3137 1403 3459 1468 ἀποδείξεως
3497 1401 3578 1475 μὴ

2005 1497 2358 1568 φαινομένης.
2382 1498 2461 1550 Δι’
2490 1490 2566 1551 ὧν
2586 1497 2646 1551 δὲ
2672 1496 2842 1567 λέγει,
2872 1496 3030 1551 τοῦτο
3054 1495 3473 1558 κατασκευάζει.
3498 1493 3578 1547 Οὐ

2004 1587 2114 1658 γὰρ
2147 1585 2333 1650 ἁπλῶς
2379 1582 2557 1652 εἴπεν,
2597 1588 2765 1641 Δώσω
2808 1604 2893 1641 σοι
2936 1586 3102 1658 ὕδωρ,
3145 1584 3282 1639 ἀλλά
3308 1586 3579 1656 πρότερον

2004 1679 2223 1750 ἀμελῶν
2250 1680 2311 1733 τὸ
2338 1679 2433 1733 τοῦ
2477 1679 2697 1743 Ἰακὼϐ,
2740 1680 2862 1735 τότε
2896 1679 3115 1750 ἐπαίρει
3140 1681 3202 1734 τὸ
3227 1678 3441 1745 ἑαυτοῦ,
3468 1678 3580 1734 ἀπὸ

2002 1775 2102 1843 τῆς
2128 1773 2235 1826 τῶν
2268 1773 2488 1844 δωρεῶν
2514 1772 2752 1843 φύσεως,
2782 1771 2845 1825 τὸ
2876 1772 3132 1843 διάφορον
3162 1772 3269 1826 τῶν
3287 1771 3580 1841 διδομένων

2005 1864 2353 1935 παραστῆσαι
2383 1862 2726 1935 βουλόμενος,
2759 1862 2851 1915 καὶ
2877 1862 2976 1933 τὴν
3011 1863 3285 1933 ὑπεροχὴν
3312 1862 3411 1934 τὴν
3440 1861 3581 1932 πρὸς

2002 1956 2095 2010 τὸν
2115 1956 2481 2028 πατριάρχην.
2504 1957 2566 2009 Εἰ
2588 1956 2695 2026 γὰρ
2720 1955 3042 2025 θαυμάζεις,
3068 1955 3225 2024 φησὶ,
3247 1954 3339 2009 τὸν
3356 1953 3580 2022 Ἰακὼό,

2003 2048 2088 2103 ὅτι
2103 2046 2263 2102 τοῦτο
2288 2047 2455 2101 ἔδωκε
2468 2047 2530 2101 τὸ
2548 2047 2714 2118 ὕδωρ,
2731 2046 2865 2100 πολὺ
2881 2046 3070 2100 τούτου
3091 2044 3282 2116 βελτίω
3306 2044 3463 2099 δώσω
3474 2062 3579 2100 σοι.

1978 2181 1991 2206 ο
2009 2162 2073 2217 οι
2091 2161 2347 2244 πατέρες
2356 2160 2525 2244 quein-
2543 2162 2614 2216 ἐν
2633 2160 2852 2244 τῷηόρει
2876 2161 3066 2244 τούτῳ
3090 2160 3582 2244 προσεκύνησαν,

2076 2233 2175 2287 καί
2206 2229 2655 2303 ὗμεῒςίλέγετζε,
2694 2229 2782 2285 ὅτι
2822 2231 2893 2285 ἐν
2941 2230 3383 2300 Ἰεροσολύμοις
3408 2229 3587 2284 ἐστίν

2075 2305 2109 2357 ὁ
2135 2301 2338 2369 τόπος,
2373 2301 2526 2357 ὅπου
2566 2301 2659 2356 δεῖ
2693 2303 3083 2371 προσκυνεῖν.

2079 2393 2325 2448 Φωτίου.
2374 2392 2439 2445 Οί
2463 2391 2716 2448 Ἰουδαῖοι
2744 2391 3055 2462 παχυτέρας
3082 2390 3162 2444 ἔτι
3188 2390 3289 2455 τὰς
3317 2390 3449 2461 περὶ
3472 2388 3585 2459 τῆς

2010 2483 2160 2547 θείας
2185 2500 2244 2537 τε
2269 2483 2361 2537 καὶ
2396 2484 2689 2555 ἀσωμάτου
2728 2486 2942 2553 φύσεως
2971 2482 3251 2553 διαλήψεις
3282 2482 3585 2553 δεχόμενοι,

2007 2576 2066 2629 ὲν
2097 2574 2282 2646 μόνοις
2319 2577 2433 2639 τοῖς
2485 2574 2881 2647 Ἰεροσολύμοις
2920 2576 3119 2646 χρῆναι
3164 2574 3588 2645 προσκυνεῖσθαι

2008 2666 2101 2721 τὸν
2135 2667 2231 2720 ἐπὶ
2272 2667 2482 2730 πάντας
2513 2665 2647 2721 Θεὸν
2677 2666 3013 2731 διετείνοντο,
3050 2666 3127 2730 ὡς
3157 2666 3303 2732 ἅπαξ
3331 2665 3459 2735 ὅλης
3484 2664 3589 2733 τῆς

2010 2760 2250 2831 ἀρρήτου
2273 2759 2367 2813 καὶ
2395 2759 2783 2830 ἀκαταλήπτου
2815 2758 3029 2827 φύσεως
3054 2757 3427 2828 καταλυούσης
3450 2758 3587 2822 ἐκεῖ,

2011 2852 2108 2904 καὶ
2154 2851 2659 2923 περιγραφομένης.
2702 2850 2793 2904 Διὸ
2820 2850 2885 2922 δὴ
2914 2852 3008 2905 καὶ
3048 2850 3169 2904 λίαν
3195 2849 3591 2912 ἀσυνετοῦντες

2011 2942 2104 2994 ἐπὶ
2138 2939 2313 3012 τούτῳ
2341 2941 2427 2995 διὰ
2458 2940 2557 3009 τῆς
2589 2939 2699 2994 τῶν
2728 2940 3024 3011 προφητῶν
3059 2940 3348 3010 ἠλέγχοντο
3378 2937 3590 3008 φωνῆς,

2011 3031 2106 3086 τοῦ
2140 3030 2274 3085 Θεοῦ
2321 3031 2573 3101 λέγοντος
2594 3046 2611 3062 ο
2655 3030 2721 3084 '0
2751 3032 3009 3098 οὐρανός
3044 3047 3144 3099 μοι
3177 3031 3407 3098 θρόνος,
3444 3031 3485 3097 ἡ
3522 3028 3595 3081 δὲ

2012 3120 2089 3191 γῆ
2127 3122 2462 3178 ὑποπόδιον
2499 3121 2621 3176 τῶν
2648 3120 2850 3175 ποδῶν
2871 3138 3011 3191 μου.
3042 3120 3224 3175 Ποῖον
3248 3116 3418 3175 οἷκον
3433 3122 3594 3175 012w-

2014 3212 2310 3281 δομήσετέ
2331 3230 2455 3282 μοι,
2498 3212 2661 3282 λέγει
2704 3212 2948 3281 Κύριος;
2979 3214 3057 3267 Ἦ
3083 3213 3174 3278 τίς
3200 3212 3233 3265 ὁ
3270 3213 3454 3276 τόπος
3481 3209 3597 3278 τῆς

2016 3303 2447 3371 καταπαύσεώς
2466 3321 2622 3374 μου;
2659 3305 2994 3375 Σαμαρεῖται
3018 3304 3081 3357 δὲ
3111 3303 3271 3358 πάλιν
3309 3303 3370 3355 οὐ
3402 3303 3597 3375 nepam

2015 3398 2117 3467 τῆς
2142 3396 2415 3450 Ἰουδαίων
2443 3396 2687 3467 ἀμαθίας
2721 3395 2987 3467 κείμενοι,
3025 3396 3210 3467 χώραν
3238 3411 3299 3447 τε
3332 3393 3470 3464 ὁμοῦ
3499 3393 3597 3447 καὶ

2017 3489 2373 3543 ἀπαιδευσίαν
2419 3488 2619 3560 ὅμορον
2664 3488 2898 3559 ἔχοντες,
2954 3489 3013 3543 ὲν
3056 3487 3173 3559 ὄρει
3208 3486 3286 3557 τῷ
3319 3485 3593 3555 Γαριζεὶν,

2017 3581 2159 3636 οὕτω
2202 3580 2545 3653 καλουμένῳ,
2594 3582 2689 3635 καὶ
2725 3579 3123 3653 προσεύχεσθαι
3160 3579 3271 3632 δεῖν
3299 3578 3395 3631 καὶ¹
3419 3593 3596 3647 προσ-

2017 3677 2199 3729 κυνεῖν
2223 3675 2482 3746 οἰόμενοι,
2505 3674 2565 3728 τὺ
2592 3673 2853 3743 γελᾶσθαι
2879 3672 3101 3736 δικαίως
3127 3670 3189 3725 ού
3218 3669 3595 3738 διαφεύγουσι.

2017 3766 2215 3834 Γέγονε
2260 3766 2318 3820 δὲ
2364 3766 2458 3820 καὶ
2508 3766 2692 3830 αὐτοῖς
2736 3767 2835 3837 τῆς
2880 3764 3067 3827 ἀνοίας
3112 3764 3146 3835 ἡ
3198 3762 3495 3834 πρόφασις,
3533 3761 3599 3814 τὸ

2015 3857 2260 3911 δεδόσθαι
2309 3858 2409 3928 τὴν
2455 3857 2705 3926 εὐλογίαν
2752 3858 2812 3913 ὲν
2856 3857 2974 3927 ὄρει
3011 3855 3283 3926 Γαριζεὶν,
3321 3853 3504 3917 καθὼς
3537 3856 3600 3906 ὲν

2016 3946 2422 4018 Δευτερονομίῳ
2466 3945 2850 4019 γεγραμμένον
2895 3944 3243 4015 εὑρίσκομεν.
3296 3943 3512 4013 Ταύτην
3560 3944 3599 4013 ἡ

2016 4038 2154 4109 γυνὴ
2207 4037 2285 4109 τῷ
2334 4039 2545 4110 Σωτῆρι
2585 4039 2684 4111 τὴν
2734 4037 2984 4110 ζήτησιν,
3021 4036 3097 4097 ὡς
3140 4034 3600 4105 δυσκατάληπτον

2017 4130 2226 4203 πρόὸλη
2236 4132 2664 4204 μαπροῖσχεται,
2687 4130 2935 4199 λέγουσα,
2964 4130 3043 4183 ὅτι
3074 4133 3141 4184 Oi
3160 4128 3411 4196 πατέρες
3429 4125 3603 4195 ἡμῶν

2019 4223 2088 4278 ἐν
2113 4223 2192 4290 τῷ
2209 4224 2329 4294 ὄρει
2345 4225 2531 4289 τούτῳ
2553 4224 3045 4291 προσεκύνησαν,
3065 4224 3157 4277 καὶ
3183 4222 3253 4275 τά
3276 4221 3424 4292 ἑξῆς.
3456 4220 3604 4289 Πρὸς

2022 4319 2051 4372 ὃ
2078 4336 2243 4389 φησιν
2276 4319 2305 4371 ὁ
2340 4317 2552 4387 Σωτὴρ,
2588 4314 2784 4369 Οὐκέτι
2838 4313 3135 4386 ζητήσεται
3164 4314 3328 4376 τόπος
3372 4315 3429 4366 ὲν
3458 4304 3502 4379 ᾧ
3532 4311 3604 4381 δὴ

2024 4410 2231 4482 κυρίως
2260 4410 2534 4478 οἰήσονται
2561 4408 2834 4460 κατοικεῖν
2863 4407 2954 4459 τὸν
2983 4404 3139 4471 Θεὸν,
3168 4404 3282 4459 ἀλλ’
3313 4404 3387 4467 ὡς
3421 4404 3605 4457 πάντα

2029 4500 2343 4572 πληροῦντι,
2381 4499 2476 4552 καὶ
2512 4498 2756 4570 συνέχειν
2786 4497 3044 4568 ἰσχύοντι,
3081 4496 3498 4569 προσκυνήσωσι
3521 4494 3605 4565 τῷ

2028 4591 2239 4663 Κυρίῳ,
2288 4590 2516 4653 ἕκαστος
2558 4590 2623 4643 ὲκ
2661 4590 2757 4642 τοῦ
2792 4589 2960 4641 τόπου
2992 4588 3179 4655 αὐτοῦ,
3234 4587 3487 4656 καθάπερ
3516 4586 3605 4649 τίς

2028 4698 2161 4751 φησι
2194 4681 2303 4734 τῶν
2332 4680 2501 4751 ἁγίων
2526 4679 2839 4752 προφητῶν.
2874 4680 3047 4750 Ὥραν
3075 4677 3133 4731 δὲ
3162 4676 3257 4731 καὶ
3292 4676 3483 4746 καιρὸν
3505 4669 3606 4743 τῆς

2026 4774 2135 4827 τῶν
2164 4772 2419 4827 τοιούτων
2446 4772 2583 4826 ἐθῶν
2633 4772 3046 4842 μεταστάσεως,
3098 4770 3195 4843 τὴν
3225 4767 3419 4825 ἑαυτοῦ
3462 4768 3608 4838 μετὰ

351 4872 678 4929 corporeum
725 4871 885 4913 suum
920 4855 973 4910 in
1006 4856 1153 4909 hunc
1177 4854 1439 4909 mundum
1471 4855 1761 4910 adventum
1782 4856 1909 4929 (22).

2026 4864 2278 4935 σώματος
2303 4865 2595 4937 ἐπιδημίαν
2622 4866 2680 4918 ὲν
2709 4863 2898 4937 κόσμῳ
2928 4862 3113 4935 φησιν.

1585 4995 1663 5050 Ex
1700 5005 1925 5066 catena,
1959 5009 2001 5057 t.
2033 5001 2099 5068 ll,
2130 5018 2184 5073 p.
2218 5003 2345 5061 444.

426 5182 582 5239 CAP.
613 5180 779 5236 XVII.
825 5181 991 5238 Vnus.
1036 5184 1217 5237 εἴδη...
1265 5182 1461 5238 Dicens
1503 5202 1515 5237 :
1576 5183 1643 5239 Ut
1693 5186 1919 5240 habeant

356 5277 612 5350 gaudium
641 5292 813 5330 nteant
839 5276 1132 5344 impletum,
1165 5277 1404 5332 ostendit
1436 5278 1601 5345 clare,
1644 5280 1787 5349 quod
1828 5294 1925 5334 vo-

358 5376 478 5432 lens
507 5372 631 5427 illos
658 5371 879 5426 amulta
927 5370 1159 5426 liberare
1204 5369 1526 5441 aﬂlictione,
1563 5371 1930 5444 przecedcnter

1944 5122 2014 5133 —

2098 5186 2303 5254 Εἰπὼν,
2339 5188 2462 5242 ἰνα
2488 5186 2673 5256 ἔχωσι
2700 5184 2816 5253 τὴν
2844 5181 3036 5253 χαρὰν
3057 5180 3172 5250 τὴν
3197 5179 3352 5250 ἐμὴν
3378 5182 3609 5247 nexin-

2024 5281 2321 5352 ρωμένην,
2346 5281 2611 5351 ἐδήλωσεν
2642 5278 2830 5349 σαφῶς
2863 5280 2944 5332 ὃτι
2972 5275 3142 5330 θέλων
3164 5275 3359 5339 αὐτοὺς
3382 5273 3489 5327 ἀπὸ
3507 5274 3611 5340 τῆς

2035 5376 2236 5447 πολλῆς
2269 5373 2680 5445 ἀνακτήσασθαι
2702 5371 2959 5442 θλίψεως,
2983 5370 3053 5426 τά
3082 5369 3460 5445 προειρημένα
3484 5366 3612 5424 έλα-

1880 5508 2105 5565 NOTAE.

432 5606 550 5677 (at)
578 5607 663 5663 cr.
688 5609 753 5676 ρ.
786 5605 1019 5661 Lxxw.

2112 5603 2225 5675 («22)
2262 5603 2344 5658 cr.
2381 5603 2442 5672 Q.
2474 5600 2706 5657 Lxxw.
