3930 6218
333 265 470 334 1233

1135 267 1596 330 FRAGMENTA
1657 269 1740 331 IN
1792 270 2220 333 EPISTOLAM
2274 272 2376 334 AD
2412 272 2792 336 ROMANOS.

3464 275 3598 342 1234

331 380 516 454 λησεν,
552 381 632 436 διὸ
658 382 751 437 καὶ
779 381 914 452 πρὸς
942 382 1040 454 τὴν
1079 382 1299 439 ἐκείνων
1325 383 1772 452 συγκαταϐαίνων
1799 384 1909 437 διά-

2019 383 2160 437 dicta
2201 382 2420 439 locutus
2458 392 2564 452 est,
2608 394 2891 455 propterea
2944 385 3010 441 ad
3065 401 3254 442 eorum
3294 385 3600 461 intelligen-

328 489 478 526 νοιαν
520 472 1007 545 (παραμυθεῖσθαι
1033 476 1141 545 γὰρ
1172 476 1368 539 αὐτοὺς
1401 475 1519 530 ἀλλ’
1550 477 1611 528 οὐ
1641 475 1912 531 διδάσκειν

329 563 425 618 νῦν
454 565 551 637 τὴν
577 567 675 637 τῆς
706 567 984 636 θεολογίας
1017 567 1303 636 ἀκρίϐειαν
1351 568 1602 621 ἐϐούλετο
1620 567 1662 637 ),
1702 569 1911 640 ἀνθρω-

327 655 653 727 πινώτερον,
686 660 779 712 καὶ
811 657 886 722 ὼς
911 659 1110 711 ἐκεῖνοι
1140 659 1399 728 ἠδύναντο
1443 660 1911 730 παραμυθεῖσθαι,

326 745 656 815 διαλέγεται,
698 751 975 817 Τήρησον
1018 750 1259 817 αὐτοὺς,
1303 750 1496 818 λέγων,
1547 751 1662 814 καὶ.
1705 752 1805 806 Ἐν
1836 747 1915 820 τῷ

327 838 576 908 ὀνόματί
592 855 730 894 σου·
757 841 872 905 καὶ,
896 842 1026 895 Ὅτε
1045 840 1209 912 ἢμην
1227 841 1296 895 ἐν
1314 839 1393 906 τῷ
1413 843 1639 911 κόσμῳ,
1659 842 1916 911 ἐτήρουν

328 929 572 997 αὐτοὺς,
620 932 715 984 καὶ
747 931 815 985 τά
855 933 1041 1003 ὅμοια.
1087 933 1278 1003 Χαράν
1309 933 1366 986 δέ
1395 933 1494 1004 τὴν
1533 934 1694 1004 ἐμὴν,
1726 935 1913 1004 φησὶν,

327 1015 440 1074 οἷον
466 1021 564 1092 τὴν
590 1023 996 1095 πνευματικὴν,
1024 1022 1124 1094 τὴν
1170 1023 1531 1093 στηρίζουσαν
1560 1023 1762 1095 ψυχάς,
1796 1023 1915 1077 ἀλλ’

327 1113 451 1184 οὐχὶ.
474 1116 733 1188 τοιαύτην
780 1112 899 1171 οἷαν
931 1118 960 1170 6
991 1117 1198 1188 κόσμος
1249 1103 1380 1187 ἔχει,
1431 1116 1521 1170 διά
1552 1118 1768 1188 τρυφῆς
1816 1118 1915 1171 καὶ

326 1204 530 1275 ἡδονῶν
564 1206 659 1261 καὶ
693 1208 1022 1278 σωματικῶν
1052 1209 1352 1272 εὐπαθείας
1384 1209 1805 1279 συνισταμένην.

2010 477 2142 530 tiam
2169 476 2508 532 descendens
2537 495 2551 544 ;
2593 478 2867 532 consolari
2903 479 3050 534 enim
3102 497 3221 542 eos,
3252 497 3361 536 non
3416 493 3597 538 autem

2012 568 2209 624 docere
2239 583 2386 624 nunc
2420 569 2708 641 theologia:
2762 571 3048 626 veritatem
3082 573 3319 627 volebat.
3379 572 3599 628 Huma-

2016 676 2146 714 num
2183 662 2355 731 magis
2379 661 2674 728 quoddam,
2703 663 2916 731 etquod
2951 663 3074 719 illos
3105 665 3376 719 consolari
3402 665 3596 734 possit,

2014 752 2325 821 exponitur.
2363 750 2526 807 Serva
2551 753 2692 816 illos,
2736 755 2911 824 inquit
2938 772 2953 821 ;
2979 764 3034 810 et
3066 774 3091 811 :.
3119 755 3184 810 In
3216 758 3426 811 nomine
3477 766 3598 821 tuo;

2017 852 2072 898 et
2099 859 2114 897 :
2151 843 2285 897 Cum
2311 859 2477 898 essem
2503 845 2557 897 in
2584 844 2801 912 mundo,
2852 847 3127 900 servabam
3155 863 3264 914 eos,
3296 857 3349 902 et
3373 848 3596 902 similia.

2018 936 2288 992 Caudium
2322 948 2504 995 autem
2544 954 2753 1007 meum,
2795 942 2995 1012 inquit,
3028 954 3089 999 ut
3141 943 3442 1014 spirituale,
3477 945 3598 998 ani-

2016 1044 2136 1084 mas
2194 1031 2441 1095 ﬁrmans,
2465 1032 2563 1087 sed
2620 1047 2731 1087 non
2761 1036 2921 1104 quale
2973 1035 3218 1092 mundus
3280 1037 3467 1102 habet,
3502 1052 3601 1090 vo-

2013 1122 2238 1190 luptate,
2295 1121 2508 1181 deliciis
2562 1133 2619 1183 et
2649 1127 3029 1206 corporalibus
3106 1127 3413 1184 commodis
3460 1143 3598 1184 con-

2018 1224 2192 1270 stans.

328 1318 452 1375 Haec
481 1319 644 1376 habet
682 1320 745 1388 B,
775 1320 870 1378 sed
906 1320 1108 1377 forsam
1139 1320 1315 1376 Photii
1352 1329 1500 1402 sunt,
1533 1331 1596 1402 ut
1630 1322 1812 1403 mima
1839 1323 1971 1403 alia,
2007 1325 2225 1403 scholia
2251 1342 2374 1403 qua:
2411 1327 2810 1403 interiecitiste
2840 1330 2987 1398 cod.,
3012 1330 3109 1388 sed
3140 1329 3361 1386 nomine
3388 1331 3510 1403 ejus
3543 1331 3600 1388 in

1054 1408 1230 1461 marg.
1291 1392 1498 1462 scripto
1528 1391 1607 1447 sic
1633 1388 1742 1461 φῶ.
1769 1392 1908 1449 Huic
1937 1388 2120 1450 autem
2149 1388 2358 1452 scholio
2389 1415 2499 1455 non
2531 1388 2850 1456 ascribitur.

645 1719 1367 1810 FRAGMENTA
1413 1721 1536 1810 IN
1612 1717 2272 1811 EPISTOLAS
2343 1722 2758 1858 SANCTI
2864 1724 3266 1816 PAULI.

1613 1893 1694 1949 Ex
1717 1892 1924 1951 Catena
1945 1890 2324 1948 Crameriana.

1321 2107 1374 2168 Ι.
1417 2106 1502 2168 1N
1533 2106 1998 2168 EPISTOLAM
2031 2107 2140 2166 AD
2187 2103 2601 2166 ROMANOS.

1731 2233 1996 2304 (CRMIER.
2027 2242 2066 2288 t.
2088 2231 2204 2303 ιν.)

339 2465 502 2522 Ἀλλ’
551 2463 955 2520 ἐϐασίλευσεν
984 2464 1020 2518 δ
1063 2461 1320 2534 θάνατος
1358 2461 1480 2518 ἀπὸ
1517 2462 1694 2532 Ἀδὰμ
1732 2463 1903 2534 μέχρι

2019 2462 2159 2519 CAP.
2197 2461 2259 2517 V.
2314 2459 2483 2517 Vens.
2519 2460 2606 2516 14.
2681 2459 2788 2534 Sed
2834 2458 3083 2534 regnavit
3132 2475 3273 2514 mors
3313 2459 3378 2513 ab
3423 2457 3602 2514 Adam

964 2533 1283 2599 Μωϋσέως.

398 2629 647 2683 Φωτίου.
681 2627 822 2697 Τρία
854 2626 1001 2680 ἐστὶν
1032 2627 1091 2679 ἐν
1126 2625 1339 2691 τούτοις
1379 2625 1493 2691 τοῖς
1528 2625 1912 2698 παραϐολικῶς

327 2721 583 2792 ἀλλήλοις
632 2718 1046 2791 παρατεθεῖσιν,
1107 2719 1366 2790 ὁμοιότης
1412 2737 1517 2785 τις,
1573 2720 1909 2792 ἐναντιότης.

327 2812 630 2885 ὑπερϐολή.
685 2812 842 2867 Κατά
900 2811 997 2882 τὴν
1052 2810 1349 2881 ὁμοιότητα
1396 2811 1712 2882 ἐναντιότης
1771 2811 1908 2882 μὲν,

328 2905 596 2976 ἁμαρτία,
615 2903 1026 2975 ἀναμάρτητον·
1057 2902 1227 2974 ἔχθρα
1254 2904 1390 2974 πρὸς
1411 2904 1564 2972 Θεὸν,
1590 2903 1911 2976 καταλλαγὴ

327 2997 465 3070 πρὸς
491 2997 643 3050 Θεόν·
664 2997 1008 3068 κατάκριμα,
1033 2996 1309 3067 δικαίωμα
1334 3013 1348 3026 ·
1374 2997 1623 3051 ἀπώλεια
1646 2997 1738 3051 καὶ
1771 2997 1914 3050 πτῶ-

329 3107 408 3159 μα
437 3089 531 3143 καὶ⁵
563 3088 813 3154 θάνατος,
845 3089 1091 3159 σωτηρία
1120 3089 1212 3142 καὶ
1239 3087 1352 3160 ζωὴ
1383 3091 1478 3142 καὶ
1507 3089 1826 3156 ἀνάστασις.
1847 3091 1914 3146 Ἠ

331 3182 429 3248 μὲν
449 3179 541 3234 οὖν
572 3180 883 3252 ἐναντιότης
906 3182 964 3233 ἐν
994 3180 1225 3245 τούτοις·
1257 3183 1290 3252 ἡ
1323 3180 1381 3235 δὲ
1414 3181 1691 3254 ὁμοιότης,
1723 3183 1912 3255 ὥσπερ

326 3276 396 3330 δι’
437 3274 556 3340 ἐνὸς
581 3279 694 3341 τοῖς
727 3278 897 3331 πᾶσιν
927 3278 1252 3345 ἐπιγέγονεν
1277 3293 1291 3307 ·
1337 3280 1370 3349 ἡ
1412 3279 1468 3331 δὲ
1499 3278 1795 3352 ὑπερϐολὴ,
1829 3280 1911 3333 ὅτι

327 3370 420 3422 ἐπὶ
449 3371 549 3439 μὲν
584 3371 697 3424 τῶν
725 3370 989 3442 χειρόνων
1029 3371 1396 3440 συνέπραξαν,
1428 3371 1508 3442 τῷ
1542 3373 1623 3425 ἐνὶ
1645 3375 1692 3426 οἱ
1729 3373 1912 3426 πολλοὶ

327 3463 422 3514 ἐπὶ
468 3462 529 3515 τὸ
582 3463 876 3532 μετασχεῖν
929 3462 1115 3526 αὐτοῖς
1153 3463 1262 3515 τῶν
1303 3462 1521 3530 κακῶν,
1569 3465 1662 3517 ἐπί
1708 3464 1764 3517 δὲ
1803 3466 1911 3519 τῶν

327 3553 629 3623 ἀμεινόνων
663 3552 860 3621 οὐδεὶς,
906 3553 1245 3625 συνέπραξεν
1285 3553 1421 3608 ἀλλά
1457 3555 1617 3625 μόνον
1654 3556 1748 3609 τοῦ
1794 3557 1913 3619 ἐνὸς

326 3644 565 3718 Χριστοῦ
595 3647 656 3699 τὸ
702 3649 948 3717 χάρισμα
988 3647 1237 3716 γέγονεν.
1270 3646 1434 3700 Ὥστε
1468 3648 1566 3718 οὐχ
1587 3648 1790 3719 ὁμοίως
1819 3649 1912 3702 καὶ

328 3735 550 3806 ἐπίσης,
588 3735 725 3791 ἀλλά
767 3736 891 3790 καθ’
919 3735 1230 3808 ὑπερϐολὴν
1271 3737 1369 3791 καὶ
1412 3738 1478 3790 ἐκ
1528 3738 1848 3808 περισσείας
1874 3742 1909 3810 ἡ

325 3827 601 3900 ὁμοιότης.
619 3828 789 3882 Πάλιν
805 3827 892 3882 διὰ
907 3827 1001 3882 τοῦ
1032 3828 1204 3899 Ἀδὰμ
1222 3829 1331 3882 τῶν
1352 3829 1614 3900 χειρόνων
1630 3831 1908 3901 εἰσαχθέν-

2518 2547 2683 2601 usque
2719 2529 2788 2584 ad
2825 2528 3065 2600 Moysen.

2084 2622 2287 2679 Photii.
2329 2622 2457 2676 Tria
2491 2629 2619 2677 sunt
2650 2620 2705 2675 in
2741 2621 2824 2676 his
2871 2619 3184 2691 parabolice
3227 2619 3369 2675 inter
3412 2635 3473 2676 se
3514 2620 3600 2675 in-

2010 2713 2186 2768 vicem
2218 2709 2432 2766 collatis
2454 2749 2469 2775 ,
2498 2709 2804 2765 similitudo
2835 2708 3082 2778 quaedam
3105 2747 3120 2774 ,
3157 2707 3464 2777 oppositio,
3499 2708 3601 2779 hy-

2011 2805 2251 2876 perbole.
2278 2803 2592 2858 Secundum
2620 2800 3038 2856 similitudinem
3071 2800 3346 2870 oppositio
3372 2801 3598 2870 quidem

2013 2896 2106 2962 ﬁt,
2139 2910 2282 2951 noxa
2304 2936 2319 2962 ,
2353 2895 2651 2961 innocens;
2681 2893 2870 2948 odium
2913 2892 2964 2946 in
2997 2893 3191 2955 Deum,
3215 2892 3501 2947 conversio
3531 2892 3601 2945 ad

2013 2989 2224 3055 Deum;
2267 2985 2584 3051 damnatio,
2622 2983 2986 3054 justiﬁeatio;
3029 2982 3300 3052 perditio,
3349 2982 3604 3037 interitus

2014 3089 2068 3136 et
2099 3095 2279 3145 mors;
2313 3078 2483 3142 salus,
2511 3077 2620 3131 vita
2651 3083 2706 3129 et
2738 3075 3089 3130 resurrectio.
3120 3072 3216 3128 Est
3237 3072 3402 3144 igitur
3433 3087 3604 3142 oppo~

2012 3173 2137 3228 sitio
2170 3172 2223 3225 in
2259 3169 2384 3227 istis
2416 3188 2430 3225 :
2483 3167 2785 3223 similitudo
2832 3175 3013 3221 autem
3039 3206 3055 3232 ,
3107 3165 3254 3220 sicut
3302 3179 3397 3236 per
3429 3180 3601 3219 unum

2012 3264 2067 3318 in
2104 3277 2295 3316 omnes
2330 3260 2701 3331 pertransiit:
2759 3258 3052 3330 hyperbole
3103 3268 3322 3323 autem,
3371 3257 3500 3328 quia
3547 3257 3600 3311 in

2014 3356 2227 3412 delictis
2278 3354 2440 3410 simul
2493 3352 2700 3424 operati
2753 3361 2914 3418 sunt,
2961 3351 3016 3407 in
3058 3366 3171 3408 uno
3216 3351 3417 3415 multi,
3456 3349 3605 3420 quod

2011 3447 2114 3517 ipsi
2150 3447 2205 3501 in
2236 3445 2396 3500 malis
2449 3444 2708 3515 operibus
2737 3443 3299 3509 communicaverunt,
3331 3443 3383 3497 in
3409 3443 3603 3496 melio-

2014 3541 2166 3595 ribus
2197 3555 2328 3594 vero
2361 3538 2543 3593 nullus
2590 3546 2848 3608 operatus
2890 3545 3015 3603 est,
3047 3537 3164 3606 {sed
3199 3544 3408 3590 tantum
3439 3534 3601 3589 unius

2015 3631 2223 3686 Christi
2249 3631 2418 3702 gratia
2456 3629 2600 3684 facta
2633 3637 2737 3685 est.
2761 3628 2840 3684 Ita
2866 3644 2976 3684 non
3008 3627 3261 3683 similiter
3288 3641 3390 3681 nec
3417 3641 3605 3696 aequa-

2018 3725 2181 3791 liter,
2217 3724 2312 3780 sed
2344 3722 2696 3794 hyperbolice
2731 3731 2786 3777 et
2815 3737 2878 3776 ex
2914 3718 3413 3792 superabundantia
3448 3715 3607 3771 simi-

2015 3812 2211 3866 litudo.
2269 3811 2482 3867 Rursus
2518 3827 2645 3866 cum
2690 3826 2785 3881 per
2824 3811 2997 3865 Adam
3049 3811 3250 3865 delicta
3293 3809 3604 3863 introducta

325 3937 458 3984 των,
496 3921 597 3975 οὐκ
639 3922 879 3994 ἀνῃρέθη
929 3920 1089 3992 μόνον
1128 3920 1325 3989 ταῦτα,
1366 3923 1502 3993 ὅπερ
1542 3921 1618 3986 ὡς
1645 3923 1909 3986 ἐναντίοις

2019 3904 2236 3968 forent,
2271 3922 2382 3959 non
2411 3905 2589 3959 solum
2624 3904 2805 3959 ablata
2839 3913 2968 3959 sunt
2995 3903 3086 3958 illa
3109 3944 3125 3969 ,
3172 3902 3317 3972 quod
3349 3902 3405 3955 in
3435 3915 3605 3971 oppo-

326 4014 513 4084 ὅμοιον
543 4012 639 4065 καὶ
677 4012 961 4082 ἀνάλογον,
993 4012 1129 4067 ἀλλά
1172 4014 1266 4067 καὶ
1307 4013 1535 4085 ἐπεδόθη
1583 4013 1736 4085 παρὰ
1781 4016 1917 4086 Χρι-

327 4103 456 4157 στοῦ
485 4103 555 4158 τὰ
580 4104 810 4175 ἀμείνω·
843 4106 982 4177 ὅπερ
1009 4105 1109 4178 τὴν
1134 4103 1439 4177 ὑπερϐολὴν
1471 4105 1568 4159 καὶ
1591 4103 1689 4177 τὴν
1719 4122 1914 4177 περισ-

328 4196 484 4251 σείαν
505 4196 859 4268 παρίστησιν.

326 4310 556 4381 Ὠσπερ
593 4309 706 4383 γὰρ
734 4310 834 4367 διὰ
861 4310 971 4382 τῆς
1005 4313 1319 4382 παρακοῆς
1357 4311 1464 4368 τοῦ
1488 4311 1648 4379 ἐνὸς,
1683 4329 1738 4366 κ.
1765 4329 1817 4366 τ.
1859 4309 1911 4369 λ.

398 4467 646 4522 Φωτίου.
701 4468 887 4522 Εἰπὼν
925 4469 1011 4522 ὅτι
1050 4467 1219 4533 τύπος
1258 4445 1328 4540 ἦν
1362 4470 1391 4523 6
1436 4469 1613 4541 Ἀδὰμ
1651 4469 1744 4523 τοῦ
1780 4470 1916 4538 Χρι-

326 4558 490 4613 στοῦ·
516 4559 686 4624 τύπος
733 4560 787 4614 δὲ
837 4559 1080 4632 δηλονότι
1120 4562 1185 4613 ἐκ
1233 4560 1325 4614 τοῦ
1369 4562 1638 4616 ἐναντίου.
1679 4562 1767 4626 Ὡς
1804 4561 1913 4632 γὰρ

325 4653 533 4715 ἐκεῖνος
568 4652 740 4716 αἴτιος
765 4652 1074 4723 ἀνθρώποις
1096 4665 1122 4694 ει
1145 4652 1397 4718 θανάτου,
1430 4652 1602 4716 οὕτως
1628 4656 1655 4707 6
1679 4653 1916 4724 Χριστὸς

325 4744 500 4807 αἴτιος
533 4743 847 4814 ἀνθρώποις
887 4743 1257 4806 ἀναστάσεως.
1294 4742 1477 4797 Εἰπὼν
1508 4743 1623 4807 οὖν,
1657 4743 1731 4806 ὡς
1779 4742 1914 4814 ἔφη·

328 4853 451 4907 μεν,
480 4836 561 4890 ὅτι
591 4834 762 4898 τύπος
786 4830 854 4904 ἦν
884 4837 910 4887 6
946 4835 1118 4904 Ἀδὰμ
1150 4834 1244 4888 τοῦ
1269 4834 1536 4905 Χριστοῦ·
1568 4835 1755 4906 ἐπειδὴ
1787 4835 1915 4905 μέλ-

325 4929 436 4982 λων
468 4927 598 4981 αὐτὸ
619 4926 1074 4992 κατασκευάζειν,
1101 4927 1162 4980 οὐ
1188 4928 1347 4999 μόνον
1369 4928 1465 4998 τὴν
1494 4927 1788 4998 ὁμοιότητα
1813 4944 1917 4980 κα-

324 5019 660 5092 τασκευάζει
711 5018 805 5072 καὶ
841 5019 1032 5085 τύπον,
1083 5019 1218 5073 ἀλλά
1269 5021 1365 5074 καὶ
1408 5020 1508 5091 τὴν
1547 5021 1606 5073 ἐν
1631 5020 1710 5091 τῷ
1757 5020 1915 5091 τύπῳ

325 5114 424 5169 καὶ
452 5113 738 5185 ὁμοιότητι
771 5112 1043 5191 ὑπεροχὴν
1088 5113 1184 5166 καὶ
1221 5113 1557 5184 περισσείαν.
1591 5113 1760 5166 Τοῦτο
1805 5115 1914 5186 γὰρ

327 5207 666 5260 ἐνδείκνυται
709 5205 798 5258 διὰ
836 5205 930 5258 τοῦ
967 5205 1169 5273 λέγειν,
1202 5204 1318 5258 ἀλλ’
1341 5207 1439 5277 οὐχ
1482 5205 1558 5270 ὡς
1619 5207 1679 5260 τὸ
1728 5207 1911 5279 παρά-

326 5315 554 5370 πτωμα·
586 5298 682 5353 καὶ
705 5298 887 5365 πάλιν,
925 5280 1140 5370 καὶόύχ
1182 5298 1258 5363 ῶς
1295 5298 1416 5363 ἐνὸς
1469 5301 1908 5372 ἁμαρτήσαντος.

341 5395 496 5448 Ἐπεὶ
526 5389 620 5447 οὖν
643 5392 899 5448 σύνθετον
924 5392 1072 5464 αὐτῷ
1097 5411 1213 5458 πως
1244 5394 1434 5463 γέγονε
1464 5394 1525 5448 τὸ
1553 5396 1910 5468 ἐπιχείρημα,

329 5485 699 5556 ἀνομοιότητά
755 5503 872 5549 πως
929 5487 988 5540 ἐν
1037 5486 1319 5556 ὁμοιότητι
1371 5487 1758 5541 διαπλέκοντι·
1819 5488 1914 5543 νῦν

2019 3999 2140 4052 sitis
2175 3997 2590 4053 similitudinem
2637 4005 2692 4052 et
2739 3997 3048 4068 analogian»
3081 4010 3194 4066 prae
3223 4010 3283 4050 se.
3313 3994 3455 4059 fert,
3509 3992 3605 4047 sed

2017 4090 2143 4144 data
2179 4098 2309 4145 sunt
2345 4103 2440 4159 per
2469 4087 2752 4143 Christum
2790 4087 3056 4154 meliora;
3092 4087 3239 4156 quod
3273 4085 3604 4157 hyperbolen

2018 4190 2071 4235 et
2107 4178 2662 4250 superabundantiam
2693 4186 2929 4247 praestat.

2016 4295 2182 4352 Vens.
2225 4293 2314 4349 i9.
2349 4292 2810 4360 Quemadmodum
2859 4292 3001 4346 enim
3047 4307 3142 4360 per
3193 4288 3606 4344 inobedientiam

2643 4386 2798 4441 unius
2818 4425 2834 4450 ,
2867 4395 2974 4441 etc.

2087 4479 2292 4535 Plrotii.
2351 4478 2563 4554 Typum
2605 4479 2736 4534 dicit
2789 4478 2962 4533 fuisse
3010 4476 3182 4532 Adam
3220 4475 3471 4543 Christi;
3524 4485 3607 4548 ty-

2018 4589 2124 4645 pus
2162 4585 2342 4630 autem
2393 4574 2677 4628 evidenter
2727 4579 2812 4626 est
2854 4586 2920 4625 ex
2968 4568 3332 4641 oppositione.
3358 4569 3429 4625 Ut
3459 4569 3605 4624 enim

2018 4669 2107 4723 ille
2140 4682 2307 4723 causa
2353 4665 2674 4721 hominibus
2720 4665 2917 4719 mortis
2954 4662 3085 4728 fuit,
3130 4664 3211 4719 sic
3254 4671 3308 4717 et
3350 4662 3606 4717 Christus

2016 4773 2184 4813 causa
2231 4757 2550 4812 hominibus
2602 4755 3050 4810 resurrectionis.
3109 4753 3252 4808 Dicit
3300 4753 3506 4823 igitur,
3547 4763 3608 4807 ut

2017 4851 2366 4916 notavimus,
2405 4861 2602 4920 ,typum
2654 4846 2824 4903 fuisse
2871 4849 3043 4902 Adam
3079 4847 3319 4912 Christi;
3368 4863 3492 4901 cum
3551 4846 3607 4901 id

2015 4941 2369 5011 expositurus
2413 4948 2497 4996 est
2523 4980 2538 5004 ,
2580 4955 2687 4994 non
2720 4939 2896 4994 solum
2933 4937 3348 4994 similitudinem
3382 4939 3610 5007 exponit

2015 5043 2070 5088 et
2099 5042 2283 5103 typum
2307 5071 2322 5096 ,
2366 5031 2461 5088 sed
2491 5033 2658 5086 etiam
2695 5033 2747 5086 in
2786 5043 2912 5101 typo
2942 5039 2993 5084 et
3023 5030 3386 5085 similitudine
3413 5045 3607 5084 exces-

2017 5139 2137 5178 sum
2172 5131 2226 5178 et
2283 5123 2871 5192 superabundantiam.
2915 5119 3028 5176 lloc
3057 5121 3202 5175 enim
3240 5120 3483 5176 ostendit
3524 5119 3609 5174 di-

2018 5213 2189 5267 cendo
2213 5252 2228 5279 ,
2265 5211 2360 5267 sed
2393 5226 2503 5266 non
2532 5212 2678 5266 sicut
2706 5209 2966 5264 delictum
2989 5251 3003 5274 ,
3054 5217 3108 5263 et
3141 5224 3333 5264 rursus
3356 5249 3371 5274 ,
3415 5218 3469 5262 et
3497 5223 3606 5261 non

2019 5305 2162 5361 sicut
2206 5320 2315 5360 uno
2339 5313 2620 5374 peccante.
2649 5303 2791 5359 Cum
2826 5303 2992 5371 igitur
3016 5302 3320 5372 composita
3360 5301 3439 5355 illi
3467 5315 3609 5370 quo-

2021 5397 2316 5453 dammodo
2356 5397 2500 5452 facta
2536 5397 2608 5453 sit
2649 5396 2921 5466 expositio
2951 5434 2968 5460 ,
3022 5393 3512 5451 absimilitudinem
3535 5391 3611 5447 si—

2025 5488 2324 5543 militudini
2342 5487 2604 5546 inserenti
2631 5505 2647 5557 ;
2673 5504 2816 5545 nunc
2844 5488 2986 5545 idem
3016 5487 3311 5545 reassumit
3330 5525 3348 5552 ,
3376 5499 3611 5541 meram-

1610 5594 1850 5670 van’ur;
1904 5611 2311 5672 LECTIONES.

408 5687 436 5719 ⁸
473 5677 611 5737 Cod.
651 5679 961 5755 ἅνθρωπος,
998 5684 1092 5741 sed
1123 5699 1298 5757 marg.
1338 5704 1425 5758 γρ.
1458 5683 1786 5756 ἀνθρώποις.
