3930 6218
383 215 523 282 I235

1544 214 1805 277 PHOTII
1845 212 2356 275 PATRIARCH/E
2386 215 2497 278 (ΣΡ.

3534 224 3678 292 1236

378 348 487 405 que
528 327 948 389 similitudinem
1002 318 1285 392 ostendit,
1336 339 1438 379 nec
1488 324 1684 379 miscet
1734 322 1960 391 aliquam

2079 320 2600 393 ἐπαναλαμΰάνεται
2625 321 2727 396 μὲν
2746 323 2806 378 τὸ
2835 324 2990 395 αὐτὸ,
3014 328 3273 401 καθαρῶς
3292 330 3351 385 δὲ
3376 330 3480 402 τὴν
3495 335 3681 404 ὁμοιόο

378 443 447 482 ex
495 423 734 481 dictione
778 420 1229 477 absimilitudinis
1274 415 1720 487 repugnantiam.
1755 413 1965 469 Deinde

378 526 565 589 aperte
593 522 649 570 et
685 513 831 569 unde
853 513 1239 568 demonstrans
1266 550 1281 574 ,
1323 510 1451 579 quia
1488 508 1629 562 sicut
1670 521 1763 575 per
1794 520 1963 559 unum

377 621 532 661 mors
578 602 871 677 regnavit,
929 601 1104 656 multo
1142 600 1317 669 magis
1356 600 1410 652 in
1442 597 1549 650 vita
1599 594 1844 666 regnabit
1875 609 1969 664 per

380 709 548 749 unum
598 693 921 755 Christum,
982 689 1174 760 adjicit
1230 698 1488 756 tanquam
1551 684 1965 739 conclusionem

379 788 608 849 ducens.
638 796 691 841 et
721 785 773 838 in
805 785 1133 855 apertiorem
1175 782 1354 835 adhuc
1383 790 1436 833 et
1471 778 1798 848 prcssiorem
1835 790 1966 845 pro-

381 880 588 934 ducens
615 892 956 941 sermonem,
990 887 1044 930 et
1074 873 1207 927 dicit
1242 891 1254 927 :
1288 871 1464 942 Igitur
1490 870 1624 922 sicut
1670 884 1762 937 per
1804 882 1968 920 unum

375 971 632 1026 delictum
690 972 745 1025 in
792 984 969 1023 omnes
1024 966 1260 1019 homines
1306 962 1716 1027 condemnatio,
1755 970 1808 1016 et
1847 976 1970 1031 quae

378 1043 704 1133 sequuntur.
742 1061 942 1116 Deinde
987 1074 1109 1114 cum
1155 1056 1208 1111 in
1245 1057 1423 1128 primo
1455 1053 1764 1125 composita
1796 1068 1970 1124 expo-

377 1155 578 1209 sitione
611 1155 816 1220 utitur,
840 1154 896 1207 in
929 1151 1171 1206 secundo
1203 1150 1472 1219 explicata
1507 1159 1563 1203 et
1603 1148 1868 1219 repetita,
1915 1155 1971 1201 et

376 1248 431 1302 in
463 1263 596 1302 voce
625 1250 799 1310 sicut,
858 1246 1201 1301 conclusioni
1252 1244 1486 1315 abjecta.
1533 1242 1799 1298 Delictum
1845 1242 1963 1312 qui.

374 1339 497 1393 dem
532 1346 586 1392 et
612 1338 815 1392 donum
857 1348 911 1390 et
954 1337 1465 1392 condemnationem
1494 1376 1508 1400 ,
1536 1342 1589 1387 et
1612 1332 1968 1387 donationem

374 1439 430 1486 et
465 1430 916 1500 justiiicationem
964 1439 1231 1484 memorat
1271 1446 1285 1483 :
1337 1428 1483 1482 unde
1527 1427 1692 1480 etiam
1750 1426 1969 1479 initium

374 1524 631 1593 sumpsit.
664 1522 825 1578 Nullo
866 1528 1028 1578 modo
1064 1522 1472 1577 contrariorum
1502 1519 1794 1587 utriusque
1822 1531 1971 1570 con-

372 1615 538 1670 nexio
588 1615 823 1669 indicata
868 1625 973 1669 est.
1022 1612 1177 1667 Nunc
1228 1612 1371 1665 illud
1412 1610 1639 1680 exponit
1685 1617 1742 1663 et
1793 1608 1969 1677 aperit

374 1704 583 1770 dicens,
625 1705 771 1775 quod
804 1721 973 1759 unum
1006 1720 1071 1759 ex
1107 1703 1478 1758 iuobedientia
1513 1698 1798 1762 manavit,
1828 1700 1967 1753 alte—

372 1807 494 1846 rum
544 1802 725 1847 autem
775 1809 842 1848 ex
890 1793 1198 1847 obedientia
1252 1792 1468 1855 ﬂoruit;
1519 1788 1593 1841 ita
1638 1796 1697 1841 ut
1739 1787 1969 1840 demon-

371 1883 566 1938 stratio
594 1884 725 1938 illud
771 1885 842 1939 sit
868 1882 1232 1954 expositionis
1263 1882 1317 1935 in
1356 1896 1464 1950 qua
1493 1878 1747 1933 exhibuit
1780 1887 1967 1949 typum

371 1979 427 2024 et
475 1971 928 2035 similitudinem,
960 1972 1124 2041 quale
1163 1979 1247 2024 est
1288 1969 1454 2033 illud,
1500 1966 1562 2022 Si
1612 1967 1753 2021 enim
1808 1966 1966 2019 unius

370 2060 563 2114 delicto
597 2077 736 2115 mors
756 2100 771 2125 ,
801 2070 905 2116 etc.

2071 431 2211 482 τητα
2237 415 2512 470 δείκνυσι*
2547 419 2644 470 καί⁹
2675 418 2859 472 οὐκέτι
2906 417 3125 473 πλέκων
3168 421 3293 475 ὅσον
3322 423 3434 476 ἀπὸ
3461 424 3561 495 τῆς
3586 426 3678 480 λέ-

2072 505 2208 571 ξεώς
2228 524 2352 561 τινα
2381 509 2771 581 ἀνομοιότητος
2801 511 3006 583 μάχην
3033 506 3154 566 εῐτα
3178 514 3368 581 σαφῶς
3394 515 3560 569 τοῦτο
3584 520 3677 571 καί

2070 598 2330 669 καθαρῶς
2373 600 2768 672 ἐνδειξάμενος,
2801 604 2884 657 ὅτι
2917 604 3105 676 ῶσπερ
3139 606 3208 660 δι’
3240 606 3361 669 ἐνὸς
3386 607 3678 662 ἐϐασίλευο

2073 706 2169 743 σεν
2197 693 2226 745 ὁ
2255 691 2503 758 θάνατος,
2554 696 2734 766 πολλῷ
2767 696 2972 767 μᾶλλον
3010 699 3068 753 ἐν
3116 698 3230 771 ζωῇ
3259 699 3580 771 βασιλεύσει
3605 700 3675 753 δι’

2080 781 2202 846 ἐνὸς
2261 784 2525 855 Χριστοῦ,
2559 789 2753 857 ἐπάγει
2776 788 2967 861 ὥσπερ
3006 791 3540 864 συμπεραινόμενος,
3581 793 3677 844 καὶ

2074 873 2157 937 είς
2203 874 2263 928 τὸ
2304 875 2386 930 ἐτι
2438 881 2775 949 σαφέστερον
2825 881 2922 934 καὶ
2965 882 3398 954 συνεσταλμένον
3444 883 3675 953 ἀνάγων

2076 965 2169 1019 τὸν
2201 966 2384 1033 λόγον,
2425 970 2521 1024 καί
2550 988 2737 1041 φησιν·
2786 990 2805 1024 ι
2844 973 2990 1045 Ἀρα
3014 969 3127 1029 οὖν
3155 975 3236 1041 ώς
3275 974 3353 1029 δι’
3381 974 3522 1043 ἐνὸς
3554 992 3676 1029 xa-

2072 1058 2465 1129 ραπτώματος
2513 1063 2603 1128 εὶς
2657 1062 2891 1130 πάντας
2947 1065 3301 1134 ἀνθρώπους
3356 1068 3422 1122 τὸ
3476 1069 3679 1123 κατά-

2071 1164 2276 1218 κριμα,
2322 1169 2342 1202 ι
2377 1150 2473 1204 καὶ
2518 1151 2587 1206 τὰ
2626 1152 2777 1225 ἑξῆς.
2816 1150 2950 1209 Εἶτα
2991 1156 3087 1210 καὶ
3132 1157 3327 1231 ἐπειδὴ
3372 1161 3470 1214 καὶ
3504 1163 3565 1215 ἑν
3594 1161 3677 1233 τῷ

2073 1240 2278 1312 πρώτῳ
2316 1242 2411 1295 καί⁵
2449 1243 2689 1317 συνθέτῳ
2737 1247 3153 1319 ἐπιχειρήματι,
3187 1250 3285 1305 καὶ
3330 1253 3391 1305 ἐν
3427 1252 3510 1323 τῷ
3550 1252 3677 1307 δευ-

2069 1331 2217 1405 τέρῳ
2247 1332 2344 1387 καὶ
2367 1333 2861 1409 διακεκαθαρμένῳ
2890 1340 2980 1393 καί
3009 1340 3463 1415 ἐπαναληπτικῷ·
3492 1346 3591 1399 καὶ
3616 1347 3677 1399 ἐν

2070 1423 2150 1495 τῷ
2194 1422 2399 1497 ὥσπερ
2463 1430 2894 1500 συμπεράσματι
2944 1434 3315 1506 ἑπενεχθὲντι.
3352 1437 3677 1509 Παραπτώ-

2074 1531 2243 1584 ματος
2293 1516 2394 1586 μὲν
2444 1518 2542 1572 καὶ
2588 1520 2930 1591 χαρίσματος
2985 1523 3081 1576 καὶ
3122 1526 3537 1598 κατακρίμαιτος
3574 1532 3677 1583 καὶ

2078 1606 2409 1678 δωρήματος
2458 1610 2556 1665 καὶ
2600 1611 2972 1683 δικαιώματος
3013 1618 3108 1669 καὶ
3150 1617 3409 1672 τοιούτων
3458 1638 3678 1692 μνημο-

2076 1695 2246 1749 νεύεν
2299 1698 2423 1753 ὅθεν
2480 1701 2575 1756 καὶ
2618 1703 2718 1774 τὴν
2763 1703 2939 1777 ἀρχὴν
2981 1705 3224 1777 εἴληφεν·
3275 1710 3516 1783 ἑκάτερα
3560 1713 3679 1767 τῶν

2078 1786 2340 1843 ἐναντίων
2380 1792 2414 1863 ή
2469 1796 2753 1865 συστοιχία
2800 1796 2941 1868 αὕτη
2998 1799 3213 1855 οὐδέπω
3257 1802 3676 1875 ἐπεσημήνατο.

2079 1881 2197 1935 Νῦν
2245 1885 2381 1938 αὐτὸ
2432 1885 2592 1940 τοῦτο
2647 1889 2906 1959 διασαφεῖ
2953 1892 3048 1943 καὶ
3102 1891 3523 1961 ἀποκαλύπτει,
3576 1894 3674 1950 καὶ

2079 1990 2271 2045 φησιν,
2289 1977 2372 2032 ὅτι
2397 1978 2467 2032 τὰ
2499 1980 2598 2050 μὲν
2626 1982 2691 2035 ἑκ
2719 1982 3008 2053 παρακοῆς
3032 1983 3228 2056 ἐρρύη,
3248 1986 3317 2040 τά
3345 1987 3404 2041 δὲ
3454 1988 3518 2056 ἐξ
3563 1988 3680 2042 ὑπ-

2071 2068 2249 2139 ακοῆς
2284 2071 2521 2143 ἤνθησεν
2549 2089 2563 2101 ·
2590 2072 2732 2140 ὥστε
2772 2079 3278 2134 κατασκευαστικὸν
3304 2081 3372 2135 ἂν
3399 2083 3486 2152 εἴη
3508 2080 3677 2137 τοῦτο

370 2149 466 2202 τοῦ
512 2152 945 2222 ἐπιχειρήματος
972 2151 1069 2204 τοῦ
1115 2150 1626 2215 κατασκευάζοντος
1659 2148 1751 2202 τὸν
1778 2145 1955 2201 τύπον
1994 2156 2087 2210 καὶ
2151 2160 2251 2233 τήν
2300 2163 2622 2236 ὁμοιότητα,
2653 2159 2768 2220 οἷον
2808 2166 2924 2234 τοῦ,
2969 2171 3041 2223 El
3079 2169 3190 2241 γὰρ
3258 2167 3342 2237 τῷ
3379 2145 3491 2227 τοῦ
3527 2171 3673 2239 ἐνὸς

369 2242 797 2311 παραπτώματι
824 2247 857 2298 ὁ
887 2244 1168 2311 θάνατος.
1210 2263 1227 2295 ι
1265 2244 1363 2298 καὶ
1389 2244 1537 2316 ἑξῆς.

442 2358 559 2414 Non
595 2360 847 2416 eumdem
878 2376 1185 2417 sermonem
1213 2362 1431 2433 repetit,
1462 2372 1524 2418 ut
1551 2364 1733 2434 putari
1759 2375 1965 2436 posset,

369 2449 589 2507 divinus
642 2452 940 2523 Apostolus
983 2454 1035 2507 in
1092 2455 1251 2520 istis,
1302 2454 1398 2510 sed
1462 2455 1608 2511 clare
1643 2458 1874 2512 multum
1912 2466 1968 2513 et

369 2552 519 2597 recte
545 2546 822 2599 connectit
850 2556 902 2601 et
931 2546 1177 2618 disponit
1207 2548 1314 2603 vim
1349 2548 1549 2604 horum
1581 2551 1844 2620 capitum.
1869 2551 1966 2607 Est

370 2637 535 2708 igitur
572 2636 749 2692 illud:
800 2636 905 2693 Sed
950 2656 1053 2694 non
1094 2641 1232 2694 sicut
1262 2641 1553 2707 delictum,
1603 2652 1658 2698 et
1705 2661 1827 2712 qua:
1875 2660 1961 2699 se-

368 2741 637 2801 quuntur,
681 2748 855 2804 usque
881 2735 948 2789 ad
983 2751 997 2789 :
1038 2734 1122 2788 Ex
1156 2736 1340 2792 multis
1368 2737 1576 2793 delictis
1611 2739 1665 2792 in
1688 2737 1964 2809 justi/ica-

2137 2365 2213 2420 Ού
2251 2366 2573 2437 ταυτολογεῖ
2592 2367 2796 2432 τοίνυν,
2828 2369 2904 2434 ὠς
2936 2370 3004 2425 ἀν
3036 2388 3127 2435 τις
3169 2371 3407 2445 οίηθείη,
3445 2376 3476 2429 δ
3519 2374 3670 2441 θεῖος

2077 2457 2404 2523 ’Δπὸστολος
2433 2460 2494 2511 ἐν
2521 2460 2756 2525 τούτοις,
2784 2462 2921 2517 ἀλλὰ
2955 2463 3142 2533 σαφῶς
3166 2464 3288 2521 λίαν
3321 2468 3418 2521 καὶ
3442 2467 3665 2540 διηκρι-

2071 2546 2337 2617 ϐωμένως
2386 2550 2709 2625 ἀλληλουχεῖ
2746 2554 2841 2609 καὶ
2889 2554 3134 2611 ἐντάττει
3181 2557 3292 2613 τῶν
3343 2561 3663 2629 κεφαλαίων

2060 2639 2160 2710 τὴν
2194 2639 2425 2712 δύναμιν
2449 2658 2462 2671 ’
2498 2641 2613 2696 ἐστι
2652 2644 2749 2714 μὲν
2775 2640 2868 2699 οὖν
2897 2646 2958 2698 τὸ
2988 2648 3107 2718 μὲν,
3140 2648 3308 2703 Ἀλλ’
3344 2653 3457 2721 οὐχ
3479 2652 3560 2719 ὡς
3592 2652 3664 2708 τὸ

2062 2732 2450 2804 παράπτωμα,
2520 2738 2613 2790 καὶ
2649 2738 2797 2810 ἑξῆς,
2853 2739 2957 2805 ἕως
3011 2741 3129 2808 τοῦ,
3155 2745 3222 2797 ἐκ
3264 2744 3517 2800 πολλῶν
3540 2764 3662 2800 πα-

371 2825 607 2891 tionem,
654 2825 929 2895 expOsitio
974 2824 1217 2893 quidem,
1271 2837 1330 2881 ut
1376 2829 1638 2894 diximus,
1677 2840 1858 2900 typum
1909 2839 1960 2885 et

2067 2823 2465 2893 ραπτωμάτων
2517 2829 2604 2894 εἰς
2666 2828 2976 2902 δικαίωμα,
3032 2834 3365 2907 ἐπιχείρημα
3406 2838 3527 2908 μὲν,
3582 2838 3663 2903 ὡς

369 2917 783 2973 similitudinem
830 2917 1163 2986 ostendens;
1210 2920 1395 2975 deerat
1437 2934 1567 2988 ergo
1605 2922 1853 2977 claritate
1910 2932 1965 2977 et

292 3032 297 3043 ι
368 2998 750 3077 explicatione.
779 3007 915 3064 Illud
963 3020 1188 3080 praestat
1227 3026 1346 3081 qua
1374 3013 1625 3081 sequitur
1651 3013 1918 3083 expositio
1946 3051 1962 3077 ,

368 3105 621 3167 repetens
649 3099 761 3167 jam
792 3100 936 3154 dicta
960 3143 975 3167 ,
1009 3112 1065 3157 et
1095 3103 1376 3174 explicans
1404 3114 1458 3160 et
1487 3105 1539 3158 in
1570 3119 1758 3175 aperto
1793 3123 1963 3178 expo-

367 3205 528 3248 nens.
576 3189 681 3247 Sed
714 3195 1002 3263 oportebat
1039 3206 1092 3251 et
1125 3197 1253 3252 huic
1298 3214 1518 3268 quoque
1545 3201 1957 3256 conclusionem

366 3282 507 3349 dari,
537 3294 596 3336 ut
619 3299 725 3338 non
753 3301 819 3339 ex
850 3286 1134 3358 hypothesi
1165 3298 1374 3344 tantum
1404 3292 1653 3346 videatur
1683 3303 1959 3350 constare.

369 3367 484 3426 Hoc
509 3364 619 3426 non
641 3374 868 3440 omittit,
888 3378 982 3431 sed
1008 3388 1268 3447 tanquam
1293 3383 1703 3438 conclusionem
1727 3384 1959 3452 ducens,

366 3474 420 3517 et
450 3464 722 3519 sermonis
754 3468 981 3523 veritate
1016 3469 1190 3525 ﬁdcns
1217 3512 1232 3537 ,
1268 3488 1393 3527 cum
1443 3473 1802 3529 aliirmatione
1834 3490 1962 3546 pro-

367 3554 472 3608 fert
516 3571 531 3609 :
573 3552 753 3626 Igitur
798 3559 937 3614 sicut
978 3578 1070 3630 per
1102 3564 1257 3617 unius
1303 3564 1578 3632 delictum,
1631 3576 1739 3621 etc.
1792 3566 1959 3622 Dein—

368 3645 435 3698 de
464 3685 478 3711 ,
536 3662 660 3702 cum
705 3649 870 3719 igitur
913 3652 1139 3709 minimc
1169 3654 1225 3709 in
1277 3656 1477 3714 talibus
1518 3659 1959 3730 expositionibus

365 3737 507 3795 dixit
537 3741 680 3798 unde
716 3744 969 3801 habuerit
998 3748 1333 3819 principium
1358 3751 1686 3821 justiticatio
1725 3760 1780 3807 et
1820 3767 1957 3807 con-

365 3830 685 3897 demnatio,
730 3850 910 3907 neque
964 3837 1096 3893 illud
1145 3843 1557 3910 przctermittit,
1602 3844 1697 3899 sed
1731 3842 1959 3914 exponit

364 3923 594 3981 dicens:
631 3925 783 3983 Sicut
821 3932 959 3984 enim
991 3947 1083 3999 per
1112 3932 1562 4003 inobedieutiam,
1603 3946 1711 3993 etc.

362 4127 520 4186 CAP.
548 4129 660 4187 Vll.
698 4133 862 4193 Vens.
906 4137 1130 4219 8._Sine
1165 4143 1305 4197 enim
1338 4143 1447 4215 lege
1480 4155 1756 4214 peccatum
1802 4162 1950 4203 mor,-

967 4220 1147 4279 {tuum
1176 4222 1315 4266 erat.

432 4290 726 4351 Peccatum
767 4299 988 4368 quidem
1031 4314 1309 4360 mortuum
1344 4315 1492 4373 erat;
1546 4323 1646 4379 ego
1679 4317 1862 4365 autem
1896 4310 1951 4365 in

367 4384 473 4438 vita
500 4400 648 4442 eram
678 4430 693 4457 ,
736 4401 924 4461 utpote
956 4409 1065 4448 non
1098 4398 1350 4453 turbatus
1374 4439 1388 4464 ,
1440 4414 1546 4453 non
1582 4410 1904 4461 vulneratus
1932 4440 1948 4464 .

2054 2913 2296 2985 ἔφημεν,
2339 2917 2613 2972 δεικτικὸν
2654 2921 2750 2975 τοῦ
2800 2922 2973 2978 τύπου
3026 2928 3121 2980 καὶ
3164 2931 3263 2999 τῆς
3311 2928 3656 3001 ὁμοιότητος.

2077 3006 2277 3061 Ἐδεῖτο
2332 3008 2427 3063 οῦν
2485 3013 2788 3084 σαφηνείας
2846 3017 2939 3070 καὶ
2994 3017 3427 3091 διακαθάρσεως.
3484 3021 3661 3077 Τοῦτο

2066 3102 2213 3152 ποιεῖ
2236 3101 2296 3154 τὸ
2317 3100 2515 3173 ἐφεξῆς
2536 3105 2894 3179 ἐπιχείρημα,
2928 3109 3383 3181 ἐπαναλαμϐάνον
3420 3113 3483 3167 τὸ
3517 3132 3660 3186 προ-

1986 3165 2032 3227 C
2064 3165 2369 3262 ειρημὲνον⁷
2387 3165 2483 3247 καί
2505 3165 2859 3270 διακαθαῖρον
2876 3165 2969 3254 καὶ
2996 3201 3075 3265 εἰς
3096 3201 3157 3255 τὸ
3178 3165 3349 3274 σαφὲς

2065 3282 2177 3337 λονο
2211 3285 2328 3339 ἀλλ’
2367 3286 2476 3341 ἔδει
2527 3290 2622 3343 καὶ
2651 3291 2810 3345 τοῦτο
2840 3293 3025 3349 λαϐεῖν
3069 3295 3313 3368 ἀξίωμα,
3356 3299 3451 3355 καὶ
3486 3301 3563 3372 μὴ
3596 3301 3661 3367 ἐξ

2066 3375 2380 3444 ὑποθέσεως
2413 3382 2794 3452 προτείνεσθαι
2836 3386 3019 3457 μόνον.
3053 3388 3189 3442 Οὐδὲ
3218 3390 3379 3445 τοῦτο
3406 3395 3656 3465 παρορᾷ,

2063 3466 2180 3521 ἀλλ’
2209 3467 2399 3540 ῶσπερ
2427 3477 2958 3548 συμπεραινόμενος,
2982 3480 3077 3533 καὶ
3104 3484 3169 3554 τῇ
3198 3481 3295 3536 τοῦ
3329 3482 3490 3551 λόγου
3515 3485 3655 3557 θαρ-

2068 3557 2178 3628 ρῶν
2213 3559 2464 3633 ἀληθείᾳ,
2507 3567 2647 3633 μετά
2678 3565 3028 3637 βεϐαιώσεως
3069 3572 3462 3641 ἀποφαίνεται·
3502 3576 3659 3643 'Apa

2062 3645 2179 3705 οὖν
2227 3652 2308 3719 ὡς
2349 3653 2425 3707 δι’
2466 3655 2605 3723 ἐνὸς
2654 3662 3146 3732 παραπτώματος,
3222 3666 3317 3719 καὶ
3361 3671 3429 3720 τὰ
3496 3668 3653 3737 ἑξῆς.

2062 3736 2217 3807 Εἶτα,
2243 3743 2367 3798 ἐπεὶ
2401 3743 2495 3799 οῦν
2526 3744 2592 3817 ἦν
2627 3747 2799 3803 είπὼν
2829 3753 2889 3804 ἐν
2920 3754 3198 3819 τοσούτοις
3222 3757 3658 3829 ἐπιχειρήμασιν

2061 3833 2301 3905 οὐδαμοῦ
2327 3838 2491 3890 πόθεν
2532 3838 2691 3909 ἔσχεν
2716 3843 2893 3913 ἀρχὴν
2939 3845 2999 3897 τὸ
3027 3845 3307 3918 δικαίωμα
3338 3851 3433 3902 καὶ
3462 3851 3525 3903 τὸ
3550 3868 3657 3904 κα-

2058 3926 2325 3999 τάκριμα,
2375 3930 2495 3983 ούδέ
2544 3931 2701 3986 τοῦτο
2758 3937 2995 4007 παρορᾷ,
3044 3936 3181 3992 ἀλλά
3219 3938 3405 4008 τίθησι
3446 3941 3653 4010 λέγων,

2060 4017 2289 4089 Ὠσπερ
2319 4020 2429 4091 γὰρ
2452 4022 2550 4079 διὰ
2584 4023 2696 4095 τῆς
2720 4028 3053 4098 παρακοῆς,
3121 4034 3216 4085 καὶ
3249 4032 3401 4103 ἑξῆς.

2303 4155 2491 4224 Χωρίς
2525 4157 2638 4226 γὰρ
2671 4159 2862 4228 νόμον
2889 4159 3144 4228 ἁμαρτία
3176 4162 3386 4231 νεκρά.

2130 4322 2377 4378 Φωτίου.
2419 4323 2483 4377 Ἦ
2527 4325 2627 4395 μὲν
2669 4325 2911 4397 ἁμαρτία
2956 4329 3160 4398 νεκρά·
3188 4328 3299 4399 ἐγὼ
3329 4330 3384 4384 δὲ
3420 4332 3480 4386 ἐν
3507 4333 3649 4405 ζωῇ,

2044 4415 2155 4485 ,ἀτε
2185 4416 2261 4488 μὴ
2303 4418 2689 4490 ἐνοχλούμενος
2718 4421 2855 4491 μηδέ
2877 4423 3231 4493 νυττόμενος,
3258 4426 3394 4495 μηδὲ
3420 4428 3653 4497 νεκρού-

365 4492 474 4531 non
507 4480 724 4535 occisus
754 4483 821 4537 ab
848 4484 960 4539 illo.
991 4483 1278 4551 Quomodo
1309 4504 1439 4558 ergo
1469 4491 1664 4544 revixit
1691 4492 1823 4545 illud
1857 4508 1951 4561 per

2067 4480 2223 4579 μενος
2246 4480 2340 4563 ῦπ⁸
2595 4480 2731 4577 Πῶς.
2750 4480 2841 4568 οῦν
2885 4480 3151 4585 ἀνέζησεν
3188 4480 3379 4587 ἐικέίνη
3416 4480 3648 4573 διάιτοῦ

365 4570 581 4639 legem?
627 4570 955 4638 Quomodo?
989 4578 1145 4642 Quod
1170 4619 1185 4642 ,
1213 4580 1339 4633 data
1371 4579 1487 4650 lege
1509 4621 1522 4645 ,
1559 4582 1729 4653 magis
1761 4585 1825 4637 ad
1851 4584 1952 4637 im-

364 4665 720 4733 pegnandum
754 4666 1047 4722 incitatum
1080 4680 1164 4724 est
1188 4712 1203 4737 ,
1241 4680 1294 4725 et
1320 4672 1585 4742 quidquid
1620 4689 1817 4730 nocere
1857 4693 1954 4746 po-

365 4764 503 4809 terat
541 4774 736 4812 ausum
784 4770 896 4825 est,
930 4773 1189 4831 tanquam
1229 4768 1606 4819 coronandum
1655 4765 1774 4823 fore
1807 4768 1956 4826 hunc

364 4850 459 4919 qui
510 4853 828 4907 mandatum
882 4856 1185 4910 servaverit
1240 4856 1595 4913 considerans
1630 4900 1645 4925 ,
1705 4870 1760 4916 et
1829 4861 1952 4917 ideo

364 4943 542 5013 magis
566 4944 892 4999 invidiosum
917 4946 1143 5002 factum.
1166 4949 1232 5005 Et
1263 4964 1361 5021 ego
1396 4967 1590 5007 rursus
1614 4969 1952 5025 cognoscens

361 5048 459 5103 per
489 5036 659 5106 legem
686 5051 992 5107 peccatum,
1018 5049 1072 5095 et
1098 5042 1224 5111 quia
1256 5042 1307 5095 in
1341 5043 1445 5097 hac
1478 5046 1791 5117 cognitione
1819 5064 1943 5119 age-

364 5123 487 5177 bam
520 5141 643 5194 quae
668 5128 839 5182 vitare
868 5132 1176 5199 oportebat,
1213 5133 1389 5204 magis
1428 5148 1717 5208 prOpterea
1758 5156 1952 5212 pecul-

359 5217 530 5286 bam;
571 5230 625 5276 et
654 5225 828 5294 magis
874 5224 1005 5281 illud
1040 5238 1231 5283 contra
1273 5248 1361 5288 me
1405 5235 1589 5294 valens
1626 5238 1947 5307 eliicicham,

362 5311 652 5369 robur’illi
701 5316 907 5373 addens
963 5335 1058 5389 per
1100 5325 1469 5394 cognitionem
1512 5341 1669 5387 actus
1721 5332 1946 5403 injUsti,

359 5414 415 5463 ct
449 5407 615 5464 debili
643 5419 696 5464 et
745 5422 962 5468 mortuo
996 5416 1141 5473 vires
1185 5429 1239 5474 ct
1266 5422 1431 5476 vitam
1470 5425 1769 5479 suscitans.
1803 5426 1940 5481 Cum

361 5512 540 5556 autem
572 5501 707 5557 vixit
734 5546 748 5566 ,
795 5521 880 5559 mc
912 5508 1131 5565 occidit.
1166 5510 1471 5583 Antequam
1509 5514 1642 5568 illud
1679 5516 1745 5570 ad
1780 5520 1941 5573 vitam

2053 4601 2259 4671 νόμου;
2295 4602 2427 4657 Τίνα
2460 4607 2701 4675 τρόπον,
2730 4606 2811 4659 ὅτι
2831 4606 2925 4658 τοῦ
2961 4608 3125 4678 νόμου
3159 4609 3403 4673 δοθέντος
3439 4612 3650 4681 μᾶλλον

2051 4693 2235 4767 ἐκείνη
2283 4696 2424 4769 πρὸς
2451 4695 2697 4751 ἐπίθεσιν
2727 4698 3081 4772 παρωξύνθη,
3115 4702 3210 4755 καὶ
3247 4697 3361 4755 οἷον
3398 4704 3647 4775 ἐπηρεά-

2052 4803 2144 4839 σαι
2171 4784 2451 4860 ῶρμησεν·
2479 4789 2576 4843 ἆτε
2605 4790 2667 4861 δὴ
2703 4793 2799 4845 καὶ
2830 4792 3231 4860 στεφανοῦσθαι
3264 4794 3529 4864 μέλλοντα
3550 4796 3646 4850 τὸν

2051 4879 2364 4949 φυλάξαντα
2383 4881 2485 4954 τὴν
2515 4882 2733 4953 ἐντολὴν
2762 4884 3217 4957 ὑπολογιζομένη,
3251 4888 3343 4940 καὶ
3369 4887 3457 4942 διὰ
3480 4890 3645 4943 τοῦτο

2057 4973 2262 5043 μᾶλλον
2306 4974 2794 5031 διαϐασκαίνουσα.
2843 4977 2956 5033 Καὶ
2989 4978 3103 5047 ἐγὼ
3146 4980 3308 5034 πάλιν
3357 4982 3523 5050 γνοὺς
3554 4985 3645 5039 διὰ

2053 5066 2150 5136 τῆς
2184 5067 2404 5137 ἐντολῆς
2431 5069 2528 5140 τήν
2549 5069 2850 5141 ἁμαρτίαν,
2875 5072 2950 5133 ὡς
2990 5071 3049 5124 ἐν
3091 5074 3292 5141 γνώσει
3323 5076 3582 5145 πράττων
3604 5076 3644 5131 ἃ.

2053 5151 2277 5222 φεύγειν
2324 5155 2452 5220 ἔδει,
2510 5157 2714 5227 μᾶλλον
2767 5158 2906 5233 κατὰ
2950 5160 3109 5215 τοῦτο
3152 5164 3488 5234 ήμάρτανοψ
3546 5169 3645 5219 καὶ

2054 5247 2256 5316 μᾶλλον
2285 5246 2456 5320 αὐτὴν
2484 5250 2602 5303 κατ’
2633 5252 2874 5322 ἐμαυτοῦ
2914 5252 3278 5325 ἐπερώννυον,
3313 5255 3467 5326 ἰσχὺν
3501 5258 3642 5327 αὐτῇ

2049 5322 2137 5393 διὰ
2161 5340 2261 5409 τῆς
2306 5341 2450 5395 κατὰ
2478 5343 2682 5411 γνῶσιν
2722 5344 2927 5400 ἀτόπου
2969 5322 3223 5418 πράξεως
3264 5322 3638 5420 ἐπιχορηγῶν,

2050 5430 2145 5481 καὶ
2185 5424 2295 5483 οἷον
2326 5430 2529 5504 ἀσθενῆ
2576 5434 3113 5509 καὶνενεκρωμένην
3157 5434 3322 5493 οὖσαν
3370 5441 3641 5517 ἐνισχύων

2048 5522 2143 5574 καὶ
2175 5522 2575 5596 ἀναζωπυρῶν.
2620 5526 2686 5579 Ἦ
2717 5528 2772 5583 δὲ
2801 5528 3016 5599 ζήσασα
3043 5531 3143 5601 ἐμὲ
3187 5531 3483 5602 ὲνέκρωσε.
3525 5533 3639 5603 Πρὸ

359 5606 746 5661 rcvocarelur,
777 5596 1023 5655 vivebam
1053 5617 1154 5672 ego
1192 5606 1387 5674 magis.
1440 5605 1574 5659 Illud
1604 5617 1786 5662 autem
1823 5620 1943 5664 erat

2067 5614 2101 5666 ἑὲ
2123 5615 2216 5668 τοῦ
2266 5616 2537 5687 ἀναζῆσαι
2569 5619 2804 5691 ἐκείνην,
2842 5596 2951 5689 ἐγὼ
2998 5596 3136 5686 ἕξων
3188 5596 3411 5693 μᾶλλον.
3461 5596 3637 5701 Τοῦτο

360 5694 483 5740 ante
517 5685 691 5759 legem
724 5701 775 5744 ct
802 5694 1147 5764 mandatum;
1201 5696 1272 5751 ita
1314 5707 1393 5764 ut,
1428 5698 1678 5768 quamvis
1714 5700 1798 5757 lex
1832 5718 1939 5758 non

2067 5706 2103 5763 δὲ
2134 5703 2202 5780 ῆν
2235 5708 2338 5781 πρὸ
2386 5709 2479 5764 τοῦ
2527 5711 2693 5783 νόμου
2736 5716 2829 5769 καὶ
2859 5713 2955 5784 τῆς
2987 5714 3208 5784 ἐντολῆς
3229 5732 3242 5747 ο
3287 5716 3429 5771 ὥστε
3461 5720 3509 5770 εἰ
3541 5720 3635 5771 καὶ
