3930 6218
244 268 380 337 1237

1034 276 1503 338 FRAGMENTA
1555 275 1639 337 IN
1692 274 2117 336 EPISTOLAM
2169 272 2271 332 AD
2338 267 2716 331 ROMANOS.

3378 256 3516 323 1238

245 389 321 461 μὴ
352 390 379 441 ὁ
407 387 571 458 νίέμος
600 385 866 459 ἁμαρτία,
895 384 1011 441 ἀλλ’
1037 383 1133 442 οὖν
1150 389 1360 442 ἐκείνου
1387 387 1656 452 δοθέντος,
1679 386 1823 441 κατὰ
1852 438 1853 443 η

1963 386 1999 441 it
2028 392 2307 456 peccatum
2331 423 2347 448 ,
2396 384 2500 437 hac
2547 388 2728 434 tamen
2784 376 2936 441 data,
2979 372 3194 428 duobus
3224 369 3400 426 modis
3436 384 3517 423 re-

241 481 337 533 δύο
369 483 603 552 τρόπους
636 482 671 552 ὴ
702 479 950 550 ἁμαρτία
995 479 1282 550 ἀνέζησεν,
1324 479 1493 551 αὐτῆς
1523 497 1581 533 τε
1611 478 1830 550 ἐκείνης

246 573 454 643 μᾶλλον
482 572 619 645 πρὸς
648 573 895 629 ἐπίθεσιν
934 573 1384 641 άνακινηθείσης⁸
1404 571 1499 625 καὶ⁵
1535 570 1838 640 διεγερθεί-

246 679 368 732 σης,
419 664 513 717 καὶ
552 664 712 734 ἡμῶν
737 667 805 735 τῇ
829 664 973 721 κατὰ
1004 666 1207 734 γνῶσιν
1251 666 1468 737 ἐκτὸπῳ
1500 663 1700 735 πράξει
1748 664 1834 715 ἐν·

247 756 586 825 ισχυσάντων
617 756 807 829 αὑτήν·
834 756 929 811 καὶ
948 756 1047 827 τὴν
1071 757 1193 811 καθ’
1232 756 1393 827 ἡμῶν
1417 755 1714 822 ἐπιδουλὴν
1737 756 1839 809 σὺν

247 848 539 920 παρρησίᾳ
566 847 1014 919 παρασχομένην.
1056 846 1219 904 Ἀλλ’
1247 846 1450 913 ἐκείνη
1479 844 1600 915 μὲν
1625 842 1837 912 ἀνέζη-

248 951 383 1000 σεν,
417 937 532 1006 ἐγὼ
562 937 630 991 δὲ
658 936 987 997 ἀπέθανον.

335 1028 405 1086 Ἦ
444 1029 555 1099 γὰρ
586 1029 842 1097 ἁμαρτία
892 1027 1175 1097 ἀφορμὴν
1217 1027 1514 1084 λαϐοῦσα.
1552 1025 1842 1096 Ἀνωτέρω

249 1118 421 1175 εξπὼν
462 1120 567 1185 ὃτι,
611 1118 918 1190 Ἀφορμήν
946 1118 1224 1173 λαϐοῦσα
1250 1119 1290 1185 ἠ
1312 1119 1589 1189 ἁμαρτία,
1613 1131 1843 1182 κατειρ-

249 1209 481 1279 γάσατο
509 1209 581 1264 ἐν
616 1208 749 1278 ἐμοὶ
792 1207 1001 1265 πᾶσαν
1036 1208 1376 1277 ἐπιθυμίαν,
1403 1208 1599 1276 ἐπάγει
1631 1206 1736 1270 ὅτι,
1764 1204 1842 1258 Οὐ

255 1300 418 1370 μόνον
468 1300 767 1370 ἐπιθυμίαν
819 1302 996 1356 πᾶσαν
1049 1300 1456 1370 κατειργάσατο
1478 1338 1494 1366 ,
1555 1297 1695 1353 ἀλλὰ
1748 1299 1843 1350 καὶ

254 1390 570 1447 ἐθανάτωσε
603 1409 693 1463 με.
726 1390 876 1460 Αὕτη
918 1392 1145 1460 γέγονεν
1184 1393 1263 1454 είς
1303 1391 1555 1446 θάνατον.
1586 1384 1719 1442 Εἰτα
1768 1387 1845 1451 ὡς

255 1480 377 1543 ἔθος
406 1480 556 1552 αὐτῷ
587 1482 768 1545 αἰτίας
794 1481 996 1548 αἰτίαις
1020 1482 1328 1553 συνείρειν,
1363 1482 1461 1539 καὶ
1481 1480 1579 1552 τὴν
1612 1479 1845 1541 ἀκολου-

259 1572 383 1631 θίαν
415 1572 717 1629 ἐνδεικύναι
758 1574 853 1637 καὶ
882 1573 991 1628 τῶν
1022 1573 1367 1647 πραγμάτων
1408 1575 1468 1629 ἐν
1502 1574 1617 1636 τοίς
1641 1571 1843 1640 λόγοις,

260 1663 548 1734 ἀνατρέχει
581 1664 679 1718 καὶ
728 1663 912 1732 τίθησί
960 1681 1099 1727 πως·
1154 1663 1596 1734 Κατεφγάσατο
1638 1660 1847 1718 πᾶσαν

258 1752 601 1822 ἐπιθυμίαν·
634 1750 729 1807 καί
764 1769 951 1823 φησιδ,
991 1755 1124 1817 Ὀτι
1143 1752 1424 1823 ἀφορμὴν
1453 1751 1729 1807 λαϐοῦσα
1750 1750 1849 1815 ἐξ·

258 1843 535 1913 ηπάτησέ
548 1861 646 1914 με.
670 1841 804 1899 Εἶτα
820 1844 1003 1916 ἀφῆκε
1022 1849 1081 1899 τὸ
1098 1844 1410 1916 προρρηθὲν
1433 1846 1574 1899 νοεῖν
1593 1841 1849 1908 ἐνταῦθα,

261 1936 345 1990 ὅτι
382 1936 478 1991 Ἐκ
510 1935 700 1990 τούτου
721 1935 779 1993 δὲ
796 1936 1092 2007 εἰργάσατο
1111 1935 1209 2008 τὴν
1238 1934 1554 2005 ἐπιθυμίαν,
1579 1933 1674 1988 καὶ
1699 1930 1858 1987 τοῦτο

265 2029 431 2096 ἀφεὶς
509 2027 870 2082 ἐπισυνάπτει
914 2027 977 2082 τὸ
1048 2027 1236 2094 τέλος,
1298 2027 1399 2081 καὶ
1459 2024 1858 2079 ἀπέκτεινεν·

265 2118 336 2173 ἶν’
449 2118 597 2174 κατὰ
649 2120 954 2190 συνέχειαν,
976 2119 1031 2172 εί
1071 2137 1155 2183 τις
1196 2116 1480 2180 ἀναλάϐοι,
1503 2115 1677 2179 οὕτως
1705 2114 1857 2186 αὐτῷ

266 2210 578 2282 εἰρημένον·
624 2209 933 2280 Ἀςρορμὴν
956 2210 1235 2266 λαϐοῦσα
1258 2211 1298 2277 ἠ
1332 2208 1591 2278 ἁμαρτία
1620 2222 1855 2275 κατειρ-

267 2299 498 2371 γάσατο
528 2300 601 2355 ἐν
628 2299 758 2371 ἐμοὶ
800 2299 1012 2357 πᾶσαν
1052 2300 1403 2369 ἐπιθυμίαν·
1431 2296 1530 2367 τὴν
1558 2296 1618 2350 δὲ
1664 2296 1857 2350 ἐπιθυ-

273 2391 403 2463 μίαν
435 2392 835 2463 κατειργάσατο
870 2392 1233 2464 άπατήσασα·
1264 2389 1624 2461 ἐργασαμένη
1666 2388 1725 2443 δὲ
1754 2388 1853 2459 τὴν

271 2483 593 2554 ἐπιθυμίαν,
645 2483 935 2539 ἀπέκτεινέ
970 2501 1060 2553 με.
1096 2486 1283 2543 Ἔστιν
1324 2482 1418 2536 οὖν
1467 2481 1653 2551 ἀπάτη
1705 2482 1858 2536 alsia

268 2575 370 2646 τῆς
393 2575 709 2645 ἐπιθυμίας.
751 2577 816 2629 Ἡ
855 2576 912 2629 δὲ
944 2574 1209 2645 ἐπιθυμία
1247 2574 1341 2628 τοῦ
1369 2574 1601 2628 θανάτου
1627 2589 1640 2603 ·
1673 2572 1771 2644 τὴν
1798 2573 1857 2627 δὲ

270 2665 487 2735 ἀπάτην
530 2666 826 2735 εἰργάσατο
864 2668 953 2722 διὰ
983 2667 1084 2736 τῆς
1126 2665 1346 2735 ἐντολῆς
1376 2668 1410 2736 ή
1453 2664 1734 2734 ἁμαρτία·
1768 2665 1857 2717 ἵνα

272 2759 416 2826 φανῇ
444 2756 505 2809 τὸ
537 2756 877 2829 ὑπερϐάλλον
899 2757 998 2827 τῆς
1024 2757 1224 2822 κακίας
1253 2758 1446 2827 αὐτῆς,
1479 2756 1566 2810 διὰ
1590 2755 1684 2809 τοῦ
1716 2756 1854 2824 ἀγα-

271 2844 369 2899 θοῦ
397 2843 458 2896 τὸ
490 2844 749 2907 κάκιστον
772 2847 1172 2919 ἐργαζομένης.

347 2937 591 2995 Φωτίου.
643 2937 737 2997 Ἐκ
773 2937 1027 3010 δευτέρου
1073 2938 1129 2995 δὲ
1162 2940 1267 3010 ἔφη
1314 2940 1395 3005 τὸ,
1459 2940 1745 2997 Λαὸοὗσα
1800 2940 1841 3007 ἡ

272 3029 527 3100 ἁμαρτία
565 3029 848 3101 ἀφορμὴν
904 3030 1001 3085 διὰ
1051 3030 1163 3099 τῆς
1220 3031 1499 3100 ἐντολῆς·
1567 3032 1638 3089 τὰ
1714 3031 1855 3091 αὐτὰ

1944 479 2081 534 vixit
2112 484 2417 547 peccatum.
2447 471 2584 527 lllud
2611 471 2786 538 magis
2819 468 2886 522 ad
2920 463 3346 536 impugnandum
3381 462 3522 517 inci-

1939 575 2112 622 tatum
2150 576 2204 621 et
2234 567 2539 623 animatum
2589 560 2751 616 nobis
2783 557 2964 612 alieno
3002 555 3303 610 secundum
3335 550 3525 619 segni-

1938 658 2141 715 tionem
2173 664 2296 710 actu
2324 653 2594 710 valentius
2617 650 2749 705 illud
2776 647 3160 709 ellicientibus,
3195 651 3387 699 contra
3417 653 3523 695 nos

1938 750 1993 807 in
2022 751 2283 818 impetum
2328 742 2716 805 audacissime,
2747 739 2927 794 irruit.
2959 736 3063 792 Sed
3110 743 3384 805 peccatum
3432 745 3521 786 re-

1936 841 2066 913 visit
2092 880 2111 908 ,
2135 854 2228 909 ego
2251 845 2431 892 autem
2459 842 2701 890 mortuus
2732 846 2872 886 sunt.

2015 1020 2159 1076 Nam
2203 1026 2478 1089 peccatum
2519 1014 2796 1069 occasione
2825 1018 3061 1077 accepta.
3105 1007 3285 1076 Supra
3332 1002 3520 1059 dixit:

1938 1116 2227 1171 Occasione
2279 1119 2494 1181 accepta
2556 1116 2830 1179 peccatum
2883 1111 3158 1174 operatum
3204 1109 3281 1154 est
3336 1100 3394 1152 in
3442 1110 3525 1151 me

1944 1223 2146 1267 onmem
2177 1202 2676 1272 concupiscentiam.
2740 1196 2943 1259 Addit‘,
2996 1192 3143 1263 quod
3191 1206 3299 1245 non
3346 1187 3522 1242 solum

1944 1314 2163 1358 onmem
2198 1292 2704 1365 concupiscentiam
2739 1294 3028 1358 operatum
3061 1291 3184 1346 est,
3223 1280 3317 1336 sed
3343 1286 3399 1334 et
3424 1290 3525 1331 oc-

1945 1393 2078 1450 cidit
2104 1406 2210 1445 tne.
2251 1387 2386 1442 Illud
2422 1385 2629 1439 factum
2657 1389 2745 1434 est
2777 1380 2830 1433 in
2860 1388 3119 1432 mortem.
3143 1370 3367 1436 Deinde,
3397 1383 3525 1422 cum

1947 1497 2070 1545 mos
2103 1487 2189 1535 est
2215 1477 2295 1531 illi
2326 1489 2524 1532 causas
2550 1470 2743 1527 causis
2772 1479 3085 1529 conserere,
3125 1474 3179 1517 et
3209 1461 3405 1516 seriem
3438 1472 3527 1512 re-

1947 1589 2070 1630 rum
2100 1569 2388 1628 ostendere
2416 1568 2468 1621 in
2494 1565 2697 1629 verbis,
2724 1560 2916 1629 relegit
2946 1565 3001 1612 et
3024 1557 3177 1627 ponit
3206 1551 3482 1623 quomodo
3509 1565 3527 1606 :

1953 1663 2243 1732 Operatum
2289 1668 2365 1713 est
2412 1671 2617 1710 omnem
2670 1648 3189 1720 concupiscentiam;
3246 1652 3301 1698 et
3345 1641 3530 1696 dicit:

1953 1754 2094 1820 Quia
2150 1749 2426 1804 occasione
2477 1755 2692 1815 accepta
2744 1743 2954 1799 seduxit
3005 1755 3106 1793 me.
3155 1735 3324 1795 Dein,
3366 1733 3534 1787 mittit

1956 1845 2027 1903 ibi
2068 1840 2524 1914 significationem
2546 1851 2736 1891 eorum
2770 1848 2894 1904 qua
2921 1841 3079 1886 antea
3111 1830 3359 1888 dixerat,
3382 1821 3532 1892 quod

1954 1954 2023 1993 ex
2062 1937 2168 1992 hoc
2208 1942 2497 2005 operatum
2534 1938 2619 1985 est
2643 1941 2864 1983 omnem
2900 1917 3401 1991 concupiscentiam
3428 1954 3443 1979 ,
3478 1920 3534 1966 et

1955 2030 2087 2087 illud
2118 2030 2343 2083 mittens
2368 2025 2531 2079 ﬁnem
2563 2021 2757 2076 intexit
2778 2059 2794 2087 ,
2836 2026 2885 2072 et
2912 2015 3137 2080 occidit,
3188 2018 3247 2065 ut
3277 2014 3534 2078 appareat

1955 2124 2243 2185 connexio,
2271 2120 2318 2175 si
2347 2118 2473 2189 quis
2499 2117 2601 2170 hoc
2628 2114 2790 2168 modo
2818 2110 2961 2165 dicta
2994 2105 3114 2176 ejus
3137 2102 3397 2174 perlegat.
3427 2094 3535 2154 0c-

1956 2216 2419 2281 casioneiaccepta,
2446 2214 2721 2278 peccatum
2744 2209 3016 2273 operatum
3033 2205 3111 2251 est
3138 2197 3195 2249 in
3226 2209 3307 2247 me
3331 2203 3539 2245 omnem

1955 2293 2973 2375 eoncupiscentiamﬁoncupiscentiam
2991 2303 3119 2345 vero
3149 2295 3433 2355 operatum
3455 2288 3541 2334 est

1957 2370 2306 2456 seducendo,
2367 2401 2423 2445 et
2465 2386 2745 2458 operando
2803 2378 3303 2451 concupiscentiam
3333 2370 3540 2429 occidit

1956 2502 2067 2542 me.
2137 2480 2397 2539 Seductio
2487 2477 2653 2547 igitur
2696 2488 2863 2528 causa
2913 2481 2999 2527 est
3049 2463 3537 2536 concupiscentiae;

1957 2573 2399 2645 concupiscentia
2439 2580 2622 2624 autem
2678 2565 2893 2621 mortis.
2944 2560 3331 2617 Seductionem
3407 2568 3539 2608 vero

1958 2677 2241 2740 operatum
2267 2675 2350 2718 est
2373 2677 2467 2731 per
2488 2660 2802 2714 mandatum
2838 2663 3122 2724 peccatum
3149 2668 3165 2716 ;
3206 2658 3266 2702 ut
3291 2646 3539 2702 ostende-

1957 2770 2109 2816 retur
2171 2756 2393 2812 malitiae
2429 2753 2549 2823 ejus
2598 2747 2978 2811 immensitas,
3013 2758 3139 2799 cum
3191 2755 3288 2811 per
3336 2738 3541 2793 bonum

1956 2852 2254 2924 pessimum
2287 2854 2564 2916 operetur.
3220 2840 3223 2843 ‘

2030 2941 2228 2996 Photii.
2261 2936 2518 2993 Secundo
2543 2942 2726 2988 autem
2775 2927 2914 2984 dixit
2942 2944 2957 2981 :
2995 2922 3289 2979 Occasione
3326 2926 3545 2987 accepta

1958 3051 2050 3106 per
2071 3032 2407 3093 mandatum,
2444 3033 2736 3094 peceatum.
2795 3019 2996 3075 Eadem
3040 3013 3192 3069 vario
3246 3011 3412 3068 modo
3448 3024 3543 3064 ex-

274 3118 535 3207 ⁸ποικίλως
563 3120 989 3187 κατασκευάζων
1009 3138 1021 3151 ·
1046 3124 1142 3181 καὶ
1169 3124 1395 3188 εἰκότως
1414 3141 1429 3163 ο
1462 3123 1709 3195 μεγάλην
1738 3122 1849 3191 γὰρ

1963 3101 2203 3207 ponens;
2252 3131 2309 3177 et
2333 3123 2571 3175 merito:
2611 3127 2865 3184 magnam
2920 3109 3066 3166 enim
3104 3103 3296 3160 habuit
3327 3101 3545 3157 laudem

273 3204 412 3318 fixi
447 3209 606 3311 ξόξαιν
651 3211 919 3318 ῥςςνόμος.
982 3213 1266 3273 Δείκνυσιν
1311 3210 1406 3273 οὖν
1457 3193 1621 3270 αὑτὸν
1682 3212 1849 3284 μηδὲν

1963 3193 2073 3279 lex.
2118 3214 2373 3274 Ostendit
2415 3211 2583 3281 igitur
2628 3221 2749 3262 eam
2798 3203 2933 3259 nihil
2968 3198 3277 3273 profuisse,
3327 3193 3424 3250 sed
3478 3205 3547 3247 ex

1994 3316 2003 3318 λ
2207 3316 2214 3318 -
2304 3305 2335 3318 -”
2548 3317 2571 3318 η
2614 3296 2896 3318 μιν-ει---
2937 3301 2994 3318 ..ι
3044 3290 3222 3318 -1-.....,.
3258 3286 3508 3318 "una"...

273 3299 612 3371 ὠφελοῦντα,
639 3303 756 3365 ἀλλ’
784 3306 850 3356 ἐκ
873 3307 1252 3381 περιστάσεως
1287 3307 1384 3364 καὶ
1410 3307 1694 3378 βλάψαντα
1713 3323 1727 3337 ·
1760 3305 1850 3360 ῐνα

1963 3305 2372 3370 circumstantia
2417 3303 2583 3358 etiam
2614 3296 2898 3361 nocuisse;
2937 3301 2999 3348 ut
3040 3290 3225 3348 clarus
3258 3286 3546 3347 videatur,

275 3392 687 3471 εύπαράδεκτος
737 3396 987 3465 γένηται,
1038 3398 1333 3468 κηρύσσων
1379 3400 1441 3452 τὸ
1471 3400 1689 3468 ἀφεῖναι
1752 3396 1853 3466 μὲν

1963 3403 2182 3476 quando
2226 3396 2489 3469 prtedicat
2518 3392 2668 3447 illam
2697 3388 2926 3444 desiisse
2951 3383 3078 3442 fidei
3110 3380 3319 3439 Christi
3346 3392 3550 3449 praece-

273 3482 461 3552 αὑτὸν,
488 3486 854 3558 προσδραμεῖν
883 3489 941 3549 δὲ
969 3492 1035 3561 τῇ
1070 3492 1251 3548 πίστει
1271 3490 1528 3561 Χριστοῦ.
1963 3496 2205 3551 dentem.

531 3579 711 3633 Ὥστε
737 3583 771 3633 ὀ
796 3579 917 3649 μὲν
943 3581 1132 3648 νόμος
1162 3581 1356 3651 ἅγιος,
1388 3598 1441 3636 κ.
1467 3599 1521 3637 τ.
1549 3581 1602 3637 λ.

2108 3580 2275 3636 Vens.
2307 3576 2397 3631 12.
2430 3574 2621 3644 Itaque
2640 3570 2729 3625 lea:
2746 3568 2959 3640 quidem
2987 3566 3213 3629 sancta',
3242 3571 3351 3617 etc.

345 3673 591 3728 Φωτίου.
634 3671 707 3725 Σὺ
751 3671 807 3724 δέ
843 3671 1029 3735 ἁπλῶς
1071 3672 1298 3727 δύνασαι
1346 3672 1503 3740 ἅγιον
1551 3672 1645 3727 τὸν
1692 3673 1853 3744 νόμον

2033 3674 2239 3731 Photii.
2272 3669 2354 3725 Tu
2371 3668 2622 3723 absolute
2646 3663 2855 3735 poteris
2868 3669 3113 3717 sanctam
3143 3658 3316 3727 legem
3342 3654 3547 3712 dicere,

274 3764 451 3819 εἰπεῖν
473 3780 488 3794 ·
522 3765 605 3825 ὅτι
632 3762 927 3832 ἐφύλαττεν
962 3764 1071 3823 άπὸ
1107 3763 1449 3835 ἀκαθαρσίας
1482 3766 1609 3828 τοὺς
1649 3764 1853 3835 φυλάτ-

1964 3766 2111 3838 quod
2150 3764 2219 3818 ab
2250 3756 2600 3816 immunditia
2648 3751 2990 3810 custodiebat
3017 3756 3303 3805 servantes
3354 3744 3504 3798 illam
3530 3770 3548 3807 ι

272 3871 465 3919 τοντας
507 3855 671 3917 αὐτόν
691 3868 707 3883 ⁸
734 3854 966 3921 δίκαιον,
1005 3855 1089 3907 ὅτι
1136 3856 1264 3917 τοὺς
1295 3855 1396 3927 μὲν
1426 3854 1853 3926 κατορθοῦντας,

1963 3836 2207 3932 justam,
2256 3853 2403 3923 quod
2447 3854 2861 3915 recteagentes
2912 3840 3072 3896 donis
3118 3836 3506 3893 remunerabat
3534 3872 3551 3897 ,

274 3946 537 4017 ἠμείῶτο
576 3946 833 4017 δωρεαῖς·
856 3948 984 4009 ,τοῖς
1026 3946 1084 3999 δὲ
1125 3947 1578 4018 παραὸαίνουσιν,
1612 3947 1853 4002 ἐπετίθει

1963 3927 2405 4017 transgressores
2469 3948 2652 3995 autem
2711 3935 2890 4006 pinnis
2942 3931 3255 3996 multabat;
3316 3927 3551 3989 bonam,

274 4036 376 4100 τὰς
410 4036 702 4108 τιμωρίας.
745 4036 993 4104 Ἀγαθὸν,
1025 4037 1107 4090 ὃτι
1130 4037 1232 4106 οὐχ
1255 4036 1515 4107 ἡδόμενος
1538 4040 1655 4101 ταῖς
1683 4054 1736 4091 τι
1746 4054 1861 4107 μων

281 4126 423 4196 ρίαις
458 4126 493 4189 ἢ
524 4127 663 4198 ὀργῇ
704 4127 985 4198 χρώμενος
1030 4127 1323 4192 ἐκόλαζεν·
1356 4130 1495 4183 ἀλλὰ
1540 4130 1640 4197 τῆς
1673 4130 1863 4183 αὐτῶν

277 4215 466 4270 ἕνεκεν
496 4217 789 4287 σωτηρίας.
820 4218 929 4271 Καὶ
967 4218 1048 4271 ἐτι
1076 4220 1159 4273 ὅτι
1195 4220 1369 4291 μικρὰ
1405 4218 1732 4290 κατορθοῦσι
1759 4237 1859 4290 με·

278 4306 424 4375 γάλα
468 4308 784 4378 ἐχαρίζετο·
832 4312 926 4362 καὶ
959 4310 1375 4380 ἁμαρτάνοντας
1418 4314 1707 4381 περιεῖπε·
1760 4312 1857 4365 καὶ

278 4399 346 4452 ού
375 4400 506 4453 κατ’
536 4400 694 4466 ἀξίαν
723 4400 831 4454 τῶν
855 4400 1347 4471 πλημμελημάτων
1372 4401 1650 4464 ἐκόλαζεν.
1681 4400 1857 4463 Αὐτὸς

1966 4041 2115 4113 quod
2156 4053 2264 4093 non
2296 4033 2476 4106 poenis
2509 4040 2566 4086 et
2599 4031 2678 4083 ira
2711 4026 2957 4098 gaudens
2998 4023 3201 4093 quibus
3250 4019 3510 4075 utebatur
3536 4055 3554 4081 ,

1966 4111 2267 4202 puniebat,
2315 4125 2412 4181 sed
2441 4123 2507 4177 ad
2535 4116 2938 4192 procurandam
2962 4128 3153 4169 eorum
3188 4111 3418 4168 salutem
3444 4144 3461 4171 ,
3501 4114 3558 4162 et

1968 4229 2205 4298 amplius
2225 4265 2241 4290 ,
2268 4222 2415 4294 quod
2448 4234 2613 4291 parva
2640 4219 2779 4272 bene
2804 4223 3024 4284 agentes
3052 4211 3267 4281 magnis
3294 4206 3554 4262 donabat.

1969 4329 2024 4377 et
2054 4325 2368 4390 peccatores
2387 4355 2402 4379 ,
2436 4328 2616 4383 neque
2649 4310 2843 4379 dignas
2874 4306 3094 4360 illorum
3125 4300 3339 4356 delictis
3366 4312 3555 4369 pinnas

1969 4414 2244 4467 sumebat.
2280 4407 2373 4461 Ille
2404 4414 2587 4459 autem
2619 4402 2724 4455 ista
2760 4410 3085 4468 percurrens
3114 4408 3182 4447 ex
3217 4392 3304 4445 his
3332 4390 3557 4445 conclu-

277 4494 337 4547 δὲ
363 4493 537 4546 ταῦτα
567 4493 943 4565 παραδραμὼν
966 4496 1031 4547 ἐκ
1059 4493 1266 4551 τούτων
1292 4494 1655 4563 συμπεραίνει
1700 4493 1853 4561 ἅγιον

1966 4504 2045 4559 dit
2071 4510 2338 4562 sanctam,
2360 4497 2567 4567 justam
2598 4501 2654 4549 et
2678 4493 2881 4547 bonam
2909 4501 3032 4544 esse
3066 4486 3240 4556 legem
3272 4490 3368 4537 aut
3396 4495 3557 4535 mana

278 4586 378 4638 καὶ
402 4585 612 4639 δίκαιον
636 4586 735 4641 καὶ
772 4585 977 4654 ἀγαθὸν
1004 4582 1143 4641 εἶναι
1190 4584 1283 4645 τὸν
1314 4584 1478 4653 νόμον
1514 4584 1545 4659 ἢ
1572 4584 1672 4652 τὴν
1712 4585 1863 4635 ἐντο-

279 4676 403 4747 λήν.
460 4676 551 4743 Ἐξ
591 4678 711 4740 ἐνὸς
745 4678 863 4747 μὲν,
913 4678 995 4729 ὅτι
1030 4673 1241 4739 ἐδίδαξε
1296 4692 1362 4745 με
1404 4675 1503 4745 τὴν
1551 4674 1859 4744 ἁμαρτίαν·

280 4770 377 4823 καὶ
408 4769 641 4833 ἐπέταξε
678 4773 870 4838 φυγεῖν
908 4771 1099 4841 αὐτήν.
1159 4770 1249 4835 Ἐξ
1281 4768 1473 4837 ἐτέρου
1512 4767 1590 4831 δὲ,
1642 4768 1725 4819 ὅτι
1757 4783 1861 4836 κη-

279 4862 503 4933 δᾶμενος
529 4863 625 4915 καὶ
665 4863 967 4933 φροντίζων
1000 4863 1159 4915 τοῦτο
1187 4862 1467 4932 ἐποίησεν.
1521 4861 1712 4927 ’Ἄγιος
1744 4855 1861 4924 οὖν,

280 4955 365 5007 ὃτι
384 4954 612 5020 ἐδίδαξε,
634 4956 730 5007 καὶ
760 4954 986 5016 ἐπέταξε
1014 4956 1207 5021 φυγεῖν
1227 4953 1336 5006 ἀπὸ
1365 4953 1466 5022 τῆς
1489 4949 1853 5014 ἀκαθαρσίας.

283 5043 527 5107 Δίκαιος,
560 5045 644 5098 ὅτι
673 5044 890 5109 διδάξας
922 5044 1084 5108 οὕτω,
1116 5044 1215 5113 τὴν
1242 5043 1513 5113 τιμωρίαν
1535 5042 1663 5102 τοὺς
1682 5040 1858 5109 ἁμαρ-

285 5131 547 5196 τάνοντας
568 5136 825 5186 ἀπαιτεῖ·
851 5132 1052 5200 ἀγαθὸς
1074 5133 1152 5197 δὲ,
1181 5134 1263 5185 ὅτι
1299 5132 1393 5185 καὶ
1427 5132 1574 5202 ζωήν
1608 5147 1701 5200 μοι
1723 5147 1862 5199 προ-

288 5223 411 5277 νοού
420 5240 578 5294 μενος
604 5223 775 5279 ταῦτα
797 5224 1063 5278 ἐπετέλει.

471 5313 543 5366 Τὸ
566 5308 688 5367 οὖν
707 5314 933 5383 ἀγαθὸν
975 5312 1103 5383 ἐμοὶ
1139 5312 1348 5383 γέγονε
1396 5313 1673 5380 θάνατος.

362 5405 609 5459 Φωτίου.
645 5406 719 5458 Τὸ
756 5406 982 5476 μέγεθος
1016 5408 1074 5460 δὲ
1105 5406 1532 5478 ἠθέλησεδεῖξαι
1561 5410 1658 5477 τῆς
1682 5407 1867 5475 ἁμαρ-

288 5499 445 5561 τίας·
487 5497 800 5569 καὶέπειδὴ
849 5498 1052 5568 ταύτης
1099 5502 1177 5561 εἰς
1207 5499 1406 5551 κακίαν
1445 5498 1628 5567 μεῖζον
1662 5499 1763 5549 οὐκ
1800 5493 1869 5567 ἦν

293 5591 508 5664 εὑρεῖν·
542 5590 611 5643 δι’
642 5590 815 5661 αὐτῆς
859 5591 1067 5661 ταύτης
1098 5590 1504 5659 ἐνδεικνύμενος
1536 5589 1598 5641 τὸ
1632 5587 1865 5659 μέγεθος

296 5681 461 5751 φησιν
480 5680 639 5735 ’Ἵνα
661 5679 822 5750 φανῇ
852 5683 1125 5750 ἁμαρτία·
1145 5682 1422 5735 τουτέστιν
1445 5681 1533 5734 ἵνα
1555 5677 1871 5748 ἐκκαλυφθῇ

296 5776 467 5847 αὐτῆς
496 5778 523 5830 ὁ
555 5776 658 5839 πᾶς
690 5774 786 5845 τῆς
825 5775 1017 5837 κακίας
1064 5773 1311 5839 πλοῦτος,
1340 5772 1432 5827 καὶ
1464 5773 1497 5842 ἡ
1524 5769 1676 5840 ἰσχὺς
1704 5768 1873 5839 αὐτῆς

1973 4600 2159 4650 datum
2202 4609 2217 4645 :
2260 4605 2327 4645 ex
2369 4602 2481 4642 uno
2512 4584 2757 4656 quidem,
2795 4580 2941 4651 quod
2980 4576 3172 4634 didicit
3198 4573 3334 4628 mihi
3365 4586 3565 4642 pecca-.

1972 4695 2111 4748 tum,
2140 4695 2195 4738 et
2216 4679 2473 4751 prasrepit
2500 4686 2559 4732 ut
2586 4675 2719 4730 illud
2752 4673 2995 4744 fugerem
3020 4686 3036 4736 ;
3061 4684 3127 4722 ex
3154 4666 3325 4722 altero
3350 4672 3563 4725 autem,

1971 4776 2116 4845 quod
2141 4775 2315 4828 libens
2340 4779 2395 4825 et
2420 4769 2713 4823 consulens
2739 4765 2843 4819 hoc
2860 4762 2987 4831 egit.
3015 4759 3212 4813 Sancta
3238 4769 3387 4825 ergo,
3411 4754 3559 4822 quod

1961 4867 2193 4931 didicit,
2248 4874 2301 4919 et
2327 4860 2584 4932 praecepit
2638 4866 2698 4913 ut
2752 4856 2996 4926 fugerem
3044 4852 3113 4906 ab
3166 4846 3557 4923 immunditia,

1959 4961 2138 5031 justa,
2164 4955 2330 5031 quod,
2361 4960 2653 5023 postquam
2689 4949 2770 5005 sic
2797 4945 3032 5011 didicit,
3079 4956 3268 5014 poenas
3312 4940 3380 4995 de
3425 4954 3560 5009 pee-

1965 5028 2219 5105 cantibus
2277 5028 2486 5109 sumit,
2547 5044 2689 5097 bona
2734 5051 2954 5104 autem,
3007 5034 3154 5107 quod
3212 5032 3377 5088 vitam
3421 5028 3558 5085 mibi

1975 5140 2267 5213 providens
2300 5137 2415 5191 haec
2439 5132 2692 5206 perfecit.

2086 5302 2238 5369 Quod
2271 5317 2395 5371 ergo
2429 5301 2622 5353 bonum
2643 5306 2753 5362 est,
2787 5295 2917 5348 mihi
2948 5294 3150 5363 factum
3178 5302 3252 5345 est
3290 5304 3453 5341 mors.

2048 5395 2252 5451 Photii.
2294 5390 2725 5461 Magnitudinem
2773 5387 2944 5441 voluit
2980 5384 3271 5438 ostendere
3312 5378 3561 5449 peccati:

1978 5494 2033 5543 et
2065 5487 2331 5557 quoniam
2362 5483 2502 5538 nihil
2530 5479 2761 5536 inveniri
2792 5487 2975 5547 posset
3004 5477 3098 5529 illo
3128 5475 3308 5542 majus
3336 5473 3404 5526 all
3443 5487 3561 5523 una.

1979 5579 2092 5635 lum
2124 5574 2530 5647 procurandum
2556 5613 2572 5640 ,
2600 5586 2696 5642 per
2720 5570 2852 5625 illud
2881 5571 3060 5639 ipsum
3096 5567 3270 5635 ipsius
3296 5562 3561 5618 exhibens

1986 5663 2417 5740 magnitudinem
2484 5664 2620 5720 dicit
2682 5679 2695 5715 :
2775 5661 2842 5715 Ut
2919 5666 3173 5729 appareat
3252 5660 3560 5723 peccatum,

1982 5764 2037 5821 id
2078 5771 2194 5830 cst,
2236 5767 2293 5817 ut
2325 5758 2631 5817 revelantur
2666 5755 2815 5813 illius
2842 5752 3112 5810 malorum
3139 5749 3387 5805 omnium
3419 5745 3560 5803 divi-
