3930 6218
216 295 347 363 1241

1059 290 1528 354 FRAGMENTA
1565 289 1646 350 ΙΝ
1682 286 2106 349 EPISTOLAM
2147 286 2244 345 AD
2282 283 2666 345 ROMANOS.

3361 266 3500 334 12ίῖ

214 407 481 469 ὡσαύτως
509 402 866 475 παράκειται.
898 399 969 453 Ἢ
1009 400 1106 454 καὶ
1150 398 1322 460 οὑτως
1351 414 1366 428 ’
1390 397 1669 465 Εὑρίσκω
1700 393 1815 461 ἄρα
1844 405 1861 453 Α

1953 400 2090 456 acet,
2120 399 2266 444 certe
2295 398 2350 445 et
2377 389 2448 444 ita
2482 399 2585 444 est.
2617 386 2836 442 Invenio
2882 383 3050 454 igitur
3078 380 3264 452 legem,
3295 378 3350 435 id
3392 387 3499 438 est.

215 499 326 552 τὸν
353 499 562 567 νόμον,
598 495 866 558 τουτέστι,
903 491 1212 560 κατενόησα
1264 490 1361 542 καὶ
1399 486 1817 557 κατελάμϐανον

217 591 320 655 τὴν
355 588 510 657 ἰσχὺν
546 586 643 640 καὶ
671 585 771 654 τὴν
802 581 966 653 φύσιν
995 579 1090 635 τοῦ
1131 579 1323 649 νόμου.
1367 575 1617 647 Ἐξεῦρον
1651 573 1816 628 αὑτὸν

219 679 501 749 ἀκριϐὦςο
539 678 624 732 ὅτι
675 678 832 731 οὐδέν
900 691 993 746 μοι
1061 670 1328 744 βοηθῆσαι
1383 671 1602 740 ἴσχυσε·
1652 666 1818 720 πόθεν

222 771 421 840 δῆλονς
451 771 535 824 ὅτι
567 768 811 826 θέλοντί
841 784 940 836 μοι
967 764 1161 819 ποιεῖν
1189 766 1254 817 τὸ
1290 759 1672 826 καλὸν,οὑδὲν
1700 759 1821 812 ὲπι-

223 867 413 935 κουρεῖ
435 879 448 892 ο
478 863 595 917 ἀλλ’
626 862 827 933 ὁμοίως
849 860 908 913 τὸ
959 858 1130 912 κακὸν
1174 857 1506 927 παράκειται
1538 849 1821 924 ἄπρακτόν

233 973 326 1025 μοι
363 955 426 1007 τὸ
475 953 651 1007 θέλειν
685 950 893 1005 ποιοῦν.
934 950 1024 1003 Ἐν
1056 949 1233 1018 τούτῳ
1263 943 1355 1000 οὑν
1387 939 1548 1015 εῦρον
1578 942 1824 1014 ἀκριϐῶς

229 1046 341 1100 τὸν
363 1045 554 1116 νόμον
582 1046 705 1098 ὅσον
739 1044 936 1111 ἰσχύει,
967 1040 1066 1094 καλ⁸
1092 1039 1176 1104 τίς
1210 1041 1358 1092 ἐστιν
1384 1038 1418 1108 ἡ
1444 1035 1607 1105 φύσις
1642 1033 1822 1103 αὐτῷ,

235 1140 293 1192 ὲν
333 1138 411 1208 τῷ
450 1137 577 1207 ἐμοὶ
605 1135 686 1200 τῷ
717 1134 957 1189 θέλοντι
980 1131 1176 1186 ποιεῖν
1201 1131 1269 1184 τὸ
1297 1129 1513 1192 καλὸν,
1547 1126 1826 1197 εὑρίσκειν

232 1230 316 1281 ἑτι
347 1228 408 1281 τὸ
435 1227 624 1281 κακόν.
682 1225 1020 1295 Παράκειται
1060 1222 1169 1292 γὰρ
1213 1221 1308 1275 καὶ
1351 1220 1450 1274 οὑκ
1491 1217 1827 1286 ἀπελήλαται

235 1321 329 1374 ὑπ’
359 1319 525 1374 αὑτοῦ
558 1319 616 1385 ἐξ
651 1316 809 1387 ἐμοῦ.
852 1315 1087 1369 Δυνατδν
1113 1314 1170 1368 δὲ
1203 1313 1294 1366 καὶ
1324 1311 1497 1375 οὕτως
1527 1309 1826 1380 ἐγγύτερον

233 1413 336 1484 τῆς
364 1412 561 1478 λέξεως
592 1408 866 1464 ἐκλαϐεῖν.
892 1407 1170 1476 Εὑρίσκω
1194 1404 1309 1474 ἄρα
1331 1405 1411 1470 τῷ
1437 1403 1674 1458 θέλοντι
1695 1400 1826 1469 ἐμοὶ

236 1504 433 1559 ποιεῖν
462 1503 528 1558 τὸ
552 1501 746 1556 καλὸν
768 1500 910 1555 κατά
935 1500 1027 1554 τὸν
1059 1500 1246 1570 νόμον,
1272 1497 1355 1550 ὅτι
1386 1495 1515 1566 ἐμοὶ
1542 1493 1606 1547 τὸ
1641 1491 1832 1546 κακὸν

239 1593 610 1661 παράκειται.
630 1591 739 1646 Καὶ
759 1592 867 1663 γάρ
887 1591 935 1644 οἱ
969 1588 1110 1643 κατά
1140 1588 1204 1641 τὸ
1231 1586 1563 1656 Εὑαγγέλιον
1589 1583 1832 1645 θέλοντες

239 1689 418 1739 ποιεῖν
479 1685 540 1738 τὸ
590 1684 778 1752 καλὸν,
833 1684 934 1754 οὑχ
974 1681 1324 1754 εὑρίσκουσιν
1361 1679 1443 1733 ὅτι
1494 1678 1832 1748 παράκειται

1923 482 2108 539 notavi
2144 492 2199 538 ct
2246 481 2486 536 intellexi
2523 480 2633 534 vim
2681 489 2735 534 et
2778 488 3031 533 naturam
3069 474 3226 544 legis.
3259 471 3503 541 Cognovi

1916 573 2063 628 illam
2111 572 2370 640 perfecte,
2418 571 2564 642 quod
2612 569 2750 624 nihil
2805 567 3070 640 adjuvare
3119 564 3311 620 valuit.
3346 561 3507 619 Unde

1917 675 2130 721 certum
2162 664 2435 734 est?quia
2490 662 2682 718 volenti
2731 661 2861 714 mihi
2908 660 3080 729 facere
3122 658 3335 718 bonum,
3392 670 3504 708 non

1919 759 2242 815 auxiliatur.
2275 755 2382 811 Sed
2418 755 2674 812 similiter
2721 752 2930 807 malum
2982 752 3194 822 adjacet
3241 748 3507 805 inutiliter

1921 851 2057 904 mihi
2088 851 2226 906 velle
2281 849 2518 904 faciens.
2569 847 2624 902 In
2683 846 2790 901 ltoc
2836 847 3000 917 igitur
3044 845 3219 900 inveni
3271 841 3509 913 perfecte

1925 941 2084 1010 legem
2114 949 2384 1010 quantum
2407 940 2607 1005 valeat,
2639 945 2694 994 et
2717 953 2841 1008 qua:
2871 937 2943 993 sit
2966 935 3085 1005 ejus
3118 945 3333 1000 natura,
3361 931 3509 1002 quod

1923 1031 2056 1086 mihi
2091 1032 2286 1087 uolenti
2315 1032 2489 1102 facere
2526 1031 2720 1086 bonum
2741 1069 2757 1094 ,
2816 1027 3038 1082 invenio
3069 1025 3248 1081 adhuc
3279 1023 3507 1078 malum.

1923 1124 2151 1195 Adjacet
2176 1126 2323 1180 enim
2354 1133 2408 1179 et
2432 1139 2541 1178 non
2571 1125 2638 1178 ab
2675 1123 2765 1177 illa
2793 1137 2859 1176 ex
2891 1134 2979 1175 me
3017 1129 3290 1173 movetur.
3324 1117 3514 1172 Potest

1927 1227 2106 1271 autem
2138 1218 2219 1272 sic
2253 1217 2478 1287 propior
2505 1215 2763 1270 dictionis
2793 1227 2992 1269 sensus
3016 1209 3266 1280 intelligi.
3296 1206 3514 1262 Invenio

1927 1309 2095 1379 igitur
2123 1309 2315 1364 uolenti
2359 1308 2489 1362 mihi
2521 1308 2699 1376 facere
2731 1305 2926 1359 bonum
2960 1303 3262 1358 secundum
3317 1301 3515 1369 legem,

1927 1401 2177 1470 quoniam
2196 1401 2397 1454 malum
2444 1399 2576 1453 mihi
2608 1397 2839 1467 adjacet.
2866 1395 3078 1451 Etenim
3097 1393 3188 1464 qui
3214 1392 3516 1448 secundum

1929 1491 2283 1562 Evangelium
2333 1493 2526 1548 volunt
2575 1490 2758 1546 facere
2790 1491 3018 1554 bonum,
3067 1501 3179 1541 non
3229 1483 3518 1538 inveniunt

1935 1584 2198 1653 quoniam
2232 1585 2445 1655 adjacet
2480 1585 2588 1639 illis
2643 1583 2891 1648 malum;
2923 1595 3020 1652 per
3061 1578 3330 1648 baptisma
3369 1574 3517 1629 enim

1932 1676 2177 1731 ablatum
2206 1685 2261 1732 et
2286 1687 2531 1732 amotum
2580 1687 2699 1742 est;
2745 1677 2819 1730 ita
2869 1683 2925 1729 ut
2960 1681 3213 1742 oporteat
3263 1669 3327 1724 ad
3359 1668 3520 1725 Chri-

240 1778 426 1840 αὑτοῖς
453 1777 514 1830 τὸ
543 1777 736 1833 κακόν.
790 1775 895 1829 Διὰ
933 1775 1028 1828 τοῦ
1078 1773 1450 1844 βαπτίσματος
1478 1770 1589 1840 γὰρ
1618 1767 1827 1837 ἐξώσθη

1953 1776 2089 1823 stum
2118 1786 2214 1840 per
2245 1771 2515 1840 baptisma
2551 1769 2786 1836 ingredi,
2816 1767 2986 1837 legem
3013 1766 3349 1821 deserentes.

240 1871 340 1925 καὶ
379 1870 705 1941 ἀπελήλατο.
749 1868 913 1922 Ὥστε
966 1867 1049 1920 δεῖ
1094 1864 1318 1938 Χριστῷ
1360 1863 1681 1936 προσελθεῖν
1732 1860 1822 1915 διὰ
1861 1860 1954 1913 τοῦ
1989 1863 2383 1934 βαπτίσματος,
2423 1861 2821 1923 καταλιπόντας
2852 1859 2942 1912 τὸν
2968 1857 3151 1927 νόμον.

256 1963 322 2016 '0
349 1963 494 2030 Θεὸς
533 1961 644 2016 τὸν
689 1960 906 2015 ἑαυτοῦ
951 1960 1196 2028 πέμψας
1232 1957 1370 2012 flor
1415 1958 1486 2010 ἐν
1527 1954 1844 2026 ὁμοιώματι

751 2031 981 2099 σαρκὸς
1016 2029 1331 2099 ἁμαρτίας.

318 2124 564 2178 ᾤωτίου.
620 2122 855 2176 Δυνατὺν
891 2121 999 2192 γὰρ
1049 2122 1146 2176 καὶ
1197 2121 1340 2175 οὑτω
1379 2119 1658 2184 στίξαντα,
1704 2118 1840 2172 ἀνα-

244 2218 468 2287 γνῶναι·
488 2217 550 2270 '0
573 2218 716 2282 Θεδς
737 2217 846 2271 τὸν
862 2216 1080 2271 ἑαυτοῦ
1107 2214 1352 2284 πέμψας
1383 2215 1522 2268 nor
1546 2212 1616 2265 ἐν
1641 2208 1841 2280 ὁμοιώ-

242 2327 385 2380 ματι
428 2309 656 2377 σαρκὸς
697 2309 1006 2378 ἁμαρτίας,
1038 2307 1140 2362 καὶ
1185 2306 1320 2375 περὶ
1366 2304 1686 2375 ἁμαρτίας’
1723 2298 1843 2357 εἶτα

247 2403 573 2470 ἐπαγαγεῖν,
608 2400 918 2468 κατέκρινε
951 2399 1067 2466 τὴν
1097 2398 1394 2468 ἁμαρτίαν
1423 2397 1493 2450 ἐν
1519 2393 1592 2463 τῇ
1623 2394 1841 2464 σαρκί·

245 2492 493 2544 τουτέστι
533 2490 624 2543 τὸν
649 2490 776 2542 Υίδν
816 2491 944 2559 περὶ
993 2489 1302 2559 ἁμαρτίας·
1339 2489 1508 2558 ἤγουν
1551 2485 1714 2537 ἕνεκα
1742 2483 1844 2552 τῆς

247 2583 550 2654 ἁμαρτίας,
581 2580 676 2632 τοῦ
718 2579 910 2646 ἐξᾶραι
937 2580 1142 2649 αὑτήν·
1183 2578 1277 2632 καὶ
1305 2576 1663 2648 ἐλευθερῶσαι
1689 2577 1839 2646 ἡμᾶς

250 2675 363 2728 ἀπὸ
421 2673 646 2744 ταύτης.
697 2673 821 2734 Πῶς
867 2671 958 2724 οὑν
1006 2671 1206 2742 ὲξῆρε;
1238 2670 1591 2740 Κατακρίνας
1648 2667 1843 2737 αὑτήν.

248 2766 329 2820 Θὺ
367 2765 477 2834 γὰρ
513 2764 701 2827 ἁπλῶς
751 2763 846 2816 καὶ
894 2763 1350 2827 ὲξουσιαστικῶς·
1385 2762 1502 2817 ἀλλ’
1534 2762 1639 2815 ὑπὸ
1689 2761 1846 2830 δίκην

249 2857 480 2927 ἀγαγὼν
530 2856 719 2925 αὑτὴν,
771 2855 868 2908 καὶ
909 2854 1091 2920 δείξας
1122 2853 1380 2909 ἀλοῦσαν.
1413 2855 1536 2918 Πῶς
1581 2853 1673 2907 οῦν
1705 2853 1847 2907 ἑάλω

248 2951 348 3004 καὶ
389 2951 658 3020 inmutat;
699 2949 768 3001 ἐν
815 2946 892 3015 τῇ
949 2944 1129 3015 σαρκί
1167 2945 1355 3000 αὑτοῦ.
1393 2947 1684 3017 Προσιέναι
1736 2946 1846 3017 γὰρ

250 3041 580 3112 βουληθεῖσα
607 3039 702 3094 καὶ
727 3039 801 3109 μὴ
830 3038 1119 3108 ἰσχύσασα,
1145 3037 1288 3090 ἑάλω
1325 3036 1422 3089 καὶ
1442 3038 1698 3107 ἥττηται.

329 3132 402 3186 Τὸ
435 3131 504 3184 δὲ
533 3132 818 3200 φρόνημα
839 3127 949 3195 τῆς
978 3127 1208 3195 σαρκὸς
1230 3128 1414 3196 ἐχθρὰ
1439 3131 1527 3194 εις
1553 3133 1720 3182 Θεόν.

324 3220 572 3274 Φωτίου.
606 3218 804 3280 Καλῶς
833 3213 925 3270 οῦν
960 3234 1162 3286 φησιν,
1212 3216 1294 3270 ὅτι
1336 3215 1399 3270 τὸ
1443 3216 1698 3287 φρόνημα
1747 3219 1848 3287 τῆς

253 3311 458 3381 σαρκὸς
486 3308 565 3379 τῷ
605 3309 755 3378 νόμῳ
787 3307 881 3361 τοῦ
912 3305 1151 3376 Χριστοῦ
1191 3307 1293 3378 οὑχ
1323 3307 1715 3362 ὑποτάσσεται.
1758 3307 1848 3358 ‘Ev

252 3405 365 3473 ὅσῳ
429 3403 526 3471 μὲν
579 3399 688 3470 γὰρ
740 3399 883 3462 ἔστι,
932 3397 1089 3469 δῆλον
1122 3398 1203 3451 ὅτι
1231 3397 1328 3467 οὑχ
1358 3397 1754 3450 ὑποτάσσεται·
1792 3398 1848 3448 ἐν

252 3497 369 3563 ὅσῳ
394 3493 450 3547 δὲ
485 3492 732 3564 παρέλθῃ
763 3492 856 3543 καὶ
884 3482 1219 3558 ἀπογένηται
1265 3487 1362 3541 τοῦ
1409 3487 1721 3558 ἀνθρώπου,
1756 3488 1848 3540 οὑ-

253 3586 423 3648 δόλως
453 3585 599 3638 ἐστιν
622 3600 637 3616 ο
670 3583 811 3636 ὥστε
845 3581 953 3636 οὐδ’
988 3581 1375 3634 ὑποτάσσεται.
1398 3578 1522 3642 Πῶς
1556 3579 1664 3650 γὰρ
1695 3578 1760 3633 ἂν
1790 3578 1851 3632 τὸ

258 3679 337 3748 μὴ
387 3675 526 3746 ὃν,ἣ
573 3676 989 3745 ἀντιστήσεται,
1025 3672 1058 3742 ἢ
1097 3672 1346 3740 ὑποταγῇ
1407 3685 1552 3736 τινι;
1605 3669 1704 3734 Τίς
1759 3669 1854 3723 οῦν

257 3769 660 3835 ὑποτάσσεται;
700 3768 757 3821 Ὀ
790 3766 1077 3837 ἄνθρωπος
1110 3765 1166 3817 ἐν
1197 3755 1322 3832 ᾧτὸ
1353 3762 1616 3832 σαρκικὸν
1653 3762 1852 3834 φρόνη-

260 3878 341 3933 μα
390 3861 605 3932 [SuppL
656 3859 755 3912 οὑκ
793 3856 968 3928 East];
1004 3854 1117 3909 ἀλλ’
1159 3854 1241 3906 ἔτι
1294 3853 1390 3922 μὲν
1422 3859 1516 3904 τοῦ
1586 3853 1851 3920 σαρκικοῦ

257 3952 531 4021 παρόντος
567 3951 916 4022 φρονήματος
935 3987 951 4012 ,
996 3945 1119 3999 οὑδὲ
1146 3946 1374 4006 ἐκεῖνος.
1400 3943 1853 4013 Καταϐληθέντος

258 4046 320 4100 δὲ
367 4045 454 4098 διὰ
492 4042 796 4113 μετανοίαςζ
818 4040 916 4095 καὶ
950 4039 1407 4110 ὑποχωρήσαντος
1429 4078 1444 4104 ,
1476 4037 1601 4089 τότε
1647 4036 1855 4097 ἐκεῖνος

259 4138 613 4209 ἀγαθοεργεῖ,
641 4136 738 4189 καὶ
761 4133 1128 4188 ὑποτάσσεται
1157 4130 1238 4202 τῷ
1265 4131 1415 4201 νόμῳ
1437 4129 1532 4185 τοῦ
1554 4128 1710 4183 Θεοῦ.

417 4229 630 4295 Ἐλπὶς
656 4227 723 4281 δὲ
749 4224 1105 4294 βλεπομένη
1153 4225 1267 4277 οὐκ
1297 4223 1470 4276 ἐστιν
1506 4222 1704 4285 ἐλπίς.

336 4323 585 4377 Φωτίου.
621 4321 687 4375 Τί
721 4320 830 4391 γὰρ
859 4319 962 4373 οὑκ
993 4316 1258 4388 ἐλάσομεν
1288 4314 1491 4386 ταύτην
1520 4314 1607 4367 διὰ
1632 4312 1724 4366 τοῦ
1760 4313 1855 4383 βα·
1890 4355 1933 4410 D

263 4415 600 4485 πτίσματος;
650 4412 774 4484 οὑχὶ
813 4411 911 4466 καὶ
961 4410 1125 4473 αὑτὸς
1171 4407 1279 4479 πρὸ
1333 4405 1532 4478 μικροῦ
1578 4405 1735 4475 ἔφης,
1771 4405 1853 4460 ὅτι

263 4506 510 4576 Πνεῦμα
536 4503 842 4568 υἱοθεσίας
871 4500 1145 4562 ὲλάϐετε;
1175 4498 1306 4563 Ναὶ,
1351 4495 1536 4567 φησίν.
1563 4493 1730 4548 Ποίαν
1766 4495 1859 4549 οῦν

264 4599 719 4671 ἀπεκδεχόμεθα;
749 4597 861 4667 Τὴν
899 4594 1327 4666 φανερουμένςην,
1361 4591 1545 4661 φησιν,
1586 4590 1727 4643 κατά
1759 4589 1856 4648 τὴν

263 4691 648 4762 ἀπολύτρωσιν
680 4687 774 4744 τοῦ
811 4685 1064 4757 σώματος
1107 4684 1286 4755 ἡμῶν.
1330 4682 1534 4750 Ἀλλην
1579 4679 1732 4752 παρά
1758 4680 1857 4752 τὴν

265 4783 597 4855 εἰρημένηνς
627 4779 719 4850 Μὴ
746 4779 976 4847 γένοιτο.
1024 4776 1167 4830 Ἀλλ’
1195 4773 1368 4846 αὑτὴν
1408 4773 1624 4840 ἐκείνην
1652 4773 1856 4825 τελειό-

263 4893 425 4948 τερον
465 4872 899 4945 φανερουμένην,
926 4871 1022 4925 καὶ
1050 4869 1136 4924 διὰ
1167 4869 1364 4939 πείρας
1398 4868 1571 4936 αὐτῆς
1603 4867 1860 4935 ἐπιγινω-

268 4965 566 5036 σκομένην.
599 4962 756 5017 Μετὰ
786 4961 894 5032 γὰρ
927 4960 1025 5030 τὴν
1062 4957 1443 5029 ἀπολύτρωσιν
1465 4955 1557 5009 τοῦ
1583 4954 1855 5025 σώματος,

263 5060 390 5112 τότε
428 5058 462 5128 ἡ
495 5056 605 5109 τῶν
656 5052 878 5122 ἀγαθῶν
911 5051 1234 5113 ἀπόλαυσις.
1269 5049 1404 5101 Τότε
1445 5048 1623 5102 πάντα
1657 5047 1728 5100 τὰ
1760 5046 1860 5115 τῆς

264 5149 543 5211 υἱοθεσίας
587 5145 949 5218 γνωρίσματα
993 5146 1090 5197 καὶ
1141 5140 1580 5210 ἀποτελέσματα.
1619 5139 1730 5191 Καὶ
1761 5135 1858 5191 νῦν

265 5242 378 5311 γὰρ
407 5238 494 5292 ἐπ’
524 5238 701 5291 ἐλπίδι
724 5235 928 5290 τούτων
950 5234 1218 5304 ἐλάϐομεν
1249 5232 1348 5303 τὴν
1379 5229 1671 5283 υἱοθεσίαν.
1692 5225 1861 5290 Δὺτὸς

263 5335 324 5388 δὲ
357 5330 835 5405 ἐμφαντικώτερον
863 5326 1038 5394 εἶπεν,
1065 5326 1394 5395 ἐσώθημεν.
1428 5322 1550 5386 Πῶς
1577 5321 1670 5374 οὖν
1699 5321 1860 5392 ἠλπί-

270 5442 448 5496 σαμεν
498 5422 701 5485 ταῦτα,
769 5420 844 5491 μὴ
891 5420 1100 5473 τούτων
1191 5414 1649 5488 παραγεγονότων
1732 5413 1858 5484 ἥδη,

272 5516 398 5588 μηδ’
443 5516 534 5569 ὑπ’
572 5513 695 5582 ὄψιν
742 5511 901 5582 ἡμῶν
952 5509 1249 5572 πεσόντων,
1288 5507 1415 5578 μηδ’
1457 5503 1564 5558 ὑπὸ
1624 5504 1859 5571 πεῖραν;

268 5605 490 5670 Καλῶς,
521 5604 710 5675 φησὶν,
738 5601 833 5655 καὶ⁸
876 5599 1134 5670 εὐλόγως.
1169 5600 1230 5654 Εἰ
1257 5598 1367 5670 γὰρ
1398 5595 1487 5650 ὑπ’
1518 5594 1640 5665 bal/tv
1683 5591 1861 5663 ἡμῶν,

271 5700 370 5756 καὶ
398 5698 504 5750 ὑπὸ
538 5697 734 5764 πεῖραν
753 5694 854 5764 ἢδη
885 5693 954 5747 τὰ
989 5691 1321 5764 ἐλπιζόμενα
1367 5687 1549 5760 ἀγαθᾷ
1595 5685 1860 5755 ἐγεγόνει,

269 5795 373 5850 οὑκ
402 5792 468 5848 ἂν
497 5787 567 5863 ἦν
590 5790 940 5861 ἐλπιζόμενα.

1945 1955 2080 2012 CAP.
2128 1957 2258 2012 Vill.
2294 1957 2462 2012 Vens.
2503 1957 2557 2010 5.
2589 1955 2729 2008 Deus
2767 1952 2974 2006 Filium
3002 1966 3157 2004 suum
3201 1947 3412 2002 mittens
3466 1944 3523 1998 in

2301 2027 2706 2081 similitudinem
2741 2023 2918 2077 carnis
2947 2019 3169 2092 peccati.

2027 2116 2233 2173 Photii.
2270 2118 2457 2174 Potest
2513 2117 2656 2173 enim
2707 2114 2926 2186 punctis
2979 2113 3055 2167 ita
3112 2109 3318 2165 notatis
3369 2105 3524 2178 legi:

1950 2212 2090 2266 Deus
2142 2211 2345 2266 Filium
2394 2227 2548 2265 suunt
2595 2210 2808 2263 mittens
2857 2207 2912 2261 in
2955 2203 3308 2260 similitudine
3349 2198 3526 2254 carnis

1946 2306 2171 2376 peccati,
2207 2313 2257 2358 et
2293 2305 2356 2358 de
2390 2312 2638 2372 peccato;
2671 2300 2867 2356 deinde
2899 2294 3149 2351 addendo
3186 2308 3200 2346 :
3245 2287 3528 2343 Damnavit

1945 2407 2218 2468 peccatum
2251 2397 2304 2450 in
2338 2411 2516 2449 carne.
2565 2394 2623 2448 Id
2675 2402 2777 2456 est,
2809 2389 3010 2444 Filium
3059 2386 3127 2441 de
3159 2393 3399 2454 peccato,
3435 2388 3531 2434 aut

1946 2506 2112 2546 causa
2135 2489 2366 2561 peccati,
2401 2496 2464 2542 ut
2503 2485 2635 2540 illud
2668 2484 2900 2547 tolleret,
2937 2489 2991 2535 et
3026 2495 3127 2533 nos
3157 2477 3228 2531 ab
3271 2476 3365 2530 illo
3391 2473 3529 2528 libe-

1950 2595 2116 2638 raret.
2169 2581 2454 2649 Quomodo
2502 2594 2630 2649 ergo
2687 2577 2847 2632 tulit?
2885 2575 3154 2629 damnans
3205 2568 3364 2634 illud,
3420 2582 3529 2620 non

1951 2676 2280 2746 simpliciter
2309 2683 2362 2728 et
2396 2671 2734 2733 facultative,
2785 2666 2878 2722 sed
2911 2665 2966 2719 in
2995 2664 3087 2734 jus
3121 2661 3278 2724 illud,
3327 2672 3533 2712 vocans

1951 2779 2005 2823 et
2034 2766 2348 2822 convictum
2373 2762 2691 2818 ostendens.
2720 2755 3012 2825 Quomodo
3033 2754 3198 2825 igitur
3221 2751 3531 2807 convictum

1950 2869 2004 2914 et
2033 2859 2305 2913 devictum
2343 2855 2465 2910 est?
2499 2851 2567 2907 1η
2599 2867 2757 2906 carne
2790 2850 2973 2914 illius;
3013 2860 3136 2901 cum
3178 2843 3326 2899 enim
3375 2840 3536 2896 intel-

1951 2950 2120 3020 ligere
2153 2947 2424 3003 voluisset
2451 2953 2506 3001 et
2541 2959 2650 2999 non
2695 2941 2978 3006 valuisset,
3017 2934 3331 2994 convictum
3355 2945 3407 2990 et
3438 2931 3538 2988 de-

1948 3042 2154 3095 victum
2195 3048 2297 3095 est.

2020 3119 2184 3189 Vens.
2206 3133 2258 3186 7.
2294 3131 2554 3198 Quoniam
2581 3127 2844 3199 sapientia
2873 3125 3049 3180 carnis
3072 3123 3288 3177 inimica
3307 3128 3384 3174 est
3404 3119 3538 3173 Deo.

2020 3226 2221 3280 Pltotii.
2255 3223 2423 3278 Recte
2463 3237 2592 3293 ergo
2614 3221 2767 3284 dicit,
2791 3218 3042 3290 quoniam
3068 3215 3326 3285 sapientia
3362 3212 3538 3265 carnis

1950 3316 2050 3386 legi
2076 3315 2277 3370 Christi
2297 3330 2400 3367 non
2421 3311 2659 3382 subjecta
2691 3318 2788 3364 est.
2821 3305 3071 3374 Quandiu
3111 3304 3256 3360 enim
3289 3311 3394 3366 est,
3421 3300 3539 3356 evi-

1950 3410 2086 3464 dens
2121 3417 2203 3462 est
2232 3406 2480 3477 quoniam
2520 3420 2624 3458 non
2670 3402 2909 3470 subjecta
2978 3408 3104 3461 cst;
3156 3394 3399 3467 quandiu
3442 3409 3540 3448 att-

1951 3511 2057 3553 tem
2085 3502 2265 3568 elapsa
2317 3506 2399 3551 est
2435 3505 2488 3550 et
2520 3493 2790 3550 abscessit
2840 3491 2908 3546 ab
2942 3489 3182 3553 homine,
3206 3487 3434 3543 evidens
3460 3495 3543 3541 est

1953 3587 2211 3657 quoniam
2240 3600 2345 3639 non
2369 3583 2611 3652 subjecta
2641 3590 2745 3636 est.
2769 3578 3058 3645 Quomodo
3091 3577 3235 3630 enim
3268 3575 3414 3646 quod
3435 3588 3541 3627 non

1953 3687 2037 3732 est
2076 3687 2170 3731 aut
2204 3677 2421 3731 resistet
2447 3667 3053 3742 autsubjicieturalicui
3072 3667 3094 3720 ?
3111 3665 3235 3736 quis
3257 3678 3385 3734 ergo
3413 3664 3546 3718 sub-

1949 3769 2128 3839 jectus
2146 3764 2270 3821 est?
2296 3766 2553 3829 homone,
2576 3763 2629 3817 in
2660 3776 2770 3831 quo
2797 3758 3061 3829 sapientia
3086 3756 3268 3812 carnis
3287 3770 3393 3809 non
3413 3761 3495 3808 est
3521 3752 3548 3808 ἵ

1955 3861 2204 3930 sedjam,
2251 3858 2306 3912 in
2342 3872 2452 3926 quo
2488 3855 2765 3909 invenitur
2794 3851 2977 3907 carnis
3011 3849 3299 3919 sapientia,
3321 3861 3428 3901 non
3456 3845 3548 3901 ille

1954 3962 2054 4008 est.
2093 3952 2414 4006 [tutatutatus
2431 3961 2608 4003 autem
2637 3962 2731 4017 per
2757 3944 3131 4015 paenitentiam
3149 3951 3200 3996 et
3218 3954 3542 4004 conversus,

1955 4055 2088 4101 tunc
2118 4045 2208 4100 ille
2243 4043 2444 4098 bonum
2486 4048 2742 4110 operatur
2771 4046 2825 4092 et
2851 4036 2954 4107 legi
3003 4034 3096 4089 Dei
3128 4031 3408 4102 subjectus
3438 4038 3543 4086 est.

2025 4200 2193 4256 Vsus.
2224 4199 2315 4254 24.
2350 4197 2480 4267 Spes
2509 4205 2684 4251 autem
2713 4207 2831 4260 qua:
2865 4191 3074 4246 videtur
3102 4205 3205 4242 non
3226 4196 3302 4242 est
3349 4201 3488 4256 spes.

2027 4292 2229 4348 Pltotii.
2265 4290 2407 4357 Quid
2443 4302 2575 4358 ergo
2604 4302 2711 4341 non
2742 4283 3056 4354 accepimus
3095 4280 3242 4333 illam
3273 4277 3551 4348 (adoptio-

1960 4385 2107 4455 nem)
2125 4398 2218 4454 per
2241 4381 2508 4451 baptisma
2529 4379 2553 4432 Ἰ
2583 4390 2762 4432 nonne
2781 4383 2836 4429 et
2866 4374 2979 4442 ipse
3007 4371 3172 4441 paulo
3195 4379 3320 4424 ante
3337 4367 3550 4432 dixisti,

1965 4479 2095 4548 quia
2126 4475 2398 4544 occepistis
2430 4473 2677 4539 spiritum
2717 4466 3018 4536 adoptionis
3045 4465 3070 4518 ?
3099 4463 3174 4518 Ita
3209 4471 3313 4529 est,
3352 4459 3548 4530 inquit.

1963 4571 2188 4639 Qualem
2218 4584 2349 4640 ergo
2373 4574 2757 4636 exspectamus
2791 4562 2814 4615 ?
2859 4560 2998 4614 hanc
3027 4572 3150 4627 quae
3205 4554 3552 4609 manifestata

1963 4675 2067 4728 est,
2107 4665 2204 4726 ait,
2236 4678 2334 4732 per
2373 4660 2802 4727 redemptionem
2835 4653 3083 4724 corporis
3126 4650 3322 4706 nostri.
3371 4648 3550 4703 Aliam

1964 4773 2029 4813 ac
2051 4757 2197 4810 illam
2228 4769 2347 4825 quae
2380 4753 2526 4808 dicta
2569 4749 2720 4803 fuit?
2754 4746 2931 4815 absiti!
2993 4743 3085 4798 sed
3119 4741 3368 4796 eamdem
3404 4739 3552 4794 illam

1963 4850 2238 4922 posterius
2291 4845 2714 4904 manifestatam,
2763 4850 2818 4896 et
2855 4853 2951 4908 per
2999 4836 3120 4905 ejus
3160 4817 3584 4903 experientiam

1965 4920 2259 5013 cognitam.
2296 4937 2530 5000 Etenim,
2589 4941 2714 5004 post
2773 4927 3205 4998 redemptionem
3266 4920 3552 4991 corporis,

1965 5047 2098 5092 tunc
2129 5037 2394 5091 bonorum
2425 5030 2530 5084 erit
2561 5025 2838 5098 possessio
2881 5039 2896 5090 ;
2933 5031 3063 5076 tunc
3093 5017 3304 5074 omnia.
3328 5029 3558 5071 cernen-

1967 5137 2058 5184 tur
2091 5125 2401 5194 adoptionis
2431 5122 2586 5192 signa
2617 5127 2672 5174 et
2699 5117 2947 5172 ell'ectus.
2995 5110 3152 5165 Nunc
3182 5108 3327 5162 enim
3363 5106 3416 5158 in
3459 5118 3556 5172 spe

1966 5233 2156 5275 eorum
2209 5213 2519 5282 accepimus
2559 5209 2962 5279 adeptionem;
3015 5199 3308 5272 Apostolus
3370 5204 3554 5251 autem

1966 5313 2205 5383 apertius
2257 5306 2387 5362 dicit
2426 5322 2440 5358 :
2487 5302 2637 5357 Salvi
2663 5301 2792 5369 [acti
2829 5313 3031 5352 sumus.
3084 5289 3373 5361 Quomodo
3422 5302 3555 5357 ergo

1969 5417 2254 5477 speramus
2284 5399 2396 5462 illa,
2447 5412 2570 5451 cum
2596 5394 2706 5464 jam
2742 5407 2851 5446 non
2883 5388 3186 5452 evenerint,
3229 5397 3407 5453 neque
3433 5381 3552 5436 visu

1971 5505 2180 5562 nostro,
2207 5507 2384 5561 neque
2402 5488 2739 5558 experientia
2761 5485 2976 5556 cognita
3003 5484 3113 5537 sint
3133 5481 3156 5533 ?
3179 5479 3317 5533 bene
3336 5483 3388 5530 et
3408 5482 3556 5528 recte

1972 5585 2256 5656 loquitur;
2291 5581 2335 5634 si
2369 5579 2516 5634 enim
2561 5578 2683 5632 visu
2726 5585 2937 5640 nostro,
2975 5581 3028 5628 et
3072 5565 3404 5640 experientia
3442 5564 3554 5631 jam

1971 5693 2092 5749 quae
2139 5679 2426 5744 sperantur
2473 5669 2613 5724 bona
2671 5667 2889 5738 cognita
2922 5670 3128 5726 essent,
3175 5674 3282 5715 non
3343 5663 3559 5728 sperata

1975 5781 2149 5827 Ot‘enl.
