3854 6316
461 314 605 381 1243

514 430 676 486 Vsus.
706 430 794 484 51.
836 430 979 497 Quid
1004 446 1125 501 ergo
1164 431 1395 486 dicemus
1423 432 1493 486 ad
1515 434 1626 487 haec
1651 436 1676 487 ?

505 520 701 579 Photii.
725 523 887 580 Certe
922 523 993 577 ita
1017 532 1118 577 est.
1154 524 1295 590 Quid
1324 525 1556 580 dicemus
1584 529 1651 579 ad
1682 526 1792 581 lucc
1815 527 1839 580 γ
1864 523 2021 591 Quod

439 618 622 689 elegit,
657 618 803 687 quod
844 617 1078 681 vocavit,
1125 617 1268 685 quod
1295 616 1643 686 justiﬁcavit,
1675 618 1821 689 quod
1850 618 2022 687 glori-

440 708 640 764 ﬁcavit.
688 709 767 762 Ad
815 717 1022 762 tantam
1088 708 1475 764 beneﬁciorum
1522 711 2020 780 magniﬁcentiam,

441 801 572 870 quid
595 800 877 857 dicemus?
900 816 1005 854 non
1024 801 1215 872 gratis,
1237 801 1432 871 inquit,
1460 803 1637 858 verbis
1656 804 2019 867 abundamus,

441 909 618 964 neque
692 909 919 963 operum
966 894 1345 949 retributione.
1406 893 1553 949 Talis
1612 904 1695 949 est
1735 894 2024 950 ineﬁabilis

438 983 559 1054 ejus
591 985 737 1039 circa
773 1000 872 1039 nos
902 985 1095 1056 gratia.
1126 983 1330 1040 Deinde
1359 987 1514 1055 quasi
1546 987 1758 1055 copiam
1795 1000 2021 1054 accepe-

438 1079 509 1130 rit
539 1078 684 1143 indc,
717 1078 849 1131 dicit
879 1096 891 1131 :
926 1074 985 1131 Si
1016 1076 1155 1131 Deus
1186 1092 1280 1147 pro
1312 1079 1478 1143 nobis,
1515 1080 1631 1149 quis
1659 1088 1842 1132 contra
1878 1094 1971 1132 nos
1998 1079 2025 1131 ?

440 1184 608 1223 nemo
639 1186 654 1235 ;
688 1172 943 1239 quamvis
973 1171 1118 1224 enim
1153 1171 1320 1240 aliqui
1354 1186 1548 1226 nocere
1577 1172 1878 1226 niterentur
1911 1186 2020 1226 non

440 1259 737 1322 nocebunt,
774 1258 866 1313 sed
900 1260 1221 1329 proderunt.

436 1347 590 1403 CAP.
628 1348 761 1403 Vlll.
794 1351 955 1406 Vens.
994 1350 1085 1405 28.
1135 1350 1232 1405 His
1260 1352 1350 1422 qui
1376 1353 1663 1405 secundum
1694 1352 2020 1422 propositum

1037 1449 1159 1494 sunt
1196 1444 1385 1496 sancti.

513 1527 709 1584 Photii.
735 1529 790 1583 Id
809 1539 913 1596 est,
938 1530 1021 1585 his
1049 1534 1142 1602 qui
1175 1536 1474 1588 secundum
1505 1536 1803 1600 decretum,
1827 1550 2017 1590 secun-

437 1625 568 1679 dum
600 1625 965 1696 propositum,
992 1625 1141 1696 digni
1170 1625 1339 1679 habiti
1370 1638 1499 1680 sunt
1542 1629 1832 1681 sanctitate
1861 1641 2023 1681 voca-

438 1718 622 1773 tionis.

436 1830 709 1887 “135.52.
752 1831 857 1896 Qui
894 1833 1053 1886 etiam
1082 1832 1295 1901 proprio
1335 1830 1477 1885 Filio
1511 1849 1607 1885 suo
1636 1850 1736 1885 non
1765 1834 2016 1900 pepercit,

506 1906 595 1957 sed
626 1920 719 1973 pro
739 1904 889 1957 nobis
915 1903 1155 1956 omnibus
1185 1903 1401 1955 tradidit
1421 1903 1570 1955 illum
1590 1919 1608 1963 ;
1632 1904 1893 1973 quomodo
1916 1920 2020 1956 non

505 1978 668 2026 etiam
706 1990 824 2026 cum
860 1974 952 2027 illo
993 1975 1169 2026 omnia
1206 1974 1353 2026 nobis
1380 1974 1644 2027 donavit?

506 2064 706 2119 Photii.
748 2065 985 2134 Apponit
1028 2064 1192 2134 igitur
1226 2065 1400 2120 illud:
1433 2063 1540 2130 Qui
1596 2066 1757 2118 etiam
1807 2066 2021 2137 proprio

438 2155 582 2210 Filio
606 2174 708 2210 non
735 2158 984 2227 pepercit.
1021 2156 1476 2221 Sollicitudinem,
1496 2165 1557 2212 ut
1585 2158 1847 2223 diximus,
1883 2158 2023 2212 inef-

439 2250 659 2304 fabilem
686 2248 777 2304 Dei
803 2251 945 2305 circa
974 2266 1075 2306 nos
1114 2248 1431 2312 ostendens,
1478 2250 1774 2320 simulque,
1808 2252 1853 2305 si
1891 2252 2020 2321 quid

438 2359 695 2413 asperum
742 2344 811 2397 ab
866 2344 1049 2412 aliquo
1094 2342 1351 2412 patimur,
1411 2340 1724 2397 ﬁrmitatem
1778 2358 1871 2412 per
1921 2344 2021 2397 hoc

437 2436 744 2505 exemplum
788 2437 1067 2501 suadens;
1111 2451 1218 2489 non
1273 2435 1449 2490 solum
1481 2445 1687 2500 autem,
1724 2436 1820 2490 sed
1850 2445 1905 2490 et
1936 2436 2021 2490 in-

437 2529 642 2583 ducens
667 2536 721 2581 et
747 2528 1053 2598 injungens.
1077 2527 1133 2581 Si
1159 2528 1302 2581 enim
1328 2525 1496 2581 Filius
1519 2535 1667 2581 tanta
1689 2543 1787 2596 pro
1817 2537 1868 2582 te
1898 2542 2021 2596 pas--

436 2636 533 2673 sus
566 2629 670 2683 est,
696 2618 825 2686 quid
867 2628 917 2673 te
948 2628 1161 2687 oportet
1191 2620 1299 2687 pati
1334 2632 1431 2686 pro
1458 2617 1593 2671 illo?
1643 2627 1715 2682 et,
1754 2617 1841 2672 ille
1873 2628 2021 2673 tanta

436 2712 669 2780 patiens,
698 2722 935 2781 paternae
962 2711 1149 2782 gloriae
1176 2719 1228 2764 et
1254 2709 1559 2764 divinitatis
1583 2710 1790 2763 nullum
1818 2711 2020 2763 donum

435 2800 733 2869 recipiebat
760 2818 774 2855 :
803 2798 883 2853 Tu
917 2815 1044 2855 vero
1076 2816 1181 2855 non
1215 2803 1437 2856 omittas
1470 2802 1558 2855 illa
1604 2800 1754 2870 pati;
1797 2799 2022 2853 omnino

434 2896 581 2950 enim
617 2895 775 2949 bonis
819 2896 1125 2965 promissis,
1142 2906 1263 2966 post
1296 2898 1606 2967 passionem
1629 2904 1683 2951 et
1712 2903 1838 2967 post
1872 2908 2021 2949 mor-

435 2993 545 3041 tem
572 2986 770 3057 dignus
804 2987 1115 3042 habeberis.

424 3170 429 3175 ’
509 3185 674 3242 Vens.
717 3188 805 3243 5'5.
845 3188 975 3254 Quis
1004 3189 1275 3244 accusabit
1302 3190 1550 3243 adversus
1580 3187 1768 3243 electos
1796 3186 1892 3240 Dei
1918 3187 1944 3239 .’

509 3276 709 3332 Photii.
744 3276 801 3330 In
828 3278 913 3333 his
936 3295 1057 3347 quae
1084 3295 1273 3349 supra,
1315 3280 1532 3336 locutus
1560 3290 1639 3335 est
1669 3280 1736 3334 de
1764 3279 2020 3333 tentatio-

433 3370 599 3426 nibus
628 3385 753 3439 qua:
771 3386 866 3438 per
891 3370 1210 3426 aﬁlictioncs
1243 3381 1298 3426 et
1331 3374 1609 3427 cruciatus
1643 3373 1806 3454 ﬁunt,
1834 3369 2021 3424 dicen-

433 3462 548 3518 do:
614 3462 744 3525 Quis
792 3473 977 3514 contra
1031 3464 1167 3517 nos?
1197 3478 1343 3518 nunc
1387 3463 1612 3518 alteram
1656 3461 2017 3516 tentationum

433 3555 670 3624 speciem
702 3554 908 3609 indicat
939 3572 953 3609 :
1011 3557 1399 3619 contumelias,
1431 3556 1907 3625 exprobrationes,
1932 3553 2019 3606 in-

430 3646 609 3715 jurias
653 3647 855 3716 quibus
903 3647 1192 3702 credentes
1227 3663 1259 3701 a
1305 3664 1413 3702 non
1446 3648 1796 3703 credentibus
1844 3646 2018 3715 impe-

434 3739 583 3797 tendi
634 3749 783 3793 sunt.
840 3736 976 3795 illud
1006 3753 1227 3809 quoque
1264 3740 1510 3795 ostendis
1552 3740 1827 3795 dicendo:
1886 3736 2019 3801 Quis

433 3832 697 3886 incusabit
724 3842 910 3885 contra
935 3832 1124 3887 electos
1155 3833 1250 3887 Dei
1280 3834 1308 3886 .9
1343 3841 1399 3888 et
1449 3832 1767 3887 manifestat
1821 3832 1915 3896 ibi,
1961 3841 2020 3885 ut

434 3924 488 3977 in
535 3924 885 3993 supradictis,
918 3925 974 3978 in
1013 3939 1242 3991 vanum,
1275 3924 1383 3979 Deo
1420 3924 1782 3995 justiﬁcante,
1812 3924 1880 3981 iis
1913 3925 2019 3979 lin-

418 4032 594 4089 ,guam
627 4018 842 4086 prurire
872 4016 964 4086 qui
1006 4026 1267 4071 accusant
1290 4026 1344 4069 et
1374 4017 1759 4070 condemnant.

594 4107 747 4162 CAP.
787 4107 876 4161 IX.
920 4106 1084 4162 Vens.
1122 4107 1242 4163 1-5.
1285 4106 1566 4161 Veritatem
1594 4108 1735 4175 dico,
1765 4118 1874 4164 etc.

503 4199 701 4255 Photii.
739 4199 845 4255 Sed
897 4200 1175 4270 quomodo
1210 4200 1367 4266 dicit,
1398 4215 1562 4270 quem
1616 4201 1753 4256 nihil
1802 4212 2021 4273 separat

408 4309 462 4347 'a
497 4294 766 4349 charitate
811 4294 1043 4361 Christi,
1078 4295 1223 4350 hunc
1250 4295 1322 4349 ob
1344 4304 1612 4367 cognatos
1652 4297 1931 4366 inquirere
1963 4306 2019 4352 et

408 4395 624 4454 .optare
664 4387 737 4441 ab
768 4386 862 4440 illo
891 4387 1135 4456 separari
1169 4387 1192 4439 ?
1244 4401 1356 4441 non
1386 4397 1515 4442 sunt
1563 4390 1845 4444 contraria
1888 4391 2013 4452 ista,

1645 319 1909 380 PHOTII
1946 317 2453 380 PATBIARCHE
2480 319 2587 379 (ΖΡ.

2056 442 2103 496 Α

2455 436 2516 488 Τί
2544 428 2658 488 οὖν
2685 432 2940 501 ἐροῦμεν
2968 433 3120 501 πρὸς
3148 432 3340 488 ταῦτα
3349 451 3370 497 ;

2194 524 2523 580 Φωτίου.Ἣ
2547 525 2642 579 καὶ
2678 524 2874 588 οὕτως’
2928 525 2991 579 Τί
3024 524 3285 593 ἐροῦμεν
3315 522 3475 592 πρὸς
3508 524 3717 592 ταῦτσ;

2123 617 2204 672 ὅτι
2264 617 2593 689 προώρισεν,
2657 616 2741 670 δτι
2789 616 3072 680 ἐκάλεσεν,
3121 617 3206 669 ὅτι
3256 616 3615 679 ἐδικαίωσεν,
3646 618 3719 670 ὃτι

2123 708 2384 774 ἐδόξασεο
2440 708 2579 779 πρὸς
2630 708 2890 779 τοιαύτην
2954 707 3216 776 ἀφθονίαν
3269 706 3640 778 εὐεργεσιῶν,
3675 707 3720 759 τί

2123 803 2396 874 ἐροῦμενς
2457 803 2592 856 Οὐδὲ
2625 800 2985 873 εὐχαρίστων,
3011 803 3201 869 φησιν,
3240 800 3424 868 λόγων
3465 800 3720 870 εὐποροῦο

2129 914 2229 967 μεν
2255 914 2268 929 ·
2304 901 2376 967 μή
2400 914 2450 949 τι
2481 912 2545 965 γε
2576 895 2754 966 ἔργων
2794 894 3055 965 ἀμοιϐῆς.
3094 894 3338 964 Τοιαύτη
3387 896 3551 947 ἐστὶν
3582 895 3717 961 ἀφα-

2124 1006 2215 1052 τος
2241 987 2404 1042 αὑτοῦ
2439 989 2472 1059 ἡ
2503 988 2633 1059 περὶ
2665 989 2813 1056 ἡμᾶς
2865 987 3047 1056 χάρις.
3084 984 3219 1040 Εἶτα
3249 985 3450 1055 ὥσπερ
3480 986 3716 1055 πορισμα

2124 1080 2303 1134 λαϐὼν
2329 1080 2600 1147 ἐντεῦθεν,
2636 1080 2823 1150 φησιν,
2869 1084 2936 1135 Et
2970 1083 3003 1134 ὀ
3045 1079 3192 1146 Θεὸς
3226 1078 3382 1147 ὑπὲρ
3412 1078 3611 1148 ἡμῶν,
3639 1083 3717 1144 τίς

2123 1172 2254 1227 καθ’
2288 1171 2498 1242 ἡμῶν;
2532 1172 2742 1232 Οὐδείς.
2772 1172 2889 1227 Κᾶν
2921 1173 3029 1244 γάρ
3074 1189 3220 1234 τινες
3283 1172 3560 1242 βλάπτειν
3609 1172 3716 1224 ἑτι-

2123 1265 2476 1337 χειρήσωσιν,
2502 1264 2564 1318 οὐ
2596 1264 2914 1335 βλάψουσιν,
2949 1264 3086 1318 ἀλλὰ
3110 1263 3521 1335 ὠφελήσουσιν.

2382 1378 2514 1446 Τοῖς
2552 1379 2705 1434 κατὰ
2724 1378 3018 1448 πρόθεσιν
3038 1377 3287 1444 κλητοῖς
3326 1372 3500 1434 οὖσι.

2194 1540 2440 1594 Φωτίου.
2465 1538 2726 1592 Τουτέστι
2760 1541 2873 1604 τοῖς
2898 1538 3043 1594 κατὰ
3069 1536 3329 1609 γνώμην,
3357 1536 3507 1590 κατὰ
3535 1534 3711 1607 πρῶτα

2123 1647 2210 1684 σιν
2251 1630 2528 1696 ἀξιωθεῖσι
2555 1630 2655 1701 τῆς
2681 1630 2951 1702 κλήσεως.

2127 1833 2226 1898 ’ος
2260 1850 2325 1901 γε
2353 1832 2459 1886 τοῦ
2488 1816 2659 1885 ἰδίου
2694 1828 2982 1901 Υἱοῦᾼοὺκ
3032 1828 3543 1901 ἐφείσατο,-ἀ.1.ἱ“

2194 1898 2364 1969 ἡμῶν
2396 1901 2639 1955 πάντων
2678 1899 3023 1967 παρέδωκεν
3046 1899 3256 1960 αὑτὸν,
3287 1898 3419 1964 πῶς
3449 1900 3587 1966 οὐχι
3623 1899 3709 1951 καὶ

2108 1982 2115 1987 ’
2192 1973 2316 2027 σὺν
2336 1971 2497 2037 αὐτῷ
2525 1972 2599 2025 τὰ
2620 1970 2816 2024 πάντα
2854 1970 3001 2039 ἡμῖν
3022 1971 3334 2039 χαρίσεται
3360 1985 3381 2032 ;

2194 2068 2439 2120 Φωτίου.
2470 2066 2694 2118 Τέθεικε
2721 2065 2902 2117 τοίνυν
2929 2064 3009 2125 τὸ,
3035 2063 3146 2129 Ὃς
3170 2080 3238 2131 γε
3272 2062 3384 2116 τοῦ
3418 2061 3577 2114 ἔδίσυ
3589 2059 3710 2113 ΥῙοῦ

2122 2149 2559 2227 ουκβίερείσατο,
2576 2157 2676 2226 τὴν
2690 2155 3036 2226 κηδεμονίαν,
3056 2155 3129 2218 ὼς
3145 2155 3382 2225 ἔφαμεν,
3402 2154 3509 2224 τὴν
3524 2155 3711 2221 ἄφατον

2120 2248 2215 2303 τοῦ
2243 2248 2377 2302 Θεοῦ
2414 2248 2513 2321 τὴν
2541 2248 2669 2318 περὶ
2694 2248 2844 2317 ἡμᾶς
2872 2245 3308 2317 ἐνδεικνύμενος.
3348 2247 3463 2298 Καὶ
3510 2245 3625 2314 ἃμα
3665 2246 3711 2295 εί

2121 2357 2175 2394 τι
2203 2341 2466 2412 δυσχερὲς
2505 2341 2610 2394 ὑπό
2632 2358 2775 2404 τινος
2804 2341 3110 2411 πάσχομεν,
3152 2339 3451 2409 καρτερεῖν
3496 2337 3589 2389 διὰ
3626 2335 3711 2387 τοῦ

2122 2433 2574 2503 παραδείγματος
2614 2433 2917 2505 παραινῶν.
2969 2433 3044 2485 Οὐ
3106 2430 3268 2500 μόνον
3315 2429 3401 2491 δὲ,
3450 2429 3597 2481 ἀλλὰ
3628 2428 3712 2480 καὶ

2121 2522 2504 2594 ἀνακτώμενος
2535 2523 2630 2577 καὶ
2657 2522 3012 2593 παρηγορῶν.
3047 2522 3109 2573 Ei
3130 2521 3241 2589 γὰρ
3268 2522 3297 2573 ὀ
3322 2519 3455 2580 Υἱὸς
3484 2518 3711 2570 τοσαῦτα

2122 2616 2263 2687 ὑπὲρ
2304 2614 2397 2667 σοῦ
2428 2614 2618 2678 ἔπαθε,
2647 2614 2700 2666 τί
2725 2631 2783 2665 σε
2818 2615 2924 2683 χρὴ
2977 2612 3172 2664 παθεῖν
3202 2610 3345 2678 ὑπὲρ
3378 2608 3599 2665 αὖτοῦε
3626 2608 3710 2659 καὶ

2121 2705 2170 2757 εί
2218 2706 2424 2767 ἐκεῖνος
2465 2702 2690 2756 τοιαῦτα
2730 2701 2950 2766 παθὼν,
2996 2704 3096 2771 τῆς
3141 2700 3425 2769 πατρικῆς
3475 2699 3712 2767 δόξηςττ

2121 2797 2214 2850 κα)⁸
2234 2795 2488 2865 θεότητος
2514 2795 2674 2848 οὐδέν
2706 2811 2759 2846 τι
2820 2793 3219 2863 καθυφειμένον
3262 2790 3492 2854 ἐδέξατο
3526 2807 3545 2823 ο
3588 2791 3713 2859 μηδὲ

2123 2888 2189 2940 σὺ
2249 2887 2595 2957 ὀλιγωρήσῃς
2664 2885 2890 2956 πάσχων
2936 2884 3134 2938 ταῦτα.
3187 2884 3423 2945 Πάντως
3471 2886 3592 2952 γὰρ
3618 2883 3715 2933 τῶν

2122 2977 2568 3049 ἐπηγγελμένων,
2654 2978 2748 3030 καὶ
2794 2976 2933 3047 μετὰ
2982 2976 3050 3029 τὰ
3093 2973 3424 3045 παθήματα,
3456 2974 3560 3027 καὶ
3588 2977 3716 3044 μετὰ

2123 3069 2214 3122 τὸν
2255 3068 2504 3131 θάνατον,
2533 3067 2739 3137 ἁξιωθή
2747 3082 2834 3137 σῃ.

2345 3180 2440 3245 Τίς
2465 3178 2783 3247 ἐγκαλέσει
2818 3179 2966 3232 κατὰ
2998 3178 3303 3233 ἐκλεκτῶν
3342 3178 3502 3234 Θεοῦ
3529 3197 3549 3245 ;

2197 3264 2443 3329 Φὼτίου.
2489 3274 2579 3326 Ἐν
2631 3275 2741 3336 τοῖς
2782 3270 3092 3343 ἔμπροσθεν
3138 3271 3195 3325 δὲ
3233 3272 3409 3326 εἰπὼν
3440 3274 3576 3336 τοὺς
3607 3291 3717 3326 mt-

2128 3364 2371 3436 ρασμοὺς
2390 3364 2515 3428 τοὺς
2543 3363 2630 3417 διὰ
2661 3363 2891 3434 θλίψεων
2922 3363 3017 3417 καὶ
3048 3362 3321 3433 βασάνων,
3343 3366 3408 3417 ὲν
3438 3365 3521 3435 τῷ
3550 3366 3717 3417 εἰπεῖν

2132 3457 2227 3521 Τίς
2257 3458 2385 3511 καθ’
2409 3455 2577 3525 ἡμῶν
2593 3473 2614 3519 ;
2648 3456 2742 3511 νῦν
2776 3455 2964 3526 ἕτερον
3000 3452 3139 3519 εἶδος
3167 3456 3503 3526 πειρασμῶν
3528 3457 3678 3526 λέγει
3700 3471 3717 3487 ’

2125 3549 2250 3610 τοὺς
2302 3547 2660 3617 ὀνειδισμοὺς,
2706 3549 2804 3611 τὰς
2845 3547 3101 3618 μέμψεις,
3155 3548 3254 3611 τὰς
3302 3547 3604 3621 λοιδορίας,
3654 3550 3714 3610 ἃ,

2126 3639 2384 3709 κατέχεον
2415 3642 2461 3693 οἱ
2514 3641 2731 3695 ἄπιστοι
2778 3640 2886 3693 τῶν
2927 3638 3154 3693 πιστῶν.
3218 3640 3334 3692 Καὶ
3379 3641 3549 3694 τοῦτο
3572 3641 3719 3712 δηλοί

2124 3726 2212 3780 διὰ
2257 3726 2350 3780 τοῦ
2400 3727 2602 3796 λέγειν,
2678 3728 2775 3795 Τίς
2834 3730 3154 3799 ἐγκαλέσει
3198 3728 3351 3783 κατὰ
3412 3729 3717 3787 ἐκλεκτῶν

2129 3816 2313 3879 Θεοῦ;
2362 3819 2456 3871 καὶ
2498 3819 2850 3874 ἀποδείκνυσι
2892 3820 3204 3887 κάνταῦθα,
3250 3819 3451 3892 ὥσπερ
3499 3823 3598 3875 καὶ
3628 3824 3716 3875 ἐπὶ

2124 3911 2232 3962 τῶν
2288 3910 2615 3981 εἰρημένων,
2677 3914 2759 3966 ὅτι
2811 3912 2946 3967 Θεοῦ
3002 3913 3361 3979 δικαιοῦντος,
3422 3916 3509 3979 είς
3543 3916 3715 3987 μάτην

2126 3999 2566 4070 γλωσσαλγοῦσιν
2605 4003 2654 4055 oi
2684 4002 2999 4076 αἰτιώμενοι
3027 4005 3121 4057 καὶ
3147 4006 3612 4077 κατακρίνοντες.

2538 4117 2842 4183 Ἀλήθειαν
2874 4118 3055 4188 λέγω,
3081 4135 3139 4174 κ.
3170 4136 3224 4173 τ.
3250 4117 3303 4173 λ.

2193 4209 2445 4264 Φωτίου.
2490 4207 2651 4264 Ἀλλὰ
2683 4210 2821 4276 πῶς,
2856 4213 3043 4282 φησὶν,
3076 4212 3136 4265 ὃν
3166 4212 3319 4265 οὐδὲν
3350 4212 3586 4282 χωρίζει
3611 4214 3716 4267 ἀπὸ

2120 4300 2221 4368 τῆς
2243 4300 2460 4369 ἀγάπης
2526 4300 2621 4354 τοῦ
2671 4302 2947 4374 Χριστοῦ,
3010 4322 3164 4369 ουτος
3236 4306 3379 4374 ὑπὲρ
3432 4308 3716 4377 συγγενῶν

2122 4390 2371 4461 ἐπιζητεῖ
2399 4393 2494 4445 καὶ
2541 4392 2762 4462 εὔχεται
2800 4394 2992 4448 τούτου
3031 4396 3399 4467 χωρισθῆναι;
3427 4400 3534 4452 οὐκ
3562 4399 3715 4483 ἔστιν

432 4478 529 4532 sed
555 4488 609 4532 et
638 4477 822 4547 potius
870 4479 1226 4533 concordant.
1254 4478 1358 4545 Qui
1389 4480 1533 4533 enim
1583 4478 1811 4535 fratrem
1857 4496 2017 4537 suum

2133 4481 2344 4534 ἐναντία
2401 4482 2596 4544 ταῦτα,
2648 4484 2786 4538 ἀλλὰ
2840 4487 2934 4539 καὶ
2980 4487 3182 4556 μᾶλλον
3232 4488 3479 4559 συνᾴδει.
3522 4477 3584 4543 ’ὁ
3610 4491 3717 4560 γὰρ

431 4567 628 4637 diligit,
657 4567 825 4622 Deum
849 4568 1025 4636 diligit
1050 4584 1066 4634 ;
1108 4565 1177 4621 In
1201 4568 1299 4621 hoc
1324 4568 1464 4621 enim
1494 4579 1807 4638 cognoscent
1838 4586 2015 4624 omnes

431 4662 558 4730 quia
607 4659 857 4729 discipuli
904 4661 1006 4714 mei
1044 4660 1197 4726 estis,
1232 4661 1280 4713 si
1319 4661 1632 4715 charitatem
1678 4662 1919 4717 habeatis
1964 4664 2018 4716 in

394 4802 399 4803 ,
434 4755 775 4808 alterutrum.
830 4754 903 4806 lta
948 4763 1052 4817 est,
1094 4753 1315 4821 inquit;
1359 4753 1454 4808 sed
1507 4753 1580 4807 ibi
1619 4754 1711 4809 Dei
1762 4755 2017 4810 cliaritati

429 4847 667 4917 proximi
712 4848 1036 4900 cliaritatem
1076 4846 1376 4914 anteponit.
1422 4844 1529 4900 Sed
1569 4845 1692 4901 illos
1721 4847 2015 4917 diligendo,

431 4938 655 4993 Christo
699 4936 1122 4991 identillcamur.
1163 4934 1411 4992 Ostendit
1437 4952 1569 5008 ergo
1606 4939 2019 5007 supereminen-

433 5039 541 5083 tem
596 5030 940 5092 cbaritatem,
971 5030 1026 5084 in
1053 5045 1121 5085 eo
1161 5030 1472 5100 quodalios
1504 5031 1557 5085 in
1586 5046 1645 5086 se
1686 5031 1973 5102 conjunxit
2001 5048 2015 5097 ;

435 5120 511 5174 ita
543 5122 689 5175 enim
735 5121 965 5192 intelligi
994 5122 1156 5177 debet
1183 5122 1332 5193 quod
1373 5122 1575 5178 dicitur
1612 5142 1627 5178 :
1667 5123 1724 5179 Si
1758 5125 2020 5194 possibile

433 5224 581 5269 esset
613 5229 708 5284 per
747 5232 926 5270 meam
980 5217 1340 5286 perditionem
1384 5216 1663 5273 Christum
1701 5220 2015 5288 gloriﬁeari,

433 5313 489 5361 et
519 5304 737 5361 Iudaeos
773 5309 994 5371 salvari,
1022 5324 1130 5363 non
1161 5309 1291 5364 illud
1326 5310 1689 5378 deprecarer;
1722 5313 1831 5367 alio
1853 5327 2017 5368 sensu

432 5394 579 5450 enim
607 5410 718 5450 non
755 5396 888 5451 dicit
916 5399 1195 5453 anathema
1238 5401 1378 5469 ﬁeri,
1416 5401 1467 5456 id
1497 5413 1604 5467 est,
1639 5404 1838 5459 abhinc
1860 5420 2019 5475 sepa-

433 5488 545 5542 rari
594 5488 663 5544 ab
712 5487 849 5555 illo;
888 5488 943 5542 id
976 5492 1121 5545 enim
1170 5494 1408 5547 maxime
1448 5493 1828 5549 detestandum
1868 5507 1951 5551 est
2000 5514 2014 5561 ;

434 5581 528 5635 sed
562 5581 848 5636 anathema
881 5599 993 5637 esse
1023 5624 1039 5649 ,
1071 5584 1122 5637 id
1151 5595 1255 5649 est,
1286 5595 1595 5655 separatum
1621 5588 1800 5644 adhuc
1827 5603 2017 5644 mane-

432 5687 514 5737 re,
559 5688 737 5743 neque
781 5675 847 5730 ad
886 5674 1165 5731 Christum
1217 5677 1437 5743 adiisse,
1483 5680 1575 5733 sed
1610 5680 1791 5736 adhuc
1826 5681 1895 5736 ab
1928 5681 2017 5737 illo

432 5767 675 5836 separari
701 5784 716 5835 ;
738 5768 784 5824 si
804 5768 948 5824 istud
978 5769 1045 5825 ad
1071 5780 1306 5827 vestram
1340 5773 1751 5827 conversionem
1774 5785 1828 5829 et
1856 5774 2014 5829 ﬁdem

2116 4572 2345 4640 ἀγαπῶν
2401 4576 2493 4628 τὸν
2527 4576 2753 4645 ἀδελφὸν
2801 4578 2992 4646 αὐτοῦ,
3048 4580 3141 4633 τὸν
3172 4580 3302 4633 Θεὸν
3350 4582 3568 4653 ἀγαπᾷ.
3618 4584 3719 4637 Ἐν

2117 4666 2304 4734 τούτῳ
2358 4666 2469 4735 γὰρ
2504 4668 2840 4737 γνώσονται
2868 4671 3090 4738 πάντες
3149 4672 3237 4726 ὅτι
3291 4674 3423 4741 ἐμοὶ
3453 4677 3719 4743 μαθηταί

2116 4755 2278 4823 ἐστε,
2318 4759 2427 4814 ἐὰν
2466 4760 2709 4830 ἀγάπην
2753 4763 2932 4833 ἔχητε
2969 4764 3120 4833 πρὸς
3175 4765 3520 4833 ἀλλήλους.
3585 4768 3716 4832 Ναὶ,

2119 4850 2320 4920 φησίν·
2358 4851 2473 4905 ἀλλ’
2511 4853 2743 4908 ἐνταῦθα
2800 4858 3085 4927 προκρίνει
3114 4857 3212 4927 τῆς
3267 4860 3407 4928 πρὸς
3452 4860 3548 4911 τὸν
3587 4860 3718 4912 Θεὸν

2117 4940 2361 5013 ἀγάπης,
2395 4944 2493 5012 τὴν
2516 4944 2612 4998 τοῦ
2641 4945 2892 5016 πλησίον.
2933 4948 3097 5002 Ἀλλὰ
3143 4949 3203 5002 τὸ
3237 4951 3413 5019 φιλεῖν
3444 4952 3714 5015 ἐκείνους,

2117 5034 2178 5087 τὸ
2228 5035 2508 5091 οἰκειῶσαι
2554 5038 2633 5109 τῷ
2670 5040 2893 5112 Χριστῷ
2942 5043 3083 5095 ἐστι.
3148 5042 3405 5095 Δείκνυσι
3436 5045 3577 5113 γοῦν
3611 5045 3711 5116 τὴν

2119 5125 2562 5197 ὑπερϐάλλουσαν
2590 5130 2836 5201 ἀγάπην,
2863 5133 2946 5187 ὃτι
2987 5134 3082 5188 καὶ
3126 5136 3347 5205 ἑτέρους
3376 5134 3719 5207 συνήλαυνεν

2118 5219 2198 5280 εἰς
2254 5220 2439 5275 αὐτόν.
2482 5220 2638 5275 Οὕτω
2687 5224 2796 5295 γὰρ
2848 5226 2913 5278 ἂν
2964 5228 3137 5279 νοοῖτο
3204 5226 3267 5280 τὸ
3308 5229 3480 5299 ῥητόν
3516 5225 3721 5300 Ἐίῆν

2117 5310 2342 5364 δυνατὸν
2379 5312 2467 5373 διὰ
2491 5315 2589 5379 τῆς
2616 5318 2757 5386 ὲμῆς
2784 5317 3085 5384 ἀπωλείας,
3107 5318 3437 5386 ὼξασθῆναι
3466 5322 3563 5375 τὸν
3588 5324 3723 5394 Χρι-

2121 5407 2265 5472 στὸν,
2303 5409 2398 5462 καὶ
2443 5411 2685 5480 σωθῆναι
2715 5414 2841 5477 τοὺς
2906 5416 3222 5481 Ἰουδαίους,
3279 5417 3408 5470 οὐδὲ
3456 5418 3623 5473 τοῦτο
3654 5420 3720 5472 ἂν

2120 5502 2551 5573 παρῃτησάμην.
2593 5505 2804 5569 ’Ἄλλως
2826 5523 2884 5560 τε
2913 5506 3035 5559 οὐδὲ
3063 5507 3213 5576 λέγει
3243 5507 3523 5579 ἀνάθεμα
3560 5511 3719 5578 γενέ-

2119 5590 2265 5656 σθαι,
2321 5596 2621 5661 τουτέστιν,
2670 5598 2779 5650 ἀπὸ
2840 5598 2935 5651 τοῦ
2973 5595 3069 5653 νῦν
3117 5599 3284 5653 αὐτοῦ
3348 5601 3717 5670 χωρισθῆναι·

2118 5682 2279 5738 τοῦτο
2328 5686 2437 5758 γὰρ
2490 5689 2900 5744 ἁπευκτότατον
2928 5706 2941 5719 ·
3012 5690 3152 5745 ἀλλὰ
3216 5692 3495 5761 ἀνάθεμα
3540 5693 3717 5760 εἶναι,

2117 5776 2385 5843 τουτέστι,
2441 5782 2847 5852 κεχωρισμένον
2905 5782 2984 5837 ἔτι
3026 5777 3204 5851 srvat,
3268 5785 3364 5839 καὶ
3419 5788 3597 5858 μήπω
3645 5789 3720 5858 τῷ
