3930 6218
330 277 472 343 1945

1183 273 1647 336 FRAGMENTA
1711 271 1794 333 IN
1822 269 2250 331 EPISTULAM
2285 268 2385 329 AD
2417 263 2802 329 ROMANOS.

3468 265 3604 332 1246

325 395 552 470 Χριστῷ
595 392 934 465 προσελθεῖν,
990 392 1104 445 ἀλλ’
1164 392 1246 446 ἐτι
1296 389 1704 463 κεχωρισμένον
1752 388 1949 451 αὑτοῦ,

2038 404 2081 441 ιι
2130 386 2281 441 illum
2331 387 2637 456 proliceret.
2691 384 2814 437 Non
2862 381 3007 436 enim
3038 380 3184 452 quod
3210 379 3279 437 ad
3323 380 3603 436 Christum

325 486 469 542 εἶναι
489 506 503 520 ·
544 487 593 540 εί
616 486 775 540 τοῦτο
809 487 887 549 εἰς
917 484 1015 556 τὴν
1059 484 1334 556 ὑμετέραν
1380 482 1585 537 εἴσοδον
1615 484 1710 535 καὶ
1736 482 1921 536 πίστιν

324 583 426 653 τὴν
454 582 536 643 εἰς
562 580 729 634 αὑτὸν
766 578 1066 632 συνετέλει.
1099 577 1191 648 Μὴ
1228 577 1338 647 γὰρ
1366 578 1448 629 δτι
1488 575 1801 646 προσῆλθον
1842 574 1921 645 τῷ

327 671 573 743 Χριστῷ,
608 671 698 725 διὰ
740 669 899 724 τοῦτο
924 669 1021 723 καὶ⁵
1071 669 1214 739 ὑμᾶς
1244 686 1313 740 με
1344 666 1736 739 προκαλεῖσθαι
1767 666 1923 736 νομί-

330 781 485 832 σητε,
503 762 687 831 φησίν.
718 761 828 816 Καὶ
856 760 961 833 πρὸ
986 760 1121 832 ἐμοῦ
1151 760 1295 831 ὑμᾶς
1317 757 1630 828 ἠϐουλόμην
1657 755 1921 827 προσδραο

333 858 456 923 μεῖν
478 853 629 923 αύτῷ

367 967 503 1022 Ἵνα
531 967 566 1035 ἡ
604 966 733 1021 κατ’
762 966 1027 1038 ἐκλογὴν
1065 964 1173 1020 τοῦ
1202 962 1352 1020 Θεοῦ
1384 964 1670 1033 πρόθεσις
1698 961 1880 1033 μένῃ.

406 1124 653 1176 ΦωτΙου.
694 1123 765 1175 ’Ἡ
795 1122 1050 1193 πρόθεσιν
1090 1123 1282 1185 εἰπὼν,
1306 1122 1403 1176 τοῦ
1434 1121 1569 1177 Θεοῦ
1591 1122 1690 1193 τὴν
1726 1120 1924 1192 βουλὴν

331 1217 624 1287 ἐδήλωσεν·
686 1215 856 1269 εἰπὼν
890 1218 946 1270 δὲ
1008 1220 1135 1270 κατ’
1167 1216 1455 1286 ἐκλογὴν,
1482 1215 1685 1282 ἔδειξεν
1713 1217 1795 1268 ὅτι
1825 1215 1920 1268 καὶ

330 1309 584 1380 διέφερον
614 1307 880 1377 ἀλλήλων.
931 1308 1121 1370 Οὐδεὶς
1160 1309 1268 1378 γὰρ
1302 1306 1584 1373 ἐκλέγεται
1618 1305 1805 1375 ἕτερον
1831 1304 1924 1373 ἀφ’

333 1401 548 1468 ἐτέρου,
596 1398 645 1451 εἰ
674 1399 829 1474 μήτι
858 1397 1021 1451 αὐτοῦ
1052 1398 1385 1452 διαλλάσσει.
1414 1395 1599 1451 Εἰπὼν
1626 1395 1683 1449 δὲ
1718 1397 1830 1450 οὐκ
1855 1394 1925 1460 ἐξ

331 1491 546 1562 ἔργων,
579 1489 863 1559 παρέδειξε
902 1491 964 1545 τδ
1009 1490 1239 1561 μέγεθος
1282 1491 1381 1559 τῆς
1415 1489 1662 1559 κλήσεως
1702 1487 1924 1557 καὶτῆς

331 1585 559 1655 χάριτος
588 1582 786 1636 αὐτοῦ’
817 1584 899 1637 ὅτι
923 1583 1017 1636 καὶ
1051 1582 1218 1654 μηδὲν
1246 1580 1592 1652 πραξάντων,
1638 1579 1925 1649 ἐκλέγεται

334 1676 435 1727 καὶ
474 1673 883 1743 προσκαλεῖται.
931 1672 1071 1725 Ἀλλ’
1108 1673 1156 1725 εί
1204 1670 1367 1742 μηδὲν
1403 1668 1727 1742 πραξάντων
1769 1668 1924 1723 ἐκλέ-

2021 479 2311 545 adiverim,
2332 478 2455 532 idco
2480 492 2577 533 vos
2608 492 2635 530 a
2667 491 2754 530 me
2774 474 3068 530 advocatos
3091 489 3212 529 esse
3238 473 3600 540 arbitremini,

2022 569 2201 639 inquit
2234 585 2250 633 ;
2280 570 2443 623 etiam
2478 577 2604 622 ante
2635 582 2723 621 me
2751 581 2849 621 vos
2884 566 3184 620 voluissem
3218 564 3286 619 ad
3323 564 3478 619 illum
3503 578 3606 619 cu-

2021 676 2282 718 Clll‘l‘lSSG.

2023 952 2177 1009 CAP.
2208 949 2296 1006 IX.
2350 948 2518 1004 Vens.
2565 950 2651 1004 Η.
2714 948 2783 1032 Ut
2827 950 3112 1032 secundum
3164 949 3467 1003 electionem
3512 948 3609 1003 Dei

2526 1028 2849 1090 propositum
2881 1028 3131 1073 maneret.

2100 1112 2304 1167 Photii.
2374 1110 2535 1166 Certe
2578 1111 2809 1166 dicendo
2851 1110 3199 1179 propositum,
3231 1109 3324 1163 Dei
3355 1108 3613 1165 volunta-

2023 1214 2131 1260 tem
2165 1204 2515 1277 significavit.
2538 1204 2674 1259 Cum
2707 1213 2889 1259 autem
2915 1204 3072 1270 dicit,
3094 1203 3378 1257 secundum
3403 1204 3614 1257 electio-

2026 1313 2165 1359 nem,
2196 1298 2443 1353 ostendit
2473 1298 2588 1353 haec
2615 1298 2757 1352 inter
2790 1312 2850 1352 se
2881 1295 3114 1352 differre.
3139 1296 3313 1352 Nemo
3335 1297 3479 1351 enim
3510 1297 3614 1352 eiii-

2026 1392 2178 1461 gitur
2208 1391 2350 1445 alius
2382 1391 2451 1445 ab
2495 1391 2625 1457 alio,
2665 1391 2769 1445 nisi
2804 1391 2875 1445 ab
2928 1390 3021 1444 illo
3067 1389 3303 1445 diﬂ‘erat.
3349 1389 3611 1453 Dicenda,

2025 1500 2129 1538 non
2178 1500 2245 1538 ex
2289 1484 2553 1553 operibus,
2583 1484 2831 1539 exhibuit
2873 1483 3161 1538 electionis
3191 1491 3243 1537 et
3288 1482 3379 1537 Dei
3425 1483 3614 1553 gratiae

2026 1575 2504 1646 magnitudinem;
2540 1576 2684 1647 quod
2719 1591 2825 1631 non
2852 1591 2919 1631 ex
2944 1575 3303 1646 operantibus
3332 1575 3526 1630 electio
3559 1583 3615 1629 et

2026 1670 2241 1723 vocatio
2260 1668 2338 1724 ﬁt.
2365 1667 2492 1733 Sed,
2518 1669 2564 1724 si
2588 1685 2695 1724 non
2711 1686 2774 1724 ex
2793 1671 3149 1740 operantibbs
3163 1668 3357 1725 electio
3375 1668 3615 1739 fit,‘quo-

335 1781 516 1832 γεται,
552 1762 671 1826 πῶς
699 1764 1021 1831 ἐκλέγεταις
1065 1760 1131 1815 Ἦ
1180 1761 1279 1833 μὲν
1311 1761 1420 1831 γὰρ
1447 1760 1648 1831 ἐκλογὴ
1686 1760 1781 1812 ἐπὶ
1809 1758 1918 1811 τῶν
1946 1754 1949 1811 ζ

2044 1763 2185 1817 nodo
2207 1760 2471 1833 eligitur?
2506 1760 2711 1816 Electio
2750 1764 2893 1817 enim
2927 1761 3062 1817 litin
3094 1761 3182 1816 his
3209 1761 3303 1832 qui
3341 1763 3395 1815 in
3430 1762 3614 1830 aliquo

336 1855 484 1908 κατά
506 1871 559 1907 τι
576 1854 789 1922 γίνεται
818 1852 1208 1923 διαφερόντων,
1231 1852 1280 1905 οί
1308 1851 1367 1906 δέ
1392 1849 1563 1922 μηδὲν
1590 1848 1920 1922 πράξαντες,

338 1948 392 2000 τί
439 1948 757 2019 διαφέρουσι
791 1962 806 2013 ;
840 1947 949 1999 Καὶ
984 1947 1149 2000 πάνυ.
1212 1943 1605 2016 Ἀνθρωπίνοις
1665 1943 1765 2014 μὲν
1814 1941 1926 2012 γὰρ

338 2037 638 2108 ὀφθαλμοῖς
704 2036 827 2089 ἐπεὶ
875 2036 1026 2090 οὐδὲν
1078 2034 1340 2106 ἔπραξαν,
1398 2034 1521 2089 οὐδὲ
1582 2033 1924 2104 διαφέρουσι.

337 2128 473 2201 Θεία
494 2130 551 2183 δέ
582 2129 898 2204 προγνώσει.
926 2128 1021 2182 τοῦ
1072 2130 1377 2200 μέλλοντος,
1414 2127 1551 2181 πολὺ
1584 2125 1923 2195 διαφέρουσι.

340 2221 452 2275 Καὶ
481 2220 589 2292 γὰρ
617 2223 645 2274 ὁ
678 2221 776 2290 μὲν
809 2220 1145 2290 εύηρέστησε
1173 2219 1249 2289 τῷ
1275 2216 1415 2288 Θεῷ,
1447 2218 1475 2270 ό
1504 2216 1583 2283 δὲ,
1606 2216 1811 2270 οὐκέτι.

551 2376 715 2448 Λέγω
746 2372 882 2440 οὖν,
907 2375 1003 2445 Μὴ
1033 2375 1333 2429 ἔπταισαν
1360 2374 1463 2429 ἵνα
1484 2374 1748 2439 πέσωσι;

412 2535 659 2589 Φωτίου.
704 2531 924 2603 Ἐπειδὴ
952 2532 1008 2585 δὲ
1053 2529 1164 2585 τῶν
1212 2531 1686 2602 προσπταιόντων,
1730 2531 1781 2585 οἱ
1828 2533 1928 2601 μὲν

340 2627 631 2689 πταίοντες
675 2620 1123 2688 ὑποσκελίζονται
1171 2622 1352 2693 μόνον,
1408 2623 1458 2674 οἱ
1514 2621 1571 2675 δέ
1617 2621 1712 2675 καὶ¹
1753 2639 1928 2676 κατα-

340 2717 623 2782 πίπτουσι,
655 2716 825 2770 οέλων
863 2716 991 2777 τοὺς
1055 2713 1344 2777 Ἰουδαίους
1405 2713 1523 2781 ἅμα
1560 2713 1659 2784 μὲν
1709 2714 1790 2777 είς
1827 2714 1929 2783 τὴν

342 2810 525 2863 πίστιν
606 2806 931 2878 προτρέψαι,
976 2805 1093 2875 ἅμα
1138 2805 1197 2859 δὲ
1243 2806 1340 2859 καὶ
1395 2803 1927 2877 παραμυθήσασθαι,

343 2900 501 2969 φησὶ,
547 2898 630 2951 ὅτι
688 2896 750 2951 τὸ
790 2900 1037 2965 πταῖσμα
1085 2894 1265 2949 αὐτῶν
1318 2895 1418 2947 οὐκ
1448 2897 1526 2958 εἰς
1575 2894 1930 2948 κατάπτωσιν

342 2992 556 3044 τελείαν
606 2988 850 3059 γέγονεν,
903 2988 1041 3042 ἀλλὰ
1097 2988 1259 3059 μόνον
1284 2983 1398 3041 οἷον
1427 2985 1925 3059 ύπεσκελίσθησαν.

2024 1849 2319 1918 dillerunt;
2355 1851 2451 1922 qui
2481 1859 2662 1906 autem
2697 1866 2805 1906 non
2856 1862 3177 1922 operantur,
3214 1852 3266 1906 in
3317 1867 3426 1922 quo
3455 1851 3613 1906 diil‘e-

2027 1943 2198 1997 runt?
2232 1942 2459 1997 Multum
2495 1944 2739 2014 quidem,
2771 1944 3028 2000 humanis
3056 1946 3203 1999 enim
3240 1944 3437 2008 oculis,
3487 1959 3611 1998 cum

2026 2033 2161 2087 nihil
2194 2035 2400 2104 operati
2431 2044 2582 2102 sunt,
2614 2051 2721 2090 non
2754 2035 3011 2090 diﬁ‘erunt
3036 2053 3050 2102 ;
3080 2036 3266 2091 divina
3297 2045 3480 2090 autem
3517 2050 3615 2091 co—

2026 2126 2271 2194 gnitiOne
2314 2124 2557 2180 futurum
2607 2136 2883 2192 cernente,
2924 2129 3156 2181 tnultum
3192 2126 3473 2182 dill'eruut.
3519 2128 3614 2181 Et-

2024 2217 2168 2272 enim
2204 2216 2296 2271 hic
2332 2217 2555 2287 quidem
2587 2220 2697 2274 Deo
2727 2220 2954 2290 placuit,
2986 2221 3076 2275 ille
3102 2231 3285 2276 autem
3313 2235 3445 2274 non.

2026 2373 2179 2429 CAP.
2208 2371 2301 2427 XI.
2338 2371 2505 2428 Vens.
2542 2375 2629 2428 11.
2689 2375 2818 2428 Dico
2846 2392 2970 2445 ergo
3000 2392 3020 2431 :
3051 2375 3305 2446 Nunquid
3346 2377 3423 2430 sic
3448 2376 3617 2445 o/fcu-

2523 2446 2712 2499 derunt
2746 2456 2800 2497 ut
2830 2448 3075 2499 caderent
3099 2448 3123 2500 ?

2098 2535 2304 2592 Photii.
2343 2538 2615 2605 Quoniam
2649 2546 2704 2592 et
2736 2538 2822 2593 his
2855 2537 2951 2605 qui
2980 2538 3289 2602 oll‘endunt,
3319 2538 3407 2593 alii
3443 2537 3620 2593 ollen-

2028 2630 2209 2687 dendo
2241 2631 2499 2685 vacillant
2530 2638 2766 2696 tantum,
2796 2628 2891 2684 alii
2949 2644 3132 2685 autem
3176 2631 3399 2697 cadunt,
3427 2630 3619 2685 volens

2028 2722 2267 2789 Judzeos,
2301 2723 2465 2779 simul
2496 2725 2563 2779 ad
2598 2722 2757 2778 tidem
2792 2732 3136 2789 convertere,
3180 2724 3455 2793 simulque
3484 2739 3618 2777 cou-

2031 2815 2408 2883 solari,dicit,
2438 2816 2584 2885 quod
2632 2817 2855 2871 illorum
2905 2816 3137 2871 oﬂ‘ensio
3185 2829 3292 2868 non
3344 2814 3617 2882 in,casum

2030 2902 2256 2956 omnino
2273 2901 2414 2958 facta
2441 2915 2543 2970 est,
2578 2905 2672 2960 sed
2695 2906 2841 2975 quod
2868 2904 3247 2960 tantummodo
3274 2904 3620 2959 vacillaruut.

2033 2992 2098 3046 Et
2127 2992 2181 3047 id
2229 3009 2449 3064 quoque
2483 3010 2578 3063 per
2626 2997 2920 3065 quamdam
2962 2998 3327 3052 mconomiam
3382 2996 3621 3065 disposi-

343 3086 458 3139 Ka‘t
488 3082 649 3137 τοῦτο
676 3081 744 3135 δι’
768 3082 1082 3151 οἰκονομίαν
1120 3081 1241 3135 τινὰ
1297 3080 1672 3152 συνεχωρήθη,
1734 3081 1821 3133 ἵνα
1851 3079 1929 3150 τῷ

2038 3093 2149 3139 tum
2179 3095 2298 3153 est;
2334 3096 2393 3141 ut
2424 3086 2641 3142 illorum
2674 3088 2875 3144 dilecto
2898 3087 3256 3159 ﬁatgeutium
3304 3088 3475 3154 salus,
3501 3088 3622 3143 illo-

344 3176 567 3231 ἐκείνων
597 3171 1005 3243 παραπτώματι
1051 3172 1276 3243 γένηται
1322 3171 1421 3242 μὲν
1468 3171 1501 3241 ἡ
1538 3169 1782 3241 σωτηρία
1820 3172 1933 3233 τοῖς

345 3270 548 3336 ἔθνεσι,
606 3269 829 3341 γένηται
881 3266 937 3319 δὲ
983 3264 1076 3319 καὶ
1118 3264 1297 3317 αὐτῶν
1350 3261 1575 3316 ἐκείνων
1626 3260 1933 3331 διόρθωσις,

347 3361 810 3434 παραζηλούντων
875 3360 972 3414 καὶ
1032 3358 1389 3431 μιμουμένων
1444 3355 1573 3419 τοὺς
1624 3352 1686 3420 ἐξ
1739 3353 1934 3409 ἐθνῶν.

349 3456 515 3509 ’Ὥστε
551 3454 615 3508 τὸ
645 3455 1019 3521 προσπταῖσαι
1054 3451 1252 3514 αὐτοὺς
1286 3448 1486 3521 τρόπον
1513 3449 1636 3503 τινὰ
1670 3449 1751 3513 είς
1778 3447 1938 3521 άνόρ-

349 3547 514 3600 θωσιν
547 3546 790 3599 συντελεῖ
812 3545 911 3615 τὴν
939 3543 1141 3598 αὐτῶν.
1179 3544 1352 3613 Εἴπερ
1382 3542 1453 3595 ἐν
1483 3540 1582 3610 μὲν
1620 3540 1701 3607 τῷ
1746 3554 1937 3610 παρα-

348 3639 612 3708 πτώματι
643 3636 842 3691 αὺτῶν
876 3638 914 3705 ἠ
944 3636 1209 3703 σωτηρία
1246 3633 1373 3700 τοῖς
1402 3635 1666 3696 ἔθνεσιν,
1710 3635 1767 3686 ἐν
1788 3633 1845 3686 δέ
1867 3635 1934 3705 τῇ

351 3729 596 3799 σωτηρίᾳ
618 3727 894 3798 ἐκείνωνὴ
924 3725 1134 3779 τούτων
1164 3725 1554 3796 παραζήλωσις
1573 3740 1588 3755 ⁶
1624 3723 1713 3777 διὰ
1755 3724 1813 3777 δὲ
1835 3723 1937 3795 τῆς

350 3819 799 3891 παραζηλώσεως
840 3821 874 3890 ἡ
930 3819 1039 3872 τῶν
1106 3819 1478 3872 πεπτωκότων
1533 3817 1932 3886 ἐπανόρθωσις.

350 3913 586 3982 Τοιαύτη
609 3913 716 3983 γὰρ
741 3914 773 3982 ἡ
804 3911 898 3965 τοῦ
924 3912 1059 3965 Θεοῦ
1090 3911 1340 3982 πρόνοια.
1372 3908 1464 3974 Ἐξ
1489 3909 1710 3979 ἀπόρων
1734 3910 1935 3979 πόρους

349 4007 604 4076 παρέχει,
656 4005 750 4059 καὶ
804 4007 870 4059 ἐκ
921 4006 1031 4058 τῶν
1084 4003 1341 4057 ἐναντίων
1371 4005 1440 4057 τὰ
1474 4002 1838 4073 χρηστότερα.
1871 4000 1934 4054 Oi

352 4101 452 4170 μὲν
500 4100 609 4170 γὰρ
687 4099 969 4160 Ἰουδαῖοι,
1020 4096 1309 4159 ἔπταισαν,
1373 4095 1514 4149 ὥστε
1591 4097 1778 4148 πεσεῖν
1840 4094 1935 4147 καὶ

2033 3193 2267 3249 rumque
2293 3178 2540 3249 ipsorum
2588 3180 2920 3246 emendatio,
2959 3181 3341 3236 aemulantium
3392 3191 3449 3235 et
3493 3181 3624 3235 imi-

2035 3272 2264 3327 tantium
2292 3287 2387 3328 eos
2418 3272 2513 3342 qui
2563 3282 2690 3327 sunt
2733 3288 2798 3326 ex
2832 3273 3123 3342 gentibus;
3172 3272 3248 3328 ita
3287 3282 3347 3327 ut
3405 3273 3623 3327 illorum

2032 3364 2307 3419 vacillatio
2351 3365 2592 3420 medium
2623 3365 2897 3434 quoddam
2944 3366 3025 3420 eis
3058 3373 3277 3433 praestet
3323 3364 3389 3419 ad
3416 3364 3628 3419 revela-

2035 3456 2240 3510 tionem
2279 3472 2293 3509 :
2326 3454 2597 3525 siquidem
2628 3456 2682 3508 in
2714 3456 2930 3508 illorum
2960 3456 3157 3509 delicto
3185 3455 3336 3508 salus
3361 3456 3431 3508 sit
3455 3455 3628 3524 genti-

2036 3548 2170 3613 bus;
2204 3550 2255 3602 iu
2292 3549 2465 3603 salute
2486 3558 2665 3602 autem
2690 3550 2956 3617 gentium,
2981 3546 3295 3603 Judazorum
3326 3549 3626 3614 mmulatio,

2034 3651 2089 3696 et
2116 3656 2214 3712 per
2278 3642 2421 3697 hanc
2462 3643 2865 3697 aemulationem
2918 3659 3113 3698 eorum
3169 3644 3262 3713 qui
3314 3644 3630 3698 ceciderunt

2035 3734 2219 3794 elatio.
2249 3733 2397 3791 Talis
2444 3737 2589 3790 enim
2638 3745 2724 3792 est
2766 3735 2860 3791 Dei
2910 3737 3273 3806 providentia.
3326 3735 3403 3790 Ex
3468 3736 3630 3791 inviis

2033 3826 2153 3880 vias
2185 3827 2410 3895 praebet,
2441 3837 2495 3883 et
2531 3843 2597 3882 ex
2629 3828 2925 3883 contrariis
2976 3828 3216 3882 utiliora.
3263 3826 3434 3882 .Iudazi
3479 3827 3626 3882 enim

2034 3914 2400 3985 olfenderunt,
2431 3919 2503 3973 ita
2541 3928 2601 3972 ut
2642 3919 2951 3974 occiderent
2990 3930 3041 3973 et
3094 3919 3359 3988 iacerent,
3414 3929 3468 3974 et
3522 3933 3623 3973 nec

2041 4008 2145 4062 sibi
2191 4024 2372 4079 neque
2402 4009 2527 4064 aliis
2563 4010 2694 4065 utile
2741 4010 3001 4080 quiddam
3050 4020 3311 4080 praestare
3365 4020 3626 4080 possent;

2042 4099 2136 4154 sed
2163 4097 2441 4156 Christum
2479 4101 2698 4157 illorum
2730 4103 2953 4165 delicto,
3003 4115 3060 4158 et
3110 4103 3165 4157 in
3209 4102 3451 4173 gentium
3482 4102 3632 4156 salu-

349 4193 586 4256 κεῖσθαι,
631 4193 725 4247 καὶ
774 4192 912 4263 μήτε
942 4192 1185 4253 οέαυτοῖς
1226 4190 1367 4260 μήτε
1423 4189 1632 4259 ἑτέροις
1690 4187 1929 4260 χρηστοῦ

2040 4200 2147 4245 tem
2171 4230 2186 4254 ,
2221 4200 2277 4246 et
2314 4193 2369 4246 in
2402 4193 2622 4248 illorum
2652 4194 2896 4263 ipsorum
2926 4196 3313 4249 relevationem
3348 4209 3484 4249 usus
3520 4202 3625 4247 est.

347 4305 491 4352 τινος
520 4288 773 4356 γενέσθαι
833 4286 1016 4339 αἴτιοι.
1054 4286 1111 4338 Ὀ
1153 4284 1211 4337 δὲ
1271 4284 1507 4352 Χριστὸς
1560 4283 1636 4351 τῷ
1691 4285 1871 4337 αὐτῶν
1921 4286 2352 4358 παραπτώματι,
2403 4290 2498 4343 καὶ
2542 4291 2623 4354 είς
2662 4294 2765 4359 τὴν
2814 4293 2924 4344 τῶν
2972 4291 3143 4345 ἐθνῶν
3187 4289 3486 4361 σωτηρίαν,
3534 4301 3628 4352 καὶ

294 4450 299 4455 Ξ
348 4382 429 4457 είδς
454 4378 552 4452 τὴν
580 4377 759 4432 αὐτῶν
787 4377 1012 4431 ἐκείνων
1032 4378 1305 4449 ἐχρήσατο
1333 4376 1737 4448 ἐπανόρθωσιν.

350 4517 421 4569 El
446 4514 553 4586 γὰρ
608 4515 646 4584 ὴ
703 4510 977 4581 ἀποϐολὴ
1034 4508 1253 4633 αὐτῶῖ,
1283 4509 1633 4581 καταλλαγὴ
1674 4511 1935 4580 κόσμου,

1022 4599 1077 4633 κ.
1114 4598 1167 4633 τ.
1242 4620 1256 4633 .

1022 4599 1077 4635 κ.
1114 4598 1167 4636 τ.
1208 4598 1256 4635 Λ.

422 4701 669 4754 Φωτίου.
701 4700 899 4754 ’ἰστέον
915 4716 979 4769 γε
1016 4699 1143 4771 μὴν,
1174 4699 1255 4752 δτι
1280 4696 1362 4762 τὸ,
1382 4699 1451 4752 El
1470 4697 1576 4768 γὰρ
1603 4697 1643 4767 ἠ
1672 4698 1943 4767 ἀποϐολὴ

349 4792 570 4857 αὐτῶν,
594 4791 627 4863 ἢ
647 4790 984 4862 ἐπανάληψις
1020 4792 1134 4843 ἐστι
1156 4788 1273 4857 τοῦ,
1292 4791 1342 4844 εί
1375 4788 1444 4843 δὲ
1468 4789 1535 4842 τὸ
1576 4789 1946 4858 παράπτωμα

350 4883 570 4949 αὐτῶν,
615 4885 691 4947 ὡς
744 4884 836 4938 καὶ
886 4882 1230 4955 προείρηται,
1286 4881 1319 4953 ἢ
1372 4882 1518 4935 αίτία
1561 4883 1660 4953 τῆς
1714 4880 1945 4950 σπουδῆς

350 4980 564 5034 Παύλου
627 4980 727 5051 τῆς
768 4977 895 5049 περὶ
915 4977 976 5030 τὸ
1008 4977 1250 5046 σωθῆναι
1310 4975 1635 5040 αύτούς.Ὡς
1678 4975 1745 5028 ἂν
1776 4975 1828 5027 εί
1863 4990 1947 5035 τις

350 5072 529 5139 ἔλεγε,
585 5070 651 5123 Τί
714 5069 989 5134 σπεύδεις,
1042 5067 1246 5134 Παῦλε,
1303 5067 1441 5137 ὑπὲρ
1506 5066 1613 5121 τῶν
1651 5066 1948 5143 Ἰουδαίων,

349 5164 550 5232 λέγων,
585 5162 784 5229 Εἷπως
815 5159 1224 5231 παραζηλώσω
1257 5178 1378 5229 μου
1411 5160 1527 5227 τὴν
1572 5159 1793 5227 σάρκα,
1847 5159 1945 5212 καὶ

352 5254 533 5307 σώσω
580 5253 747 5317 τινὰς
772 5253 840 5316 ἐξ
880 5252 1116 5315 αὐτῶν;
1148 5252 1243 5315 Τίς
1275 5252 1422 5304 ἐστιν
1471 5253 1499 5305 ό
1547 5251 1804 5315 τοσοῦτός
1849 5268 1944 5305 σου

354 5344 539 5415 ἀγών;
570 5344 701 5411 Ναὶ,
744 5345 898 5415 φησὶ,
934 5345 1205 5415 προσήκει
1237 5362 1327 5415 μοι
1369 5343 1621 5398 σπεύδειν
1672 5343 1769 5397 καὶ
1794 5345 1945 5412 ἀγω-

355 5438 618 5504 νίζεσθαι.
681 5439 744 5491 ΕΞ
803 5438 912 5508 γὰρ
960 5437 1056 5490 καὶ
1110 5437 1315 5491 τούτων
1370 5437 1731 5500 ἐκλιπόντων,
1795 5438 1943 5508 ὅμως

356 5531 675 5603 κατηλλάγη
731 5534 759 5584 ὁ
810 5531 942 5593 Θεὸς
962 5531 1041 5600 τῷ
1086 5532 1297 5601 κόσμῳ,
1361 5532 1457 5584 καὶ
1510 5530 1570 5583 τὸ
1628 5529 1943 5600 μεσότοιχον

357 5622 501 5693 ἥρθη
529 5624 627 5693 τῆς
675 5623 910 5685 παλαιᾶς
940 5623 1164 5693 ἔχθρας,
1195 5623 1245 5675 τί
1276 5622 1342 5675 ἂν
1370 5623 1432 5675 ού
1470 5623 1683 5691 γένοιτο
1708 5619 1943 5692 χρηστὸν

360 5716 454 5769 καὶ
510 5716 986 5788 ύπεροαύμαστον,
1045 5715 1170 5778 καὶ,
1211 5715 1417 5769 τούτων
1494 5714 1776 5769 σωθέντων
1848 5713 1942 5767 καὶ⁵

2028 4512 2217 4569 "Vens.
2258 4513 2344 4569 15.
2382 4511 2444 4569 Si
2479 4515 2619 4569 enim
2667 4515 2885 4569 amissio
2935 4528 3113 4566 eorum
3152 4513 3512 4568 reconciliatio
3549 4525 3626 4570 est

2662 4586 2867 4650 mundi,
2920 4593 3027 4640 etc.

2120 4697 2319 4757 Photii.
2353 4699 2648 4757 Sciendum
2702 4707 2787 4755 est
2829 4701 2975 4770 quod
3003 4698 3139 4753 illud
3174 4696 3274 4753 :Si
3302 4697 3440 4752 enim
3461 4701 3629 4753 amis-

2047 4794 2125 4847 sio
2148 4809 2350 4862 eorum,
2369 4794 2619 4865 repetitio
2639 4802 2723 4847 est
2744 4793 2911 4856 illius,
2930 4791 3070 4862 quod
3095 4791 3141 4843 si
3162 4790 3411 4844 delictum
3423 4807 3625 4846 eorum.

2046 4881 2118 4937 Ut
2159 4886 2301 4937 enim
2354 4898 2521 4953 supra
2572 4882 2775 4937 dictum
2829 4891 2933 4949 est,
2987 4895 3153 4936 causa
3204 4888 3288 4936 est
3334 4889 3627 4935 conatuum

2048 4975 2200 5030 Pauli
2237 4976 2305 5030 ob
2334 4975 2549 5029 illorum
2603 4975 2853 5029 salutem.
2904 4974 2960 5028 Si
3012 4973 3159 5028 enim
3216 4971 3340 5042 quis
3378 4971 3628 5026 diceret:

2050 5067 2189 5136 Quid
2238 5070 2479 5133 conaris,
2533 5067 2719 5133 Paule,
2748 5067 2815 5123 de
2861 5065 3086 5131 ludatis,
3111 5064 3382 5120 dicendo:
3416 5062 3477 5118 Si
3503 5080 3632 5133 quo-

2049 5161 2204 5214 modo
2236 5161 2304 5214 ad
2350 5160 2742 5229 wntttlatioucm
2780 5174 3053 5228 provocem
3087 5171 3298 5209 carnem
3344 5170 3536 5219 meam,
3581 5162 3629 5207 et

2048 5254 2221 5308 salvos
2251 5253 2452 5324 faciam
2482 5254 2685 5324 aliquos
2716 5270 2780 5307 ex
2833 5252 2963 5306 illis.
2996 5250 3262 5318 Quisnam
3308 5257 3392 5304 est
3447 5256 3629 5302 tantus

2047 5346 2152 5402 iste
2187 5348 2353 5402 ardor
2379 5348 2403 5401 ἲ
2433 5347 2527 5411 ita,
2558 5347 2712 5413 dicit,
2740 5346 2897 5399 decet
2915 5359 3001 5399 me
3030 5340 3218 5399 conari
3246 5348 3301 5395 et
3327 5338 3540 5394 ardere.
3569 5337 3626 5391 Si
3676 5398 3681 5403 _

2045 5436 2191 5491 enim
2241 5436 2324 5491 his
2358 5435 2655 5499 derelictis,
2711 5434 3071 5489 nihilominus
3120 5429 3438 5486 reconciliet
3489 5425 3632 5481 Deus

2048 5528 2337 5591 mundum,
2369 5538 2422 5583 ct
2458 5528 2672 5582 medius
2707 5529 2888 5597 paries
2933 5526 3152 5580 tollatur
3181 5521 3381 5576 veteris
3434 5519 3631 5573 inimi-

2048 5621 2208 5687 citize,
2238 5620 2369 5690 quid
2407 5637 2517 5675 non
2554 5619 2695 5673 foret
2747 5620 2878 5673 utile
2909 5629 2963 5673 et
3002 5616 3343 5679 admirabile,
3396 5613 3481 5669 his
3520 5613 3635 5668 salo

2049 5714 2190 5771 vatis
2226 5723 2283 5771 et
2328 5713 2678 5784 assumptis?
2709 5713 2841 5779 Quae
2880 5720 2965 5767 est
3010 5710 3174 5780 igitur
3202 5724 3391 5766 eorum
3420 5722 3629 5764 assum-
