3930 6218
395 262 531 331 1247

1561 263 2365 326 PHOTII'PATRIARCli/E
2389 263 2490 323 (ΣΡ.

3501 255 3643 323 1248

389 380 506 451 ptio
532 388 590 434 et
629 376 856 441 additio,
904 374 1011 432 nisi
1042 373 1283 447 perfecta
1329 384 1385 431 et
1428 376 1633 449 integra
1674 376 1883 442 laetitia,
1914 378 1963 432 iu

2071 378 2527 450 προστεθέντωνς
2580 375 2665 439 τίς
2709 371 2805 429 οὖν
2835 374 2991 430 ἔσται
3036 374 3221 429 αὐτῶν
3266 374 3302 446 ἠ
3350 374 3658 445 πρόσληψις

390 472 495 528 bac
550 471 761 531 scilicet
803 469 1046 543 perfecta
1101 480 1154 526 et
1206 486 1345 525 nova
1410 472 1518 524 vita
1576 480 1631 525 et
1686 482 1968 525 resurrec-

388 565 539 627 tione
583 579 617 620 e
671 564 922 630 mortuis,
983 563 1251 631 omnium,
1298 579 1405 617 non
1444 564 1617 618 solum
1668 564 1762 634 qui
1798 563 1969 618 ollen-

389 656 625 724 derunt,
666 656 760 712 sed
813 664 869 710 et
914 656 1009 727 qui
1055 671 1229 726 usque
1266 656 1332 711 ad
1390 668 1621 711 mortem
1687 665 1740 711 et
1779 654 1964 710 interi-

389 754 505 801 tum
551 748 909 803 ceciderunt?
963 746 1031 801 Et
1076 748 1241 803 vide:
1276 747 1549 817 Incipiens
1599 748 1964 803 offensionem

272 840 275 845 '
388 839 678 909 appellavit
720 837 1032 894 Judazorum
1089 837 1546 901 incredulitatem,
1576 837 1771 892 deinde
1829 835 1967 890 deli-

389 942 561 981 ctum.
589 927 725 981 Cum
778 938 956 984 autem
1008 929 1116 984 illis
1145 929 1463 997 ostenderit,
1496 930 1543 985 si
1591 930 1812 985 credere
1835 938 1962 985 tan-

390 1026 504 1070 tum
537 1018 748 1082 volunt,
773 1018 1041 1072 bonorum
1073 1020 1503 1089 magnitudinem
1530 1036 1546 1086 ;
1581 1032 1634 1076 et
1666 1021 1791 1077 illos
1815 1020 1965 1075 exci-

391 1106 608 1168 taverit,
662 1106 785 1161 illos
850 1108 1183 1161 nominando
1214 1109 1457 1178 gentium
1497 1109 1736 1172 divitias,
1773 1108 1965 1163 mundi

389 1198 912 1263 reconciliationem,
945 1207 1001 1252 et
1054 1214 1273 1253 carnem
1312 1214 1465 1254 suam
1500 1201 1801 1270 propriam,
1836 1209 1966 1256 tunc

390 1287 791 1344 incredulitatis
816 1287 971 1344 nefas
994 1300 1257 1358 quantum
1298 1292 1369 1345 sit
1412 1291 1688 1357 ostendit;
1719 1301 1964 1347 mortuos

392 1394 487 1447 per
517 1379 657 1435 lianc
688 1381 932 1434 eamdem
979 1381 1095 1435 ﬁeri
1140 1382 1473 1453 signiﬁcans.
1509 1381 1616 1437 Sed
1652 1383 1756 1437 hoc
1785 1382 1963 1437 admi-

390 1470 633 1529 rabiliter
656 1473 895 1527 maxime
925 1482 979 1527 ct
1007 1473 1287 1543 sapienter
1317 1474 1467 1530 facit.
1499 1476 1634 1530 Cum
1661 1476 1807 1529 enim
1843 1476 1962 1531 illos

389 1562 662 1631 appellare
692 1572 954 1628 mortuos,
986 1578 1234 1619 amarum
1262 1576 1316 1621 et
1367 1567 1835 1623 contumeliosum
1867 1569 1960 1636 sit,

389 1662 444 1708 et
478 1654 532 1707 in
564 1654 821 1724 injuriam
855 1655 1027 1725 magis
1064 1673 1229 1727 quam
1280 1658 1334 1713 in
1360 1659 1799 1715 exhortationem
1842 1670 1961 1716 ten-

2069 472 2162 525 καὶ
2193 473 2226 542 ἡ
2252 469 2560 542 προσθήκη,
2604 471 2652 522 εἰ
2693 468 2769 540 μὴ
2797 467 2977 522 τελεία
3008 468 3104 522 καὶ
3141 467 3437 536 ὁλόκληρος
3484 464 3654 536 χαρὰ,

2066 562 2142 624 ὼς
2170 563 2262 614 ἐπὶ
2307 560 2491 632 τελείᾳ
2535 561 2632 614 καὶ
2661 562 2823 630 καινῇ
2856 562 2966 631 ζωῇ
2994 560 3089 613 καὶ
3136 557 3431 612 ἀναϐιώσει
3460 558 3530 609 ἐκ
3567 572 3656 609 νεα

2067 652 2235 723 κρῶν,
2277 654 2513 719 πάντων,
2534 652 2593 704 ού
2629 652 2789 723 μόνον
2820 651 2930 703 τῶν
2974 650 3485 721 προσπταισάντων,
3517 647 3658 701 ἀλλά

2066 744 2299 798 καὶτῶν
2334 744 2493 815 μέχρι
2530 743 2761 797 Θανάτου
2793 744 2890 797 καὶ
2933 743 3256 812 νεκρὼσεως
3305 738 3655 794 καταπεσόνο

2064 853 2209 902 των;
2244 838 2351 889 Καὶ
2386 837 2515 907 ὅρα·
2566 836 2869 906 ἀρχόμενος
2917 834 3038 905 μὲν,
3077 836 3328 904 πταῖσμα
3368 832 3469 903 τὴν
3495 830 3658 885 ἀπεί-

2067 928 2217 982 θειαν
2266 928 2494 981 ἐκάλεσε
2541 928 2650 982 τῶν
2712 927 3024 981 Ἰουδαίων·
3081 922 3205 981 εἶτα
3268 926 3654 997 παράπτωμα.

2078 1019 2299 1091 Ἐπειδὴ
2346 1019 2405 1073 δέ
2460 1017 2658 1085 ἔδειξεν
2710 1018 2915 1084 αὐτοῖς,
2980 1017 3074 1071 ἐὰν
3125 1016 3426 1088 βούλωνται
3488 1015 3656 1086 μόνον

2065 1112 2373 1182 πεισθῆναι.
2450 1111 2511 1164 τὸ
2567 1110 2797 1181 μέγεθος
2866 1109 2978 1163 τῶν
3031 1110 3283 1179 ἀγαθῶν,
3315 1109 3413 1163 καὶ
3445 1107 3656 1177 ἐπῆρεν

2064 1204 2282 1266 αὐτοὺς,
2344 1199 2575 1255 πλοῦτον
2634 1200 2809 1253 ἐθνῶν
2867 1198 3080 1267 καλῶν,
3146 1201 3243 1254 καὶ
3299 1199 3655 1269 καταλλαγὴν

2063 1296 2291 1364 κόσμου,
2326 1292 2418 1347 καὶ
2448 1292 2624 1363 σάρκα
2654 1292 2882 1345 οἰκείαν·
2938 1291 3061 1345 τότε
3100 1292 3193 1344 καὶ
3224 1291 3324 1361 τῆς
3360 1289 3653 1353 ἀπειθείας

2063 1386 2125 1440 τὸ
2156 1387 2356 1440 ἄτοπον
2386 1385 2573 1457 ἡλίκον
2615 1384 2734 1438 ἐστὶ
2774 1383 3030 1448 δεικνύει,
3082 1384 3308 1453 νεκροὺς
3345 1381 3519 1450 αὐτῆς
3561 1380 3652 1435 διά

2064 1476 2268 1548 ταύτης
2310 1478 2563 1546 γενέσθαι
2607 1475 3062 1546 ἀποφαινόμενος.
3125 1473 3287 1528 Ἀλλά
3333 1474 3429 1528 καὶ
3482 1472 3651 1527 τοῦτο

2061 1571 2182 1625 λίαν
2211 1571 2531 1643 θαυμασίως
2589 1569 2735 1624 ποιεί
2783 1570 2878 1623 καὶ
2927 1568 3128 1638 σοφῶς.
3173 1569 3392 1638 Ἐπειδὴ
3446 1568 3559 1637 γάρ
3587 1565 3651 1619 τὺ

2064 1664 2291 1734 νεκροὺς
2339 1663 2536 1726 αὐτοὺς
2604 1661 2997 1733 ὀνομασθῆναι,
3050 1659 3173 1714 λίαν
3228 1659 3427 1731 πικρὸν
3453 1654 3523 1730 ἦν
3551 1658 3650 1711 καὶ

387 1744 502 1809 dat,
536 1758 645 1799 non
680 1745 752 1799 ita
777 1745 922 1800 sicco
946 1746 1105 1801 modo
1133 1748 1183 1801 id
1228 1750 1502 1819 proponit,
1539 1749 1633 1805 sed
1666 1750 1877 1814 miscet,
1905 1759 1961 1806 et

2065 1755 2455 1826 καταφορικόψ
2521 1756 2616 1808 καὶ
2670 1758 2749 1817 εἰς
2795 1755 2951 1826 ὓϐριν
3002 1755 3203 1825 μᾶλλον
3250 1752 3650 1825 ἢπαραίνεσιν

388 1835 445 1891 in
476 1835 655 1891 laudis
690 1837 937 1893 ordinem
973 1838 1195 1909 praefert
1223 1840 1411 1897 dicens
1445 1859 1459 1897 :
1491 1840 1624 1907 Qua:
1664 1844 1960 1911 assumptio

385 1947 588 1996 eorum,
622 1931 724 1985 nisi
754 1932 861 1985 vita
900 1947 967 1985 ea;
990 1932 1212 1987 mortuis
1241 1932 1265 1985 Ἰ
1296 1947 1392 2002 per
1420 1932 1563 1989 hanc
1593 1948 1800 1998 vocem,
1831 1936 1959 1998 vita,

382 2020 690 2092 jucundum
749 2022 1022 2091 quoddam
1075 2038 1314 2093 ponens;
1353 2038 1448 2093 per
1506 2024 1637 2079 illud
1683 2033 1884 2090 autem,
1933 2041 1962 2080 e

388 2114 612 2166 mortuis
653 2112 968 2181 signiﬁcans
1008 2113 1449 2170 incredulitatem
1492 2130 1683 2172 eorum
1729 2124 1962 2173 mortem

387 2216 531 2257 esse.

387 2316 556 2375 Vens.
599 2317 691 2374 28.
727 2316 1025 2374 Secundum
1079 2319 1427 2392 Evangelium
1472 2322 1704 2393 quidem,
1750 2323 1959 2379 inimici

987 2402 1203 2460 propter
1235 2408 1347 2446 008.

463 2478 660 2536 Photii.
687 2480 904 2547 Quaeret
926 2481 1145 2552 aliquis,
1175 2483 1221 2539 si
1252 2482 1459 2539 inimici
1487 2483 1616 2540 facti
1639 2484 1749 2541 sint
1767 2484 1959 2553 Judaei,

386 2584 610 2644 propter
641 2574 763 2629 illos
796 2576 890 2644 qui
920 2590 949 2630 e
979 2576 1232 2646 gentibus
1284 2577 1657 2641 crediderunt,
1689 2579 1964 2647 quomodo

389 2666 641 2735 superius
666 2666 882 2732 dixerit,
919 2668 1171 2733 Quandiu
1217 2685 1310 2739 ego
1340 2686 1457 2723 sum
1481 2672 1719 2741 gentium
1746 2680 1962 2740 aposto-

388 2758 495 2819 lus,
520 2757 867 2810 ministerium
893 2774 1061 2811 meum
1091 2758 1473 2828 honori/icabo.
1506 2758 1728 2826 Quare?
1756 2759 1813 2816 Si
1829 2777 1965 2832 quo-

388 2847 544 2899 modo
592 2847 661 2900 ad
719 2847 1112 2904 inmutationem
1172 2866 1444 2920 provocem
1504 2868 1715 2906 carnem
1767 2869 1961 2908 meam.

392 2936 451 2991 Si
468 2938 612 2992 enim
645 2940 714 2993 ob
742 2939 899 2994 ﬁdem
926 2940 1172 3012 gentium
1221 2942 1551 2997 aemulantur
1595 2950 1650 2998 et
1681 2943 1966 3000 imitantur

2060 1848 2366 1901 συντελοῦν·
2387 1846 2681 1917 ούχλοῦτως
2693 1846 2824 1900 αὐτὸ
2851 1847 3035 1918 τίθησι
3060 1846 3259 1918 ξηρῶς,
3284 1845 3421 1899 ἀλλά
3450 1843 3651 1914 μίγνυ-

2062 1958 2146 1993 σιν
2161 1940 2423 2002 ceroma}.
2454 1941 2512 1993 ἐν
2536 1939 2687 2005 τάξει
2710 1938 2932 1991 ἐπαίνου
2963 1938 3220 2009 προάγει,
3245 1937 3441 2005 λέγων,
3471 1937 3570 2003 Τίς
3605 1936 3647 2003 ἡ

2059 2029 2407 2096 πρόσληψις
2432 2025 2652 2085 αὐτῶν.
2672 2028 2723 2080 εἰ
2761 2026 2847 2095 μὴ
2879 2026 2991 2094 ζωὴ
3014 2028 3081 2080 ἐκ
3103 2025 3367 2094 νεκρῶνς
3416 2025 3503 2079 διά
3543 2024 3649 2095 μὲν

2058 2116 2178 2183 τοῦ,
2208 2116 2342 2185 ζωὴ,
2365 2117 2425 2170 τὸ
2448 2117 2736 2187 εὐφραῖνον
2749 2114 3040 2177 “Oete-5th
3068 2114 3123 2167 δὲ
3146 2113 3263 2179 τοῦ,
3293 2114 3360 2167 ἐκ
3388 2109 3645 2181 νεκρῶν,

2060 2207 2471 2279 ὑποσημαίνων,
2509 2206 2592 2259 ὅτι
2620 2208 2654 2277 ἡ
2684 2205 2937 2259 ἀπείθεια
2982 2204 3165 2258 αὐτῶν
3218 2204 3488 2273 νέκρωσις
3548 2197 3642 2273 ἦν.

2164 2321 2324 2374 Κατά
2349 2319 2466 2388 μὲν
2489 2318 2557 2371 τὸ
2586 2316 2974 2387 Εὑαγτέλιον,
3000 2316 3199 2385 ἐχθροὶ
3249 2315 3324 2369 δι’
3354 2314 3534 2385 ὑμᾶς.

2130 2412 2376 2466 Φωτίου.
2401 2410 2670 2480 Ζητήσειε
2694 2409 2740 2462 δ’
2769 2409 2836 2463 ἀν
2883 2424 2990 2473 τις,
3022 2409 3072 2461 εἰ
3118 2407 3305 2478 ἐχθροὶ
3351 2409 3645 2476 γεγόνασιν

2072 2506 2338 2570 Ἰουδαῖοι,
2389 2504 2477 2558 διὰ
2516 2504 2642 2566 τοὺς
2698 2503 2757 2569 ἐξ
2807 2502 2979 2555 ἐθνῶν
3028 2500 3488 2563 πεπιστευκότας,
3519 2498 3644 2563 πῶς

2059 2596 2314 2667 ἀνωτέρω
2330 2594 2534 2663 ἔλεγεν,
2553 2594 2677 2663 Ἐφ’
2703 2593 2854 2647 ὅσον
2874 2592 2989 2662 εἰμί
3015 2592 3128 2662 ἐγὼ
3159 2591 3353 2646 ἐθνῶν
3379 2591 3642 2645 ἀπόστο-

2060 2692 2193 2755 λος,
2208 2689 2321 2756 τὴν
2331 2686 2644 2761 διακονίαν
2656 2702 2772 2755 μου
2787 2681 3031 2749 δοξάζω;
3045 2682 3197 2736 Διατί
3217 2683 3427 2747 ;εῑπως
3445 2696 3639 2748 παρα-

2062 2776 2303 2847 ζηλώσω
2319 2793 2439 2846 μου
2470 2774 2585 2842 τὴν
2623 2774 2842 2842 σάρκα.
2888 2774 2950 2827 Εἰ
2994 2773 3103 2844 γὰρ
3149 2772 3236 2826 διά
3259 2774 3357 2843 τῆς
3399 2774 3642 2835 πίστεως

2062 2868 2171 2923 τῶν
2200 2866 2370 2921 ἐθνῶν
2395 2865 2799 2938 παραζηλοῦσι,
2828 2866 2922 2919 καὶ
2956 2864 3253 2935 μιμοῦνται
3285 2865 3335 2917 οἰ
3371 2864 3639 2928 Ἰουδαῖοι,

2064 2962 2159 3017 καὶ
2188 2961 2370 3015 πιστοί
2397 2960 2662 3029 γίνονται,
2706 2958 2824 3019 πῶς
2852 2957 2919 3011 δι’
2951 2957 3150 3020 αὐτοὺς
3171 2954 3359 3028 ἐχθροὶ
3397 2956 3642 3024 γίνονται

388 3025 585 3095 Judaai,
641 3037 695 3084 et
734 3029 918 3085 ﬁdeles
955 3031 1112 3096 ﬁunt,
1143 3031 1416 3102 quomodo
1442 3042 1661 3103 propter
1689 3032 1812 3089 illos
1853 3034 1958 3089 ini-

2065 3052 2224 3109 πάλιν
2250 3052 2348 3124 τῆς
2369 3025 2617 3115 πίστεως
2634 3052 2729 3105 καὶ
2753 3051 2849 3104 τοῦ
2890 3025 3283 3118 Εύαγγελίουνςή
3299 3048 3462 3102 Ἀλλά
3495 3047 3641 3121 πρῶ-

390 3118 515 3173 mici
546 3136 734 3175 rursus
762 3119 889 3176 lacti
944 3131 1075 3177 sunt
1121 3122 1241 3177 ﬁdei
1276 3130 1331 3178 et
1360 3122 1677 3195 Evangelii?
1708 3124 1811 3181 Sed
1846 3125 1962 3196 pri-

390 3226 483 3265 mo
508 3210 742 3267 dicimus
806 3213 955 3269 illum
999 3230 1106 3269 non
1144 3214 1349 3271 dixisse
1396 3216 1465 3271 ob
1516 3215 1675 3271 ﬁdem
1716 3218 1961 3287 gentium

391 3302 638 3357 aemulari
673 3313 727 3358 et
770 3304 973 3359 imitari
1004 3305 1241 3371 Judaaos,
1277 3306 1371 3362 sed
1406 3307 1553 3377 quod
1591 3307 1964 3379 gloriﬁcentur

393 3402 449 3449 et
480 3394 810 3462 laudentur;
842 3396 1026 3452 Gloria
1056 3400 1202 3452 enim
1226 3406 1281 3453 et
1322 3398 1442 3453 laus
1468 3400 1522 3453 in
1556 3400 1679 3456 illos
1706 3402 1799 3471 qui
1835 3410 1965 3457 sunt

391 3500 459 3539 ex
491 3487 746 3555 gentibus
786 3487 1093 3553 incurrens,
1132 3489 1255 3544 illos
1330 3490 1590 3545 excitabit
1621 3492 1687 3546 ad
1735 3492 1963 3546 aemula-

394 3575 623 3662 tionem!
652 3586 707 3631 et
754 3578 1149 3645 imitationem;
1198 3579 1272 3635 ita
1300 3587 1359 3635 ut
1422 3582 1778 3653 repugnantia
1822 3581 1963 3637 invi-

392 3683 509 3723 cem
547 3683 656 3722 non
681 3668 792 3723 sint
816 3684 945 3737 qua:
965 3668 1111 3723 dicta
1143 3679 1270 3724 sunt
1304 3688 1319 3726 :
1354 3673 1594 3727 secundo
1617 3684 1818 3739 autem,
1853 3688 1961 3727 non

392 3759 690 3813 assercndo
718 3760 945 3827 dixisse,
972 3766 1033 3813 ut
1067 3760 1394 3815 aemulentur
1438 3760 1632 3828 Judaai,
1665 3764 1759 3817 sed
1805 3762 1964 3833 quasi

390 3850 719 3921 ambigendo
751 3860 804 3903 et
833 3850 1152 3905 dubitando.
1199 3853 1261 3907 Si
1304 3854 1583 3923 quomodo,
1619 3855 1751 3909 dicit
1794 3855 1964 3922 enim,

394 3942 466 3994 ad
517 3940 908 3995 aemulationem
965 3957 1239 4009 provocem
1285 3959 1499 3997 carnem
1548 3961 1739 3999 meam.
1785 3944 1962 4012 Sicut,

393 4031 645 4098 fortasse,
683 4034 897 4089 tametsi
929 4034 1093 4089 etiam
1116 4034 1187 4089 ob
1209 4050 1399 4090 eorum
1429 4037 1612 4102 ﬁdem,
1640 4054 1749 4092 non
1780 4047 1963 4094 autem

391 4136 489 4193 per
533 4122 759 4193 gloriam
815 4132 868 4177 et
921 4122 1159 4190 laudem,
1193 4122 1401 4179 diceret
1440 4125 1507 4179 ad
1558 4126 1963 4183 aemulationem

390 4228 683 4284 provocare
737 4229 796 4268 sc
838 4211 1074 4282 Iudaeos,
1112 4230 1224 4270 non
1257 4215 1332 4271 ita
1360 4216 1463 4272 sibi
1496 4229 1780 4289 pugnaret.
1826 4218 1963 4275 Nam

392 4320 516 4359 cum
548 4305 700 4369 dicit,
723 4307 925 4360 inimici
945 4317 1159 4377 propter
1178 4325 1293 4374 vos,
1328 4307 1642 4365 Iudaeorum
1671 4312 1966 4367 increduli-

2062 3145 2152 3200 τόν
2178 3162 2377 3215 φαμεν,
2398 3145 2479 3198 ὃτι
2501 3145 2601 3198 οὐκ
2632 3144 2737 3214 ἔφη
2760 3142 2849 3196 διά
2878 3141 2977 3213 τῆς
3025 3141 3266 3204 πίστεως
3311 3139 3422 3193 τῶν
3466 3138 3643 3192 ἐθνῶν

2061 3234 2409 3308 παραζηλοῦν
2438 3236 2532 3290 καί
2558 3235 2840 3306 μιμεῖσθαι
2872 3234 2999 3297 τοὺς
3028 3232 3317 3295 Ἰουδαίους
3346 3271 3362 3297 ,
3386 3230 3522 3284 ἀλλά
3550 3229 3643 3284 διὰ

2060 3328 2154 3381 τοῦ
2188 3325 2506 3394 δοξάζεσθαι
2528 3327 2750 3390 αὐτοὺς,
2775 3326 2863 3380 διά
2901 3325 2995 3378 τοῦ
3030 3323 3393 3379 ἐπαινεῖσθαι.
3436 3321 3502 3375 Ἦ
3527 3320 3643 3392 γάρ

2059 3419 2185 3484 δόξα
2207 3420 2298 3472 καί
2324 3419 2353 3472 ό
2410 3418 2629 3481 ἔπαινος
2654 3419 2682 3471 ό
2699 3418 2778 3481 εἰς
2798 3417 2925 3479 τοὺς
2955 3415 3015 3481 ἐξ
3058 3415 3228 3470 ἐθνῶν
3278 3413 3618 3483 ἀνατρέχων,

2062 3508 2296 3581 ἐρεθίσει
2323 3508 2522 3572 αὐτοὺς
2550 3510 2643 3561 καὶ
2664 3510 2743 3570 εἰς
2766 3506 2925 3576 ζῆλον
2954 3505 3050 3559 καὶ
3081 3504 3515 3576 μίμησιν.Ὠστε
3536 3501 3641 3556 οὐκ

2062 3602 2278 3655 ἐναντία
2306 3600 2456 3654 ἐστὶν
2485 3600 2729 3670 ἀλλήλων
2758 3598 2827 3653 τὰ
2852 3598 3143 3670 εἰρημένα.
3162 3598 3423 3668 Δεύτερον
3454 3597 3532 3656 δὲ.
3555 3596 3640 3649 ὅτι

2061 3691 2123 3745 ού
2184 3691 2325 3745 κατά
2364 3690 2659 3760 ἀπόφασιν,
2710 3688 2839 3761 ἐφη,
2892 3687 3381 3760 παραζηλὼσουσιν
3410 3689 3461 3741 οἰ
3506 3688 3645 3740 Ἰου-

2061 3780 2221 3845 δαῖοι,
2250 3780 2364 3834 ἀλλ’
2416 3778 2733 3851 ἀμφιϐόλως
2764 3781 2859 3834 καί⁹
2901 3778 3166 3844 διστάζων
3198 3794 3215 3810 ·
3248 3777 3322 3831 El
3348 3793 3475 3843 πως
3500 3776 3640 3847 γάρ,

2064 3872 2221 3941 φησί,
2282 3870 2690 3939 παραζηλώσω
2732 3888 2854 3940 μου
2904 3870 3021 3937 τὴν
3076 3870 3293 3938 σάρκα.
3323 3866 3450 3924 Οίον
3483 3870 3643 3935 ἴσως,

2062 3962 2225 4034 τάχα,
2260 3962 2399 4016 ὥστε
2425 3965 2473 4016 εἰ
2504 3964 2599 4016 καὶ
2639 3962 2733 4016 διά
2760 3962 2862 4033 τῆς
2914 3962 3093 4016 αὐτῶν
3139 3961 3393 4027 πίστεως,
3417 3962 3541 4033 οὐχὶ
3585 3963 3645 4016 δὲ

2063 4053 2153 4108 διὰ
2176 4053 2275 4124 τῆς
2308 4053 2468 4123 δόξης
2517 4054 2610 4107 καὶ
2656 4053 2767 4106 τῶν
2828 4052 3091 4107 ἐπαίνων.
3138 4052 3335 4121 Ἔλεγε
3387 4054 3647 4123 παραζη-

2063 4144 2192 4199 λοῢν
2234 4146 2361 4208 τοὺς
2416 4144 2725 4208 Ἰουδαίους,
2762 4144 2869 4197 οὐδ’
2923 4143 3098 4208 οὕτως
3145 4144 3383 4214 ἐμάχετο
3434 4144 3642 4215 ἐαυτῷ.

2065 4236 2165 4289 Διά
2196 4236 2295 4304 μὲν
2324 4235 2432 4306 γάρ
2459 4236 2554 4289 τοῦ
2594 4237 2789 4302 εἰπεῖν,
2827 4235 3029 4305 ἐχθροὶ
3057 4235 3130 4289 δι’
3154 4236 3331 4304 ὑμᾶς,
3350 4235 3459 4289 τῶν
3502 4236 3644 4289 Ἰου-

2066 4329 2228 4382 δαίων
2259 4328 2359 4400 τὴν
2402 4328 2659 4383 ἀπιστίαν
2680 4330 2851 4399 λέγει,
2882 4331 2975 4382 καὶ
3004 4329 3104 4399 τὴν
3122 4328 3303 4382 αἰτίαν
3331 4330 3398 4383 δι’
3414 4329 3484 4400 ἢν
3506 4346 3645 4399 σφο-

392 4403 556 4450 tateln
582 4398 869 4467 signiﬁcat,
896 4408 951 4453 et
987 4414 1209 4455 causam
1272 4417 1374 4456 cur
1408 4404 1779 4460 vehementius
1836 4405 1959 4461 ﬁdei

2065 4398 2325 4490 δρότερονή
2342 4420 2738 4491 ἀπεχθάνονται
2766 4422 2831 4491 τῇ
2864 4398 3185 4475 πίστειξΔιά
3200 4420 3258 4474 δὲ
3290 4420 3404 4482 τοῦ,
3432 4398 3491 4474 ει
3513 4438 3644 4488 πως

390 4486 774 4556 adversentur;
796 4506 917 4544 cum
950 4502 1131 4548 autem
1154 4494 1320 4550 dicit:
1342 4494 1401 4549 Si
1426 4497 1684 4566 quomodo
1713 4498 1781 4550 ad
1808 4514 1965 4553 armu-

392 4575 646 4631 lationem
684 4594 955 4647 provocem
1004 4598 1217 4637 carnem
1273 4599 1482 4651 meum,
1531 4587 1780 4654 proprios
1824 4589 1963 4644 iudi-

2067 4600 2320 4667 σπουδὴν,
2356 4602 2423 4673 ἢν
2471 4575 2618 4671 εἶχεν
2644 4602 2723 4666 είς
2761 4575 2829 4656 *τὸ
2867 4575 3039 4656 σῶσαι
3076 4602 3203 4667 τοὺς
3225 4602 3285 4668 ἐξ
3346 4603 3639 4659 Ἰουδαίων.

390 4674 480 4722 cat
505 4678 737 4726 conatus
762 4671 962 4741 quibus
1014 4673 1225 4729 salvare
1251 4672 1469 4733 Judteos
1507 4678 1698 4734 nititur
1719 4690 1773 4735 et
1805 4690 1961 4737 extra
1996 4668 2021 4689 ’(⁷

394 4759 527 4814 illud
567 4761 728 4815 ctiam
766 4761 916 4831 quod
960 4761 1217 4830 diximus,
1256 4780 1364 4820 non
1438 4766 1513 4823 ita
1581 4782 1956 4842 repugnarent

392 4852 625 4921 apostoli
676 4852 855 4916 dictae,
887 4854 1140 4922 quamvis
1168 4864 1459 4929 utrumque
1507 4863 1833 4932 explicando
1881 4866 1966 4921 di-

390 4952 629 4995 ceretur.
661 4939 874 4996 Etenim
904 4943 1037 4997 nihil
1069 4955 1275 5002 vetaret
1304 4951 1601 5019 quominus
1635 4954 1801 5025 aliqui
1840 4970 1963 5013 cre-

392 5028 673 5097 dentium,
744 5032 849 5087 lide
912 5035 1153 5103 gentium
1215 5040 1474 5107 excitati,
1534 5047 1859 5103 aemulentur
1912 5057 1967 5104 et

392 5115 711 5185 imitentur;
743 5131 795 5176 et
818 5123 975 5177 multi
1002 5126 1239 5182 vicissim
1269 5146 1375 5185 non
1421 5134 1783 5203 credentium,
1837 5140 1964 5194 odio

392 5205 611 5262 illorum
648 5212 741 5279 qui
809 5228 872 5267 ex
903 5218 1150 5284 gentibus
1195 5231 1324 5278 sunt
1365 5225 1755 5294 pertinaciores
1788 5238 1843 5283 et
1876 5231 1964 5285 in-

390 5298 728 5356 creduliores
766 5312 821 5358 et
861 5305 1191 5367 inlidcliores
1221 5315 1534 5385 evangelico
1572 5320 1846 5389 praeconio
1869 5322 1965 5377 ad-

392 5401 716 5447 versentur:
741 5398 883 5466 quod
921 5400 1052 5470 ipsis
1083 5403 1246 5461 rebus
1268 5408 1439 5462 videri
1476 5420 1683 5479 potest;
1711 5414 1960 5482 quienim

390 5492 580 5574 gentes
602 5483 901 5555 imitantur,
937 5492 1002 5547 ad
1056 5493 1214 5550 ﬁdem
1247 5499 1535 5564 accedunt,
1560 5507 1614 5555 ct
1643 5503 1959 5574 salvantur;

390 5569 483 5675 qui
503 5582 697 5676 .autem
746 5581 999 5648 gentibus
1015 5586 1398 5657 adversantur,
1436 5592 1676 5650 acriores
1702 5595 1826 5651 ﬁdei
1856 5569 1962 5653 ini;

390 5669 517 5719 mici
551 5669 979 5730 constituuntur.

2066 4504 2470 4574 παραζηλώσω
2518 4500 2645 4577 τὴν.
2679 4507 2899 4577 σάρκα,
2944 4512 3045 4579 τὴν
3112 4509 3249 4563 ἰδίαν
3299 4509 3642 4564 ἐνδείκνυται

2067 4693 2177 4746 Καὶ
2201 4692 2370 4764 χωρὶς
2402 4693 2461 4747 δέ
2491 4694 2600 4748 τῶν
2623 4694 2951 4766 εἰρημένων,
2971 4694 3081 4749 οὐδ’
3108 4694 3283 4758 οὕτως
3311 4694 3548 4766 ἐμάχετο
3572 4694 3642 4749 τὰ

2064 4782 2344 4852 λεχθέντα,
2380 4784 2481 4838 κᾶν
2528 4785 2696 4855 ἄμφω
2720 4785 3108 4855 ἀποφαντικῶς
3159 4786 3368 4857 είρητο.
3390 4785 3502 4839 Καὶ
3529 4787 3641 4856 γάρ

2066 4874 2219 4927 οὐδὲν
2240 4874 2445 4928 ἐκώλυε
2468 4876 2621 4940 τινὰς
2650 4876 2750 4947 μὲν
2797 4876 2909 4931 τῶν
2956 4878 3421 4943 πεπιστευκότων,
3446 4878 3643 4950 ἀνερε-

2068 4963 2349 5029 θισθέντας
2378 4968 2444 5037 τῇ
2494 4966 2677 5020 πίστει
2719 4966 2828 5023 τῶν
2862 4967 3054 5035 ἐθνῶν,
3111 4969 3506 5040 παραζηλῶσαι
3545 4968 3643 5023 καὶ

2068 5056 2380 5111 πιστεῦσαι.
2410 5058 2523 5112 Καὶ
2565 5058 2674 5111 τῶν
2713 5058 2788 5130 μὴ
2821 5061 3263 5114 πεπιστευκότων
3313 5060 3478 5115 πάλιν
3512 5061 3646 5114 πολ-

2064 5144 2212 5212 λοὺς,
2251 5146 2398 5215 μίσει
2426 5145 2503 5217 τῷ
2551 5148 2687 5217 πρὸς
2710 5150 2835 5212 τοὺς
2895 5150 2957 5214 ἐξ
2995 5150 3184 5215 ἐθνῶν,
3241 5149 3644 5221 σκληροτέρους

2065 5234 2159 5287 καὶ
2194 5236 2585 5308 ἀπιστοτέρους
2612 5240 2706 5291 καὶ
2728 5239 3153 5319 ἀπειθέστέρους
3180 5239 3259 5311 τῷ
3301 5240 3645 5310 εὐαγγελικῷ

2065 5326 2328 5380 κινεῖσθαι
2368 5326 2705 5399 κηρύγματι.
2753 5332 2818 5385 '0
2868 5333 2961 5385 uati.
2990 5333 3076 5384 ἐπ’
3107 5332 3286 5385 αὐτῶν
3342 5332 3472 5384 ἰδεῖν
3528 5333 3645 5383 ἔστι

2064 5416 2172 5468 τῶν
2212 5417 2576 5486 πραγμάτων.
2628 5421 2691 5473 Οί
2741 5421 2842 5492 μὲν
2884 5424 2993 5493 γάρ
3044 5422 3373 5493 μιμούμενοι
3421 5422 3549 5485 τοὺς
3588 5420 3649 5487 ἐξ

2064 5506 2252 5569 ἐθνῶν,
2284 5508 2679 5579 προσέρχονται
2742 5514 2807 5583 τῇ
2859 5514 3060 5579 πίστει,
3122 5515 3215 5566 καὶ
3265 5511 3547 5576 σώζονται.
3581 5514 3645 5565 Oi

2064 5597 2122 5651 δὲ
2178 5599 2390 5664 τούτοις
2424 5602 2879 5675 ἀπεχθανόμενοι,
2943 5608 3291 5681 σφοδρότεροι
3334 5606 3523 5679 ἐχθροὶ
3544 5606 3642 5677 τῆς

2066 5692 2299 5758 πίστεως
2320 5693 2692 5753 καθίστανται.
