3930 6218
282 323 299 385 l
314 322 418 387 249

378 410 489 469 Καὶ
521 410 608 482 μὴ
661 398 1185 476 συσχυατίζεσθε
1219 399 1297 466 τῷ
1342 400 1511 454 ιιὶῶνι
1542 399 1749 465 τούτῳ.

345 574 592 629 Φωτίου.
625 572 698 625 Ἦ
728 566 853 623 ἀντὶ
878 564 1001 631 τοῦ,
1032 563 1120 636 Μὴ
1147 558 1619 633 συμμετατίθεσθε
1645 558 1765 621 ταῖς
1784 556 1865 610 δι-

273 666 596 728 δασκαλίαις
656 662 767 717 τῶν
796 662 861 715 ὲκ
897 657 994 712 τοῦ
1030 656 1226 719 αἰῶνος
1270 653 1459 708 τούτου
1505 648 1599 703 τοῦ
1652 648 1867 720 ῥέοντος

275 760 372 814 καὶ
402 758 501 828 οὐχ
563 755 861 823 ἱσταμένου
916 750 1019 820 τὴν
1073 744 1423 801 διδασκαλίαν
1455 740 1865 815 προσαγόντων.

274 850 444 905 Τοῦτο
469 848 526 902 δὲ
555 845 728 900 εἰπὼν
766 843 857 898 ἴνα
890 843 965 913 μή
990 856 1137 904 τινες
1156 839 1266 892 τῶν
1310 836 1583 892 Ἰουδαίων
1611 833 1863 895 εἴπωσιν,

276 940 490 999 Οὐκοῦν
537 937 767 1000 οὐδόλως
817 935 898 988 δεῖ
943 934 1092 1005 ἡμᾶς
1141 926 1732 1003 μετασχηματίζεσθαι,
1758 925 1869 979 ἀπὸ

276 1034 379 1104 τῆς
405 1029 852 1102 παραδεδομένης
881 1028 1015 1099 ἡμῖν
1051 1026 1146 1078 τοὺ
1180 1023 1348 1094 νόμου
1378 1018 1749 1087 διδασκαλίας,
1780 1018 1870 1073 διὰ

279 1126 438 1181 τοῦτο
466 1122 685 1192 ἐπάγει,
713 1119 877 1177 ἀλλὰ
911 1116 1437 1188 μεταμορφοῦσθε,
1473 1113 1742 1179 τουτέστι,
1776 1112 1870 1165 Δεῖ

279 1216 442 1287 ἡμᾶς
469 1216 611 1271 κατὰ
633 1216 695 1270 τὸ
728 1214 942 1285 θέλημα
966 1210 1063 1265 τοῦ
1113 1209 1250 1265 Θεοῦ
1297 1206 1700 1281 μετατίθεσθαι.
1724 1204 1868 1260 Πολὺ

280 1310 340 1365 δὲ
366 1309 428 1363 τὸ
463 1308 629 1379 μέσον
651 1308 751 1376 τῆς
779 1304 891 1359 ἀπὸ
922 1302 1016 1357 τοῦ
1049 1302 1216 1373 νόμου
1242 1299 1617 1365 διδασκαλίας,
1650 1299 1746 1352 καὶ
1767 1298 1869 1367 τῆς

281 1401 425 1456 κατὰ
456 1400 518 1453 τὸ
544 1398 758 1469 θέλημα
784 1394 878 1449 τοῦ
921 1392 1057 1449 θεοῦ
1099 1392 1313 1461 σοφίας.
1354 1391 1420 1445 Ἠ
1477 1391 1579 1461 μὲν
1608 1388 1740 1461 γὰρ,
1773 1388 1869 1441 καὶ

284 1490 417 1545 αὐτὸ
442 1491 504 1543 τὸ
534 1488 720 1560 σχῆμα
743 1488 805 1541 τὸ
830 1486 1052 1556 νομικὸν
1075 1483 1393 1546 ἀπόλλυσιν,
1419 1484 1499 1546 είς
1529 1480 1656 1536 ἄλλο
1680 1480 1871 1552 σχῆμα

286 1581 485 1644 κακίας
509 1582 604 1634 καὶ
651 1577 954 1649 διαφθορᾶς
1006 1577 1216 1646 ἄγουσα
1243 1590 1258 1607 ο
1290 1576 1325 1645 ἡ
1375 1573 1455 1640 δὲ,
1486 1572 1547 1627 οὐ
1587 1572 1747 1642 μόνον
1768 1570 1871 1623 οὒκ

286 1674 552 1730 ἀπόλλυσι
582 1672 643 1726 τὸ
675 1671 772 1725 τοῦ
807 1671 977 1742 νόμου
1023 1670 1210 1740 σχῆμα
1238 1668 1317 1738 (ὲν
1350 1669 1589 1737 σχήματι
1641 1664 1751 1735 γὰρ
1775 1662 1871 1717 καὶ

1144 309 1610 375 FRAGMENTA
1648 309 1731 370 IN
1763 302 2199 369 EPISTOLAM
2234 301 2336 363 AD
2374 296 2762 362 ROMANOS.

1885 394 2113 463 ACAP.
2162 391 2279 447 ΧΠ.
2340 389 2507 444 Vens.
2564 385 2621 438 2.
2680 385 2751 439 Et
2801 383 2979 463 _nolite
3051 382 3381 453 conformari
3427 383 3549 436 huic

3409 286 3546 355 1250

2651 456 2866 513 steculo.

2036 556 2432 612 Photii.(2erte
2480 554 2635 623 quasi
2692 553 2924 615 diceret,
2979 548 3149 602 nolite
3210 542 3552 601 conformari

1966 649 2235 708 doctrinis
2261 662 2452 704 eorum
2476 649 2566 717 qui
2597 660 2661 701 ex
2705 644 2812 698 hoc
2861 642 3064 698 saeculo
3093 637 3241 710 quod
3266 636 3469 692 labitur
3497 644 3554 689 et

1969 758 2079 800 non
2111 742 2274 798 desiit
2326 740 2631 797 doctrinam
2666 734 2975 809 proferunt.
3017 732 3099 788 Ita
3130 746 3261 787 vero
3302 730 3549 788 locutus.

1969 844 2031 892 ut
2057 836 2191 891 nulli
2234 833 2546 889 Iudaeorum
2599 831 2806 892 dicant,
2840 841 2975 899 ergo
3029 838 3162 882 sane
3198 838 3308 879 non
3341 830 3554 894 oportet

1968 943 2072 985 nos
2090 925 2468 984 transformari
2502 925 2572 979 ab
2603 923 2695 978 illa
2724 937 2848 993 qua:
2898 919 3059 975 nobis
3103 916 3302 972 tradita
3333 914 3438 970 fuit
3473 915 3555 970 le-

1970 1022 2052 1093 gis
2083 1019 2351 1083 doctrina,
2388 1016 2522 1073 illud
2548 1014 2723 1078 addit,
2772 1013 2863 1068 sed
2910 1009 3307 1081 reformamini,
3353 1006 3407 1062 id
3445 1013 3549 1072 est,

1968 1119 2184 1185 oportet
2214 1127 2308 1165 nos
2358 1108 2662 1165 secundum
2712 1105 2809 1162 Dei
2846 1105 3186 1161 voluntatem
3244 1098 3551 1154 immutari.

1968 1205 2225 1277 Magnum
2263 1202 2412 1260 enim
2456 1199 2805 1257 intervallum
2861 1206 2948 1253 est
2988 1197 3132 1251 inter
3162 1194 3335 1258 illam,
3374 1206 3496 1262 quae
3522 1205 3554 1246 ιι

1967 1299 2086 1370 lege
2111 1298 2291 1360 datur,
2317 1279 2743 1355 doctrinam,'et
2777 1289 2948 1354 illam,
2976 1301 3098 1358 qua:
3123 1284 3425 1342 secundum
3456 1283 3556 1339 Dei

1967 1390 2303 1445 voluntatem
2328 1394 2431 1450 est,
2463 1381 2809 1453 sapientiam.
2832 1379 2954 1434 Una
3004 1376 3178 1441 enim,
3210 1376 3386 1445 ipsam
3411 1374 3555 1428 hanc

1968 1481 2197 1554 legalem
2221 1478 2455 1534 formam
2477 1474 2734 1537 destruit,
2762 1473 2817 1527 in
2857 1471 3021 1527 aliam
3071 1468 3307 1524 formam
3336 1467 3557 1521 malitiae

1969 1575 2358 1650 etLperditionis
2383 1573 2650 1629 inducens
2667 1568 2878 1640 ;faltera
2897 1576 3079 1622 autem
3109 1578 3220 1620 non
3256 1562 3422 1619 modo
3444 1577 3556 1616 non

1970 1672 2205 1729 formam
2257 1666 2394 1738 legis
2441 1663 2700 1727 destruit,
2758 1661 2815 1717 in
2855 1658 3033 1714 forma
3080 1656 3226 1712 enim
3257 1662 3312 1710 et
3360 1653 3557 1708 umbra

288 1768 419 1838 σκιᾷ
434 1768 527 1821 καὶ
548 1768 740 1829 τύποις
774 1762 865 1817 τοῦ
895 1764 1062 1833 νόμου
1085 1761 1378 1832 ὑπῆρχεν),
1395 1758 1532 1812 ἀλλὰ
1558 1758 1654 1811 καὶ
1674 1756 1872 1809 τελειοτ

1986 1775 2026 1821 3t
2057 1762 2245 1835 ﬁguris
2268 1760 2405 1831 legis
2432 1764 2666 1820 constat.
2698 1755 2791 1813 sed
2854 1753 3005 1808 illam
3037 1747 3276 1820 perﬁcit.
3308 1745 3556 1803 relictam

287 1860 418 1914 αὐτό
452 1875 466 1890 ο
494 1858 593 1929 τὴν
636 1855 965 1926 λειπομένην
1000 1852 1150 1924 αὐτῷ
1206 1852 1422 1923 μορφὴν
1460 1851 1554 1904 καὶ
1587 1848 1647 1902 τὸ
1672 1846 1871 1910 κάλλος

290 1950 669 2022 ἁπαρτίζουσα
691 1949 786 2002 καὶ
812 1944 1226 2017 άναπληροῦσα.
1256 1943 1350 1997 Διὸ
1380 1942 1445 2013 δὴ
1468 1940 1648 2004 καλῶς
1683 1953 1871 2011 φησιν·

298 2043 398 2113 Μὴ
440 2040 982 2113 συσχηματίζεσθε,
1031 2038 1193 2094 ἀλλὰ
1229 2034 1750 2107 μεταμορφοῦσθε.
1802 2032 1877 2087 Τὸ

300 2138 403 2210 μὲν
443 2136 552 2207 γάρ
592 2137 741 2189 ἐστιν
802 2133 1072 2198 ἀπώλεια,
1121 2130 1184 2184 τὸ
1222 2130 1302 2194 δὲ,
1347 2129 1593 2200 σωτηρία
1635 2128 1730 2181 καὶ
1781 2143 1875 2179 τε-

297 2229 534 2299 λειότης.

292 2321 458 2391 Λέγω
486 2318 597 2390 γὰρ
618 2318 716 2391 διὰ
737 2318 858 2391 τῆς*
871 2306 1117 2391 χάριτος(
1134 2315 1248 2391 τῆς
1262 2313 1876 2391 δοθείσῃςμοιηπρζτξ

365 2381 445 2457 τῷ
466 2381 595 2472 b'rzit
634 2390 706 2442 ἐν
756 2381 920 2459 .9sz,
944 2381 960 2387 ⁷
976 2386 1062 2457 μὴ
1088 2381 1521 2456 ’ὑπερφρονεῖν
1555 2381 1697 2452 παρ’
1729 2381 1760 2437 ὃ
1786 2382 1884 2437 δεῖ

364 2478 630 2531 φρονειγ.

364 2554 692 2608 Φωτίου.Ἦ
716 2553 811 2606 καὶ
840 2550 1014 2613 οὕτως
1034 2550 1207 2618 λέγει·
1226 2549 1319 2621 Μὴ
1348 2548 1713 2621 ὑπερφρονεῖν
1731 2548 1877 2620 ὑμᾶς

292 2646 354 2700 ἓν
382 2644 547 2699 παντὶ
571 2643 869 2715 χαρίσματι
898 2640 976 2711 τῷ
1021 2640 1133 2694 ὄντι
1171 2641 1230 2696 ὲν
1283 2641 1431 2711 ὑμῖν.
1492 2639 1710 2709 Ταύτην
1765 2638 1876 2709 γὰρ

291 2738 393 2809 τὴν
430 2738 618 2792 ἄνοιαν
650 2738 745 2790 καὶ
785 2735 854 2789 τὰ
907 2734 1226 2805 ὲπαγόμενα
1260 2732 1456 2805 δηλῶν,
1478 2734 1536 2786 ἐν
1573 2728 1655 2796 οἷς
1688 2748 1875 2803 φησιν,

306 2827 576 2896 Ἐκάστῳ
588 2828 711 2895 ὠςό
740 2829 884 2894 Θεὸς
903 2827 1164 2899 ἐμέρισε.
1189 2825 1377 2894 Σοφῶς
1400 2825 1458 2879 δὲ
1476 2825 1596 2878 λίαν
1625 2823 1722 2877 καὶ
1751 2839 1878 2876 συν-

294 2919 451 2994 ετῶς,
466 2918 753 2989 προέταξε,
800 2918 863 2970 τὸ
899 2918 999 2972 διὰ
1024 2918 1135 2986 τῆς
1162 2915 1402 2986 χάριτος
1432 2916 1526 2969 τοῦ
1561 2915 1718 2982 Θεοῦ,
1754 2914 1880 2988 μέλ-

294 3010 404 3065 λων
435 3011 630 3074 αὑτοὺς
653 3009 925 3063 νουθετεῖν
943 3010 1024 3073 είς
1051 3010 1111 3063 τὸ
1138 3010 1215 3080 μὴ
1234 3010 1620 3079 ὑπερφρονεῖν.
1655 3008 1877 3078 Ἐπειδὴ

294 3103 405 3174 γὰρ
434 3102 529 3155 καὶ
559 3101 619 3154 τὸ
644 3101 916 3155 νουθετεῖν
938 3101 1033 3154 καὶ
1060 3102 1370 3154 ἐπιτάττειν
1397 3100 1578 3162 ἄλλοις
1621 3100 1791 3154 ἐνίοτε
1820 3100 1878 3166 ἐξ

296 3193 718 3265 ὑπερφροσύνης
749 3192 984 3262 γίνεται,
1012 3192 1301 3263 προλαϐὼν
1329 3192 1519 3246 ἰάσατο
1551 3192 1677 3255 τοὺς
1698 3165 1877 3246 τοιούέ
1902 3165 1947 3227 C

298 3303 425 3350 τους
456 3286 771 3356 λογισμούς.
803 3287 916 3339 Οὐκ
941 3286 1056 3339 ἐστι
1083 3286 1212 3354 γὰρ,
1248 3285 1402 3355 φησι,
1426 3284 1484 3351 ἐξ
1511 3284 1653 3356 ὲμῆς
1702 3285 1879 3356 ὁρμῆς

296 3378 359 3432 τὸ
384 3378 655 3431 νουθετεῖν
681 3379 826 3449 ὑμᾶς
850 3392 864 3407 °
889 3378 1025 3433 ἀλλὰ
1046 3377 1164 3431 ἀπὸ
1190 3374 1298 3445 τῆς
1320 3377 1564 3447 χάριτος
1595 3375 1691 3429 τοῦ
1720 3376 1878 3441 Θεοῦ,

299 3470 464 3524 αὐτοῦ
496 3470 774 3541 διάταγμα
804 3469 1019 3539 πληρῶ.
1055 3468 1310 3539 Ἐμέρισε
1366 3468 1424 3521 δὲ
1448 3467 1518 3522 τὰ
1561 3466 1882 3539 χαρίσματα

298 3565 360 3618 οὑ
391 3564 534 3617 κατὰ
589 3562 922 3633 φιλοτιμίαν,
952 3562 1090 3615 ἀλλὰ
1132 3562 1283 3615 κατὰ
1306 3561 1373 3614 τὸ
1406 3559 1628 3630 μέτρον
1655 3560 1755 3630 τῆς
1789 3560 1880 3612 πί-

304 3674 496 3719 στεως.
521 3656 763 3718 Πίστεως
787 3655 865 3719 δὲ,
888 3655 949 3708 οὺ
981 3654 1079 3725 τῆς
1120 3655 1260 3707 κατὰ
1280 3654 1379 3722 τὴν
1409 3652 1668 3724 λατρείαν
1694 3651 1881 3722 φησίν.

303 3749 511 3811 Πάντες
532 3748 642 3819 γὰρ
668 3748 849 3801 πιστοὶ
892 3749 987 3801 καὶ
1012 3746 1207 3800 τέλειοι
1255 3746 1313 3799 ὲν
1362 3746 1501 3816 αὐτῇ
1533 3746 1642 3798 εἰσι
1691 3743 1884 3814 δηλον-

300 3839 405 3901 ότι,
436 3840 487 3892 οί
544 3840 897 3910 χαρισμάτων
941 3838 1287 3903 ἀξιωθέντες,
1323 3837 1461 3891 ἀλλὰ
1494 3837 1597 3907 τῆς
1631 3837 1775 3891 κατὰ
1816 3836 1886 3889 τά

299 3933 616 4005 χαρίσματα
640 3934 898 3997 πίστεως.
922 3930 1121 3996 Καθὼς
1148 3932 1243 3986 καὶ
1272 3932 1330 3984 ὲν
1354 3930 1706 3999 Εὐαγγελίοις
1733 3929 1884 4001 εἴρη-

298 4043 413 4089 ται,
435 4027 633 4094 Κύριε,
661 4030 925 4094 πρόσθες
958 4026 1104 4095 ἡμῖν
1135 4027 1344 4079 πίστιν
1370 4040 1386 4056 °
1414 4026 1509 4078 καὶ
1538 4023 1721 4086 πάλιν,
1738 4022 1882 4076 Ἐὰν

300 4118 483 4187 ἔχητε
506 4120 716 4173 πίστιν
733 4119 812 4185 ὡς
839 4121 1063 4173 κόκκον
1081 4118 1402 4184 σινάπεως.
1425 4117 1538 4171 Καὶ
1564 4116 1751 4181 πάλιν,
1776 4115 1881 4168 Διὰ

299 4210 418 4276 τὴν
459 4212 879 4281 ὀλιγοπιστίαν
909 4212 1101 4281 ὑμῶν.
1156 4211 1326 4280 Δῆλον
1376 4210 1506 4281 γὰρ,
1562 4208 1638 4273 ὡς
1686 4208 1873 4278 ἕτερον

1977 1858 2059 1913 illi
2085 1855 2322 1927 speciem
2357 1859 2414 1907 et
2455 1847 2922 1922 pulchritudinem
2973 1855 3311 1912 componens
3334 1848 3389 1895 et
3438 1853 3560 1893 am-

1977 1948 2251 2021 pliﬁcans.
2284 1944 2410 2000 Ideo
2443 1951 2594 2000 recte
2622 1940 2759 1998 dicit
2794 1958 2808 1996 :
2840 1956 2861 1993 ι
2905 1937 3087 1993 Nolite
3109 1935 3557 2021 conformari,....

1976 2019 2067 2090 sed
2104 2033 2495 2105 reformamini.
2544 2050 2562 2085 ι
2613 2029 2752 2085 lllud
2810 2028 2959 2084 enim
3023 2024 3260 2096 perditio
3309 2029 3417 2087 est,
3453 2019 3560 2074 hoc

1977 2136 2159 2184 autem
2182 2125 2334 2182 salus
2356 2134 2412 2180 et
2443 2122 2726 2193 perfectio.

1977 2305 2146 2362 Vens.
2183 2305 2240 2361 3.
2269 2301 2397 2357 Dico
2421 2303 2561 2357 enim
2591 2316 2683 2370 per
2722 2301 2951 2370 gratiam
2975 2311 3092 2365 qua:
3122 2295 3262 2370 data
3290 2301 3367 2347 est
3404 2290 3558 2353 mihi.

2049 2377 2292 2432 omnibus
2342 2375 2432 2444 qui
2478 2365 2601 2426 sunt
2650 2365 2791 2424 inter
2838 2385 2926 2423 vos
2968 2386 2987 2423 :
3051 2381 3154 2418 non
3208 2365 3327 2433 plus
3375 2378 3565 2432 sapere

2047 2464 2209 2518 quam
2235 2452 2435 2516 oportet
2467 2457 2673 2511 sapere,
2714 2452 2820 2495 etc.

2050 2540 2255 2596 Photii.
2276 2537 2435 2595 Certe
2453 2548 2508 2593 et
2523 2536 2598 2591 ita
2622 2533 2776 2599 dicit,
2790 2546 2901 2587 non
2918 2531 3043 2602 plus
3058 2542 3249 2599 sapere
3262 2532 3351 2582 aut
3374 2539 3564 2595 super-

1978 2632 2102 2691 bire
2129 2648 2230 2687 vos
2258 2633 2310 2684 in
2345 2628 2493 2685 omni
2524 2627 2671 2683 dono
2694 2625 2839 2695 quod
2863 2632 2946 2679 est
2968 2623 3020 2677 in
3045 2618 3386 2685 vobis,hanc
3412 2615 3560 2672 enim

1979 2723 2268 2781 stultitiam
2291 2721 2377 2777 bis
2406 2733 2529 2791 quas
2551 2716 2885 2786 adjiciuntur
2905 2712 3220 2776 ostendens,
3260 2708 3356 2765 ubi
3393 2707 3559 2764 dicit:

1983 2838 2005 2872 ι
2045 2817 2336 2889 Unicuique
2391 2815 2529 2868 sicut
2565 2810 2710 2867 Deus
2739 2808 2941 2873 divisit,
2975 2806 3249 2875 sapienter
3312 2802 3460 2858 enim
3511 2810 3566 2855 et

1978 2911 2279 2983 prudenter
2325 2906 2607 2978 praevenit,
2634 2921 2727 2975 per
2748 2903 2978 2974 gratiam
3001 2899 3097 2955 Dei
3127 2912 3186 2955 se
3198 2896 3319 2952 illos
3341 2893 3561 2955 debere,

1979 3021 2048 3059 ne
2106 3000 2428 3073 superbiant
2492 3010 2739 3054 monere.
2810 2993 2951 3049 Cum
3009 2990 3159 3046 enim
3220 3000 3445 3044 monere
3510 2993 3566 3039 et

1979 3097 2276 3169 praecipere
2326 3094 2451 3150 aliis
2479 3090 2771 3162 aliquando
2798 3104 2828 3144 e
2857 3084 3112 3157 superbia
3169 3080 3560 3154 proﬁciscitur,

1980 3198 2314 3262 praeverteris
2370 3187 2520 3241 hisce
2566 3182 2873 3239 rationibus
2902 3178 3173 3235 medetur.
3220 3174 3340 3230 Non
3387 3173 3559 3237 enim,

1980 3283 2180 3354 inquit,
2214 3297 2282 3337 ex
2308 3294 2431 3337 meo
2473 3288 2624 3334 motu
2664 3291 2762 3332 vos
2795 3288 3012 3339 moneo,
3055 3271 3153 3328 sed
3201 3285 3293 3342 per
3331 3270 3563 3341 gratiam

1986 3376 2104 3439 Dei,
2148 3374 2267 3445 ejus
2316 3381 2649 3443 praeceptum
2697 3366 2929 3437 impleoJ
2962 3363 3156 3419 Divisit
3207 3369 3390 3418 autem
3422 3362 3563 3417 dona

1986 3480 2094 3522 non
2129 3465 2431 3520 secundum
2476 3448 2892 3521 liberalitatem,
2922 3455 3017 3513 sed
3056 3453 3362 3511 secundum
3418 3468 3565 3508 men-

1985 3574 2167 3615 suram
2198 3558 2359 3628 fidei;
2387 3554 2509 3610 ﬁdei
2540 3567 2670 3608 vero
2699 3565 2805 3606 non
2843 3549 2989 3605 illius
3011 3563 3135 3618 quae
3161 3555 3246 3603 est
3266 3546 3565 3602 secundum

1986 3651 2334 3713 servitutem,
2368 3647 2546 3717 inquit
2568 3662 2582 3707 :
2606 3658 2799 3700 omnes
2823 3644 2970 3699 enim
3002 3641 3188 3697 ﬁdeles
3206 3648 3261 3696 et
3285 3639 3567 3695 credentes

1983 3749 2037 3803 in
2060 3747 2147 3802 illa
2178 3754 2309 3800 sunt
2332 3744 2633 3806 evidenter,
2666 3740 2761 3811 qui
2788 3744 3057 3795 donorum
3081 3736 3231 3808 digni
3260 3735 3365 3792 visi
3409 3744 3565 3793 sunt:

1985 3839 2078 3895 sed
2105 3839 2276 3901 illius,
2327 3851 2450 3907 qua:
2476 3833 2781 3891 secundum
2821 3833 2962 3887 dona
2999 3838 3086 3887 est
3123 3831 3257 3885 ﬁdes
3291 3846 3307 3884 :
3355 3828 3571 3884 sicutet

1985 3928 2040 3984 in
2067 3928 2376 3999 Evangeliis
2408 3926 2607 3981 dicitur
2640 3944 2653 3979 :
2683 3924 2933 3991 Domine,
2966 3923 3171 3993 adauge
3195 3921 3344 3975 nobis
3372 3920 3568 3989 ﬁdem;

1987 4033 2045 4080 et
2081 4024 2279 4079 iterum
2316 4040 2329 4078 :
2360 4020 2420 4077 Si
2451 4020 2739 4075 habueritis
2773 4020 2930 4089 ﬁdem
2976 4030 3037 4071 ut
3066 4030 3292 4089 granum
3319 4014 3521 4083 sinapis
3548 4030 3567 4079 ,-

1987 4126 2043 4172 et
2062 4116 2256 4172 iterum
2290 4132 2303 4170 :
2328 4113 2549 4182 Propter
2565 4110 2952 4182 parvamiﬁdem
2974 4122 3221 4163 vestram.
3252 4104 3569 4161 Patetenim

1990 4210 2149 4263 aliam
2174 4209 2317 4263 hanc
2336 4207 2461 4261 tidei
2494 4204 2947 4276 signiﬁcationem
2976 4214 3077 4271 pro
3093 4199 3299 4269 pietate
3325 4197 3494 4253 sumi.

310 4303 473 4361 τοῦτο
498 4304 599 4374 τῆς
626 4304 861 4369 πίστεως
888 4304 949 4358 τὸ
978 4306 1381 4376 σημαινόμενον
1404 4306 1557 4375 παρὰ
1589 4310 1649 4358 τὸ
1681 4307 1777 4359 ἐπὶ
1806 4308 1908 4378 τῆς
1950 4302 2244 4367 εὐσεϐείας
2291 4300 2725 4373 λαμϐανόμενον.

442 4399 584 4453 Εἴτε
633 4401 666 4451 ό
695 4395 1082 4465 παρακαλῶν,
1118 4399 1186 4451 ἐν
1223 4396 1299 4466 τῇ
1337 4396 1738 4466 παρακλήσει.

372 4492 618 4545 Φωτίου.
657 4490 850 4552 Ἀλλος
886 4489 942 4541 δὲ
995 4490 1115 4542 δυσὶ
1151 4491 1375 4560 τρόποις
1422 4489 1543 4543 ὅλον
1583 4489 1885 4560 ἐσχηματί-

304 4583 430 4637 σθαι
459 4584 519 4636 τὸ
540 4584 736 4655 χωρίον
766 4584 893 4654 ἔφη,
919 4585 1023 4645 ἕως
1047 4582 1165 4643 τοῦ,
1203 4583 1340 4636 Εἴτε
1366 4586 1397 4636 ό
1422 4581 1789 4652 παρακαλῶν
1813 4584 1884 4636 ἐν

300 4675 379 4746 τῇ
409 4676 811 4745 παρακλήσει.
846 4676 1027 4737 Ποίοις
1061 4676 1312 4743 τοῦτοις;
1345 4676 1423 4748 τῷ
1451 4678 1730 4748 λεγομένῳ
1779 4676 1889 4730 ἀπὸ

303 4769 487 4822 κοινοῦ
511 4768 608 4821 καὶ
652 4767 729 4837 τῷ
758 4767 1080 4838 ἐλλειπτικῷ
1117 4783 1130 4795 ·
1160 4768 1255 4821 καὶ
1286 4769 1393 4838 γὰρ
1415 4768 1477 4822 τὸ
1507 4771 1754 4838 ἔχοντες
1780 4768 1887 4822 άπὸ

303 4860 488 4915 κοινοῦ
526 4860 649 4915 καθ’
698 4860 927 4913 ἕκαστον
980 4861 1155 4916 κῶλον
1203 4863 1713 4933 παραλαμϐάνεται.
1738 4858 1887 4926 Οἷον,

303 4956 419 5010 εἴτε
463 4954 804 5027 προφητείαν
836 4956 950 5024 ἔχει
998 4971 1085 5017 τις
1117 4971 1132 4985 ·
1175 4954 1286 5008 εἴτε
1327 4956 1604 5009 διακονίαν
1627 4954 1741 5024 ἔχει
1778 4971 1885 5016 τις.

305 5048 477 5102 Τοῦτο
504 5046 563 5100 δὲ
604 5047 665 5099 τὸ
717 5045 826 5099 ἀπὸ
874 5045 1079 5109 κοινοῦ,
1115 5046 1211 5099 καὶΙ
1263 5044 1477 5116 ζεῦγμα
1510 5046 1775 5106 καλεῖται,
1806 5047 1889 5099 ὄτι

306 5138 563 5207 ζευγνύει
599 5137 987 5207 πληθυντικὸν,
1024 5138 1210 5208 ἑνικῷ,
1247 5139 1343 5192 καὶ
1377 5138 1630 5209 μετοχὴν,
1660 5139 1885 5208 ῥήματι.

307 5231 497 5293 Οὕτως
524 5227 617 5282 οὖν
650 5230 758 5283 ἀπὸ
785 5229 967 5283 κοινοῦ
1000 5231 1061 5282 τὸ
1099 5230 1348 5298 ἔχοντες
1395 5230 1538 5283 κατὰ
1579 5231 1641 5283 τὸ
1672 5230 1888 5300 ζεῦγμα

305 5320 738 5393 λαμϐανόμενον,
776 5322 1192 5394 ἀπηρτισμένην
1230 5322 1374 5377 κατὰ
1402 5322 1559 5375 τοῦτο
1607 5323 1747 5385 τέως
1788 5324 1889 5393 τὴν

306 5414 517 5468 ἔννοιαν
542 5415 636 5467 καὶ
687 5414 755 5467 τὰ
792 5415 968 5485 χωρία
996 5416 1161 5468 ποιεῖ.
1214 5415 1600 5479 Ἐλλειπιτκῶς
1628 5416 1687 5469 δὲ
1726 5414 1889 5469 πάλιν

307 5506 723 5576 ἐσχημάτισται,
756 5506 839 5559 ὅτι
866 5506 1042 5561 λείπει
1078 5508 1215 5580 πρὸς
1248 5508 1589 5562 υύτοτέλειαν
1617 5508 1714 5562 τοῦ
1761 5510 1887 5580 νοή-

310 5616 502 5671 ματος.
535 5591 660 5650 Οἷον
688 5600 769 5663 τὸ,
802 5600 1025 5653 Μενέτω
1057 5604 1114 5656 ὲν
1141 5594 1186 5670 ᾧ
1235 5600 1418 5656 1λα6εν
1466 5602 1701 5667 ἕκαστος
1730 5603 1887 5673 χαρί-

308 5707 499 5760 σματι.
532 5690 601 5743 Ἢ
624 5689 970 5762 ὰρκείσθω,ἢ
997 5694 1301 5764 στοιχεί·;ω,
1324 5695 1358 5765 ἦ
1377 5712 1430 5747 τι
1447 5693 1709 5748 τοιοῦτον.
1737 5689 1885 5759 Οἷον,

311 5788 416 5837 έετε
437 5783 774 5854 πραφητείαν
803 5783 914 5853 ἔχει
934 5802 1037 5848 τις,
1065 5786 1173 5838 εἴτε
1196 5786 1489 5854 διακονίαν,
1515 5788 1723 5858 μενέτω
1743 5787 1876 5841 ἕκα-

674 5880 945 5940 ΡΔτιιοι.
986 5883 1105 5943 Gn.
1190 5884 1284 5947 CI.

1914 4403 1961 4456 D

2186 4397 2351 4451 Vsus.
2387 4394 2441 4449 8.
2475 4392 2580 4459 Qui
2612 4394 2923 4447 exhortatur
2949 4392 3004 4444 in
3025 4390 3375 4446 exhortando.

2059 4489 2264 4545 Photii.
2304 4485 2462 4541 Alius
2498 4492 2681 4539 autem
2722 4482 2938 4537 duobus
2974 4481 3149 4536 modis
3180 4489 3352 4535 totum
3386 4479 3567 4534 locum

1990 4583 2135 4639 sumi
2170 4580 2328 4644 dixit,
2364 4594 2539 4648 usque
2570 4578 2639 4631 ad
2664 4576 2799 4631 illud
2834 4593 2847 4629 ε
2887 4575 3007 4629 Sive
3048 4574 3140 4643 qui
3174 4575 3488 4627 exhortatur
3514 4579 3570 4628 iu
3676 4606 3688 4618 ς

1988 4671 2339 4730 exhortando.
2378 4668 2591 4737 Quibus
2631 4668 2845 4724 modis?
2887 4668 2941 4721 iu
3002 4666 3307 4730 communi,
3349 4675 3406 4720 ct
3447 4666 3570 4721 elli-

1989 4768 2150 4838 ptice.
2175 4764 2384 4822 Etenim
2414 4764 2476 4816 τὸ
2494 4763 2741 4817 habentes
2764 4760 2817 4814 in
2843 4759 3123 4814 communi
3153 4774 3251 4829 per
3266 4758 3570 4814 membrum

1990 4862 2247 4918 dictionis
2309 4860 2569 4930 quodque
2616 4854 2937 4926 intelligitur
2986 4872 2999 4909 :
3047 4863 3142 4916 ut,
3183 4854 3300 4909 sive
3340 4852 3575 4923 prophe-

1992 4957 2123 5010 tiam
2155 4953 2354 5023 aliquis
2384 4952 2572 5015 habet,
2605 4949 2722 5005 sive
2750 4946 3117 5003 ministerium
3144 4946 3345 5015 aliquis
3374 4946 3567 5009 habet;

1992 5048 2098 5102 hoc
2128 5054 2311 5101 autem
2334 5043 2478 5113 quod
2515 5043 2569 5097 in
2597 5041 2877 5097 communi
2903 5046 3007 5106 est,
3042 5038 3358 5109 coniunctio
3387 5038 3573 5107 appel-

1992 5138 2162 5203 latur;
2197 5134 2329 5204 quid
2365 5134 2572 5202 plurale
2611 5132 2876 5202 singulari
2914 5130 3221 5199 conjungit,
3259 5137 3313 5184 et
3347 5128 3570 5198 partici-

1992 5233 2140 5300 pium
2184 5230 2369 5285 verbo.
2401 5228 2493 5283 Sic
2518 5227 2685 5297 igitur
2709 5227 2761 5280 in
2794 5224 3075 5280 communi
3107 5224 3169 5278 τό
3202 5222 3450 5277 habentes
3482 5237 3571 5277 sc-

1990 5325 2234 5380 cundum
2294 5320 2748 5391 coniunctionem
2799 5325 3111 5386 sumptum,
3162 5314 3472 5383 adaptatam
3504 5326 3571 5364 eo

1991 5430 2154 5473 sensu
2186 5429 2362 5485 usque
2394 5413 2469 5467 ibi
2500 5411 2826 5468 sententiam
2853 5417 2907 5463 et
2935 5409 3113 5463 locum
3148 5405 3298 5461 facit.
3322 5404 3573 5474 Elliptice

1991 5517 2173 5565 autem
2216 5508 2411 5562 iterum
2435 5504 2688 5573 sumitur,
2725 5504 2850 5573 quia
2886 5502 3043 5557 deest
3065 5499 3269 5570 aliquid
3303 5498 3371 5552 ad
3408 5498 3573 5552 abso-

1990 5602 2164 5657 lutam
2196 5597 2588 5670 perfectionem
2618 5596 2903 5654 sententia:
2936 5614 2949 5650 :
2981 5604 3043 5648 ut
3078 5591 3235 5657 illud,
3264 5599 3483 5645 maneat
3514 5589 3573 5643 in

1992 5709 2103 5765 quo
2144 5691 2357 5763 accepit
2401 5690 2636 5761 quisque
2661 5690 2830 5753 dono,
2882 5695 2978 5742 aut
3027 5692 3319 5742 contentus
3343 5683 3434 5747 sit,
3480 5690 3574 5735 aut

1992 5785 2302 5843 conlormct
2328 5799 2408 5853 se,
2452 5794 2547 5840 aut
2589 5781 2738 5838 aliud
2765 5780 2897 5853 quid
2924 5779 3139 5845 simile;
3171 5789 3253 5843 ut,
3294 5778 3409 5833 sive
3450 5789 3575 5847 pro-

3193 5880 3269 5941 ῘιΟ
