3854 6310
355 337 483 402 1251

1537 326 1802 389 PHOT-II
1851 319 2356 388 PATRIARCHE
2384 319 2492 382 (ΣΡ.

3483 305 3626 374 1ῧέ

353 445 592 516 phetiam
646 443 843 515 aliquis
892 442 1078 508 habet,
1123 442 1235 498 sive
1281 439 1666 504 ministerium,
1711 447 1928 493 maneat

2060 453 2152 498 ’τος
2208 435 2267 487 ἐν
2299 425 2344 499 ᾧ
2370 428 2549 483 ἔλασε.
2576 425 2686 480 Kal
2721 425 2889 496 πολλὴ
2954 424 3102 477 ἔστιν
3132 423 3169 494 ἡ
3197 421 3309 477 τῶν
3360 421 3626 474 totum»

355 537 587 606 quisque
613 536 667 590 in
698 551 764 590 eo
795 534 942 605 quod
986 534 1218 602 accepit.
1248 532 1448 588 Multus
1479 547 1702 602 quoque
1735 540 1818 586 est
1848 540 1928 584 ta~

355 625 487 680 lium
519 640 653 681 usus
695 624 838 694 apud
878 623 1186 678 mirabilem
1224 622 1472 689 Paulum,
1502 632 1556 677 et
1591 638 1660 678 ne
1687 623 1926 688 mireris,

352 717 459 774 etsi
507 717 726 772 illorum
792 715 865 772 sit
909 715 1220 786 imperitus,
1266 715 1410 771 hunc
1453 726 1632 770 tamen
1675 714 1784 769 illis
1825 715 1928 768 uti.

354 809 538 868 Gratia
573 810 721 865 enim
749 808 958 880 majora
1003 818 1296 879 praestans,
1338 807 1697 863 mediocrium
1730 806 1931 876 saepius

355 903 717 972 cognitionem
742 904 964 972 praebet,
998 917 1107 956 non
1136 911 1395 973 tanquam
1418 916 1614 972 magna
1643 900 1758 955 hzec
1781 899 1929 966 sint;

355 996 487 1066 quid
510 995 657 1050 enim
696 1003 844 1051 esset
879 995 1028 1050 circa
1075 1009 1237 1049 voces
1266 1002 1320 1048 et
1363 993 1599 1064 syllabas
1628 1002 1683 1048 et
1715 992 1930 1047 illorum

355 1086 810 1157 compositionem
849 1085 1179 1156 nugantiurn
1201 1084 1486 1139 hominum
1519 1084 1672 1139 labor
1698 1094 1752 1140 et
1777 1084 1928 1139 laus!

355 1175 474 1233 Non
505 1193 635 1248 ergo
667 1188 724 1232 ut
755 1178 968 1248 magnis
995 1177 1080 1233 his
1113 1191 1250 1232 usus
1282 1185 1387 1241 est,
1419 1175 1514 1232 sed
1547 1183 1608 1231 ut
1638 1174 1937 1231 confundat

358 1253 454 1326 eos
475 1270 569 1340 qui
594 1271 661 1325 de
684 1269 886 1326 talibus
918 1269 1261 1339 superbiunt,
1291 1277 1346 1322 et
1377 1277 1437 1325 ut
1461 1269 1741 1324 lucrentur
1769 1268 1807 1322 ii
1837 1271 1936 1321 hu-

357 1360 640 1415 militatem
685 1370 739 1416 et
769 1361 1135 1417 obedientiam
1185 1361 1332 1416 illius
1370 1360 1586 1415 moniti.
1627 1362 1764 1430 Apta
1790 1360 1935 1414 enim

360 1459 490 1506 sunt
509 1452 694 1506 omnia
715 1450 911 1519 Paulo,
935 1461 1141 1522 quanta
1167 1466 1294 1507 vere
1317 1451 1371 1506 in
1396 1452 1629 1506 salutem
1655 1451 1935 1504 hominum

361 1543 685 1606 conferunt;
753 1545 1106 1614 quamobrem
1183 1545 1301 1599 loca
1348 1544 1681 1613 poeticorum
1741 1543 1940 1598 carmi-

361 1653 517 1702 num,
560 1646 616 1694 et
651 1636 855 1693 Gmcaa
904 1636 1171 1699 historiae,
1223 1650 1331 1690 non
1372 1635 1586 1690 dubitat
1635 1633 1851 1698 all‘erre,
1892 1632 1939 1688 si

359 1743 459 1799 per
493 1729 608 1785 haec
636 1730 943 1801 speraverit
971 1728 1166 1786 salutis
1199 1727 1408 1781 homini
1439 1726 1582 1780 viam
1614 1725 1868 1796 dirigere.

2031 527 2229 600 χρῆσις
2256 523 2408 594 παρὰ
2426 521 2504 593 τῷ
2527 519 2814 590 θαυμασίῳ
2863 517 3084 589 Παύλῳ.
3118 517 3231 570 Kal.
3295 515 3374 584 μὴ
3414 513 3627 582 θαυμά.

2032 634 2132 690 σῃς
2167 617 2216 669 εί
2246 613 2466 686 ἀμαθὴς
2494 612 2569 666 ὢν
2603 610 2830 674 τούτων,
2861 609 3129 679 ἐκέχρητο
3155 605 3393 668 τούτοις.
3432 603 3498 657 Ἦ
3519 603 3630 674 γὰρ

2030 711 2190 780 χάρις
2214 709 2247 778 ἡ
2271 706 2341 760 τὰ
2369 705 2542 778 μείζω
2571 702 2910 776 χορηγοῦσα,
2941 704 3034 756 καὶ
3059 701 3169 754 τῶν
3201 699 3446 753 εὐτελῶν
3495 697 3629 750 πολ-

2030 802 2187 864 λάκις
2225 798 2456 870 παρέχει
2478 799 2579 869 τὴν
2616 797 2836 866 γνῶσιν,
2880 795 2979 866 ούχ
3005 793 3082 858 ὡς
3108 792 3368 864 μεγάλων
3419 791 3632 844 τούτων

2033 893 2409 965 ὑπαρχόντων.
2436 891 2503 944 Τί
2529 891 2637 962 γὰρ
2668 890 2734 944 ἂν
2763 889 2856 943 καὶ
2881 889 2966 960 εἴη
2999 887 3129 958 περί⁷
3164 886 3346 953 λέξεις
3367 886 3471 939 καὶ
3501 885 3629 936 au).-

2032 987 2205 1050 λαϐὰς
2239 985 2338 1042 καὶ
2386 985 2483 1056 τὴν
2524 983 2731 1037 τούτων
2782 982 3057 1052 συνθήκην
3107 979 3635 1051 μικρολογουμένων

2033 1078 2337 1152 ἀνθρώπων
2373 1077 2534 1139 πόνος
2563 1074 2657 1128 κα)⁸
2684 1074 2925 1144 ὀνόματα
2955 1088 2971 1137 ;
3025 1069 3236 1125 Οὔκουν
3284 1069 3364 1131 ὡς
3421 1069 3636 1139 μεγάλα

2033 1172 2176 1225 τισὶν
2227 1165 2496 1239 ἐκέχρητο
2544 1163 2776 1230 τούτοις,
2825 1161 2940 1216 ἀλλ’
2982 1163 3063 1224 εἰς
3123 1159 3187 1213 τὸ
3235 1156 3634 1227 καταισχύνειν

2035 1263 2160 1326 τοὺς
2194 1261 2286 1315 ἐπὶ
2336 1261 2446 1322 τοῖς
2490 1255 2750 1318 τοιούτοις
2801 1254 2944 1324 μέγα
2978 1249 3338 1322 φρονοῦντας,
3371 1249 3473 1300 καὶ
3504 1263 3636 1316 κερ-

2035 1357 2192 1427 δῆσαι
2220 1354 2416 1416 αὐτοὺς
2440 1353 2519 1414 είς
2553 1345 3053 1420 ταπεινοφροσύνην
3089 1344 3185 1398 καὶ
3238 1341 3504 1410 ὑπακοὴν
3537 1339 3638 1409 τῆς

2037 1446 2203 1500 αὐτοῦ
2232 1445 2529 1506 νουθεσίας.
2556 1444 2760 1497 ’Δοκνα
2784 1440 2894 1511 γὰρ
2921 1439 3168 1509 ὑπῆρχεν
3195 1437 3420 1491 ἅπαντα
3437 1433 3637 1504 Παύλῳ

2038 1539 2138 1592 ὅσα
2189 1538 2464 1609 σωτηρίαν
2512 1534 2823 1608 ἀνθρώποις
2872 1531 3069 1603 ἔφερεν
3117 1528 3362 1598 ἀληθῶς.
3395 1527 3492 1581 Διὸ
3545 1529 3638 1579 καὶ

2040 1633 2267 1704 χρήσεις
2309 1629 2608 1701 ποιητικῶν
2663 1627 2884 1698 στίχων,
2945 1625 3041 1678 καὶ
3088 1625 3338 1694 ἱστορίας
3393 1620 3636 1690 Ἐλληνι-

2043 1725 2167 1809 κξις,
2198 1725 2298 1778 οὐκ
2349 1724 2499 1776 ὀκνεῖ
2557 1719 2972 1793 προσκομίζειν,
3032 1717 3099 1771 ἂν
3152 1717 3249 1768 καὶ
3275 1715 3373 1768 διὰ
3431 1713 3636 1766 τούτων

1971 1800 2018 1855 Β
2047 1800 2241 1887 ἐλπίζῃ
2277 1813 2552 1885 σωτηρίαν
2578 1811 2922 1883 κατορθῶσαι
2954 1806 3249 1879 ἀνθρώπῳ.

362 1907 516 1964 CAP.
560 1907 696 1963 XIII.
727 1907 896 1964 Vsus.
935 1906 1021 1961 Il.
1065 1906 1132 1959 Et
1164 1906 1258 1960 hoc
1302 1907 1523 1960 scientes
1557 1914 1776 1974 tempus,
1818 1905 1942 1972 quia

433 1978 563 2032 hora
608 1981 686 2032 est
714 1982 826 2046 jam
864 1994 954 2030 nos
997 1979 1062 2030 de
1099 1993 1282 2030 somno
1319 1992 1551 2045 surgere.
1590 1974 1745 2029 Nunc
1803 1977 1942 2029 enim

432 2050 648 2118 propior
683 2045 760 2102 est
789 2059 973 2102 nostra
993 2047 1160 2112 salus,
1197 2063 1356 2116 quam
1382 2062 1499 2100 eum
1525 2045 1812 2100 credimus.

438 2137 638 2193 Pharii.
677 2137 1118 2194 Prazcedentibus
1148 2147 1334 2194 autem
1368 2138 1483 2192 haec
1509 2137 1768 2207 adaptata
1793 2145 1943 2199 sunt,

367 2240 422 2286 et
461 2229 530 2285 ad
581 2231 672 2284 illa
707 2229 920 2300 adjecta
965 2237 1130 2296 sunt,
1173 2230 1552 2301 ampliﬁcando
1591 2230 1855 2291 adhibita,
1893 2237 1948 2283 et

368 2323 804 2378 exhortationem
829 2323 895 2378 ad
914 2322 1006 2376 illa
1024 2337 1144 2393 quae
1163 2322 1305 2377 dicta
1324 2333 1449 2377 sunt
1464 2321 1796 2376 exhibentia.
1811 2318 1949 2386 Qui-

368 2415 598 2470 busnam
623 2425 754 2470 vero
776 2429 944 2484 supra
975 2415 1172 2470 dictis?
1197 2413 1381 2470 Omnis
1401 2415 1578 2467 anima
1606 2412 1947 2480 potestatibus

373 2506 771 2562 sublimioribus
788 2505 998 2561 subdita
1015 2505 1083 2562 sit
1103 2522 1122 2571 ,'
1142 2515 1222 2561 et:
1246 2495 1464 2562 Reddite
1487 2506 1726 2560 omnibus
1745 2505 1943 2570 debita,

369 2609 420 2654 et
453 2614 570 2670 qua:
592 2609 902 2671 sequuntur.
923 2598 1050 2655 Haec
1072 2598 1258 2672 igitur,
1292 2600 1446 2664 dicit,
1466 2598 1628 2654 facite
1647 2599 1717 2656 ob
1737 2614 1798 2654 ea
1825 2613 1949 2669 qua:

373 2689 520 2745 dicta
573 2699 724 2758 sunt,
750 2700 806 2746 et
850 2691 920 2746 ob
963 2689 1093 2746 illud
1132 2689 1424 2760 imprimis.
1466 2688 1642 2756 Quam
1687 2689 1757 2744 ob
1794 2689 1950 2745 rem?

374 2783 623 2842 Scientes
650 2784 796 2854 Quod
835 2782 1124 2854 praacisum
1147 2781 1375 2837 estvita:
1398 2789 1601 2837 nostrae
1625 2791 1860 2850 tempus.
1883 2780 1951 2835 Et

373 2883 591 2945 oportet
615 2888 735 2940 nos,
772 2881 826 2928 et
853 2873 897 2928 si
931 2871 1340 2926 dormiebamus
1381 2868 1518 2922 nihil
1550 2876 1790 2939 agentes,
1825 2865 1950 2922 tan-'

373 2953 539 3037 quam
565 2981 592 3019 e
619 2979 825 3030 somno,
861 2962 1055 3020 saltem
1097 2961 1260 3033 igitur
1287 2975 1433 3016 nunc
1464 2975 1695 3030 surgere.
1726 2958 1974 3041 Clarum.

371 3069 460 3115 est
484 3059 630 3114 enim
669 3072 769 3112 nos
799 3070 948 3112 nunc
978 3054 1152 3125 magis
1187 3053 1243 3110 in
1275 3053 1381 3109 line
1415 3067 1538 3108 esse
1565 3060 1767 3107 nostrae
1804 3050 1947 3116 vitae,

371 3163 533 3218 quam
564 3162 681 3199 cum
709 3143 1056 3198 credidimus.

373 3239 526 3297 CAP.
553 3236 696 3294 XIV.
735 3235 903 3292 Vnus.
943 3235 995 3289 5.
1031 3231 1176 3287 Nam
1217 3232 1358 3287 alius
1388 3232 1601 3300 judicat
1639 3231 1777 3286 diem
1818 3232 1956 3286 inter

445 3310 623 3372 diem;
678 3306 819 3360 alius
869 3315 1045 3359 autem
1079 3303 1293 3373 judicat
1322 3317 1525 3357 omnem
1556 3304 1694 3357 diem
1734 3317 1948 3357 :unus-

443 3381 661 3451 quisque
693 3378 750 3430 in
787 3391 882 3430 suo
921 3391 1077 3429 sensu
1105 3373 1355 3429 abundet.

444 3465 652 3521 Photii.
681 3463 748 3519 Et
787 3464 831 3519 si
866 3463 1032 3535 igitur
1057 3461 1258 3532 aliquis
1295 3459 1503 3517 diebus.
1531 3459 1757 3517 alternis
1797 3475 1955 3516 man-

377 3559 559 3623 ducat,
598 3557 688 3612 hle
716 3567 903 3612 autem
935 3555 1173 3623 singulis
1218 3553 1414 3610 diebus
1442 3566 1553 3609 non
1587 3553 1749 3610 debet
1773 3554 1840 3610 de
1867 3553 1954 3610 his

367 3651 628 3722 judicare
645 3651 1081 3706 etcondemnare
1097 3646 1332 3703 invicem
1369 3645 1516 3702 hunc
1536 3646 1630 3718 qui
1667 3661 1776 3702 non
1799 3660 1956 3701 man-

374 3745 562 3800 ducat.
596 3741 815 3814 Jejunat
854 3742 1000 3798 enim
1042 3740 1324 3811 proximus
1385 3749 1440 3796 et
1479 3741 1683 3795 bonum
1719 3738 1871 3806 facit,
1909 3738 1956 3795 si

375 3843 597 3905 propter
621 3833 788 3890 Deum
815 3835 920 3889 hoc
943 3832 1099 3889 facit.
1128 3832 1316 3904 Neque
1340 3833 1580 3890 vicissim
1612 3831 1954 3902 jejunantem

376 3935 592 3997 oportet
629 3927 993 3982 condemnare
1021 3940 1132 3981 non
1195 3926 1535 3996 jejunantem
1574 3925 1804 3996 singulis
1835 3924 1955 3980 die-

380 4019 506 4072 bus.
536 4015 656 4071 Non
683 4017 828 4072 enim
851 4019 1105 4088 prascepti
1127 4027 1230 4082 est,
1254 4018 1328 4072 ita
1350 4026 1410 4071 ut
1436 4017 1662 4071 violatio
1688 4017 1953 4086 judicium

376 4116 656 4172 causetur,
680 4107 775 4163 sed
807 4108 990 4163 libera:
1024 4107 1322 4162 voluntatis
1353 4116 1457 4162 est.
1502 4104 1609 4161 Sed
1667 4107 1955 4176 unusquis-

373 4214 478 4268 que
508 4197 796 4253 secundam
831 4199 1108 4269 proprium
1133 4213 1347 4253 sensum
1379 4195 1645 4262 abundet;
1669 4197 1784 4252 sive
1808 4197 1953 4267 quod

376 4290 516 4344 bene
561 4289 689 4346 facit
740 4305 957 4360 semper
993 4290 1274 4360 jejunans,
1323 4291 1439 4348 sive
1481 4292 1624 4362 quod
1663 4306 1772 4348 non
1821 4294 1957 4348 bene

369 4379 507 4435 facit
535 4395 641 4436 non
675 4396 892 4453 semper
909 4382 1188 4453 jejunans.

559 4471 725 4530 νεεδ.
753 4475 807 4530 6.
842 4472 947 4546 Qui
981 4475 1121 4544 sapit
1151 4475 1312 4543 diem,
1349 4476 1573 4532 Domino
1606 4479 1768 4548 sapit.

444 4561 649 4620 Photii.
688 4564 744 4620 Si
778 4581 907 4622 vero
936 4567 1005 4622 dc
1042 4566 1253 4638 jejunio
1295 4577 1467 4624 totum
1512 4569 1614 4624 hoc
1655 4570 1954 4641 intelligere

373 4655 480 4719 vis,
512 4655 588 4710 ita
631 4671 876 4714 censeas.
922 4656 1025 4724 Qui
1061 4659 1271 4729 judicat
1309 4668 1366 4714 ct
1407 4659 1707 4716 arbitratur
1749 4661 1950 4716 bonum

370 4762 498 4804 esse
541 4747 771 4819 singulis
817 4749 1010 4806 diebus
1043 4752 1397 4820 manducare,
1439 4753 1662 4808 Domino
1704 4755 1869 4825 sapit,
1901 4754 1953 4810 id

373 4849 480 4906 est,
523 4842 577 4896 in
609 4840 842 4896 Domino
875 4843 978 4896 hoc
1011 4845 1332 4911 arbitratur,
1386 4846 1490 4901 hoc
1534 4849 1680 4902 enim
1734 4856 1956 4917 propter

375 4930 668 4988 Dominum
697 4933 850 4990 facit.
880 4931 984 5001 Qui
1019 4945 1201 4992 autem
1231 4953 1338 4993 non
1387 4938 1491 4994 hoc
1513 4939 1746 5009 judicat,
1779 4955 1957 5010 neque

370 5024 695 5091 arbitratur,
730 5026 932 5081 bonum
959 5042 1080 5083 esse
1106 5029 1336 5100 singulis
1373 5031 1567 5087 diebus
1596 5032 1952 5096 manducare,

373 5125 596 5188 prapter
629 5119 921 5176 Dominum
954 5121 1166 5192 judicat
1190 5123 1318 5178 illud
1344 5124 1544 5180 bonum
1577 5142 1696 5183 esse
1727 5135 1780 5182 et
1815 5129 1955 5183 arbi-

374 5217 566 5264 tratur.
582 5208 759 5265 Causa
783 5211 930 5266 enim
949 5223 1078 5268 sunt
1098 5213 1174 5268 illi
1191 5230 1313 5283 quae
1334 5231 1457 5270 mox
1477 5217 1615 5272 dixit
1631 5218 1749 5287 ejus
1771 5219 1915 5274 verbi
1938 5238 1949 5272 :

372 5319 394 5353 s
421 5297 789 5372 Unusquisque
806 5304 861 5356 ia
879 5321 975 5358 suo
997 5322 1153 5361 sensu
1178 5307 1754 5376 abundet.sQuornodo
1773 5323 1952 5368 autem

369 5395 514 5450 istud
535 5395 704 5451 dicis?
734 5394 898 5451 Paule
919 5398 942 5450 ?
961 5408 1102 5454 recte
1119 5399 1256 5464 dixi,
1276 5401 1468 5472 inquit,
1495 5404 1754 5472 quoniam
1786 5413 1841 5461 et
1860 5407 1952 5476 qui

365 5487 576 5558 jejunat
595 5487 826 5559 singulis
847 5489 1064 5557 diebus,
1085 5500 1138 5547 et
1158 5495 1252 5564 qui
1275 5496 1568 5552 manducat
1593 5497 1826 5568 singulis
1850 5499 1957 5555 die-

368 5579 474 5636 bus
496 5579 551 5634 in
577 5580 808 5651 gratiam
851 5580 1066 5635 Domini
1119 5583 1225 5638 hoc
1248 5584 1482 5642 Iaciunt.
1525 5585 1710 5659 Neque
1744 5599 1958 5660 oportet

365 5669 660 5726 admodum
679 5670 928 5741 judicare
970 5671 1200 5730 invicem
1225 5675 1280 5731 in
1322 5677 1450 5732 isto.
1491 5677 1692 5736 Deinde
1728 5695 1954 5737 causam

365 5762 570 5828 attnuit,
591 5771 644 5819 et
663 5763 811 5832 dicit,
834 5766 1035 5821 etenim
1059 5767 1151 5836 qui
1176 5769 1470 5827 monducat
1487 5771 1693 5842 gratias
1718 5775 1826 5847 agit
1847 5774 1957 5832 Deo

2048 1907 2158 1964 Kal
2217 1907 2415 1968 τοῦτο,
2453 1905 2674 1967 εἰδότες
2724 1902 2834 1956 τὸν
2879 1900 3111 1968 καιρὸν,
3147 1899 3238 1952 ὅτι
3287 1897 3416 1965 ὥρα
3479 1895 3636 1965 ἡμᾶς

2117 1977 2234 2046 ἤδη
2273 1977 2340 2040 ἐξ
2386 1975 2582 2029 ὕπνου
2607 1971 2949 2046 ereptam-at
2981 1986 2995 1998 '
3022 1970 3150 2046 riir_
3179 1968 3294 2037 τὰρ
3310 1969 3637 2037 ἐγγύτερον

2118 2041 2287 2118 ἡμῶν
2323 2047 2361 2115 ἡ
2392 2041 2680 2113 σωτηρία,
2707 2044 2745 2111 ἢ
2781 2042 2879 2095 ὅτε
2909 2041 3384 2107 ἐπιστεύσαμεν.

2119 2137 2366 2191 Φωτιου.
2393 2136 2518 2198 Τοῖς
2543 2135 2656 2189 ἄνω
2683 2133 2739 2186 δὲ
2770 2131 2942 2186 ταῦτα
2977 2132 3341 2201 συνήρτηται,
3371 2131 3472 2182 καὶ
3505 2128 3638 2197 πρὸς

2048 2231 2232 2284 ἐκεῖνα
2261 2227 2591 2282 ἀποδίδοται.
2631 2226 2913 2288 Ἐπίτασις
2959 2224 3159 2295 μᾶλλον
3184 2223 3343 2287 ὄντα,
3382 2223 3482 2275 καὶ
3509 2238 3640 2290 προ-

2047 2321 2258 2392 τροπὴν
2289 2319 2396 2391 τῷν
2417 2317 2722 2390 εἰρημένων
2768 2315 3127 2386 ἐμφαίνοντα.
3155 2313 3343 2376 Ποίοις
3397 2313 3459 2365 δὲ
3485 2313 3597 2366 ἅνω
3622 2329 3637 2370 ;

2049 2411 2226 2468 Πᾶσα
2284 2408 2459 2480 ⁴Ψυχὴ
2512 2408 2821 2473 ἐξουσίαις
2873 2405 3314 2474 ὑπερεχούσαις
3369 2405 3642 2458 ὑποτασ-

2050 2502 2270 2569 σέσθω,
2299 2504 2414 2567 καὶ,
2461 2500 2741 2570 ’Λπόδοτε
2778 2498 2930 2554 πᾶσι
2975 2497 3082 2564 τὰς
3104 2497 3378 2566 ὀφειλὰς,
3422 2498 3524 2548 καὶ
3573 2495 3642 2548 τὰ

2051 2592 2197 2665 έξῆς.
2232 2592 2420 2648 Ταῦτα
2437 2592 2555 2660 οὖν,
2589 2593 2745 2663 φησὶ,
2772 2591 2977 2645 ποιεῖτε
3004 2590 3093 2642 διὰ
3119 2589 3188 2642 τὰ
3227 2588 3639 2660 προειρημένα,

2052 2685 2146 2739 καὶ
2169 2683 2258 2737 διὰ
2293 2682 2453 2737 τοῦτο
2509 2682 2758 2754 μάλιστα.
2789 2680 2890 2734 Διὰ
2932 2681 3114 2746 ποῖον;
3145 2679 3366 2743 Εἱδότες
3392 2680 3479 2732 ὅτι
3511 2696 3641 2731 συν-

2051 2777 2317 2849 τέτμηται
2346 2776 2446 2846 τῆς
2476 2775 2620 2846 ζωῆς
2648 2776 2805 2846 ἡμῶν
2831 2774 2858 2826 ὁ
2890 2774 3101 2846 χρόνος.
3130 2774 3241 2826 Kal.
3269 2774 3353 2826 δεῖ
3373 2773 3554 2841 ἡμᾶς,
3593 2774 3641 2824 εί

2050 2873 2150 2928 καὶ
2192 2870 2556 2940 ὲκαθεύδομεν
2591 2869 2757 2940 μηδὲν
2816 2869 3166 2939 πράττοντες,
3197 2865 3272 2930 ὡς
3305 2865 3379 2930 ἐξ
3413 2867 3639 2928 ὕπνου,

2051 2967 2156 3020 κᾶν
2175 2963 2305 3033 γοῦν
2325 2962 2441 3027 νῦν,
2461 2961 2796 3033 ἐγερθῆναι.
2819 2960 3057 3030 Φανερὸν
3079 2959 3187 3031 γὰρ
3207 2961 3291 3013 ὅτι
3309 2959 3407 3011 νῦν
3436 2961 3642 3029 μᾶλλον

2055 3057 2190 3128 πρὸς
2217 3055 2294 3127 τῷ
2315 3055 2459 3108 τέλει
2492 3054 2660 3124 ἐσμὲν
2687 3053 2788 3122 τῆς
2809 3052 3144 3124 ζωῆςὴμῶν,
3168 3052 3201 3123 ῆ
3230 3052 3332 3106 ὅτε
3347 3053 3638 3106 ἐστιστεύ-

1976 3141 2020 3201 C
2053 3162 2267 3220 σαμεν.

2062 3241 2168 3306 ’ος
2187 3240 2303 3318 μὲν
2335 3238 2524 3318 κρίνει
2555 3237 2783 3318 ἡμέραν
2811 3241 2948 3307 παρ’
2988 3237 3238 3318 ἡμέραις,
3262 3237 3329 3304 ὃς
3349 3237 3423 3318 δὲ
3447 3242 3640 3318 κρίνει

2129 3309 2338 3365 πᾶσαν
2381 3309 2629 3378 ἡμέραν.
2675 3309 2978 3376 Ἕκαστος
3006 3309 3088 3374 τῷ
3133 3309 3262 3376 ίδίφ
3285 3310 3385 3362 νοῒ
3409 3316 3640 3380 πληρο-

2125 3381 2443 3451 φορείσθω-

2127 3473 2374 3528 Φωτίου.
2407 3472 2520 3527 Καὶ
2547 3473 2596 3526 εἰ
2625 3471 2735 3545 ἄρα
2764 3473 2793 3526 δ
2829 3476 2930 3544 μέν
2961 3489 3046 3536 τις
3077 3473 3291 3546 ἡμέραν
3328 3475 3466 3545 παρ’
3497 3476 3639 3547 ἡμέ-

2057 3583 2157 3638 ραν
2205 3564 2411 3620 ὲσθίει⁶
2465 3565 2494 3618 ὁ
2540 3563 2740 3619 δὲκαθ’
2792 3565 3029 3635 ἡμέραν,
3063 3566 3125 3618 ού
3173 3565 3253 3618 δεῖ
3295 3566 3392 3620 ἐπὶ
3425 3568 3636 3621 τούτων

2057 3659 2266 3730 κρίνειν
2286 3659 2380 3713 καὶ
2403 3659 2759 3729 κατακρίνειν
2790 3657 3076 3729 ἀλλήλους,
3099 3657 3222 3711 οὔτε
3242 3659 3337 3713 τὸν
3359 3661 3632 3717 ἐσθίοντα.

2057 3751 2330 3822 Νηστεύει⁹
2381 3749 2489 3821 γὰρ
2535 3751 2564 3803 ὁ
2620 3749 2845 3820 πλησίον
2902 3751 2998 3804 καὶ
3029 3751 3230 3819 ἀγαθὸν
3258 3756 3426 3814 ποιεῖ,
3466 3753 3635 3806 ποιῶν

2056 3843 2188 3896 αὐτὸ
2228 3842 2317 3896 διὰ
2341 3843 2445 3897 ,τὸν
2490 3842 2644 3896 Θεόν.
2693 3841 2833 3896 οὔτε
2876 3842 3041 3897 πάλιν
3072 3843 3163 3896 τὸν
3197 3845 3534 3914 νηστεύοντα
3557 3845 3638 3899 δεῖ

2059 3934 2412 4005 κατακρίνειν
2471 3935 2563 3989 τὸν
2608 3935 2683 4007 μὴ
2739 3934 3071 4005 νηστεύοντα
3117 3936 3247 4007 παρ’
3278 3937 3520 4008 ἡμέραν.
3560 3940 3633 3992 Ού

2056 4029 2166 4098 γὰρ
2217 4026 2536 4095 νομοθεσίας
2609 4029 2777 4091 ἐστὶν,
2822 4027 2911 4082 ἵνα
2958 4029 2990 4098 ἡ
3030 4028 3347 4100 παράϐασις
3399 4030 3634 4101 προξενῇ

2057 4123 2253 4190 κρῖμα,
2302 4120 2436 4174 ἀλλὰ
2497 4122 2662 4190 μόνης
2709 4121 3102 4191 προαιρέσεως.
3166 4123 3321 4176 Ἀλλ’
3376 4123 3637 4189 ἕκαστος

2057 4213 2206 4266 κατὰ
2258 4212 2367 4266 τὸν
2441 4211 2596 4266 ἴδιον
2667 4212 2820 4267 γοῦν
2880 4216 3410 4283 πληροφορείσθω·
3470 4217 3504 4287 ῆ
3554 4218 3638 4271 ὅτι

2059 4304 2244 4368 καλῶς
2281 4308 2425 4358 ποιεῖ
2463 4307 2740 4376 νηστεύων
2765 4306 2853 4360 ἀεί
2875 4324 2890 4340 ·
2920 4305 2953 4377 ἢ
2987 4308 3070 4360 ὅτι
3100 4307 3162 4361 ού
3220 4307 3404 4374 καλῶς
3433 4309 3512 4381 μὴ
3541 4328 3636 4364 vn-

2059 4397 2266 4450 στεύων
2295 4397 2404 4454 ἀεί.

2217 4488 2278 4541 '0
2307 4487 2546 4556 φρονῶν
2589 4488 2702 4556 τὴν
2737 4488 2990 4558 ἡμέραν,
3040 4492 3237 4559 Κυρίῳ
3263 4492 3500 4559 φρονεῖ.

2128 4583 2377 4636 Φωτίου.
2406 4583 2472 4637 Εἰ
2528 4583 2585 4636 δὲ
2639 4584 2771 4655 περὶ
2823 4584 3080 4654 νηστείας
3128 4583 3189 4637 τὸ
3219 4586 3330 4638 πᾶν
3376 4586 3636 4640 ἐκλαϐεῖν

2059 4670 2260 4742 βούλει,
2307 4673 2452 4727 οὓτω
2483 4675 2695 4746 νόησονο
2740 4676 2800 4726 ’0
2849 4676 3052 4747 κρίνων
3114 4679 3209 4730 καὶ
3277 4677 3632 4748 λογιζόμενος

2058 4765 2220 4818 καλὸν
2246 4761 2386 4819 εἶναι
2420 4766 2541 4820 καθ’
2597 4767 2808 4839 ἡμέραν
2839 4773 3054 4839 φαγεῖν,
3081 4770 3158 4841 τῷ
3188 4771 3379 4842 Κυρίῳ
3408 4775 3634 4841 φρονεῖ·

2056 4856 2355 4920 τουτέστιν,
2381 4858 2440 4911 ὲν
2473 4859 2666 4930 Κυρίῳ
2693 4859 2852 4914 τοῦτο
2884 4861 3181 4930 λογίζεται.
3211 4863 3384 4919 Τοῦτο
3407 4867 3522 4938 γὰρ
3549 4868 3634 4922 διὰ

2057 4949 2148 5002 τὸν
2207 4949 2410 5020 Κύριον
2457 4954 2620 5006 ποιεῖ.
2674 4954 2785 5007 Καὶ
2831 4956 2859 5008 ὁ
2895 4955 2971 5026 μὴ
3021 4957 3222 5028 κρίνων
3261 4959 3442 5022 τοῦτο,
3503 4962 3636 5032 μηδὶ

2057 5039 2426 5110 λογιζόμενος.
2481 5042 2564 5095 ὅτι
2609 5043 2774 5098 καλόν
2825 5045 2942 5099 ὲστι
2977 5048 3100 5101 καθ’
3148 5049 3361 5120 ἡμέραν
3418 5057 3633 5122 φαγεῖν,

2056 5131 2146 5187 διὰ
2193 5133 2282 5186 τὸν
2333 5135 2539 5205 Κύριον
2601 5137 2777 5206 κρίνει
2824 5138 2985 5192 τοῦτο
3041 5141 3200 5194 καλὸν
3237 5139 3400 5207 εἶναι,
3430 5145 3636 5199 uallo.

2059 5222 2292 5290 γίζεται.
2329 5226 2491 5282 Αίτια
2518 5227 2628 5298 γάρ
2663 5231 2781 5282 ἐστι
2830 5230 3004 5284 ταῦτα
3045 5232 3113 5286 τὰ
3164 5235 3430 5303 εἰρημένα
3491 5237 3635 5306 αὐτῷ

2059 5315 2482 5385 τού,Ἔκαστος
2503 5320 2574 5374 ἐν
2606 5319 2685 5386 τῷ
2708 5320 2834 5385 ἰδίῳ
2854 5323 2950 5376 νοτ
2977 5327 3498 5394 πληροφορείσθω.
3521 5330 3635 5392 ῐιώς

2059 5407 2116 5461 δὲ
2145 5407 2322 5477 λέγεις
2345 5409 2524 5476 τοῦτο,
2551 5412 2759 5478 Παῦλε;
2795 5413 2988 5479 Καλῶς
3011 5410 3184 5482 εἷπον,
3219 5418 3404 5486 φησίν.
3424 5419 3636 5490 Ἐπειδὴ

2061 5500 2156 5552 καὶ
2203 5501 2232 5552 ὁ
2288 5502 2566 5573 νηστεύων
2615 5501 2754 5575 ὑπὲρ
2801 5505 3042 5576 ἡμέραν,
3074 5507 3168 5560 καὶ
3207 5509 3235 5560 ὁ
3288 5507 3490 5562 ἐσθίων
3522 5509 3638 5563 καθ’

2061 5593 2295 5665 ἡμέραν,
2349 5595 2430 5658 είς
2475 5595 2770 5666 ἀρέσκειαν
2816 5597 3022 5668 Κυρίου
3069 5597 3228 5653 τοῦτο
3262 5599 3503 5655 ποιοῦσι.
3541 5603 3639 5656 Kal.

2060 5686 2122 5738 ού
2180 5686 2263 5740 δεῖ
2320 5687 2522 5758 κρίνειν
2569 5689 2708 5754 ὅλως
2773 5691 3042 5761 ἀλλήλους
3099 5693 3194 5746 ἰπὶ
3252 5693 3451 5765 τούτῳ.
3512 5692 3636 5748 Εἶτα

2062 5777 2322 5833 ἐπιτείνει
2368 5779 2466 5851 τὴν
2511 5781 2712 5850 αἰτίαν,
2749 5782 2840 5837 καί
2872 5800 3056 5854 φησιν.
3091 5783 3200 5838 Kal.
3225 5781 3334 5856 γὰρ
3384 5783 3416 5838 ὁ
3444 5783 3634 5839 ἐσθίων
