3930 6218
349 356 488 429 1253

1201 358 1668 424 FRAGMENTA
1698 360 1782 423 IN
1827 356 2258 423 EPISTOLAM
2295 362 2398 424 AD
2433 361 2828 425 HEBREOS.

3475 361 3612 427 12M

349 475 664 549 εὐχαριστεῖ
722 474 802 549 τῷ
861 476 982 551 Θεῷ
1033 480 1093 532 ὲν
1168 479 1248 551 τῷ
1318 480 1542 536 ἐσθίειν.
1609 480 1733 536 Ὅτι
1793 479 1927 534 ἔδω.

2039 478 2414 535 manducando
2428 478 2572 549 quod
2589 478 2738 533 dedit
2754 476 3068 533 hominibus
3096 476 3238 532 viam
3254 484 3308 533 et
3337 475 3609 532 suﬁicien-

346 577 445 616 κεν
499 560 811 636 ἀνθρώποις
866 567 1035 639 πόρον
1091 569 1187 624 καὶ
1242 570 1521 641 συνέχειαν
1559 570 1727 640 ζωῆς.
1759 571 1868 625 Καὶ
1902 573 1930 626 ὁ

347 653 625 722 νηστεύων
671 658 1005 728 εὐχαριστεῖ,
1034 661 1116 716 ὅτι
1141 661 1342 717 ἔδωκεν
1383 662 1694 735 ἀνθρώποις
1730 681 1928 736 καρτε-

350 743 474 816 ρίας
498 746 596 799 καὶ
632 748 913 819 μεθόδους,
963 751 1030 805 δι’
1059 746 1135 808 ὧν
1165 772 1247 818 τις
1277 754 1500 809 δύναται
1545 757 1930 828 περιγενέσθαι

347 835 460 891 τῶν
510 841 612 910 τῆς
672 842 874 912 σαρκὸς
936 845 1147 901 παθῶν.
1192 846 1251 902 ’0
1284 847 1341 901 δὲ
1378 848 1556 913 ἄλλως
1588 850 1926 923 νηστεύωνῆ

347 929 568 996 ἐσθίων,
619 934 976 1008 κατάκριτος,
1040 938 1231 1013 ὥσπερ
1273 941 1385 996 τῶν
1429 943 1727 1014 αἱρετικῶν
1758 962 1926 1011 τινες.

348 1021 538 1078 Ταῦτα
586 1020 678 1081 οὖν
727 1030 859 1100 περὶ
910 1031 1021 1085 τῶν
1077 1035 1445 1103 νηστευόντων
1496 1035 1593 1091 καὶ
1641 1037 1930 1093 ἐσθιόντων

354 1113 537 1179 ίδικῶς
589 1116 912 1188 ἐκληπτέον,
966 1123 1103 1179 ἀλλὰ
1146 1126 1221 1197 μὴ
1250 1127 1380 1198 περὶ
1425 1128 1603 1185 ἄλλων
1636 1131 1817 1184 τινῶν.
1849 1131 1929 1186 Οὐ

347 1202 458 1276 γὰρ
490 1206 583 1259 ἐπὶ
610 1207 820 1274 πάντας
849 1213 877 1265 ὁ
906 1212 1086 1268 κανὼν
1120 1210 1276 1283 οὗτος
1304 1219 1505 1291 διήκει.
1538 1220 1632 1275 Διὸ
1683 1222 1806 1275 οὐδὲ
1837 1223 1931 1276 ἐπὶ

349 1295 444 1349 τοῦ
482 1297 588 1367 πρὸ
615 1302 815 1372 μικροῦ
843 1304 1133 1377 εἰρημένου
1168 1311 1466 1379 κεφαλαίου
1500 1314 1754 1386 ἁρμόζει.
1804 1311 1931 1370 υἷον

350 1387 465 1482 ἐπὶν
493 1388 586 1444 τοῦ
636 1394 694 1444 ἐν
740 1396 855 1459 τοῖς
909 1396 1161 1470 βρώμασι
1211 1401 1645 1477 διακρινομένου.
1673 1408 1785 1462 Καὶ
1821 1409 1931 1482 γὰρ

350 1480 556 1545 ἐκεῖνος
578 1483 655 1556 μὴ
682 1485 899 1556 ἐσθίων,
922 1491 1023 1545 οὐκ
1046 1493 1128 1557 είς
1157 1492 1313 1560 δόξαν
1332 1498 1433 1552 οὐκ
1460 1499 1633 1553 ἐσθίει
1654 1501 1749 1554 τοῦ
1770 1480 1929 1568 Θεού,

351 1570 467 1624 ἀλλ’
492 1572 569 1636 ὼς
601 1574 930 1648 ἅστήρικτος
960 1581 1019 1634 ἐν
1046 1584 1113 1654 τῇ
1140 1583 1343 1641 πίστει.
1398 1586 1539 1641 Ἀλλ’
1577 1590 1790 1644 ἐκεῖνον
1828 1592 1930 1662 μὲν

350 1664 412 1716 ού
470 1665 552 1717 δεῖ
608 1670 962 1741 κατακρίνειν
1009 1674 1100 1728 διὰ
1127 1676 1220 1729 τὸν
1255 1678 1481 1751 καιρόν⁹
1515 1682 1599 1736 ὅτι
1655 1683 1802 1755 ἀρχὴ
1832 1683 1930 1737 τοῦ

350 1756 710 1827 κηρύγματος
765 1756 856 1833 ἦν.
914 1764 1017 1818 Τὸν
1067 1766 1124 1820 δὲ
1180 1768 1429 1825 ἐσθίοντα
1471 1773 1795 1847 καθημέραν
1836 1776 1931 1830 καὶ

352 1847 683 1939 νηστεύοντα
715 1852 855 1923 ὑπὲρ
887 1855 1125 1928 ἡμέραν,
1163 1860 1225 1913 οὐ
1253 1861 1336 1915 δεῖ
1366 1863 1502 1927 ὅλως
1524 1835 1806 1939 οὐθέτερον
1836 1866 1929 1921 οὑ-
1963 1835 2007 1891 D

349 1938 553 2013 δετέρῳ
589 1944 801 2015 μέμψιν
856 1948 1122 2018 ἐπάγειν·
1175 1953 1258 2007 ὅτι
1299 1956 1391 2009 καὶ
1435 1955 1604 2028 ἄμφω
1644 1960 1725 2023 εἰς
1771 1959 1931 2025 δόξαν

353 2030 563 2121 Κυρίου
601 2036 847 2091 ποιοῦσιν
891 2040 1027 2112 ὅπερ
1065 2045 1329 2101 ποιοῦσιν.
1367 2048 1581 2117 Οὐδεὶς
1610 2050 1723 2121 γὰρ
1760 2051 1933 2120 ἡμῶν

349 2120 540 2190 ἑαυτῷ
572 2124 661 2195 ζῇ,
690 2130 789 2184 καὶ
808 2132 1006 2201 οὐδεὶς
1034 2136 1226 2203 ἐαυτῷ
1258 2139 1654 2212 ἀποθνήσκει.
1693 2144 1838 2200 Ἐάν
1869 2163 1933 2200 τε

347 2215 461 2284 γὰρ
490 2214 696 2288 ζῶμεν,
732 2220 813 2287 τῷ
838 2228 1032 2293 Κυρίῳ
1063 2228 1269 2298 ζῶμεν,
1300 2231 1410 2287 ἐάν
1436 2251 1502 2288 τε
1537 2234 1934 2305 ἀποθνήσκω-

343 2323 480 2398 μεν,
515 2308 599 2375 τῷ
646 2315 845 2382 Κυρίῳ
876 2317 1367 2393 ἀποθνήσκομεν.
1417 2323 1560 2379 Ἐάν
1622 2344 1687 2381 τε
1720 2327 1927 2398 ζῶμεν,

348 2396 460 2453 ἐάν
494 2416 560 2454 τε
583 2402 1080 2480 ἀποθνήσκωμεν,
1157 2415 1267 2470 τοῦ
1304 2417 1525 2486 Κυρίου
1572 2396 1803 2490 ἐσμένξ
1824 2424 1933 2487 Etc

349 2490 527 2585 τοῦτο
550 2494 662 2585 γὰρ
689 2498 945 2567 Χριστὸς
985 2503 1268 2574 ἀπέθανε,
1293 2510 1395 2564 καί
1425 2511 1653 2584 ἀνέστη
1683 2514 1781 2569 καὶ
1805 2514 1936 2585 ἐζη-

348 2596 482 2651 σεν,
504 2584 607 2640 ἵνα
626 2584 856 2649 ζώντων
879 2595 978 2649 καὶ
1011 2596 1242 2667 νεκρῶν
1263 2606 1577 2676 κυριεύσῃ.

2032 568 2166 625 tiam
2209 569 2356 627 vitaz.
2400 568 2468 623 Et
2504 567 2599 638 qui
2625 565 2842 637 jejunat
2866 568 3069 636 gratias
3108 566 3237 635 agit,
3280 564 3427 634 quod
3467 566 3611 620 dedit

2034 660 2353 716 hominibus
2394 662 2564 716 robur
2599 668 2653 715 et
2700 658 2901 724 media,
2944 659 3146 728 quibus
3191 657 3392 727 aliquis
3436 658 3610 727 possit

2032 754 2213 809 carnis
2246 753 2532 824 passiones
2553 766 2835 821 superare.
2870 749 2975 817 Qui
3006 758 3186 805 autem
3224 748 3442 803 aliunde
3465 748 3611 818 jeju-

2035 855 2252 903 nataut
2285 847 2381 917 qui
2426 848 2719 904 manducat
2748 847 3166 911 condemnatus,
3208 844 3349 899 sicut
3391 843 3612 913 quidam

2031 937 2273 993 haeretici
2303 937 2514 1005 dicunt,
2546 939 2663 993 haec
2687 939 2853 1009 igitur
2882 936 3345 1006 dejejunantibus
3374 944 3429 989 et
3451 949 3611 988 man-

2032 1031 2360 1087 ducautibus
2395 1031 2620 1102 proprie
2663 1046 2773 1087 non
2817 1029 3163 1101 intelligenda
3215 1035 3368 1090 sunt,
3415 1024 3511 1082 sed
3548 1025 3614 1080 dc

2032 1123 2362 1193 quibusdam
2401 1123 2564 1192 aliis;
2606 1137 2718 1178 non
2769 1122 2914 1178 enim
2963 1121 3017 1177 in
3053 1135 3244 1176 omnes
3274 1118 3459 1189 regula
3510 1116 3614 1173 ista

2031 1214 2369 1273 extenditur.
2408 1215 2535 1271 Ideo
2562 1215 2700 1270 nihil
2733 1215 2789 1270 in
2815 1230 2880 1271 eo
2905 1213 3051 1286 quod
3074 1214 3235 1284 paulo
3260 1222 3387 1267 ante
3410 1212 3615 1267 dictum

2031 1319 2116 1366 est
2168 1310 2346 1381 capite
2398 1310 2674 1374 convenit,
2742 1308 3018 1380 quomodo
3072 1307 3129 1362 in
3181 1307 3273 1362 illo
3338 1305 3487 1376 quod
3548 1303 3616 1358 de

2032 1406 2175 1463 escis
2218 1406 2548 1463 declaratur.
2595 1405 2808 1461 Etenim
2856 1404 2945 1459 ille
3008 1404 3112 1474 qui,
3149 1417 3258 1457 non
3300 1401 3613 1462 manducat,

2034 1514 2140 1553 non
2170 1497 2224 1553 in
2251 1498 2481 1568 gloriam
2518 1497 2611 1553 Dei
2641 1512 2750 1551 non
2782 1495 3101 1559 manducat,
3135 1494 3230 1550 sed
3266 1502 3521 1561 tanquam
3559 1491 3615 1544 in

2034 1592 2139 1648 ﬁde
2175 1592 2406 1659 debilis;
2433 1592 2588 1646 illum
2617 1598 2804 1645 autem
2829 1605 2941 1645 non
2968 1595 3180 1658 oportet
3201 1585 3450 1655 judicare
3487 1596 3616 1653 pro-

2032 1692 2161 1753 pter
2191 1692 2445 1755 tempus;
2481 1682 2630 1754 quod
2670 1680 2997 1753 principium
3017 1678 3277 1735 doctrinm
3322 1685 3460 1731 erat.
3512 1674 3617 1740 Qui

2035 1785 2219 1831 autem
2247 1776 2548 1831 manducat
2579 1775 2811 1846 singulis
2833 1773 3026 1829 diebus
3052 1782 3105 1827 et
3134 1771 3230 1841 qui
3258 1770 3466 1840 ieiunat
3500 1768 3618 1822 sin-

2036 1870 2180 1941 gulis
2212 1869 2425 1933 diebus,
2467 1883 2578 1923 non
2621 1877 2834 1939 Oportet
2866 1867 3093 1922 omnino
3136 1872 3390 1920 neutrum
3435 1863 3616 1917 neutri

2034 1963 2437 2019 incusationem
2464 1962 2707 2033 injicere,
2739 1962 2867 2031 quia
2904 1969 3136 2029 uterque
3159 1959 3215 2013 in
3246 1957 3475 2029 gloriam
3506 1956 3617 2010 Do-

2035 2053 2172 2108 mini
2213 2052 2423 2108 faciunt
2443 2052 2589 2123 quod
2624 2050 2856 2107 faciunt.
2881 2049 3054 2105 Nemo
3083 2050 3222 2104 enim
3254 2056 3493 2101 nostrum
3516 2043 3619 2099 sibi

2037 2147 2181 2211 vivit,
2212 2155 2263 2200 et
2300 2162 2450 2200 nemo
2488 2145 2591 2200 sibi
2621 2146 2867 2199 moritur.
2909 2143 3029 2200 Sive
3066 2143 3205 2198 enim
3236 2141 3482 2207 vivimus,
3509 2136 3622 2191 Do-

2039 2242 2183 2295 mino
2216 2240 2461 2305 vivimus;
2489 2240 2595 2294 sive
2624 2240 2905 2305 morimur,
2938 2237 3167 2292 Domino
3199 2236 3489 2298 morimur;
3516 2233 3622 2287 sive

2039 2334 2282 2400 vivimus,
2314 2334 2423 2388 sive
2448 2333 2729 2397 morimur,
2764 2330 2981 2384 Domini
3009 2344 3211 2383 sumus.
3249 2326 3317 2381 In
3356 2327 3453 2380 hoc
3479 2326 3618 2379 enim

2041 2425 2291 2483 Christus
2331 2434 2572 2481 mortuus
2603 2433 2681 2480 est
2715 2434 2764 2479 et
2795 2423 3084 2478 resurrexit
3118 2431 3168 2477 et
3203 2421 3358 2486 vixit,
3393 2430 3450 2472 ut
3481 2419 3623 2473 vivo-

2041 2536 2159 2574 rum
2183 2529 2234 2573 et
2268 2528 2607 2573 mortuorum
2634 2516 2962 2572 dominetur.

1324 2717 1393 2775 II.
1429 2719 1499 2775 IN
1534 2720 1921 2781 EPISTOLAM
1955 2722 2001 2777 II
2036 2721 2130 2778 AD
2167 2718 2610 2777 CORINTHIOS.

1618 2819 1887 2893 (Causa,
1928 2829 1972 2878 t.
2010 2820 2105 2886 Vl,
2144 2833 2200 2890 p.
2242 2819 2395 2890 597.)

358 2892 434 2951 Ἦ
463 2894 577 2968 τὰρ
596 2898 751 2956 κατὰ
777 2901 928 2960 Θεὸν
955 2908 1125 2979 λύπη
1151 2910 1480 2987 μετάνοιαν
1506 2915 1594 2981 εις
1632 2892 1937 2987 σωτηρίαν

924 2979 1354 3052 κατεργάζεται.

414 3057 616 3116 Λοιπὸν
644 3067 773 3135 περὶ
803 3069 904 3139 τῆς
932 3069 1109 3143 λύπης
1136 3073 1237 3140 τῆς
1284 3076 1425 3129 κατὰ
1456 3077 1589 3131 Θεὸν
1622 3080 1926 3150 φιλοσοφεῖ,

344 3148 571 3241 διαιρῶν
597 3155 766 3227 αὐτὴν
799 3159 901 3229 τῆς
926 3161 1021 3214 τοῦ
1062 3162 1268 3235 κόσμου
1299 3165 1498 3240 λύπης,
1522 3171 1615 3223 καί
1652 3148 1838 3241 φησιν,
1858 3170 1932 3226 'H

342 3240 457 3310 γὰρ
485 3243 638 3298 κατὰ
664 3246 814 3302 Θεὸν
832 3250 998 3319 λύπη
1023 3253 1476 3325 ἀμεταμέλητον
1493 3240 1925 3328 κατεργάζεται,

343 3333 427 3401 ὡς
452 3335 491 3404 ἥ
513 3338 706 3407 γετοῦ
744 3341 979 3413 κόσμου
1023 3346 1305 3417 θάνατον,
1343 3350 1474 3403 ὅταν
1520 3351 1609 3407 διὰ
1642 3350 1924 3425 χρήματα,

346 3426 477 3482 ὅταν
527 3429 616 3485 διὰ
663 3432 822 3501 δόξαν
872 3435 1112 3508 λυπῆται
1158 3459 1267 3505 τις.
1310 3442 1532 3515 Ἐπειδὴ
1566 3444 1673 3518 γὰρ
1704 3446 1768 3500 τὸ
1823 3446 1928 3516 τῆς

2044 2914 2198 2972 CAP.
2236 2911 2355 2969 VII.
2383 2912 2549 2970 Vens.
2616 2912 2703 2971 t0.
2741 2912 2873 2978 Qua:
2910 2912 3051 2966 enim
3109 2913 3400 2968 secundum
3452 2910 3621 2966 Deum

2148 2986 2387 3041 tristitia:
2406 2995 2502 3051 est,
2532 2985 2894 3055 paenitentiam
2918 2983 2974 3037 in
2994 2981 3221 3038 salutem
3244 2991 3513 3053 operatur.

2109 3076 2167 3133 In
2200 3078 2413 3148 reliquo
2450 3078 2518 3133 de
2560 3076 2779 3131 tristitia
2822 3076 3126 3132 secundum
3167 3074 3341 3133 Deum
3378 3074 3625 3150 philoso-

2032 3170 2257 3241 phatur,
2292 3172 2613 3226 discernens
2635 3185 2755 3224 eam
2802 3156 2834 3222 ἐι
2870 3169 3090 3225 tristitia
3113 3171 3327 3237 satculi,
3375 3181 3430 3227 et
3465 3172 3619 3236 dicit,

2034 3263 2167 3328 Quae
2206 3264 2345 3317 enim
2372 3267 2662 3318 secundum
2692 3262 2859 3316 Deum
2891 3261 3115 3316 tristitia
3156 3273 3235 3319 est
3260 3266 3621 3334 paenitentiam

2037 3366 2310 3427 operatur,
2367 3358 2555 3413 saeculi
2602 3364 2781 3410 autem
2831 3356 3053 3413 tristitia
3095 3368 3354 3428 mortem,
3400 3362 3620 3430 quando

2032 3456 2255 3519 propter
2295 3449 2438 3506 bona
2483 3458 2580 3504 aut
2625 3458 2847 3521 propter
2892 3452 3159 3508 honorem
3218 3452 3370 3524 luget
3410 3453 3620 3525 aliquis

345 3519 526 3593 λύπης
551 3525 845 3597 φάρμακον
860 3531 941 3595 εἰς
967 3531 1029 3586 τὸ
1056 3533 1156 3597 τὰς
1168 3533 1444 3608 ἁμαρτίας
1470 3537 1761 3593 λυπεῖσθαι
1793 3556 1932 3594 κατ·-

2039 3540 2171 3596 Cum
2202 3541 2349 3596 enim
2381 3519 2956 3600 tristitim‘remedium
2986 3544 3043 3599 in
3069 3519 3306 3603 tristitia
3323 3544 3391 3599 de
3418 3519 3619 3614 pecca-

346 3615 672 3674 εσκεύασται
728 3622 910 3693 μόνον,
966 3626 1026 3681 ἐν
1073 3627 1248 3701 τούτῳ
1279 3629 1442 3699 μόνον
1484 3634 1581 3684 καὶ
1612 3630 1834 3701 ὠφελεῖ,
1868 3635 1928 3688 ἐν

2039 3632 2106 3688 tis
2131 3630 2380 3687 habenda
2414 3633 2760 3690 solummodo
2785 3644 3158 3705 comparatur,
3188 3634 3245 3690 in
3280 3635 3386 3690 hoc
3412 3643 3620 3690 tantum

346 3706 403 3759 δέ
434 3710 547 3798 τοῖς
580 3709 787 3778 λοιποῖς
818 3717 915 3770 καὶ
961 3716 1227 3788 βλάπτειο
1265 3721 1417 3791 παρὰ
1447 3723 1611 3792 φύσιν
1644 3723 1753 3796 γὰρ
1784 3725 1923 3798 αὐτῇ

346 3797 630 3871 χρώμεθα.
665 3803 805 3859 Οὔτε
856 3807 965 3879 γὰρ
994 3812 1022 3863 ὁ
1058 3810 1323 3882 λυπηθεὶς
1384 3814 1530 3867 κατὰ
1567 3815 1697 3868 Θεὸν
1756 3797 1927 3886 μεταέ

349 3890 610 3966 μεληοειη
638 3898 766 3952 ποτέ
788 3900 821 3971 ἢ
844 3902 1093 3971 κατέγνω
1118 3906 1335 3962 ἑαυτοῦ.
1365 3908 1431 3959 Τί
1458 3909 1657 3979 δήποτε
1688 3909 1928 3981 λελύπη-

343 4001 476 4138 sat;
505 3988 642 4061 ὅπερ
694 3992 789 4047 ἐπὶ
820 3994 918 4066 τῆς
966 3996 1063 4050 τοῦ
1117 4000 1328 4072 κόσμου
1379 4001 1557 4073 λύπης
1608 4003 1928 4075 συμϐαίνειν

348 4096 444 4135 ειω
482 4101 560 4138 εν.

348 4096 560 4140 ειωυεν.

2035 3724 2279 3796 prodest,
2316 3726 2371 3780 in
2404 3726 2634 3797 reliquis
2656 3736 2840 3783 autem
2876 3728 2961 3785 vel
2991 3736 3172 3794 nocet,
3202 3728 3321 3785 haec
3346 3730 3496 3785 enim
3529 3744 3621 3786 se-

2036 3817 2278 3873 cundum
2305 3828 2559 3874 naturam
2584 3821 2805 3877 tristitia
2836 3831 2941 3878 est.
2985 3822 3105 3878 Non
3137 3824 3287 3879 enim
3327 3823 3419 3894 qui
3446 3823 3619 3880 tristi-

2036 3910 2169 3964 tiam
2198 3910 2278 3965 sic
2306 3910 2471 3966 habet
2498 3913 2800 3968 secundum
2822 3912 2990 3969 Deum
3020 3914 3401 3985 pmnitentiam
3423 3914 3617 3970 admit-

2037 4011 2173 4058 teret
2202 4011 2299 4058 aut
2342 4018 2403 4060 se
2431 4004 2857 4071 condemnaret,
2889 4022 2989 4061 cur
3023 4022 3156 4078 ergo
3198 4007 3481 4063 tristitiam
3515 4007 3616 4062 ha-

2034 4097 2195 4153 buit?
2224 4096 2383 4164 Quod
2432 4097 2488 4151 in
2524 4098 2711 4154 saaculi
2737 4098 2960 4154 tristitia
2986 4100 3197 4154 versari
3228 4107 3486 4155 assuetus
3510 4108 3614 4163 est,

1401 4210 1489 4265 Ill.
1529 4211 1601 4265 IN
1640 4208 2029 4267 EPISTULAM
2068 4207 2159 4262 AD
2199 4206 2569 4265 HEBRAEOS.

1620 4305 1885 4379 (Cnsuun.
1921 4316 1958 4361 t.
1999 4302 2107 4371 VII,
2134 4304 2345 4375 p.403.)

599 4410 749 4483 Ἐγὼ
784 4415 998 4486 ἔσομαι
1036 4419 1335 4486 πεποιθὼς
1372 4420 1468 4474 ἐπ’
1506 4421 1687 4488 αὐτῷ.

416 4568 663 4626 Φωτίου.
683 4572 755 4625 Τὸ
774 4573 854 4640 δὲ,
884 4574 1032 4647 Ἐγὼ
1060 4575 1276 4648 ἔσομαι
1307 4582 1607 4649 πεποιθὼς
1626 4581 1721 4636 ἐπ’
1744 4582 1926 4651 αὐτῷ,

342 4657 399 4712 τί
432 4659 716 4731 βούλεται;
757 4665 792 4737 ἢ
824 4667 966 4738 τάχα
1018 4670 1207 4741 ἐπειδὴ
1241 4672 1354 4726 ἄνω
1383 4668 1539 4729 εἶπεν
1570 4675 1736 4729 αὐτὸν
1765 4678 1925 4731 ἀδελ-

342 4751 445 4820 φὸν
465 4752 562 4807 καὶ
583 4754 733 4809 κάτω
756 4758 990 4831 πατέρα,
1029 4762 1089 4815 ἐν
1131 4762 1281 4834 μέσῳ
1314 4763 1606 4836 ἐσήμανεν,
1638 4768 1719 4821 ὅτι
1751 4769 1929 4825 ταῦτα

2074 4419 2229 4476 CAP.
2254 4418 2319 4477 II.
2360 4419 2526 4477 Vens.
2557 4421 2647 4477 I5.
2681 4421 2754 4476 Et
2781 4424 2972 4478 iterum
3002 4440 3021 4477 :
3057 4422 3167 4495 Ego
3197 4439 3287 4478 ero
3316 4424 3484 4493 fidens
3522 4424 3582 4478 in

2728 4511 2915 4551 eum...

2107 4583 2308 4640 Photii.
2331 4584 2467 4642 Illud
2486 4586 2810 4659 autem,Ego
2825 4603 2913 4643 ero
2929 4587 3096 4655 ﬁdem
3112 4588 3167 4641 in
3178 4603 3316 4654 eum,
3331 4587 3460 4658 quid
3479 4587 3619 4641 vult?

2038 4686 2189 4733 certe
2217 4693 2343 4734 cum
2389 4680 2645 4749 superius
2682 4679 2819 4735 dixit
2857 4680 3013 4734 illum
3056 4679 3281 4735 fratrem
3310 4691 3363 4735 et
3388 4679 3617 4735 inferius

2036 4777 2271 4838 patrem,
2307 4772 2363 4825 in
2397 4771 2581 4827 medio
2612 4770 2961 4838 signiﬁcavit,
2991 4772 3134 4841 quod
3170 4771 3263 4826 illa
3294 4780 3420 4825 sunt
3450 4772 3616 4839 bene—

345 4842 890 4955 μένθιριλανθρωπίας
938 4851 1181 4923 ὀνόματα
1211 4857 1310 4908 καὶ
1339 4857 1565 4929 χάριτος
1602 4860 1704 4932 τῆς
1727 4862 1919 4917 αὐτοῦ.

2039 4860 2287 4917 volentia:
2310 4863 2535 4917 nomina
2565 4872 2619 4919 et
2642 4863 2832 4934 gratiae
2861 4862 3031 4920 illius.
3070 4863 3205 4919 Illud
3235 4878 3384 4928 vero,
3422 4871 3619 4917 natura

342 4935 417 4989 Τὸ
442 4936 499 4991 δὲ
522 4976 539 5001 ,
572 4938 733 5009 φύσει
778 4942 875 4996 καλ⁵
900 4942 1119 5014 ἀληθῶς
1141 4945 1274 5008 Θεὸς
1299 4946 1453 5020 ἔστη,
1488 4951 1643 5022 φησί.
1691 4952 1786 5015 Τίς
1811 4955 1920 5022 γὰρ

2039 4956 2085 5003 et
2108 4964 2234 5005 vere
2267 4948 2413 5007 Deus
2444 4952 2616 5017 stetit,
2648 4952 2847 5022 inquit.
2884 4951 3020 5006 Nam
3054 4952 3180 5022 quis
3212 4952 3327 5006 ﬁdit
3360 4952 3411 5005 in
3448 4952 3616 5006 alium

342 5027 603 5083 πέποιθεν
624 5031 719 5086 ἐπὶ
739 5031 911 5105 ἑτέρῳ
939 5034 1045 5088 τινὶ
1065 5037 1115 5090 εί
1144 5037 1221 5109 μὴ
1251 5038 1346 5092 ἐπὶ
1387 5040 1534 5112 μόνῳ
1569 5042 1724 5114 Θεῷ;
1780 5045 1929 5098 Ὢσεὶ

2039 5042 2290 5113 aliquem,
2323 5043 2429 5099 nisi
2463 5044 2518 5099 in
2543 5043 2721 5101 solum
2749 5044 2969 5100 Deum?
3000 5044 3153 5100 Sicut
3189 5045 3343 5110 dixit,
3378 5060 3483 5099 non
3514 5060 3613 5099 au-

345 5118 535 5211 ἐλεγεο
566 5122 661 5196 Μὴ
722 5124 1014 5192 ἀκούοντες
1047 5128 1210 5183 αὐτὸν
1255 5131 1488 5202 ἀδελφὸν
1535 5135 1633 5189 καὶ
1690 5130 1927 5211 πατέρα,

2029 5134 2243 5191 dientes
2275 5136 2429 5190 illum
2469 5135 2698 5193 fratrem
2730 5147 2784 5193 et
2813 5145 3047 5208 patrem,
3079 5146 3262 5207 putate
3291 5150 3459 5191 unum
3493 5150 3618 5190 esse

350 5209 606 5302 νομίσητε
657 5214 753 5270 ἕνα
779 5212 921 5272 εἶναι
968 5219 1080 5272 τῶν
1129 5220 1363 5292 πολλῶν,
1394 5223 1526 5289 Θεός
1562 5227 1710 5280 ἐστιν
1739 5209 1843 5298 ἐφί
1870 5229 1931 5285 δν

2039 5243 2065 5283 e
2092 5228 2315 5299 multis;
2352 5228 2493 5286 Dcus
2520 5239 2606 5287 est
2637 5230 2690 5286 in
2733 5245 2895 5302 quem
2923 5229 3186 5301 scriptum
3223 5239 3305 5285 est
3341 5228 3615 5285 ﬁdcndum

340 5297 654 5373 γέγραπται
679 5305 998 5363 πεποιθέναι
1022 5305 1218 5379 χρεών.

2033 5337 2175 5379 CSSC.
