3930 6218
364 319 3615 380 W

1788 488 2199 551 MONITUM.

434 844 596 918 Quae
623 846 992 923 sequuntur
1021 836 1417 920 quaestiones
1446 836 1559 899 diu
1590 833 1813 897 multis
1844 832 2150 912 expensis
2195 831 2527 911 multaque
2558 828 2895 907 diligentia
2936 824 3174 889 frustra
3232 825 3593 907 σωθείητε
3615 854 3648 871 -

360 966 527 1011 mus.
570 948 769 1009 Nobis
801 946 1087 1021 tandem,
1133 943 1432 1007 absoluto
1458 942 1591 1023 jam
1649 940 2009 1014 volumine,
2052 955 2162 1001 eas
2197 936 2493 1000 Venetiis
2530 934 2600 995 in
2642 930 2840 996 Codd.
2872 932 3070 992 Graio.
3109 930 3195 1002 X,
3227 929 3344 999 XI,
3380 928 3499 989 XI]
3536 925 3651 987 Bi-

357 1050 700 1112 bliotheca)
751 1047 1093 1110 Marciana)
1130 1048 1350 1109 datum
1391 1050 1489 1107 est
1527 1043 1857 1122 detegere.
1895 1042 2096 1117 Quas,
2119 1041 2282 1117 {cum
2333 1053 2527 1099 suum
2563 1034 2695 1117 jam
2750 1049 2877 1096 non
2914 1030 3163 1113 possint
3202 1029 3418 1091 locum
3473 1027 3651 1090 obti-

360 1168 541 1227 nere,
579 1148 656 1211 ad
690 1149 928 1213 calcem
966 1146 1322 1212 voluminis
1353 1146 1680 1229 appositas
1717 1141 1889 1207 haud
1936 1139 2209 1223 ingrate,
2232 1154 2594 1220 speramus,
2627 1136 2827 1199 lector
2870 1130 3183 1196 inveniet.
3216 1133 3400 1193 EDIT.

386 1334 3657 1376 _________________..______.__.._—_———————————————-

1369 1514 2665 1652 SUPPLEMENTUM

874 1783 1025 1872 AD
1119 1774 1921 1887 QUIESTIONES
2013 1771 2393 1862 AMPHI
2418 1768 3131 1864 LOCHIANAS.

1970 1990 2046 2007 —

887 2127 1224 2184 ΕΡΩΡΗΣΙΣ
1253 2122 1445 2181 PMH'.
2007 2120 2055 2183 Α.

2007 2120 2055 2183 Α.
2540 2119 2875 2188 ΟΗᾹΣΞΤΙΟ
2922 2121 3201 2181 CXLVIII.

371 2231 440 2285 Et
462 2226 532 2282 δὲ
560 2223 882 2291 ἀλλήλους
904 2221 1157 2276 δάκνετε
1186 2219 1286 2275 καί
1311 2216 1678 2291 κατεσθίετε.
1697 2214 1923 2283 ﬁdens:

1794 2214 1966 2270 ἐπετε
2086 2286 2115 2291 μ
2218 2284 2295 2291 __
2397 2210 2577 2291 [Deest
2616 2214 2669 2268 in
2709 2211 2886 2291 Coi_sl._
2909 2223 2959 2268 et
2985 2214 3151 2271 Taur.
3172 2213 3346 2291 _Cod.]

682 2284 771 2367 μὴ
812 2284 913 2350 ὑπ’
940 2292 1233 2360 ἀλλήλων
1260 2288 1635 2357 ἀναλωθῆτε.
2074 2284 2229 2352 Quod

2113 2284 2229 2347 luod
2246 2284 2295 2340 si
2309 2284 2633 2367 vos’inyicem
2661 2286 2913 2339 mordetis
2934 2298 2981 2339 et
3000 2287 3297 2367 comeditis,
3326 2284 3494 2344 uidete
3516 2305 3580 2345 ne
3600 2289 3665 2345 ab

2456 2360 2675 2409 invicem
2723 2360 3111 2412 consumamini
3144 2360 3160 2390 ¹
3192 2360 3295 2430 (a).

442 2454 633 2510 Εἰπὼν
652 2454 681 2507 ὁ
706 2450 943 2516 Παῦλος,
973 2443 1036 2504 οὗ
1059 2452 1092 2521 ἠ
1115 2448 1335 2518 γλῶττα
1367 2446 1463 2500 τοῦ
1501 2444 1769 2513 παναγίου
1794 2441 1971 2496 Ilvati-

2149 2452 2345 2509 Dicens
2396 2451 2624 2516 Paulus,
2660 2452 2822 2521 cujus
2856 2454 3040 2520 lingua
3094 2455 3271 2509 sancti
3319 2452 3559 2525 Spiritus
3584 2462 3670 2511 est

378 2568 547 2624 ματος
596 2550 851 2619 ὄργανον,
902 2542 1105 2615 ’Υμεῖς
1156 2540 1269 2612 γὰρ
1312 2540 1406 2594 ἐπ’
1430 2540 1743 2609 ἐλευθερίᾳ
1782 2536 1930 2606 ἐκλή

2117 2561 2368 2616 rganum,
2404 2544 2505 2600 Vos
2543 2546 2679 2600 enim
2718 2546 2772 2599 in
2819 2546 3113 2600 libertatem
3160 2548 3332 2602 vocati
3359 2548 3511 2612 estis,
3551 2548 3669 2615 fra-

376 2650 545 2714 θητε,
609 2638 890 2711 ἀδελφοὶ,
939 2639 1037 2692 καὶ
1100 2636 1341 2701 διδάξας,
1386 2634 1463 2698 ὡς
1516 2634 1615 2704 οὐχ
1655 2632 1928 2686 ὑπόκειντι

2114 2654 2183 2692 res
2210 2639 2253 2703 ‘,
2281 2648 2338 2693 et
2378 2638 2609 2701 docens,
2647 2637 2794 2708 quod
2842 2654 2950 2693 non
2994 2638 3371 2709 subjiciuntur
3414 2642 3666 2698 servituti

375 2737 592 2808 δουλείᾳ
632 2732 961 2806 περιτομῆς,
989 2729 1113 2784 οὐδὲ
1157 2728 1239 2801 τῷ
1280 2726 1375 2781 τοῦ
1406 2726 1573 2796 νόμου
1601 2724 1753 2795 ζυγῷ
1802 2741 1927 2778 κατι

2120 2731 2541 2797 ircumcisionis,
2582 2747 2759 2802 neque
2789 2733 2919 2802 jugo
2951 2733 3085 2804 legis
3120 2743 3465 2805 premuntur,
3514 2744 3572 2789 ut
3604 2751 3672 2792 ne

375 2828 681 2899 τρίϐεσθαι,
712 2826 801 2880 ἵνα
833 2823 908 2896 μὴ
936 2824 1038 2892 τὴν
1063 2819 1380 2891 ἐλευθερίαν
1417 2818 1622 2883 αὐτοῖς,
1656 2817 1751 2870 καὶ
1771 2816 1872 2869 ὅσα
1898 2833 1927 2885 μ

2113 2823 2399 2879 ibertatem
2434 2824 2561 2891 illis,
2590 2832 2646 2880 et
2675 2826 2856 2879 omnia
2886 2841 3011 2894 qua:
3055 2841 3167 2881 non
3195 2837 3431 2896 oportet,
3468 2828 3665 2898 largita

376 2920 479 2981 δεῖ,
521 2915 843 2989 χαρίζεσθαι
896 2912 1184 2985 νομίσωσι,
1269 2913 1365 2965 καὶ
1422 2909 1523 2982 τὴν
1547 2906 1804 2979 ἀφορμὴν
1869 2906 1928 2973 τί

2121 2916 2250 2969 tisse
2281 2923 2496 2985 putent,
2530 2925 2583 2970 et
2604 2931 2668 2968 ex
2693 2906 2815 2985 iure
2847 2914 3121 2972 libertatis
3149 2917 3420 2971 libertatis
3444 2918 3670 2987 injusti-

376 3014 693 3086 ἐλευθερίας
748 3009 907 3082 ὖόριν
945 3009 1279 3078 ποιήσωνται
1323 3005 1425 3075 τῆς
1482 3002 1819 3073 ἐλευθερίας,
1849 3000 1926 3054 ὑπ

2125 3022 2211 3059 am
2242 3006 2469 3074 faciant,
2523 3006 2784 3063 submissi
2820 3008 2997 3074 carni,
3038 3008 3190 3063 addit
3225 3027 3239 3064 :
3278 3009 3382 3064 Sed
3413 3026 3507 3081 per
3540 3010 3670 3065 cha-

374 3112 703 3182 τασσόμενοι
747 3110 813 3180 τῇ
870 3106 1055 3175 σαρκὶ,
1104 3104 1388 3172 ἐπήγαγεν
1416 3117 1431 3132 ο
1486 3099 1665 3155 Ἀλλὰ
1721 3097 1818 3153 διὰ
1861 3095 1926 3165 τῆ

2116 3099 2296 3153 itatem
2332 3100 2521 3154 servite
2576 3100 2816 3153 invicem.
2872 3098 3065 3156 Vocati
3126 3103 3284 3170 estis,
3349 3103 3551 3174 inquit,
3602 3104 3668 3159 ad

378 3205 619 3275 ἀγάπης
657 3202 980 3257 δουλεύετε
1017 3197 1339 3265 ἀλλήλοις.
1384 3192 1775 3263 ’Λνεκλήθητε,
1804 3191 1930 3262 apud

2122 3190 2429 3257 bcrtatem;
2466 3190 2636 3262 fugite
2666 3192 2848 3247 carnis
2892 3193 3253 3261 servitutem;
3289 3196 3476 3250 carnis
3505 3211 3670 3266 porro

378 3299 520 3371 πρὸς
544 3295 883 3367 ἐλευθερίαν,
916 3291 1149 3361 φεύγετε
1179 3290 1279 3360 τῆς
1326 3287 1529 3356 σαρκὸς
1557 3286 1656 3357 τὴν
1691 3284 1930 3338 δουλείαν

2115 3286 2318 3339 crvitus
2349 3284 2650 3340 multorum
2682 3294 2768 3340 est
2789 3298 2955 3339 causa
3001 3284 3251 3341 dolorum
3285 3297 3339 3343 et
3372 3289 3667 3358 malorum,

378 3394 412 3456 ὴ
442 3390 498 3444 δὲ
550 3388 653 3459 τῆς
684 3386 891 3457 σαρκὸς
914 3382 1133 3439 δουλεία
1158 3380 1370 3435 πολλῶν
1400 3380 1499 3450 μὲν
1531 3380 1626 3432 καὶ
1648 3377 1826 3431 ἄλλων
1849 3377 1930 3429 ἐστ

2120 3393 2364 3447 ιεςιηπιυο
2408 3378 2735 3433 charitatem
2795 3378 2959 3433 mittit
2990 3377 3160 3434 foras.
3197 3377 3269 3434 Ut
3313 3398 3443 3453 ergo
3472 3394 3672 3440 caetera

378 3483 640 3556 πρόξενος
672 3477 864 3534 παθῶν
920 3475 1017 3530 καὶ
1048 3473 1271 3538 κακίας,
1306 3471 1451 3539 ἀτάρ
1483 3470 1548 3540 δὴ
1574 3469 1669 3522 καὶ
1695 3467 1797 3538 τὴν
1824 3465 1930 3536 ἀγά

2119 3472 2345 3536 mittam,
2377 3471 2480 3526 hoc
2511 3473 2710 3527 vulnus
2739 3488 2770 3527 e
2800 3488 2965 3529 carne
3009 3485 3199 3530 contra
3239 3492 3343 3533 nos
3376 3486 3590 3545 natum,
3618 3478 3671 3534 id

376 3594 490 3648 πην
526 3574 852 3630 ἀπωθεῖται.
911 3570 1034 3625 ἰνα
1076 3569 1259 3623 τοίνυν
1295 3566 1363 3620 τὰ
1418 3565 1555 3620 ἄλλα
1608 3562 1747 3625 τέως
1800 3561 1928 3614 ἐάσιι

2116 3572 2183 3627 st,
2207 3580 2328 3633 qum
2346 3562 3005 3629 mortiﬁcatcharitatem,
3024 3567 3251 3621 minime
3274 3568 3327 3622 in
3354 3570 3508 3624 vobis
3532 3570 3668 3640 ipsis

375 3668 582 3740 ταύτην
618 3665 718 3740 τὴν
751 3665 862 3720 ἀπὸ
906 3664 1006 3736 τῆς
1031 3660 1234 3733 σαρκὸς
1259 3657 1569 3730 ἐρχομένην
1602 3653 1817 3726 πληγὴν
1844 3656 1927 3706 καί

2123 3658 2432 3712 :ntationem
2479 3655 2594 3711 ﬁeri
2627 3658 2979 3727 permittatis.
3023 3657 3309 3726 Quomodo
3336 3659 3482 3717 istud
3542 3661 3675 3718 Ilet?

375 3761 557 3833 ἡμῶν,
598 3758 871 3821 τουτέστι,
905 3757 1006 3829 τὴν
1038 3754 1342 3827 νεκροῦσαν
1387 3751 1488 3823 τὴν
1512 3750 1756 3821 ἀγάπην,
1797 3746 1927 3819 μηδο

2124 3751 2137 3805 i
2184 3766 2275 3820 per
2327 3751 2640 3804 citarilatem
2705 3751 2949 3805 serviatis
3002 3751 3257 3818 invicem;
3293 3770 3391 3824 per
3429 3755 3674 3809 charito-

380 3854 498 3926 μῶς
532 3854 591 3906 ἐν
614 3853 827 3914 ἑαυτοῖς
858 3848 1150 3920 παρελθεῖν
1181 3846 1457 3918 πρόφασιν
1488 3839 1932 3909 ὑποκατακλιθῆτ

2122 3858 2185 3895 :tn
2203 3842 2347 3896 enim
2365 3842 2856 3912 quaeestservitus,
2892 3856 3040 3912 pune
3069 3840 3364 3899 desursum
3404 3844 3674 3903 libertatis

374 3945 581 4000 δοῦναι.
598 3942 771 3998 τοῦτο
791 3941 846 3995 δὲ
866 3940 1017 3995 ἔσται
1040 3938 1189 4006 πόιςς
1227 3938 1285 3991 Ei
1320 3936 1419 3990 διὰ
1434 3932 1547 4003 τῆς
1571 3931 1815 4004 ἀγάπης
1838 3931 1926 3986 δοι

2123 3942 2163 3989 st
2202 3936 2421 4004 pignus,
2456 3944 2510 3988 et
2537 3948 2725 4004 pacem
2757 3934 3019 3989 cordibus
3046 3935 3329 3990 hominum
3364 3935 3675 3994 inhabitare

373 4040 585 4094 λεύετε
605 4035 924 4105 ἀλλήλοιςο
951 4034 984 4105 ἡ
1009 4034 1118 4103 γὰρ
1145 4030 1234 4085 διὰ
1257 4032 1357 4101 τῆς
1386 4027 1608 4098 ἀγάπης
1628 4026 1847 4080 δουλεία
1872 4024 1925 4078 τὶ

2120 4025 2235 4082 icit.
2294 4024 2503 4081 Deinde
2563 4025 2881 4091 ostendens,
2924 4027 3073 4098 quod
3136 4028 3271 4100 legis
3323 4042 3540 4083 summa
3586 4038 3672 4086 est

375 4131 585 4187 ἀνωθεν
606 4128 1046 4203 ἀρρασωνίζεται
1083 4123 1332 4195 καθαρὰν
1366 4120 1709 4192 ἐλευθερίαν,
1737 4120 1834 4173 καὶ
1859 4117 1927 4189 τὴ

2120 4117 2307 4188 iligere
2341 4118 2652 4186 proximum
2686 4117 2830 4173 sicut
2859 4119 3103 4188 seipsuin
3130 4119 3172 4186 ³,
3205 4120 3396 4191 sicque
3425 4121 3672 4177 cbarita-

375 4224 604 4296 είρήνην
627 4223 749 4284 ταῖς
773 4216 1085 4289 ἀνθρώπων
1116 4214 1368 4286 καρδὲαις
1398 4210 1803 4283 ἐγκατοικίζει.
1833 4205 1927 4263 Eis

2126 4225 2153 4265 s
2184 4210 2352 4263 altum
2382 4218 2437 4264 et
2469 4210 2603 4265 utile
2646 4211 2919 4267 exhibens
2959 4225 3024 4267 ex
3074 4214 3470 4272 comitantibus
3498 4216 3669 4271 vitam

374 4313 616 4381 δεικνὺς,
643 4314 727 4367 ὅτι
750 4310 848 4364 καὶ
877 4310 1045 4380 νόμου
1085 4304 1379 4377 κεφάλαιόν
1401 4305 1522 4359 ἐστι
1554 4301 1617 4357 τδ
1645 4301 1866 4373 ἀγαπᾷν
1892 4299 1926 4352 ιὶ

2120 4316 2374 4355 umanam
2424 4301 2733 4366 eventibus,
2787 4302 3030 4359 concinit
3068 4303 3483 4361 documentum.
3530 4305 3668 4360 Cum

374 4406 572 4460 ἑαυτὸν
598 4404 691 4457 τὸν
719 4401 971 4471 πλησίον,
1003 4395 1293 4468 καὶταύτῃ
1324 4395 1427 4466 τῆς
1453 4394 1678 4466 ἀγάπης
1718 4394 1781 4445 τδ
1830 4390 1926 4461 ὐψτ

2121 4396 2223 4450 nitu
2263 4395 2447 4451 omnis
2470 4395 2634 4450 homo
2668 4412 2782 4452 non
2806 4398 3018 4469 legibus
3061 4408 3117 4455 et
3168 4400 3335 4457 minis
3376 4417 3571 4474 poenas
3607 4403 3673 4457 ll-

306 4506 307 4509 “
372 4500 467 4553 λδν
499 4498 597 4553 καὶ
635 4493 915 4565 ὠφέλιμον
957 4489 1323 4562 παραστήσας
1358 4486 1469 4542 ἀπὸ
1501 4487 1611 4542 τῶν
1641 4502 1858 4558 παρεπο

2122 4487 2236 4541 ales
2275 4487 2681 4553 minitantibus,
2722 4490 2837 4543 vult
2868 4491 3109 4559 edoceri,
3146 4493 3369 4548 nuntiat
3406 4502 3674 4564 quantum

373 4608 482 4647 νων
510 4588 873 4662 ἀνθρωπίνων
895 4583 974 4656 τῷ
1017 4583 1119 4655 βίῳ
1158 4582 1608 4653 συμπτωμάτων,
1645 4580 1925 4651 ἐπισφίγγι

2125 4600 2141 4637 t
2172 4586 2531 4652 praesentibus
2549 4594 2601 4638 et
2622 4584 3032 4641 imminentibus
3054 4586 3386 4658 supplicium
3412 4604 3427 4655 ;
3464 4599 3518 4643 et
3542 4603 3677 4644 con-

370 4684 473 4756 τὴν
508 4678 891 4737 διδασκαλίαν·
928 4676 1121 4749 ἐπειδὴ
1164 4677 1278 4747 γὰρ
1306 4675 1337 4729 ὁ
1362 4674 1532 4739 πολὺς
1581 4672 1870 4746 ἄνθρωπος
1904 4689 1922 4726 c

2131 4675 2247 4729 udit
2264 4675 2390 4730 inde
2409 4674 2871 4731 exhortationem.
2893 4675 2949 4731 Si
2976 4693 3103 4734 vero
3135 4692 3315 4750 neque
3339 4678 3567 4735 libertas
3590 4696 3682 4733 vc.

371 4773 632 4829 τοσοῦτον
675 4771 864 4842 νόμοις
914 4770 1012 4824 καὶ
1060 4766 1390 4842 [ἀπειλαῖς],
1437 4768 1558 4830 ταῖς
1607 4763 1923 4819 ἀπειλούσαι

2119 4768 2164 4821 is
2201 4766 2399 4836 placet,
2426 4780 2604 4835 neque
2634 4765 2779 4837 quod
2809 4769 3071 4822 convenit
3110 4769 3321 4825 servire
3345 4769 3580 4825 invicem
3616 4770 3670 4825 in

373 4864 475 4931 τὰς
500 4865 819 4928 τελευταίας
843 4862 1117 4928 κολάσεις,
1160 4858 1593 4934 σωφρονίζεσθαι
1625 4858 1791 4924 θέλει,
1825 4874 1925 4930 παι

2121 4858 2369 4925 maritate,
2407 4873 2590 4928 neque
2621 4857 2766 4928 quod
2794 4858 3208 4929 impletnentum
3238 4859 3373 4931 legis
3410 4858 3673 4931 perfectio

373 4958 635 5030 ἀγγέλλει
690 4957 820 5011 ὅσον
842 4956 954 5010 ἀπὸ
986 4954 1097 5008 τῶν
1129 4954 1485 5027 προσκαίρων
1509 4953 1605 5006 καὶ
1628 4950 1925 5021 ἐγγιζόντω

2124 4948 2404 5015 lnaritatis;
2479 4949 2573 5004 sed
2630 4950 2746 5004 haec
2806 4950 2992 5005 omnia
3068 4951 3275 5008 nullius
3337 4953 3676 5010 abstimautes

374 5051 456 5113 είς
496 5044 791 5120 τιμωρίαν,
848 5045 1105 5116 ἐπιφέρει
1150 5043 1251 5115 τὴν
1301 5044 1634 5115 παραίνεσιν
1684 5041 1926 5097 κάκεῖθει

2122 5042 2298 5097 ιυίερηι
2361 5058 2451 5096 vos
2500 5043 2754 5097 mordetis
2807 5051 2857 5098 et
2919 5044 3216 5109 comeditis,
3286 5054 3491 5114 tamen,
3569 5047 3674 5103 nisi

377 5142 439 5195 Εί
464 5139 522 5194 δὲ
559 5140 696 5211 μήτε
742 5135 804 5191 τὸ
856 5137 959 5207 τῆς
1018 5133 1337 5204 ἐλευθερίας
1368 5134 1515 5205 ὑμᾶς
1548 5134 1814 5198 δυσωπεῖ,
1842 5133 1929 5203 μηδ

2130 5136 2221 5191 iud
2248 5145 2303 5190 at
2344 5135 2399 5191 id
2441 5136 2633 5192 saltem
2675 5137 3023 5193 considerate
3066 5138 3216 5209 quod
3269 5139 3325 5195 in
3368 5141 3583 5195 ruinam
3619 5151 3676 5197 et

372 5236 457 5288 ὅτι
491 5233 737 5304 προσῆκε
780 5228 1059 5284 δουλεύειν
1104 5227 1361 5300 ἀλλήλοις
1394 5228 1454 5280 ἐν
1491 5226 1705 5301 ἀγάπῃ,
1741 5224 1865 5297 μηδ’
1889 5225 1924 5278 δέ

2123 5232 2357 5287 iteritum
2421 5242 2665 5287 vestrum
2738 5232 2867 5288 talis
2932 5233 3079 5288 actio
3143 5242 3407 5292 vertetur.
3483 5234 3675 5291 Cavete

377 5326 655 5399 πλήρωμα
690 5325 859 5396 νόμου
910 5323 973 5378 τὸ
1021 5321 1363 5394 κατόρθωμα
1394 5321 1493 5392 τῆς
1543 5319 1788 5391 ἀγάπης,
1835 5318 1929 5372 ἀλλ

2114 5323 2245 5391 pitur
2275 5337 2337 5375 ne
2382 5322 2641 5376 exeidatis
2688 5338 2720 5374 a
2760 5323 3062 5387 charitate;
3106 5325 3362 5381 excidere
3404 5327 3551 5382 enim
3599 5328 3666 5383 ab

374 5419 550 5475 ταῦτα
580 5418 761 5474 πάντα
782 5418 1001 5490 θέμενοι
1048 5414 1203 5489 παρά
1246 5413 1473 5486 φαῦλον,
1509 5412 1838 5481 Ἀλλήλους
1870 5410 1926 5466 δι

2127 5414 2199 5477 la,
2221 5412 2277 5467 in
2312 5426 2524 5484 pugnas
2551 5428 2648 5469 vos
2673 5420 2728 5469 et
2770 5415 3156 5473 contentiones
3191 5416 3367 5485 ducit,
3395 5427 3451 5473 et
3480 5417 3673 5491 dispo-

455 5580 473 5614 ¹
502 5579 682 5637 Galat.
713 5596 768 5647 ν,
804 5578 894 5636 15.
969 5582 991 5613 ¹
1022 5579 1157 5636 ibid.
1188 5579 1275 5636 I5.
1351 5579 1372 5613 ³
1396 5578 1531 5636 ibid.
1576 5579 1666 5638 Η.

449 5721 527 5793 (a)
562 5720 635 5778 De
669 5722 770 5778 hoc
813 5734 1137 5794 argumento
1174 5725 1299 5784 vide
1345 5727 1511 5786 etiam
1540 5727 1900 5799 quaestionem
1940 5725 2077 5782 LIV.
