3854 6316
297 322 436 389 1279

1571 314 2253 400 SUPPPLEMENTUM

3442 358 3604 443 uso

289 442 373 496 nit
413 439 713 496 adhostilia
784 454 936 497 arma
980 442 1245 498 sumenda
1282 460 1299 510 ;
1340 442 1459 500 haec
1509 459 1641 502 vero
1704 447 1818 505 inte

1964 466 2136 516 ,γετε
2183 451 2284 505 καί
2340 458 2707 526 κατεσθίετε,
2739 459 2847 515 κᾶν
2886 461 3039 532 γοῦν,
3097 465 3150 518 εί
3206 468 3283 539 μή
3344 486 3401 523 τι
3446 472 3607 532 ille.

286 540 405 587 tum
474 542 720 589 vestrum
774 543 1109 605 praeparant.
1173 535 1277 593 Hic
1346 552 1512 609 porro
1574 537 1885 611 opportune

284 624 607 680 charitatem
658 626 937 692 insinuat,
1004 627 1446 685 circumcisionis
1524 629 1881 688 abolitionem

284 717 436 787 prius
463 718 725 783 suadens,
762 729 817 774 et
858 719 992 775 illud
1023 720 1126 775 sibi
1162 736 1498 791 proponens,
1529 724 1748 778 scilicet
1801 734 1880 791 ut,

279 804 480 885 divisis
518 807 661 863 inter
694 823 775 872 se,
802 817 857 863 et
906 808 1258 864 laudantibus
1289 810 1793 879 circumcisionem,
1825 824 1882 871 et

278 898 335 958 in
392 900 623 971 gratiam
694 901 831 973 legis
876 899 1033 956 Pauli
1076 902 1238 958 verba
1295 903 1715 969 adhibentibus,
1774 921 1884 963 non

278 1008 402 1050 sese
426 994 696 1063 dissidiis,
728 996 1056 1051 tumultibus
1087 1005 1140 1051 et
1180 996 1376 1066 pugnis
1420 996 1642 1062 dedant,
1686 1000 1888 1069 quibus

275 1084 496 1143 facilius
522 1088 667 1144 inter
698 1103 758 1144 se
783 1087 1094 1154 destruant;
1119 1088 1170 1142 id
1199 1087 1345 1159 quod
1371 1103 1515 1158 saepe
1543 1089 1886 1147 visum.ch

272 1194 487 1235 veroex
512 1180 928 1250 manuscriptis,
952 1180 1096 1237 sicut
1124 1180 1299 1250 potui,
1337 1183 1662 1252 transcripsi
1691 1198 1705 1249 ;
1729 1183 1884 1241 libris

271 1272 443 1339 enim,
515 1281 577 1328 ιιι
626 1274 733 1330 scit
781 1282 874 1328 tua
941 1274 1301 1331 sacerdotalis
1382 1276 1671 1342 celsitudo,
1742 1291 1867 1331 cum

268 1368 418 1435 aliis,
445 1382 511 1424 ex
540 1367 742 1439 quibus
769 1367 1035 1440 possibile
1073 1366 1269 1424 fuisset
1321 1369 1526 1436 vivere,
1579 1368 1869 1439 captivitas

267 1475 356 1517 tne
379 1460 658 1531 spoliavit.

1990 540 2149 596 τοῦτο
2198 549 2603 619 κατανοήσατε,
2640 552 2719 617 ὠς
2740 556 2821 619 εἰς
2856 554 3065 628 φθορὰν
3098 558 3257 630 ὑμῶν
3306 565 3407 616 καὶ
3450 566 3601 636 ἀφα-

1989 635 2498 714 νισμδνητοιαύτη
2556 645 2761 716 πρᾶξις
2810 650 3164 722 καταντήσει.
3218 635 3601 721 Φυλείξαονσε

1987 723 2104 781 οὖν
2136 728 2225 798 μὴ
2276 731 2593 789 διαπεσεῖν
2614 737 2725 807 τῆς
2754 738 3017 811 ἀγάπης.
3059 742 3134 797 Τὸ
3165 745 3276 817 γὰρ
3308 747 3601 803 διαπεσεῖν

1990 819 2207 891 ἐκείνης
2244 825 2322 887 είς
2380 826 2560 897 μάχας
2618 830 2765 899 ὑμᾶς
2817 834 2914 886 καὶ
2968 836 3118 907 ἕρεις
3166 838 3458 911 διεγείρει,
3493 846 3601 895 καὶ

1988 913 2110 965 κατ’
2142 914 2387 984 ἀλλήλων
2418 921 2738 986 ὁπλίζεσθαι
2766 930 3217 996 παρασκευάζειο
3250 934 3323 984 τά
3358 932 3441 997 δὲ,
3475 936 3581 1005 τὴν

1987 1005 2196 1077 φθοράν
2224 1008 2381 1080 ὑμῶν
2414 1014 2508 1066 καὶ
2541 1014 2822 1071 ἀπώλειαν
2879 1023 3427 1089 συγκατασκευάζει.
3462 1024 3588 1078 Ἐν-

1983 1096 2163 1152 ταῦθα
2187 1098 2243 1152 δὲ
2273 1098 2371 1172 τὴν
2418 1103 2643 1175 ἀγάπην
2671 1108 2944 1180 εὐκαίρως
2968 1113 3336 1183 παρενέϐαλε,
3372 1115 3473 1183 καί
3501 1134 3590 1173 τοι

1983 1191 2083 1261 τῆς
2112 1196 2418 1267 περιτομῆς
2470 1198 2731 1269 ἀθέτησιν
2782 1207 3214 1277 προηγουμένως
3250 1210 3594 1282 εἰσηγούμε-

1977 1298 2089 1377 νος,
2130 1288 2228 1340 καὶ
2282 1289 2492 1360 ταύτης
2549 1293 2701 1366 αύτῷ
2732 1295 2833 1366 τῆς
2870 1298 3108 1370 σπουδῆς
3159 1303 3586 1377 προκειμένης-ο

1976 1372 2067 1429 ἶνα
2098 1377 2196 1447 μὴ,
2226 1378 2613 1452 διαιρεθέντων
2659 1388 2797 1459 πρὸς
2839 1390 3105 1462 ἀλλήλους
3133 1372 3244 1447 τῶν
3271 1411 3329 1447 τε
3484 1372 3591 1453 πε-

1977 1469 2205 1542 ριτομὴν
2235 1476 2625 1550 σεμνολόγημα
2657 1484 3023 1554 ποιουμένων,
3052 1486 3147 1539 καὶ
3182 1487 3294 1540 τῶν
3316 1489 3457 1559 πρὸς
3477 1491 3584 1563 τὴν

264 1554 592 1624 νομοθεσίαν
650 1552 762 1609 τῶν
818 1552 1034 1608 Παύλου
1107 1551 1374 1625 ῥημάτων
1417 1553 1767 1626 ἀνηγμένων,
1841 1559 2065 1615 στάσεσι
2119 1566 2243 1639 καὶ⁸
2261 1569 2513 1643 θορύϐοις
2566 1576 2664 1630 καὶ
2714 1551 2919 1649 μάχαις
2973 1580 3204 1646 ἑαυτοὺς
3272 1551 3585 1655 ποιήσωσίν

262 1648 537 1716 ἐκδότους,
568 1647 635 1702 δι’
663 1645 739 1702 ὧν
770 1649 870 1703 καὶ
897 1648 958 1701 τὸ
995 1646 1088 1702 ὑπ’
1119 1647 1366 1718 ἀλλήλων
1396 1649 1848 1720 καταναλωθῆναι
1890 1652 2088 1709 θᾶττόν
2117 1658 2179 1712 τέ
2242 1662 2360 1717 ἐστι
2427 1666 2525 1720 καλ⁸
2587 1645 2981 1742 καθορώμενον

3032 1678 3310 1749 συνήθως.
3387 1680 3583 1736 Ταῦτα

263 1738 365 1813 μὲν
402 1741 512 1795 ἀπὸ
563 1742 886 1814 σχεδαρίων,
945 1740 1056 1846 ὡς-
1089 1740 1464 1846 ὴδμνήθημενζ
1498 1744 1949 1846 μετεγράψαμεν,
1978 1751 2048 1805 τὰ
2072 1753 2132 1806 δὲ
2165 1752 2369 1824 βιϐλία,
2439 1760 2516 1825 ὡς
2581 1738 2744 1837 καὶη
2926 1738 3292 1846 ἀρχιερατικη
3367 1774 3577 1829 τελειό-

258 1853 360 1908 της
381 1835 794 1903 συνεπίσταται,
823 1836 964 1907 μετά
986 1836 1096 1889 τῶν
1125 1835 1321 1904 ἀλλων,
1350 1835 1409 1903 ἐξ
1436 1833 1510 1890 ὧν
1533 1833 1601 1909 ἦν
1622 1837 1847 1892 δυνατὸν
1886 1840 2008 1913 ζῇν,
2049 1846 2082 1916 ἡ
2115 1849 2467 1921 αἰχμαλωσία
2488 1833 2738 1927 λάφυροᾲ
2760 1833 2934 1913 gos-1m

255 1949 589 2020 QUAESTto
627 1950 888 2008 CLXXV.
923 1951 1112 2026 [CoisL
1145 1951 1359 2008 CCXVI
1395 1952 1563 2008 Taur.
1597 1953 1844 2028 CCVII.)
1889 1937 1938 1998 B

328 2064 442 2124 Cur
470 2065 651 2123 Filius
686 2084 812 2143 caro
841 2066 1019 2138 {actus
1053 2077 1155 2134 est,
1185 2084 1287 2179 snet:
1341 2068 1457 2124 alia
1488 2069 1775 2126 Trinitatis

927 2156 1157 2179 ηρνιηιιη

927 2156 1157 2207 persona
1181 2156 1194 2194 ι

324 2230 377 2286 1.
407 2230 522 2288 Cur
552 2246 740 2303 quaeso
767 2229 947 2287 Filius
970 2241 1023 2288 et
1048 2247 1157 2287 non
1184 2232 1290 2287 alia
1323 2242 1528 2291 sanctae
1547 2233 1841 2293 Trinitatis

250 2340 512 2398 persona,
549 2334 796 2382 nostram
861 2323 1149 2396 accipiens
1174 2334 1427 2381 naturam
1482 2343 1615 2383 caro
1662 2327 1842 2385 factus

246 2419 514 2476 est?Cur
546 2420 755 2491 igitur?
789 2417 859 2473 Ut
883 2428 997 2473 tum
1021 2419 1197 2475 Filius
1236 2420 1290 2474 in
1315 2420 1463 2486 altis,
1503 2430 1618 2476 tum
1662 2420 1836 2478 Filius

245 2511 300 2566 in
335 2512 462 2568 imis
490 2513 781 2580 manserit,
807 2513 1129 2569 incarnatus
1153 2528 1217 2568 ex
1264 2515 1562 2584 purissimo
1607 2523 1662 2570 et
1705 2515 1822 2570 vir-

240 2604 404 2675 gineo
425 2604 695 2675 sanguine
742 2612 795 2659 et
826 2611 887 2657 ιιι
934 2602 1299 2659 immutabilis
1364 2610 1561 2658 natura
1618 2603 1832 2659 nullam

241 2694 679 2753 vicissitudinem
708 2735 726 2762 ,
752 2704 897 2752 statu
925 2703 1197 2762 mutante,
1222 2695 1438 2753 subisse
1471 2697 1830 2755 mutationem

244 2796 591 2860 argueretur.
629 2788 747 2845 Una
783 2790 925 2845 ratio
954 2789 1093 2846 haec.

308 2881 367 2937 2.
392 2881 580 2938 Altera
633 2891 848 2939 autem:
898 2884 1190 2955 oportebat
1230 2883 1603 2949 Creatorem,
1645 2898 1827 2955 neque

235 2972 406 3030 alium
450 2975 547 3032 sed
576 2976 783 3047 ipsum,
807 2977 1212 3033 comminutum
1263 2980 1542 3051 opificium
1599 2990 1821 3036 restau-

234 3080 383 3123 rare.
422 3066 740 3135 Enimvero,
772 3068 818 3125 si
849 3069 991 3124 alius
1022 3071 1290 3134 condidit,
1335 3078 1501 3141 atque
1544 3070 1689 3126 alius
1732 3087 1823 3125 rev-

234 3166 475 3225 staurat,
507 3160 654 3231 quod
683 3161 941 3216 conditor
966 3161 1161 3217 habuit
1203 3178 1305 3219 nec
1326 3161 1439 3232 jam
1499 3162 1687 3228 habet,
1727 3161 1821 3218 sed

231 3250 382 3320 quod
420 3251 698 3308 condonat
730 3261 1096 3319 restaurator,
1130 3255 1275 3325 quod
1313 3271 1421 3310 non
1459 3256 1661 3312 habere
1686 3271 1821 3311 con-

230 3343 466 3399 ditorcm
518 3346 826 3402 necessitas
883 3347 1118 3404 alterius
1146 3348 1521 3404 demonstrat.
1568 3350 1638 3403 At
1672 3351 1810 3404 nihil

232 3434 340 3488 tale
371 3432 424 3488 in
455 3432 647 3490 divine
676 3434 984 3506 imperante
1017 3444 1072 3492 et
1097 3439 1475 3510 omnipotente
1501 3439 1775 3495 Trinitate
1806 3457 1820 3495 :

234 3533 400 3581 creat
430 3525 627 3592 Filius,
656 3527 816 3583 adest
845 3536 900 3583 et
945 3526 1110 3585 Pater
1157 3537 1212 3585 et
1257 3530 1540 3600 Spiritus;
1595 3547 1817 3587 rursum

231 3620 510 3675 instaurat
536 3618 731 3689 Filius,
763 3620 911 3678 favet
957 3633 1012 3679 et
1059 3624 1360 3695 participat
1421 3625 1817 3681 instaurationi

226 3711 458 3769 etPater
479 3721 534 3770 et
560 3714 831 3786 Spiritus.
864 3715 986 3772 Una
1030 3718 1197 3772 trium
1234 3719 1512 3787 voluntas,
1560 3728 1810 3793 potestas

226 3820 359 3883 una,
383 3821 484 3863 nec
508 3808 683 3866 altera
705 3810 908 3877 virtus,
941 3827 1174 3884 regnum
1206 3828 1402 3870 unum.

294 3901 349 3956 ὅ.
401 3901 643 3958 Rursum
695 3904 825 3975 quia
886 3904 1221 3961 conveniens
1275 3914 1396 3962 erat
1456 3914 1513 3961 ut
1554 3905 1815 3979 Verbum,

222 3992 399 4050 Filius
433 3993 639 4065 Patris,
669 3997 725 4053 in
773 4013 1017 4054 errorem
1074 3999 1259 4069 lapsos
1309 4012 1595 4057 revocaret
1679 4002 1816 4071 (ra-

223 4083 374 4138 tione
426 4086 575 4141 enim
641 4087 1009 4141 concinnatur
1055 4103 1232 4155 error,
1281 4096 1336 4145 et
1407 4091 1475 4145 ad
1539 4092 1810 4148 rationcnt

218 4176 462 4245 pertinet
506 4177 778 4248 {reductio
828 4187 884 4236 et
916 4181 1150 4237 directio
1180 4183 1595 4256 pecratorum);
1627 4186 1811 4241 mani-

215 4270 357 4331 feste
414 4268 485 4325 ad
539 4272 713 4328 solam
755 4275 971 4343 generis
1022 4275 1263 4330 humani.
1318 4277 1554 4333 salutem
1627 4279 1809 4350 respi-

217 4361 303 4416 cir
328 4363 639 4419 incarnatio
674 4363 825 4421 Filii.
862 4366 1028 4438 Atqui
1056 4369 1175 4425 sive
1217 4367 1407 4435 Pater,
1460 4370 1578 4427 sive
1625 4387 1808 4427 sacro.

223 4465 455 4514 sanctus
483 4457 727 4529 Spiritus
770 4461 1112 4533 suscepisset
1167 4462 1465 4518 humanam
1519 4472 1803 4534 naturam,

214 4564 325 4605 non
353 4550 518 4606 modo
548 4567 898 4625 nequaquam
944 4554 1276 4611 redemisset
1310 4571 1487 4628 genus
1523 4567 1801 4626 nostrum,

2486 1970 2826 2027 ΕΡΩἸἭΣΙΣ
2864 1975 3038 2034 PHZ’.

1949 2072 2051 2129 Διὰ
2072 2074 2131 2129 τί
2151 2077 2185 2131 ό
2214 2077 2347 2147 Υἱὸς
2367 2079 2702 2211 ἐσαρκιὶέθιὲ,
2733 2087 2832 2142 καί
2854 2091 2969 2157 οὐχ
2991 2089 3167 2163 ἑτέρα
3181 2092 3296 2165 τῆς
3325 2096 3575 2168 Τριάδος

2569 2172 2656 2210 υπ
2692 2173 2913 2211 στασιο
2934 2176 2954 2211 .'

2569 2172 2913 2226 υποστασις
2932 2176 2954 2226 ;

1982 2236 2452 2333 ξαξλΤίΔδήποτε
2503 2247 2533 2301 ό
2566 2247 2714 2315 Υἱὸς,
2747 2252 2843 2306 καὶ
2875 2253 2976 2326 ούχ
3031 2256 3196 2331 ἑτέρα
3246 2262 3352 2333 τῆς
3402 2262 3575 2333 ἁγίας

1948 2325 2543 2427 Τριάδοςύπόστασις,
2572 2338 2672 2409 τὴν
2720 2325 3001 2416 ἡμετέραν
3054 2325 3349 2407 ἀναλαϐών
3396 2325 3569 2427 Era-ap;

1944 2421 2095 2495 κώθη
2129 2424 2328 2496 φύσιν;
2360 2430 2427 2482 Τί
2455 2430 2697 2502 δήποτε;
2752 2436 2840 2490 ἵνα
2866 2439 2895 2491 6
2927 2438 3042 2494 ἀνω
3073 2441 3225 2509 Υἱὸς,
3258 2447 3360 2501 καὶ
3404 2421 3566 2506 κάτω

1944 2516 2085 2590 μένῃ
2114 2518 2262 2586 Υἱὸς,
2299 2520 2365 2575 ὲκ
2409 2523 2518 2576 τῶν
2547 2526 2834 2597 ἀχράντων
2881 2533 2976 2584 καὶ
3023 2540 3378 2606 παρθενικῶν
3425 2560 3566 2616 σαρ-

1940 2608 2209 2680 κούμενος
2242 2612 2518 2685 αἱμάτων,
2548 2620 2642 2673 καὶ
2687 2622 2720 2691 ἡ
2767 2623 3132 2693 ἀναλλοίωτος
3162 2631 3329 2700 φύσις
3383 2608 3563 2706 μηδε-

1940 2700 2072 2773 μίαν
2105 2705 2464 2780 παραλλαγὴν
2488 2710 2597 2765 ἀπὸ
2624 2714 2724 2784 τῆς
2772 2719 3261 2794 παραλλαττούσης
3296 2700 3549 2798 σχέσεως

1934 2797 1967 2869 ἥ
2001 2797 2286 2854 ἀλλοίωσιν
2306 2803 2536 2875 ἐλεγχθῇ
2566 2804 2840 2881 δεξαμένη
2858 2826 2872 2840 ·
2909 2810 2969 2866 ἐν
2996 2814 3097 2883 μὲν
3129 2811 3224 2871 οῦν
3252 2797 3437 2877 τοῦτο.

2005 2892 2073 2963 β’.
2103 2893 2335 2967 Ἕτερον
2366 2897 2445 2963 δὲ,
2473 2900 2566 2953 τὸν
2595 2904 2939 2975 Δημιουργὸν
2974 2907 3084 2962 ἔδει
3107 2950 3124 2975 ,
3154 2915 3449 2984 συντριϐὲν
3491 2917 3558 2970 τὸ

1929 2984 2345 3059 δημιούργημα,
2367 2992 2468 3046 οὐκ
2498 2993 2680 3062 ἄλλον,
2707 2997 2825 3051 ἀλλ’
2845 2998 3011 3054 αὑτὸν
3034 3002 3347 3060 ἀναπλάσαι
3368 3024 3383 3039 ο
3415 3010 3467 3063 εί
3486 3009 3516 3063 6
3535 3015 3553 3036 ’

1928 3077 2087 3143 ἄλλος
2106 3080 2216 3169 μὲν
2245 3080 2503 3150 ἔπλασεν,
2533 3084 2692 3152 ἄλλος
2716 3089 2761 3142 δ’
2784 3090 3143 3162 ἀναπλάττει,
3163 3096 3191 3151 ὃ
3224 3099 3325 3169 μὲν
3352 3100 3381 3151 6
3400 3100 3550 3155 πλά-

1930 3187 2030 3234 σας
2077 3165 2246 3243 εῐχεν,
2279 3174 2381 3229 οὐκ
2404 3174 2541 3247 ἔχει,
2585 3177 2614 3231 6
2663 3179 2721 3232 δὲ
2773 3184 2802 3235 ὁ
2851 3183 3173 3253 ἀναπλάσας
3226 3165 3547 3261 γαρίζεται,

1927 3263 2089 3317 τοῦτο
2144 3266 2220 3337 μὴ
2274 3265 2419 3338 ἔχειν
2472 3269 2566 3325 τὸν
2616 3271 2900 3329 πλάσαντα
2928 3279 2963 3345 ἡ
2998 3278 3092 3331 τοῦ
3145 3281 3338 3354 ἑτέρου
3373 3286 3543 3356 χρεία

1933 3357 2343 3426 παραδεικνύει.
2362 3361 2501 3415 ’Λλλ’
2524 3364 2679 3417 οὐδὲν
2702 3366 2945 3422 τοιοῦτον
2966 3370 3025 3424 ὲν
3050 3375 3116 3443 τῇ
3149 3372 3417 3447 θεαρχικῇ
3444 3379 3546 3432 καὶ

1933 3456 2412 3526 παντοκρατορικῇ
2443 3455 2672 3527 Τριάδι⁸
2711 3458 3039 3533 δημιουργεῖ
3090 3467 3121 3521 6
3178 3467 3307 3533 Υἱὸς
3333 3509 3351 3534 ,
3399 3488 3545 3542 συμ-

1930 3542 2163 3613 πάρεστι
2209 3545 2358 3599 καὶὸ
2387 3548 2579 3619 Πατὴρ
2624 3551 2721 3605 καὶ
2771 3553 2833 3607 τὸ
2887 3556 3147 3628 Πνεῦμασ
3196 3560 3545 3618 ἀναπλάττει

1929 3635 2092 3689 πάλιν
2114 3638 2142 3690 ὁ
2168 3638 2317 3703 Υἱὸς,
2350 3640 2565 3695 εὐδοκεί
2593 3644 2688 3697 καὶ
2717 3651 2973 3719 συνεργεῖ
2999 3653 3067 3722 τῇ
3102 3652 3414 3710 ἀναπλάσει
3438 3659 3538 3712 καὶ

1924 3724 1953 3777 6
1987 3725 2178 3819 Πατὴρ
2206 3729 2384 3783 καὶτὸ
2408 3730 2657 3803 Πνεῦμα.
2694 3736 2809 3790 Μία
2838 3738 2945 3794 τῶν
2975 3742 3144 3812 τριῶν
3175 3744 3208 3815 ἠ
3246 3745 3441 3819 βουλὴ,
3472 3749 3541 3803 τὸ

1924 3815 2126 3884 κράτος
2157 3815 2238 3884 ἓν,
2268 3819 2369 3890 οὐχ
2397 3821 2618 3895 ἐτέραή
2654 3826 2928 3898 ἐνέργεια,
2956 3832 2990 3902 ἡ
3026 3815 3276 3904 βασιλεία
3307 3815 3432 3909 μίαν.

1994 3914 2076 4000 γ’(
2107 3910 2296 3977 Πάλιν,
2331 3914 2454 3968 ἐπεὶ
2485 3917 2659 3986 Λόγος
2683 3921 2712 3974 6
2743 3920 2871 3987 Υἱὸς
2903 3923 2999 3978 τοῦ
3034 3928 3269 4000 Πατρδς,
3296 3932 3428 3998 τοὺς
3448 3935 3537 4000 είς

1919 3997 2148 4071 ἀλογίαν
2203 4007 2616 4074 καταπεσόντας
2661 4010 2755 4065 τὸν
2802 4014 2977 4085 Λόγον
3020 4014 3091 4090 ἦν
3130 3997 3535 4084 ἀνακαλεῖσθαι

1921 4095 2201 4191 προσηκον
2229 4095 2412 4191 (λόγῳ
2448 4099 2559 4172 γὰρ
2589 4102 2621 4174 ἡ
2654 4103 2847 4173 ἀλογία
2880 4108 3229 4182 ῥυθμίζεται,
3261 4120 3359 4172 καὶ
3391 4122 3537 4191 πρὸς

1916 4182 2010 4238 τὸν
2039 4183 2197 4256 λόγον
2227 4189 2326 4261 τὴν
2355 4194 2638 4267 ἀναφοράν
2656 4200 2695 4268 ἡ
2720 4200 3009 4273 διόρθωσις
3037 4206 3147 4260 τῶν
3174 4182 3530 4268 ἐκπεσόντων

1915 4276 2017 4375 τῆς
2066 4280 2291 4375 χάριτος
2332 4282 2492 4356 Exn)“
2532 4287 2565 4359 ή
2612 4290 2892 4361 σάρκωσις
2920 4296 3014 4351 τοῦ
3048 4300 3178 4355 Υίοῦ
3227 4304 3393 4375 δῆλον
3436 4308 3525 4362 ὅτι

1915 4369 2055 4469 πρὸς
2084 4372 2254 4469 μόνην
2444 4379 2555 4434 τῶν
2583 4382 2894 4455 ἀνθρώπων
2921 4389 3104 4464 ἀφορᾷ
3128 4369 3429 4469 σωτηρίαν.
3457 4401 3526 4456 El

1915 4462 2097 4565 τρίνυν
2125 4467 2154 4519 6
2182 4468 2373 4541 Πατὴρ
2411 4474 2720 4545 προσέλαϐε
2750 4480 2851 4551 τὴν
2877 4462 3231 4557 ἀνθρωπίνην
3263 4462 3449 4559 ᾧύσιν,
3488 4494 3527 4565 ἦ

1912 4555 1973 4609 τὸ
2006 4558 2274 4629 πανάγιον
2303 4564 2551 4636 Πνεῦμα,
2580 4568 2642 4622 ού
2676 4570 2840 4640 μόνον
2876 4575 3030 4631 οὐδὲν
3063 4577 3134 4633 ἂν
3175 4580 3434 4639 ἀπώνατο
3458 4555 3529 4640 τά

212 4642 313 4715 sed
359 4643 427 4699 ad
472 4644 729 4701 dillicilus
764 4646 1107 4718 propositum
1142 4664 1201 4705 se
1227 4650 1591 4720 praebuissent
1616 4650 1804 4708 inten-

1964 4650 2179 4747 μιέτερον
2214 4654 2392 4723 γένος,
2424 4658 2561 4715 ἀλλά
2595 4662 2691 4716 καὶ
2717 4665 2855 4733 πρὸς
2884 4668 2946 4722 τὸ
2972 4671 3358 4747 χαλεπώτερον
3386 4679 3526 4733 ἑαυ-

210 4742 320 4791 tos.
381 4734 599 4792 Etenim
654 4737 700 4794 si
761 4753 931 4795 carne
979 4739 1207 4797 indutus
1257 4748 1312 4797 et
1365 4741 1493 4797 vita;
1553 4758 1803 4814 praesens

1964 4742 2039 4842 μῦς
2074 4747 2340 4818 παρεῖχον
2371 4749 2816 4825 ἀποτεταμένους
2834 4775 2848 4789 ·
2878 4761 2928 4815 εί
3084 4765 3113 4818 6
3142 4734 3325 4837 σάρκα
3353 4785 3525 4842 περι-

209 4827 477 4885 dixisset:
511 4828 626 4901 Ego
651 4847 769 4885 sum
785 4831 883 4886 Dei
910 4831 1099 4897 Pater,
1150 4842 1266 4898 aut,
1300 4836 1490 4890 carnis
1536 4837 1803 4893 crassitu-

208 4917 338 4975 dine
363 4930 685 4990 apparente,
724 4923 998 4981 dixisset:
1032 4924 1145 4996 Ego
1180 4942 1300 4980 sum
1346 4925 1620 4996 Spiritus:
1654 4943 1799 4999 quo-

207 5012 373 5067 modo
417 5011 638 5070 Iudaeus
694 5029 806 5070 non
868 5017 1153 5073 renuisset
1205 5017 1327 5072 solo
1377 5017 1569 5073 auditu
1624 5018 1798 5089 ipsius

203 5103 357 5162 vocis
386 5107 633 5177 recipere
666 5110 911 5183 sonum?
940 5108 1142 5165 Verum
1191 5111 1498 5175 enimvero,
1563 5113 1635 5176 si,
1669 5127 1797 5169 cum

204 5195 462 5253 Salvator
489 5199 722 5257 dixisset
753 5217 813 5259 se
852 5217 977 5259 esse
1014 5201 1215 5258 Filium
1255 5202 1348 5259 Dei
1386 5204 1555 5275 (quod
1614 5213 1797 5261 tamen

203 5300 261 5347 et
282 5292 394 5350 illis
420 5308 569 5364 saepe
590 5293 799 5350 dictum
841 5298 1008 5368 erat),
1045 5296 1100 5351 in
1128 5297 1394 5352 cordibus
1439 5282 1558 5353 suis
1585 5298 1799 5353 inﬂam-

202 5387 335 5442 mati
366 5402 433 5444 ex
457 5388 538 5444 ira
571 5388 638 5444 ad
666 5388 874 5445 caedem
926 5391 1069 5462 pulsi
1097 5392 1506 5448 vociferarunt:
1543 5391 1619 5446 De
1661 5391 1796 5448 bona

200 5496 353 5549 opere
374 5498 477 5536 non
503 5482 805 5552 lapidamus
831 5492 899 5549 te,
958 5483 1048 5538 sed
1077 5486 1205 5554 quia
1244 5494 1301 5538 tu
1351 5484 1505 5538 honto
1541 5501 1662 5539 cum
1693 5486 1791 5552 sis,

200 5572 340 5643 facis
382 5583 431 5629 te
456 5575 631 5643 ipsum
662 5575 834 5630 Deum
866 5574 911 5630 ⁵.
938 5575 1081 5642 Quid
1106 5591 1239 5646 ergo
1272 5574 1638 5633 absurditatis
1676 5593 1786 5633 non

199 5667 635 5735 commisissent,
664 5669 796 5739 quid
828 5684 959 5726 vero
988 5683 1093 5727 non
1112 5668 1231 5725 ausi
1275 5678 1485 5736 essent,
1515 5684 1793 5741 quamque

268 5804 291 5836 ‘
308 5801 470 5861 Joan.
504 5821 560 5875 ι,
596 5805 687 5862 55.

1910 4833 2164 4931 κείμενος
2214 4838 2309 4931 καὶ
2355 4840 2434 4911 τῷ
2481 4841 2583 4913 βίῳ
2630 4846 2825 4919 παρὼν
2873 4833 3093 4920 ἔλεγετνι
3142 4833 3288 4928 Ἐγώ
3329 4833 3451 4931 ειμι
3481 4865 3522 4917 ὁ

1908 4926 2114 5023 ΙΙατΛὴρ
2153 4928 2261 5023 τοῦ
2298 4933 2468 5000 Θεοῦ,
2501 4934 2533 5006 ἢ
2559 4978 2570 5000 ,
2598 4938 2700 5009 τῆς
2729 4942 2790 4994 ὲν
2820 4945 2986 5017 σαρκὶ
3018 4926 3332 5021 παχύτητος
3379 4926 3517 5023 spat-

1908 5015 2166 5087 νομένης,
2198 5018 2385 5091 ἔλεγεν
2409 5038 2423 5052 °
2471 5025 2617 5097 Ἐγώ
2662 5031 2781 5103 ειμι
2831 5015 2902 5089 τὸὴ
2943 5015 3355 5110 [Infit—caprae;
3386 5015 3456 5099 ἀν
3485 5048 3519 5101 6

1921 5111 2174 5217 Ἶρυδαίος
2202 5118 2337 5185 ὅλως
2368 5121 2632 5195 ἠνέσχετο
2664 5129 2761 5182 καὶ
2794 5130 2969 5201 αὐτῆς
2998 5136 3099 5206 τῆς
3147 5137 3334 5207 φωνῆς
3368 5140 3514 5217 ἀκοῇ

1905 5205 2044 5303 μόνῃ
2083 5210 2493 5281 παραδέξασθαι
2522 5216 2616 5270 τὸν
2646 5214 2815 5291 ἧχον;
2848 5223 2912 5277 Εἰ
2948 5205 3060 5299 γάρ
3101 5227 3198 5281 τοῦ
3248 5205 3513 5303 Σωτῆρος

1897 5297 2147 5369 λέγοντος
2173 5304 2369 5359 ἑαυτὸν
2397 5306 2524 5361 Υἱὸν
2554 5303 2694 5366 εἶναι
2726 5312 2820 5366 τοῦ
2864 5314 3001 5370 Θεοῦ
3026 5297 3060 5387 ὴ(
3077 5317 3105 5370 ὂ
3130 5318 3195 5391 δὴ
3229 5297 3509 5388 κάκείνοις

1896 5390 2161 5457 πολλάκις
2193 5396 2420 5468 ἐρρηθη,
2456 5401 2569 5465 τοῖς
2612 5402 2805 5472 θυμοῖς
2844 5406 3244 5476 ἀναφλέγοντες
3275 5413 3500 5483 αὐτοὺς,

1894 5484 1977 5549 εἰς
2010 5486 2174 5555 φόνον
2201 5489 2300 5558 τὴν
2329 5491 2500 5565 ὀργὴν
2529 5494 2749 5565 ἐξῆγον,
2772 5498 2866 5551 καὶ
2891 5499 3062 5554 ἐϐόων
3086 5517 3099 5531 '
3138 5506 3279 5573 Περὶ
3309 5511 3508 5564 καλοῦ

1901 5579 2083 5651 ἔργου
2134 5583 2207 5637 οὺ
2247 5583 2567 5654 λιθάζομέν
2610 5602 2706 5654 σε,
2736 5591 2873 5646 ἀλλ’
2918 5589 3008 5646 ὅτι
3055 5595 3138 5649 σὺ
3187 5597 3505 5668 ἅνθρωπος

1900 5673 2007 5741 ὢν,
2039 5675 2229 5743 ποιεῖς
2256 5680 2522 5736 σεαυτὸν
2551 5682 2721 5752 Θεὸν,
2754 5688 2808 5738 τί
2846 5687 2913 5742 ἂν
2955 5688 3061 5745 τῶν
3096 5692 3318 5749 ἀτόπων
3358 5713 3505 5771 παρ-
