3930 6218
252 293 393 362 1281

1215 294 1319 354 AD
1355 290 1854 365 QUJESTIONES
1881 288 2585 353 AMPHILOCHIANAS.

3411 290 3550 356 1282

248 414 437 486 ἦλθον,
469 410 522 465 τί
551 409 596 465 δ’
630 408 733 464 οὐκ
772 407 1039 479 ἐτόλμων,
1068 404 1193 459 τίνα
1222 404 1279 458 δὲ
1311 404 1662 459 διδασκαλίαν
1696 405 1732 475 ἢ
1757 422 1847 458 νο-

1972 404 2257 460 loctrinam
2294 404 2768 474 legislationemve
2812 403 3060 476 accipere
3104 405 3362 463 tulissent
3394 409 3440 465 si
3481 422 3544 464 sc

258 504 516 578 μοθεσίαν
545 500 847 573 ὑπέμειναν
877 495 1312 570 παραδέξασθαι,
1337 498 1387 550 εἰ
1415 497 1643 568 Πνεῦμα
1671 496 1848 564 άγιον,

252 598 288 669 ἦ
321 596 540 667 Πατέρα
569 592 665 647 τοῦ
690 591 827 646 Θεοῦ
862 591 891 644 6
920 591 1019 662 τὴν
1050 589 1326 660 σωτηρίαν
1355 588 1450 642 τοῦ
1484 589 1679 657 γένους
1708 607 1854 659 πρα-

252 689 668 761 γματευόμενος
714 685 908 740 ἑαυτὸν
966 682 1343 754 ἀνωμολόγει;
1404 681 1616 736 Οὐκοῦν
1672 681 1740 735 δι’
1790 673 1853 733 ὦ

260 783 462 854 μᾶλλον
489 780 865 851 συνηπίστατο
894 779 993 846 τὴν
1032 778 1308 849 σωτηρίαν
1337 778 1370 847 ἡ
1381 777 1485 846 μᾶς
1528 774 1852 847 κερδαίνειν,

255 876 325 931 δι’
383 875 595 929 ἐκείνου
648 875 744 928 καὶ
805 873 905 944 τὴν
957 873 1232 942 σάρκωσιν
1276 871 1372 924 καὶ
1418 869 1517 941 τὴν
1555 868 1856 936 ἀνάκλησιν

259 971 420 1041 ήμῶν
449 972 483 1039 ἡ
512 967 899 1038 φιλάνθρωπος
943 966 1039 1019 καὶ
1078 964 1325 1031 παναγία
1355 962 1527 1034 Τριάς
1561 961 1856 1032 ὲμεθόδευ-

259 1080 377 1116 σεν.
418 1061 629 1123 ’Ἄλλως
673 1076 733 1112 τε
774 1058 854 1123 δὲ,
898 1057 1028 1121 τοὺς
1062 1058 1144 1120 εἰς
1175 1056 1402 1123 ἀλογίαν
1447 1054 1859 1117 ἀπονεύσαντας

260 1156 359 1212 καὶ
389 1154 922 1225 παραπεπτωκότας,
962 1150 1294 1221 οἰκειότερον
1330 1143 1398 1218 ἦν
1428 1146 1518 1203 διὰ
1550 1146 1644 1200 τοῦ
1677 1147 1855 1215 Λόγου

261 1246 365 1314 τῆς
396 1245 620 1314 ἀλογίας
660 1241 1066 1311 ἀπαλλαγῆναν
1102 1239 1190 1293 διὰ
1217 1237 1379 1291 τοῦτο
1413 1237 1524 1308 γὰρ
1554 1239 1860 1307 οἰκονομεῖ-

262 1355 360 1391 ται
389 1336 487 1390 καὶ
508 1339 575 1407 τῇ
599 1335 709 1388 τῶν
733 1334 943 1404 ἀλόγων
973 1330 1336 1402 ἀνακλιθῆναι
1362 1330 1539 1402 φάτνῃ
1566 1331 1594 1381 ὁ
1622 1330 1735 1391 τοῖς
1756 1329 1863 1381 Χε-

266 1429 469 1501 ρουϐὶμ
516 1430 907 1501 ἐποχούμενος,
946 1428 1043 1483 καὶ
1092 1426 1255 1498 μέσον
1301 1424 1514 1491 ἀλόγων
1566 1424 1861 1477 ἀναπεσεῖν

266 1524 768 1596 ὲσπαργανωμένος
804 1525 832 1576 6
875 1519 1212 1591 δημιουργὸς
1255 1518 1551 1587 συμπάσης
1593 1517 1694 1588 τῆς
1742 1516 1863 1569 κτί-

268 1635 429 1681 σεως.
499 1618 818 1687 Ἐννοήησαις
860 1614 906 1667 δ’
934 1614 1002 1669 ἂν
1036 1613 1285 1676 εἰκότως,
1335 1611 1411 1674 ὡς
1461 1610 1568 1664 ἔδει
1623 1611 1719 1663 καὶ
1764 1610 1864 1679 τὴν

264 1709 692 1781 ἀπαράλλακτον
725 1706 823 1761 καὶ
858 1705 1098 1776 φυσικὴν
1136 1704 1321 1758 εἰκόνα
1349 1703 1444 1756 τοῦ
1476 1701 1712 1771 Πατρὸς,
1736 1700 1865 1763 τοὺς

1960 495 2225 566 Spiritum
2256 505 2532 562 sanctum,
2572 503 2669 551 aut
2699 496 2795 557 Dei
2836 495 3054 553 Patrem
3109 501 3331 570 generis
3398 502 3549 557 salu-

1957 595 2066 645 tem
2116 603 2356 659 operans
2405 588 2699 647 conlessus
2748 590 2940 646 esset?
2975 590 3165 663 Atqui,
3222 608 3320 663 per
3377 610 3542 665 quem

1957 681 2137 753 magis
2185 682 2397 737 sciebat
2446 698 2550 737 nos
2604 682 2834 739 salutem
2890 684 3240 751 lucrifacere,
3276 702 3375 756 per
3402 688 3551 743 hunc

1960 774 2201 831 hominis
2244 790 2435 831 amans
2463 785 2516 830 et
2545 784 2893 831 sacrosancta
2938 776 3182 833 Trinitas
3212 779 3552 835 incarnatio-

1958 882 2083 922 nem
2112 875 2166 921 et
2196 866 2602 923 revocationem
2629 877 2872 924 nostram
2904 870 3189 927 instruxit.
3222 872 3345 927 Alio
3386 874 3550 929 modo

1959 957 2016 1012 in
2074 973 2320 1014 errorem
2360 958 2654 1015 inclinatos
2687 972 2740 1017 et
2762 962 2873 1033 jam
2913 963 3098 1031 lapsos
3149 965 3305 1034 quasi
3342 982 3550 1023 conve-r

1962 1049 2204 1105 nientius
2270 1062 2389 1108 erat
2464 1052 2699 1108 Verbum
2737 1069 2765 1107 a
2808 1064 3036 1123 peccatu
3095 1057 3403 1127 reducere;
3467 1060 3552 1115 ἰόε-

1962 1147 2118 1198 circo
2171 1142 2531 1213 dispensatur
2588 1145 2658 1200 ab
2698 1145 3105 1202 irrationalium
3132 1150 3353 1205 stabulo
3390 1167 3555 1207 revo-

1963 1248 2093 1288 care
2128 1235 2222 1304 qui
2250 1235 2796 1303 insidetherubim,
2821 1247 2876 1292 et
2899 1238 3325 1297 discumberein
3368 1243 3550 1298 medio

1966 1327 2374 1382 irrationalium
2408 1329 2729 1384 Creatorem
2784 1330 2969 1385 omnis
3030 1341 3302 1388 crealnrze
3352 1336 3553 1405 pannis

1967 1420 2297 1475 involutum.
2331 1421 2617 1492 Cogitabis
2641 1423 2998 1491 probabiliter
3014 1426 3143 1495 quia
3170 1429 3417 1497 oportuit
3438 1430 3547 1483 im—

1966 1516 2288 1570 mutabilem
2320 1525 2374 1572 et
2405 1518 2711 1572 naturalem
2745 1517 2926 1573 Patris
2961 1519 3277 1589 imaginem,
3311 1522 3377 1575 ad
3411 1521 3554 1577 ima-

1967 1608 2145 1675 ginem
2183 1606 2278 1661 Dei
2306 1620 2357 1663 et
2382 1610 2571 1677 gratia:
2605 1609 2938 1677 productos:
2967 1612 3339 1667 adulterantes
3370 1622 3554 1670 autem

1968 1707 2023 1753 et
2052 1699 2417 1768 depravantes
2447 1701 2893 1767 similitudinem,
2924 1719 3023 1773 per
3066 1706 3469 1762 immutabilem
3503 1715 3560 1762 et:

265 1775 601 1859 κατ’-εἰκόνα
635 1802 734 1871 μὲν
763 1775 899 1854 Θεοῦ
931 1799 1027 1854 καὶ
1052 1775 1236 1868 χάριτι
1264 1796 1582 1866 γεγονότας,
1606 1811 1861 1864 παραχαδ

1972 1792 2601 1862 naturalemimaginem
2654 1794 2724 1848 ad
2752 1795 3036 1866 antiquam
3091 1806 3147 1853 et
3191 1799 3553 1857 excellentem

274 1895 547 1966 ράξαντας
599 1894 656 1946 δὲ
704 1893 799 1946 καὶ
848 1888 1460 1961 κατακιὸδηλεύσαντας
1491 1887 1553 1940 τὸ
1588 1886 1863 1956 ὁμοίωμα,

1973 1882 2206 1939 formam
2242 1885 2527 1942 reducere.

267 1991 359 2044 διὰ
420 1990 520 2059 τῆς
613 1986 1036 2059 ἀπαραλλάκτου
1104 1985 1202 2039 καὶ
1260 1984 1499 2056 φυσικῆς
1561 1982 1771 2048 εἰκόνος
1822 1982 1904 2046 εἰς
1978 1983 2080 2052 τὴν
2148 1982 2386 2054 ἀρχαίαν
2458 1983 2835 2057 ἐπαναχθῆναι
2904 1987 3121 2060 μορφὴν
3195 1988 3290 2042 καὶ
3358 1989 3563 2061 εὐπρέε.

270 2100 456 2137 πειαν.
973 2136 977 2139 .

343 2179 407 2232 δ’.
447 2177 520 2230 Σὺ
548 2175 606 2229 δὲ
634 2176 730 2229 καὶ
762 2175 922 2230 τοῦτο
953 2174 1195 2245 λογίζου.
1233 2172 1391 2229 Ἐπεὶ
1421 2174 1617 2246 κριτὴς
1644 2173 1866 2239 ζώντων

272 2270 368 2324 καὶ
399 2268 610 2338 νεκρῶν
636 2268 664 2319 6
694 2265 845 2327 Υἱὸς,
870 2266 989 2334 Τὴν
1020 2266 1131 2335 γὰρ
1163 2266 1369 2335 κρίσιν·
1391 2263 1603 2319 πᾶσαν
1626 2263 1869 2328 δέδωκε,

275 2362 434 2432 φησί,
487 2357 567 2424 τῷ
624 2357 756 2424 Υἱῷ,
790 2358 880 2411 διὰ
909 2357 1066 2411 τοῦτο
1096 2358 1185 2411 τὸν
1222 2357 1485 2429 μέλλοντα
1523 2358 1732 2429 κρίνειν
1777 2356 1872 2409 καὶ

275 2454 524 2517 δικάζειν
552 2452 681 2515 τοὺς
717 2450 1073 2521 βεϐιωκότας,
1105 2451 1295 2504 τοῦτον
1328 2450 1492 2505 αὐτὸν
1526 2451 1621 2504 καὶ
1647 2448 1873 2520 νομοθέ-

276 2564 381 2615 την
420 2546 528 2599 ἕδει
563 2546 659 2599 καὶ
701 2544 1005 2616 εἰσηγητὴν
1053 2544 1286 2615 ὁρᾶσθαι
1317 2544 1425 2597 τῶν
1458 2542 1774 2614 πρακτέων,
1809 2542 1872 2595 οὐ

284 2642 497 2712 βήμασι
557 2637 695 2709 πρδς
742 2636 840 2707 τὴν
872 2634 1105 2709 μίμησιν
1637 2635 1875 2707 (πολλοῖς

282 2737 394 2806 γὰρ
437 2734 596 2787 τοῦτο
643 2733 737 2787 καὶ
768 2733 949 2797 ἄλλοις
987 2733 1187 2803 μελέτη
1228 2734 1324 2788 καὶ
1369 2733 1696 2804 σπούδασμα
1747 2750 1878 2788 κατ-

284 2827 441 2899 έστη,
472 2826 570 2881 καὶ
611 2825 788 2889 ἄλλως
815 2826 1261 2897 δυσκατόρθωτον
1297 2828 1374 2898 τῷ
1404 2828 1602 2899 πλήθει
1634 2829 1757 2888 τοὺς
1787 2825 1878 2880 λό-

2038 2173 2094 2227 4.
2129 2173 2231 2229 Sed
2255 2182 2308 2227 et
2325 2173 2456 2228 illud
2478 2176 2680 2247 cogita.
2709 2174 2843 2230 Cum
2871 2176 3121 2233 vivorum
3144 2187 3199 2234 et
3217 2188 3560 2236 mortuorum

1965 2267 2128 2337 judex
2190 2268 2262 2324 sit
2316 2267 2489 2324 Filius
2532 2288 2545 2324 :
2584 2269 2751 2327 Omne
2778 2272 2946 2339 enim,
3001 2274 3098 2339 ait,
3139 2274 3409 2343 judicium
3475 2277 3569 2331 des

1971 2359 2047 2413 dit
2082 2358 2227 2415 Filio
2270 2362 2292 2393 ³
2323 2376 2337 2414 :
2389 2361 2534 2429 ideo,
2561 2365 2689 2433 quia
2708 2364 2958 2433 judicare
2978 2366 3348 2434 etjustificare
3373 2384 3567 2424 omnes

1979 2453 2072 2520 qui
2097 2453 2359 2509 vixerunt
2409 2457 2613 2521 veniet,
2659 2459 2947 2527 oportebat
2983 2458 3161 2529 ipsum
3196 2461 3565 2532 legislaturem

1979 2553 2033 2597 et
2057 2543 2382 2599 monitorem
2416 2547 2590 2602 videri
2624 2548 2918 2615 factorum,
2960 2566 3072 2606 non
3116 2553 3301 2609 verbis
3330 2555 3398 2609 ad
3444 2558 3569 2610 imi-

1981 2636 2240 2691 tationem
2275 2638 2587 2694 hortantem
2643 2640 2854 2710 (uiultis
2891 2642 3037 2697 enim
3097 2644 3221 2699 aliis
3270 2646 3385 2702 haec
3432 2661 3567 2702 cura

1980 2734 2035 2779 et
2081 2725 2356 2796 diligentia
2391 2725 2518 2794 fuit,
2556 2737 2610 2783 et
2684 2730 2764 2785 sic
2808 2741 3019 2786 tantum
3070 2732 3369 2789 multitudo
3406 2739 3569 2793 verba

1983 2817 2291 2874 actionibus
2351 2819 2679 2876 conﬁrmare
2732 2822 3069 2890 consuevit);
3133 2829 3401 2897 exemplis
3476 2846 3568 2884 an-
3652 2844 3657 2850 ·

284 2936 420 2988 γους
474 2917 623 2989 ἔργῳ
674 2917 1002 2987 περαίνειν),
1026 2917 1115 2971 διὰ
1138 2917 1195 2971 δὲ
1228 2917 1333 2971 τῶν
1372 2918 1516 2972 κατὰ
1547 2917 1647 2990 τὴν
1679 2917 1867 2988 magn

1986 2920 2092 2964 tem
2125 2911 2382 2966 exhibitis
2458 2928 2553 2982 per
2602 2930 2727 2985 qua:
2780 2926 2834 2970 et
2894 2916 3079 2986 opifex
3136 2927 3192 2974 et
3263 2932 3582 3013 praeceptor.

286 3011 727 3082 ὑποδειγμάτων,
756 3003 832 3065 ὧν
867 3010 931 3063 ἄν
961 3028 1045 3073 τις
1085 3010 1388 3081 αὐτουργὸς
1419 3013 1633 3079 γένοιτο
1673 3012 1768 3064 καὶ
1801 3011 1882 3063 δι-

286 3104 556 3167 δάσκαλος
589 3104 677 3157 διὰ
706 3103 800 3156 τοῦ
834 3101 971 3172 βίου,
1021 3101 1213 3175 ὥσπερ
1272 3104 1372 3166 τὰς
1432 3103 1737 3175 προφάσεις
1788 3101 1880 3155 τοῦ

290 3195 733 3269 παρολισθαίνειν
798 3194 979 3257 πάσας
1041 3193 1291 3264 ἀφαιρῶν
1349 3196 1378 3248 6
1426 3195 1710 3264 παραινῶν
1758 3194 1887 3263 ὁρᾶ·

1990 3005 2200 3059 exstitit
2226 3016 2280 3061 et
2316 3007 2521 3061 erroris
2544 3008 2689 3063 viam
2715 3009 2949 3064 destruit
2979 3020 3034 3065 et
3081 3011 3428 3069 imitantibus
3464 3005 3577 3068 me?

1993 3098 2217 3152 thodum
2274 3109 2565 3155 monstrat.
2623 3099 2731 3157 Sed
2788 3105 3118 3160 amatorium
3177 3107 3440 3175 poculum
3495 3119 3581 3162 est

1992 3191 2137 3259 quod
2191 3190 2476 3260 discipulis
2533 3199 2589 3248 et
2638 3194 3010 3254 imitaturibus
3055 3207 3261 3266 servat,
3311 3215 3422 3271 quo
3467 3215 3582 3255 ma-

291 3308 407 3353 ται,
452 3287 940 3358 καὶτὴνμίμησιν
984 3285 1386 3357 εὐχερεστέραν
1422 3285 1677 3357 παρέχει.
1725 3283 1867 3339 Ἀλλέ

1992 3280 2076 3351 gis
2102 3280 2513 3339 demonstratus
2541 3282 2836 3341 revelatur.

297 3382 398 3437 καὶ
432 3380 491 3433 τὸ
520 3379 766 3449 φίλτρον,
794 3378 822 3431 ὃ
872 3380 986 3442 τοῖς
1010 3378 1343 3446 μανθάνουσι
1387 3378 1512 3448 καὶ]
1532 3378 1895 3449 μιμουμένοις

297 3471 578 3538 διασώζει,
627 3469 832 3541 μᾶλλον
896 3470 1070 3541 ταύτῃ
1136 3468 1467 3538 γινώσκεται
1516 3464 1891 3539 ἐπιδεδειγμέ-

303 3584 415 3632 νος.

326 3710 331 3713 .
373 3660 439 3715 ε’.
470 3657 579 3712 Ναὶ
606 3657 673 3728 δὴ
717 3661 814 3710 καὶ
839 3656 974 3711 διότι
1021 3655 1185 3727 σοφία
1209 3655 1306 3711 καὶ
1336 3655 1501 3711 είκὼν
1534 3654 1778 3727 ἔμψυχος
1806 3673 1867 3709 κα

2078 3653 2131 3708 5.
2161 3651 2322 3709 Certe
2353 3653 2521 3727 igitur
2538 3662 2593 3709 et
2627 3652 2756 3725 quia
2790 3654 3065 3726 sapientia
3103 3664 3160 3713 et
3193 3657 3374 3729 imago
3415 3660 3585 3731 spiri-

304 3751 726 3824 ἀπαράλλακτος
788 3748 882 3802 τοῦ
948 3749 1162 3819 Πατρός
1204 3751 1233 3802 6
1283 3749 1434 3813 Υἱὸς,
1484 3736 1600 3802 ἔδει
1629 3749 1730 3819 τὴν
1781 3766 1867 3802 κατ

2006 3747 2173 3803 tualis
2208 3746 2677 3818 immutabilisque
2703 3745 2901 3813 Patris,
2938 3746 3130 3814 Filius,
3163 3748 3400 3807 debebat
3433 3753 3584 3807 illam

304 3842 492 3898 εἰκόνα
529 3840 791 3913 μὲνλΘεοῦ
838 3839 1284 3913 μεμορφωμένην
1328 3842 1426 3894 καὶ
1480 3839 1867 3912 ἐξωραῖσθείσα

2000 3842 2249 3897 .animam
2302 3838 2371 3894 ad
2427 3840 2721 3912 imaginem
2756 3840 2852 3896 Dei
2891 3841 3184 3899 formatam
3216 3854 3271 3900 et
3316 3858 3589 3913 ornatam,

307 3935 511 4007 ψυχὴν,
546 3933 727 3996 νόθοις
754 3931 812 3984 δὲ
839 3931 1037 4002 βαφαῖς
1078 3933 1176 3987 καὶ
1207 3931 1483 4002 κιϐδήλοις
1498 3932 1795 4004 χρώμασιν
1828 3933 1867 3985 si

2002 3941 2068 3993 et
2112 3948 2234 4002 quae
2263 3932 2507 3987 colorum
2550 3930 3040 3988 dehonestamento
3074 3936 3284 4004 peccati
3340 3945 3595 3994 natniazn

310 4029 376 4086 τὸ
423 4029 524 4100 τῆς
582 4027 865 4098 ἁμαρτίας
902 4025 1144 4089 δυσειδὲς
1178 4044 1237 4080 τε
1284 4028 1380 4080 καὶ
1436 4026 1686 4098 ἄμορφον
1740 4044 1867 4098 μετα

2012 4038 2080 4079 ac
2108 4021 2340 4077 formam
2374 4035 2559 4091 praese
2586 4019 2819 4085 ferebat,
2848 4022 2996 4076 illam
3019 4024 3087 4078 ab
3126 4025 3428 4096 ignominia
3464 4030 3605 4083 Iibe-

316 4119 722 4195 μορφωθεῖσαν,
800 4119 890 4173 διὰ
953 4119 1115 4172 τοῦτο
1196 4118 1388 4173 τοῦτον
1473 4120 1641 4190 ἐχρῆν
1709 4118 1867 4173 ταύττ

2006 4132 2161 4173 rare.
2186 4115 2325 4171 Hinc
2366 4122 2485 4171 arte
2512 4115 2744 4185 pictoria
2771 4124 3013 4172 utentem
3038 4117 3327 4188 oportebat
3356 4134 3483 4175 eum
3505 4136 3606 4175 na-

313 4212 626 4279 άπαλλάξαι
689 4212 787 4266 τοῦ
858 4213 1105 4282 αἴσχους,
1161 4214 1258 4265 καὶ
1326 4208 1415 4265 οἷα
1469 4211 1749 4282 γραφικὴν
1795 4213 1865 4264 ὲπ

2019 4218 2156 4263 tura:
2186 4208 2483 4279 deperditae
2510 4215 2564 4265 et
2596 4210 2888 4264 maculatae
2918 4208 2994 4265 ita
3015 4210 3245 4271 mederi.
3278 4220 3335 4265 ut
3356 4213 3607 4282 pulchri—

322 4307 558 4367 ϐαλόντα
620 4308 779 4376 χεῖρα
813 4303 893 4373 τῷ
949 4302 1299 4375 διερρυηκότι
1360 4302 1458 4356 καὶ
1516 4301 1865 4373 λελυμσμὲν

2023 4302 2157 4356 tudo
2187 4316 2252 4357 ac
2290 4301 2550 4357 nobilitas
2589 4301 2880 4373 primitivaj
2904 4312 3346 4374 regeneraretur.
3392 4305 3451 4359 Si
3477 4322 3610 4378 ergo

320 4401 658 4473 χαρακτῆρι,
693 4397 1093 4468 ἀναμορφῶσαί
1116 4414 1175 4449 τε
1208 4397 1305 4450 καὶ
1332 4398 1413 4459 εἰς
1439 4396 1498 4449 τὸ
1523 4397 1751 4466 ἀρχαῖον
1779 4397 1867 4449 ἀνι

2008 4396 2263 4468 Spiritus
2309 4404 2406 4453 aut
2443 4393 2606 4451 Pater
2634 4411 2732 4466 pro
2780 4398 2978 4462 nobis,
3020 4405 3203 4453 autem
3240 4395 3616 4456 Filiusincar-

323 4492 687 4566 ζωγραφῆσαι
747 4490 965 4556 κάλλος,
1023 4489 1119 4542 καὶ
1180 4488 1279 4559 τὴν
1333 4488 1738 4558 φιλανθρώπως
1813 4487 1867 4557 μέ

1972 4520 1995 4571 )
2024 4498 2189 4547 natus
2218 4497 2385 4555 esset,
2417 4488 2554 4544 nihil
2584 4487 2810 4545 fecisset
2840 4499 3078 4560 utquam
3112 4490 3351 4547 maxime
3374 4492 3613 4547 humana

322 4582 829 4656 διαμορφωθεϊσαν,
868 4582 1121 4652 ἀφρόνως
1187 4581 1245 4634 δὲ
1310 4579 1795 4650 περιϋϐρισθείσαν
1824 4595 1867 4630 κτ

2034 4583 2353 4638 infirmitate
2384 4582 2567 4651 lapsos
2614 4589 2710 4636 aut
2756 4589 2938 4637 mente
2969 4582 3036 4637 ad
3078 4583 3285 4637 malum
3320 4598 3612 4653 perversos

342 4677 777 4748 épaupwﬁaiaav
828 4676 1037 4739 εἰκόνα,
1094 4674 1229 4744 πρὸς
1264 4672 1457 4727 ἑαυτόν
1478 4690 1539 4725 τε
1578 4670 1867 4742 ἐπιστρέψω

2032 4676 2088 4729 in
2121 4674 2355 4729 Salutem
2408 4682 2715 4729 revocaret.
2766 4672 3057 4740 Quomodo
3101 4677 3248 4731 enim
3300 4674 3619 4731 Judaanrnm

332 4773 433 4827 καὶ
462 4774 543 4834 εἰς
576 4770 939 4842 τὴνάρχαίαν
979 4770 1145 4824 πάλιν
1198 4769 1483 4839 εὐγένειαν
1535 4768 1867 4821 ἁποκαταστ³

2033 4779 2196 4821 aures
2218 4779 2414 4834 capere
2446 4765 2715 4835 potuisset
2750 4765 2795 4818 si
2828 4781 3069 4835 praesens
3123 4766 3178 4821 in
3212 4781 3381 4823 carne.
3432 4768 3625 4821 Salva-

316 4883 446 4920 σαι.
483 4863 646 4917 Ἀλλά
671 4864 781 4934 γὰρ
812 4863 867 4915 εἴ
894 4880 959 4930 γε
984 4863 1047 4916 τὸ
1076 4860 1302 4932 Πνεῦμα
1329 4902 1344 4927 ,
1378 4860 1412 4932 ἢ
1470 4860 1499 4914 6
1542 4858 1733 4931 Πατὴρ
1784 4858 1867 4912 ὑπέ

2034 4866 2123 4913 tor
2182 4857 2413 4919 dixisset
2442 4856 2590 4928 quod
2623 4858 2713 4929 qui
2752 4857 2923 4930 Moysi
2975 4860 3260 4915 oraculum
3296 4861 3534 4917 reddens
3566 4862 3623 4915 in

339 4957 522 5029 ἡμῶν,
586 4954 701 5009 ἀλλ’
735 4955 835 5026 οὐχ
873 4959 902 5009 ὸ
934 4954 1061 5018 Υίὸς
1111 4955 1486 5027 ἐσεσάρκωτο,
1526 4953 1683 5009 οὐδὲν
1738 4953 1807 5009 ἂν
1828 4954 1867 5008 ὅ·

2036 4961 2222 5011 monte
2251 4951 2383 5007 Sina
2408 4961 2463 5008 et
2491 4950 2653 5015 Pater
2677 4955 2924 5008 omnium
2950 4960 3004 5007 et
3033 4953 3291 5024 cognitus
3315 4961 3369 5008 et
3389 4955 3459 5009 ab
3493 4955 3629 5025 ipsis

336 5069 402 5121 γε
430 5052 531 5124 τῆς
562 5050 915 5123 ἀνθρωπίνης
942 5051 1381 5120 ἁντιπιπτούσης
1400 5048 1729 5115 ἀσθενείας,
1762 5048 1797 5119 ἦ
1829 5066 1859 5102 τ

2038 5045 2326 5101 invocatus
2366 5045 2483 5114 ipse
2516 5045 2636 5111 iste,
2682 5055 2740 5099 ut
2776 5045 2940 5099 homo
2984 5059 3109 5100 cum
3143 5045 3460 5103 hominibus
3491 5061 3629 5101 con-

335 5145 575 5217 γνώμης
599 5147 679 5209 εἰς
710 5145 769 5199 τὺ
818 5147 1150 5217 κακουργεῖν
1207 5141 1652 5214 ὑπο-φερομένης,
1708 5141 1817 5196 τῶν
1852 5160 1867 5195 ε

2042 5144 2295 5195 versatur
2311 5145 2364 5192 et
2388 5138 2505 5213 ipse
2538 5138 2627 5193 ille
2651 5145 2799 5193 esset
2821 5138 2913 5208 qui
2939 5136 3217 5208 quondam
3239 5137 3457 5195 divinas
3480 5137 3630 5208 leges

346 5239 624 5309 σωτηρίαν
658 5239 859 5301 αὐτοὺς
894 5236 1357 5307 ἀνακαλουμένων
1378 5236 1752 5307 διεπέπρακτο
1779 5251 1792 5264 ·
1819 5252 1867 5287 πε

2050 5229 2254 5285 tabulis
2275 5229 2448 5298 digito
2472 5229 2775 5300 insculptas
2824 5230 3068 5299 scripsit,
3104 5237 3161 5285 et
3196 5229 3373 5301 plagis
3407 5239 3633 5301 propter

340 5334 454 5402 γὰρ
497 5332 767 5387 Ἰουδαίων
801 5334 992 5395 ἀκοαῖς
1022 5332 1250 5384 ἀνεκτὸν
1279 5326 1366 5401 ἦν,
1392 5331 1441 5383 εἰ
1473 5330 1639 5398 σαρκὶ
1669 5325 1864 5399 παρὼν

2043 5338 2140 5380 eos
2187 5320 2480 5395 Egyptum
2513 5324 2828 5394 flagellavit,
2878 5332 2932 5379 et
2982 5339 3079 5395 per
3131 5325 3300 5379 maris
3336 5325 3623 5381 humidam

344 5426 559 5489 σώσων,
590 5426 798 5493 ἔλεγεν,
835 5425 910 5489 ὡς
931 5426 959 5477 6
991 5424 1072 5494 τῷ
1094 5425 1295 5477 Μωσεῖ
1324 5420 1676 5493 χρηματίσας
1720 5422 1779 5474 ἐν
1816 5418 1867 5490 δέ

2048 5423 2301 5470 naturam
2334 5413 2647 5471 immadidis
2677 5415 2909 5487 pedibus
2946 5417 3049 5471 iter
3081 5415 3263 5471 facere
3288 5416 3367 5471 eis
3403 5430 3635 5471 conces-

345 5516 500 5593 Σινᾷ,
526 5520 623 5573 καὶ
667 5519 861 5590 Πατὴρ
888 5517 999 5572 τῶν
1032 5517 1170 5573 ὅλων
1201 5518 1297 5570 καὶ
1313 5515 1722 5586 γινωσκόμενος
1752 5512 1867 5567 abst

2049 5508 2156 5571 sit,
2199 5515 2254 5563 et
2302 5521 2531 5578 quaeque
2582 5515 2641 5561 ut
2715 5522 2813 5564 eos
2876 5508 2942 5563 ad
2993 5509 3247 5580 pietatem
3291 5523 3422 5580 erga
3466 5507 3639 5563 Deum

350 5616 449 5672 καὶ
515 5613 985 5683 ἀνακαλούμενος,
1078 5611 1244 5677 αὐτὸς
1319 5602 1495 5680 οὗτος,
1549 5608 1657 5673 -ὼς
1718 5605 1867 5679 ἆνθρι

2051 5600 2360 5668 reduceret,
2420 5601 2744 5658 mirabiliter
2806 5600 2973 5659 fecit?
3035 5602 3342 5674 ‘Qnomodo
3406 5603 3460 5658 ei
3514 5602 3648 5656 talia

429 5789 624 5844 'Joan.
660 5787 831 5851 v,22.
1514 5798 1523 5807 ί

559 5884 835 5942 ΡΛτιιυι,
874 5880 992 5940 Gn.
1027 5878 1121 5939 Cl.

2689 5874 2694 5880 '
3205 5865 3250 5961 ,ἡ
3261 5868 3289 5924 1
