3930 6218
373 291 393 356 1
406 296 509 361 283

1651 299 2278 364 SUPPLEMENTUM

3539 302 3680 368 1284

376 410 581 466 dicenti
618 408 1037 464 obedivisseut?
1062 406 1219 474 Quod
1266 408 1594 463 miraculum
1626 411 1696 465 ab
1731 412 1825 465 illo
1858 426 1955 466 non

2080 428 2200 475 ιπος⁹
2250 411 2366 475 τοῖς
2411 407 2752 483 ἀνθρώποις,
2782 410 3316 483 συναναστρέφεται,
3378 413 3479 467 καὶ
3512 417 3680 480 αὐτὸς

370 500 732 573 exegissent?
786 500 845 555 Si
904 500 1051 555 enim
1119 499 1318 555 Filium
1382 499 1637 556 Salvator
1686 517 1746 557 se
1783 502 1967 573 ipsum

371 591 536 659 dixit,
592 592 697 650 etsi
756 592 875 664 ipse
949 592 1153 663 saepius
1238 592 1565 650 invenustus
1621 600 1676 649 et
1736 592 1970 651 inscitus

373 684 544 741 Israel
579 684 722 740 ﬁlius
755 684 1146 755 appellaretur,
1177 683 1258 739 illi
1305 684 1373 740 ad
1408 684 1552 740 hanc
1593 700 1781 741 vocem
1817 686 1969 741 insa-

366 776 579 833 liehant
646 788 701 833 et
768 777 1266 833 obmurmurabant
1320 785 1376 833 et
1433 778 1749 849 blasphema
1784 780 1969 836 dicere

367 871 713 941 arguebant;
750 871 816 925 ad
849 878 1116 942 quantum
1157 871 1327 942 igitur
1356 873 1625 927 malorum
1683 872 1965 943 fastigium

370 977 478 1015 non
514 962 903 1026 incurrissent,
936 961 982 1016 si
1020 976 1081 1018 se
1133 962 1313 1032 ipsum
1343 962 1560 1018 Patrem
1602 964 1967 1034 praedicasset

368 1054 654 1124 accipiens
701 1062 948 1111 nostram
978 1069 1226 1121 carnem,
1259 1056 1312 1109 in
1360 1056 1577 1127 generis
1613 1057 1840 1112 humani
1878 1072 1967 1114 sa-

374 1144 545 1200 lutem
590 1144 773 1201 factus
821 1145 1115 1201 Salvator?
1168 1145 1409 1218 Ideoque
1460 1147 1627 1217 igitur
1673 1147 1961 1220 (quantum

374 1238 691 1294 rationibus
719 1240 977 1295 humanis
1014 1240 1165 1296 lubet
1197 1240 1514 1312 concipere)
1559 1257 1665 1298 non
1697 1240 1860 1297 Pater
1906 1241 1963 1296 ﬁt

364 1331 552 1397 homo,
582 1333 678 1389 sed
696 1332 894 1400 Filius,
913 1342 973 1388 ut
990 1350 1154 1407 quam
1182 1337 1417 1391 maxime
1440 1337 1794 1407 acceptabilis
1814 1338 1967 1394 tieret

368 1422 695 1480 hominibus
743 1427 1007 1482 salutaris
1049 1426 1389 1497 praedicatio,
1424 1434 1479 1483 et
1518 1438 1575 1483 ut
1617 1429 1961 1484 Dominicum

366 1515 799 1590 hominibusque
827 1519 1124 1590 benignum
1155 1534 1296 1589 opus
1334 1534 1529 1577 omnes
1565 1519 1961 1576 misericordia:

366 1617 422 1665 et
441 1610 799 1681 providentia:
820 1612 1066 1668 rationes
1089 1611 1363 1667 excedens
1380 1612 1447 1668 ad
1469 1612 1818 1684 linem‘suum
1839 1628 1962 1685 per-

364 1702 602 1758 veniret.

2074 506 2286 571 ἐκεῖνος
2349 504 2436 577 εἴη
2489 506 2519 558 ὁ
2574 504 2746 558 πάλαι
2807 504 2907 569 τὰς
2960 505 3198 569 πλάκας,
3260 507 3315 560 αἳ
3334 508 3465 573 τοὺς
3498 510 3679 575 θείους

2074 598 2309 670 θεσμοὺς
2352 597 2592 670 έφερον,
2645 596 2898 670 δακτύλῳ
2944 597 3275 669 διαγράψας,
3305 601 3402 655 καὶ
3432 600 3676 672 πληγαῖς

2070 691 2171 761 τὴν
2200 690 2489 760 Αἴγυπτον
2519 688 2663 759 ὑπὲρ
2687 688 2872 743 αὐτῶν
2909 689 3195 760 μαστίξας,
3233 691 3331 745 καὶ
3358 691 3463 764 τὴν
3494 692 3674 762 ὑγρὰν

2070 783 2171 852 τῆς
2208 782 2490 853 θαλάσσης
2549 783 2714 853 φύσιν
2766 782 3097 855 πεζοπορεῖν
3161 783 3418 857 ἀϐρόχως
3469 787 3674 851 αὐτοὺς

2070 873 2383 946 χαριτὼσας
2407 916 2422 941 ,
2453 875 2550 929 καὶ
2566 875 2668 929 ὅσα
2696 874 2832 930 ἀλλα
2860 875 3000 947 πρὸς
3029 876 3325 948 ἀναγωγὴν
3353 877 3673 939 θεοσεϐείας

2068 968 2131 1021 τὸ
2169 968 2316 1022 θεῖον
2338 968 2526 1030 αὐτοῖς
2564 967 2919 1040 ἐδημιούργει
2945 966 3169 1038 θαῦμας
3229 969 3350 1031 πῶς
3384 969 3452 1023 ἀν
3490 970 3670 1025 ταῦτα

2069 1059 2341 1129 λέγοντος,
2369 1058 2651 1113 ἐπείθοντο
2680 1076 2696 1126 ;
2725 1060 2856 1113 τίδὲ
2878 1060 2989 1114 τῶν
3025 1060 3246 1115 ἀτόπων
3271 1063 3541 1133 πράττειν
3567 1065 3670 1119 οὐκ

2070 1153 2140 1209 ἂν
2175 1151 2491 1225 ἠρεθίζοντο
2512 1170 2526 1219 ;
2551 1152 2600 1205 εί
2620 1151 2888 1224 γάρ,Υίδν
2905 1152 3156 1221 λέγοντος
3173 1153 3366 1207 ἐαυτὸν
3377 1154 3474 1209 τοῦ
3486 1156 3671 1227 Σωτῆο

2072 1264 2191 1321 ρος,
2234 1246 2415 1301 καίτοι
2443 1262 2508 1315 γε
2544 1246 2643 1300 καὶ
2675 1245 2839 1305 αὐτὸς
2867 1246 2895 1298 ὁ
2926 1247 3221 1319 ἀχάριστος
3254 1249 3353 1301 καὶ
3389 1247 3671 1319 ἀγνώμων

2081 1340 2298 1412 Ἰσραὴλ
2348 1338 2614 1402 πολλάκις
2660 1338 2776 1403 υίὸς
2810 1338 3155 1410 ὠνομάζετο,
3211 1340 3262 1394 οί
3312 1340 3372 1393 δὲ
3403 1342 3672 1412 καὶπρὸς

2077 1432 2289 1502 ταύτην
2352 1431 2454 1501 τὴν
2516 1429 2704 1502 φωνὴν
2760 1432 3075 1501 ἐπεπήδων,
3125 1431 3221 1485 καὶ
3258 1432 3362 1502 τῆς
3406 1433 3673 1502 ἀληθείας

2066 1520 2497 1589 κατεγόγγυζον,
2530 1520 2627 1573 καὶ
2687 1518 3043 1591 βλασφημίας
3098 1519 3284 1573 αίτίαν
3357 1518 3671 1590 περιῆπτον

2065 1613 2146 1685 τῷ
2184 1614 2419 1682 λέγοντι,
2448 1613 2528 1677 είς
2557 1613 2710 1666 ποῖον
2766 1611 2836 1666 ἀν
2870 1612 3160 1681 κολοφῶνα
3188 1611 3378 1666 κακῶν
3403 1612 3508 1666 οὐκ
3566 1612 3665 1666 ἀν-

2067 1706 2327 1777 έδραμον,
2384 1706 2434 1758 εἰ
2526 1704 2748 1777 Πατέρα
2816 1703 3012 1759 ἐαυτὸν
3060 1704 3430 1776 ἀνεκήρυττεν
3478 1705 3510 1758 δ
3563 1703 3669 1776 τὴν

360 1796 641 1867 ἡμετέραν
684 1794 973 1852 ἀναλαϐὼν
1007 1798 1208 1871 σάρκα,
1257 1798 1351 1853 καὶ
1386 1796 1559 1853 σῶσαι
1596 1798 1994 1871 παραγεγονὼς
2039 1798 2100 1852 τὸ
2131 1797 2517 1870 ἀνθρώπινον;
2568 1798 2669 1851 Διὰ
2697 1797 2859 1851 τοῦτο
2901 1795 3083 1851 τοίνυν
3120 1798 3244 1866 (ὅσα
3279 1813 3344 1864 γε
3373 1797 3664 1869 λογισμοῖς

360 1891 733 1961 ἀνθρωπίνοις
756 1893 965 1965 λαϐεῖν)
1001 1896 1102 1968 οὐχ
1130 1897 1159 1949 ὁ
1192 1895 1380 1967 Πατὴρ
1404 1895 1693 1968 ἄνθρωπος
1721 1896 1960 1965 γίνεται,
2000 1896 2115 1949 ἀλλ’
2145 1896 2174 1949 ὃ
2202 1912 2267 1964 γε
2300 1895 2452 1959 Υἱὸς,
2514 1894 2593 1957 ῶς
2655 1892 2723 1948 ἂν
2776 1892 3017 1963 μάλιστα
3074 1890 3485 1961 εύπαράδεκτον
3546 1894 3665 1959 τοῖς

358 1985 678 2059 ἀνθρώποις
734 1990 797 2043 τὸ
842 1992 1115 2064 σωτήριον
1172 1992 1402 2063 γένηται
1456 1993 1743 2064 κήρυγμα,
1772 1993 1865 2046 καὶ
1892 1991 1955 2046 τὸ
1993 1993 2315 2047 δεσποτικὸν
2376 1992 2474 2046 καὶ
2532 1989 2925 2063 φιλάνθρωπον
2954 1988 3116 2060 ἐργον
3141 1989 3237 2042 καὶ
3285 1989 3466 2044 πάντα
3494 1985 3667 2057 λόγον

357 2082 683 2154 οἰκτιρμῶν,
734 2084 828 2137 καὶ¹
879 2085 1142 2155 προνοίας
1201 2085 1574 2157 ὑπερδαῖνον,
1632 2087 1714 2148 είς
1769 2086 1945 2156 πέρας
1983 2086 2413 2157 ἐξενηνεγμένον
2448 2085 2559 2156 εἴη.

436 2179 492 2235 6.
538 2178 809 2234 Similiter
853 2195 986 2237 vero
1030 2182 1077 2236 si
1129 2181 1353 2252 quidem
1420 2181 1663 2254 Spiritus
1723 2192 1951 2240 sanctus

2129 2182 2205 2249 ς’.
2249 2182 2523 2247 Ὡσαύτως
2543 2183 2601 2237 δὲ
2626 2180 2720 2236 καὶ
2752 2181 2801 2235 εί
2828 2180 2887 2235 τδ
2910 2177 3136 2251 Πνεῦμα
3160 2178 3224 2235 τὸ
3254 2178 3412 2249 ἀγιον
3438 2178 3657 2250 ὑπέστη

359 2285 588 2327 carnem
648 2269 943 2339 induisset,
983 2280 1097 2327 tum
1144 2268 1351 2329 Judaais
1382 2271 1579 2330 fuisset
1636 2274 1949 2344 iniquitatis

358 2370 416 2419 et
464 2361 802 2418 infidelitatis
832 2362 973 2419 idem
1015 2370 1312 2435 praztextus
1360 2374 1415 2421 et
1466 2366 1697 2423 moleste
1747 2367 1958 2423 ferendi

358 2454 819 2525 repugnandique
856 2456 1142 2512 excusatio
1208 2465 1265 2512 et
1299 2459 1610 2513 avertendae
1669 2459 1960 2515 calumniae

356 2546 530 2604 ﬁctio.
596 2547 652 2602 Si
703 2549 851 2603 enim
912 2549 969 2604 in
1020 2551 1310 2607 sententiis
1359 2552 1475 2608 suis
1560 2552 1958 2609 subobscuram

355 2640 599 2711 aliquam
657 2644 997 2699 sacrosancti
1048 2642 1288 2715 Spiritus
1331 2646 1688 2717 proferebant
1734 2647 1956 2715 famam,

355 2749 491 2790 sane
532 2736 658 2806 quia
721 2738 1112 2808 prephetarum
1163 2737 1472 2795 doctrinam
1535 2742 1820 2798 audientes
1873 2743 1959 2797 di-

358 2827 617 2884 dicerant
663 2831 861 2885 melius
909 2846 1037 2887 esse
1090 2844 1287 2888 natura
1321 2834 1585 2901 humana,
1628 2835 1765 2891 nihil
1797 2850 1955 2890 com-

356 2937 527 2977 mune
575 2923 730 2977 carni
780 2932 835 2979 et
870 2924 1113 2995 Spiritui,
1169 2934 1225 2981 et
1271 2924 1461 2981 divina
1498 2929 1724 2983 oracula
1765 2929 1953 2999 aliquo

352 3016 520 3070 modo
560 3016 664 3072 sibi
708 3018 1220 3087 repraesentabant;
1279 3018 1435 3076 Isaia:
1487 3022 1631 3076 enim
1678 3024 1957 3093 prOphela:

356 3107 523 3161 verba
592 3126 607 3163 :
699 3107 935 3177 Spiritus
983 3110 1200 3165 Domini
1256 3128 1413 3183 super
1473 3131 1584 3177 me,
1630 3114 1747 3170 ideo
1800 3117 1953 3171 unxit

355 3214 439 3253 me
484 3198 526 3261 ⁸,
583 3208 676 3253 aut
742 3198 962 3256 Davidis
1005 3201 1337 3259 clamantis:
1393 3201 1659 3273 Spiritum
1708 3217 1955 3261 sanctum

357 3296 508 3342 tuum
552 3304 617 3341 ne
669 3288 888 3355 auferas
962 3305 996 3343 a
1040 3307 1121 3344 me
1152 3291 1207 3354 ',

2058 2278 2159 2348 τὴν
2211 2277 2510 2349 σάρκωσιν,
2545 2276 2580 2347 ἡ
2628 2274 2768 2345 αύτὴ
2820 2274 2887 2330 ἂν
2944 2269 3015 2346 ἦν
3074 2274 3187 2337 τοῖς
3234 2272 3513 2336 Ἰουδαίοις
3557 2276 3661 2343 τῆς

2056 2368 2458 2440 ἀγνωμοσύνης
2490 2367 2586 2422 καὶ
2620 2367 2881 2428 ἀπιστίας
2920 2366 3186 2437 γινομένη
3222 2364 3524 2437 πρόφασις,
3561 2366 3659 2419 καὶ

2056 2462 2152 2516 τοῦ
2185 2462 2564 2533 δυσχεραίνειν
2596 2460 2693 2514 καὶ
2725 2456 3193 2523 ἀπαυθαδίζεσθαι
3226 2455 3540 2528 καταφυγὴ,
3567 2456 3657 2509 δο-

2060 2555 2235 2610 κοῦσα
2291 2554 2392 2626 τὴν
2452 2552 2707 2626 διαϐολὴν
2765 2550 3208 2622 ἀποτρέπεσθαιο
3274 2550 3324 2604 εί
3390 2548 3503 2619 γάρ
3566 2549 3662 2603 καὶ

2063 2648 2317 2722 ἀμυδρὰν
2346 2648 2591 2719 τινιτὴν
2625 2646 2755 2717 περὶ
2782 2644 2879 2699 τοῦ
2912 2644 3181 2713 παναγίου
3216 2642 3538 2713 Πνεύματος
3570 2643 3661 2696 δό-

2065 2737 2163 2804 ξαν
2188 2739 2311 2801 ταῖς
2349 2736 2562 2791 ἑαυτῶν
2594 2734 2861 2799 διανοίαις
2912 2735 3263 2805 περιέφερον,
3291 2734 3407 2789 ἀλλ’
3438 2729 3536 2787 οὖν
3576 2734 3662 2787 ὅτι

2062 2831 2314 2901 κρεῖττον
2348 2829 2449 2902 τῆς
2491 2826 2846 2901 ἀνθρωπίνης
2883 2826 3121 2899 φύσεως,
3152 2827 3249 2881 καὶ
3292 2826 3473 2880 κοινὸν
3504 2826 3662 2879 οὐδὲν

2064 2921 2230 2992 σαρκὶ
2282 2923 2378 2975 καὶ
2430 2920 2727 2992 πνεύματι,
2756 2920 2884 2983 τούς
2930 2938 2992 2974 τε
3032 2920 3144 2974 τῶν
3173 2918 3475 2991 προφητῶν
3516 2936 3661 2990 χρη-

2063 3012 2238 3083 σμοὺς
2284 3011 2581 3076 ἀκούοντες
2634 3010 3032 3083 ἀνεμάνθανον,
3088 3012 3185 3064 καὶ
3233 3009 3493 3081 θειότητά
3532 3027 3660 3063 τινα

2059 3122 2127 3159 πε
2137 3104 2189 3175 pi
2221 3103 2389 3158 αύτοῦ
2418 3103 2802 3172 ἐφαντάζοντο,
2824 3102 2986 3158 τοῦτο
3011 3103 3131 3175 μὲν,
3162 3102 3405 3173 Πνεῦμα
3433 3102 3661 3172 Κυρίου

2058 3198 2152 3253 ἐπ’
2186 3197 2312 3267 ἐμὲ,
2340 3192 2413 3254 οὗ
2443 3197 2677 3251 εἵνεκεν
2726 3195 2937 3267 ἔχρισε
2989 3212 3084 3265 με,
3115 3193 3210 3249 τοῦ
3257 3194 3484 3248 Ἡσαΐου
3528 3212 3660 3248 κατ-

1296 3301 1391 3347 aut
1420 3290 1625 3361 Moysis
1680 3296 1949 3366 originem

2061 3290 2436 3360 αγγέλλοντος,
2466 3288 2626 3343 τοῦτο
2658 3287 2717 3343 δὲ
2766 3286 2862 3342 τοῦ
2891 3287 3077 3353 Δαόὶδ,
3132 3287 3206 3341 Τὸ
3240 3284 3491 3357 Πνεῦμά
3538 3303 3658 3341 σου

355 3378 550 3432 mutuli
592 3377 964 3435 describentis
1004 3398 1019 3435 :
1058 3398 1076 3433 ι
1117 3378 1355 3450 Spiritus
1398 3382 1498 3437 Dei
1513 3358 1816 3453 vferebatu'r
1865 3404 1955 3441 su-

2061 3358 2123 3461 ςδ
2146 3358 2348 3451 ήᾶγιον
2389 3380 2476 3451 μὴ
2506 3380 2868 3450 ἀπαγέλῃς,
2901 3379 3004 3434 ἀπ’
3044 3378 3217 3449 ἐμοῦ,
3248 3379 3365 3446 καὶ,
3407 3379 3657 3449 Πνεῦμα

351 3486 445 3541 per
510 3486 678 3541 aquas
734 3471 794 3535 ⁸,
861 3478 915 3527 et
981 3481 1243 3528 sexcenta
1300 3474 1408 3528 alia
1450 3474 1809 3545 hujusmodi,
1884 3492 1955 3533 ex

2061 3475 2209 3530 Θεοῦ
2237 3475 2561 3545 ἐπεφέρετο
2594 3473 2797 3528 ἐπάνω
2850 3472 2959 3528 τοῦ
3004 3472 3245 3541 ὕδατος,
3274 3472 3526 3536 Μωσέως
3555 3474 3657 3539 τὴν

351 3564 557 3636 quibus
595 3563 926 3622 diviniorem
961 3581 1127 3638 quam
1175 3568 1480 3624 secundum
1523 3568 1799 3626 hominem
1837 3568 1955 3643 Spi-

2061 3568 2451 3641 κοσμογένειαν
2481 3566 2915 3639 ἀναγράφοντος,
2950 3566 3046 3619 καὶ
3082 3565 3256 3637 μυρία
3276 3564 3449 3619 ἀλλαδ
3486 3565 3545 3632 ἐξ
3575 3558 3655 3619 ὧν

355 3658 498 3712 ritus
547 3666 806 3714 naturam
856 3659 1208 3723 inducebant,
1241 3662 1347 3719 etsi
1396 3677 1508 3717 non
1551 3679 1688 3734 pure
1735 3663 1801 3720 ad
1830 3664 1952 3735 ejus

2061 3659 2337 3733 θειοτέραν
2377 3661 2477 3733 μὲν
2510 3662 2544 3732 ἢ
2574 3661 2719 3715 κατά
2755 3658 3047 3729 ἄνθρωπον
3076 3658 3176 3729 τὴν
3205 3657 3301 3712 τοῦ
3331 3656 3656 3728 Πνεύματος

351 3747 683 3819 theologiam
758 3750 959 3805 exinde
1047 3752 1678 3826 ducerentur:quanto
1774 3757 1950 3828 magis

2061 3751 2220 3821 φύσιν
2248 3750 2645 3819 ἀνελογίζοντο,
2676 3751 2725 3803 εί
2764 3751 2859 3803 καὶ⁵
2885 3748 3023 3819 πρὸς
3053 3747 3151 3818 τὴν
3192 3747 3359 3801 αὐτοῦ
3393 3747 3655 3817 καθαρῶς

354 3839 643 3897 Sadducaei
678 3841 1005 3897 derisissent
1047 3851 1104 3899 et
1141 3845 1399 3902 manibus
1429 3846 1801 3920 dentibusque
1829 3864 1951 3921 my-

348 3938 580 3994 sterium
639 3936 1002 4007 lacerassent,
1057 3940 1105 3997 si
1153 3942 1279 4010 quis
1328 3943 1409 3997 eis
1460 3943 1732 4010 dedisset,
1780 3960 1952 4016 appa-

349 4036 557 4082 rentem
598 4027 652 4081 in
685 4042 854 4083 carne
891 4029 1338 4099 discerpsisseut,
1364 4030 1486 4100 ejus
1512 4030 1945 4089 incarnationem

234 4180 238 4186 ,
351 4128 409 4175 ut
444 4127 499 4176 et
532 4121 852 4191 angelorum
894 4121 1275 4177 exsiSIentiam
1310 4130 1574 4194 negantes
1606 4126 1648 4179 ⁸.
1679 4124 1813 4179 Cum
1850 4124 1951 4195 igi-

348 4222 440 4267 tur
476 4222 529 4268 et
572 4213 753 4271 Patris
781 4223 834 4271 et
867 4213 1105 4286 Spiritus
1140 4216 1449 4272 iucarnatio
1487 4214 1694 4273 Iudaeis
1722 4219 1949 4273 omnino

346 4306 764 4378 inacceptabilis
810 4321 956 4365 esset
1002 4318 1057 4366 et
1103 4310 1255 4365 salus
1296 4311 1535 4381 generis,
1579 4327 1702 4382 qua:
1747 4327 1948 4382 scopus

344 4407 400 4454 et
436 4400 781 4471 providentia
818 4400 912 4458 Dei
948 4410 1069 4457 erat
1096 4409 1150 4458 et
1194 4418 1291 4473 per
1337 4418 1499 4473 quam
1538 4403 1821 4459 evacuatio
1858 4403 1946 4457 in-

342 4494 705 4562 evacuahilis,
754 4496 877 4551 linis
927 4511 1089 4565 quem
1127 4496 1318 4551 habuit
1360 4498 1414 4551 in
1450 4494 1590 4550 Filio
1636 4496 1945 4561 incarnato,

343 4586 519 4639 multa
577 4586 848 4655 indigeret
887 4587 1263 4657 acceptatione
1309 4594 1364 4640 et
1415 4584 1773 4656 probabiliter
1813 4601 1943 4657 pro-

2055 3845 2339 3915 θεολογίαν
2385 3846 2487 3899 οὐκ
2516 3845 2801 3914 ἀνήγοντο.
2831 3843 3052 3897 Μᾶλλον
3102 3841 3161 3895 δὲ
3196 3842 3247 3894 οί
3300 3841 3655 3895 Σαδδουκαῖοι

2051 3936 2311 4006 διεγέλων
2345 3935 2412 3989 ἀν
2441 3934 2539 3988 καὶ
2563 3931 2907 4005 διεχλεύαζον
2938 3931 2999 3985 τὸ
3032 3932 3353 4003 μυστήριον,
3389 3933 3486 3986 καὶ
3522 3949 3654 4003 χερ-

2054 4030 2143 4083 σὶν
2180 4028 2248 4082 ἀν
2289 4029 2386 4082 καὶ
2413 4026 2649 4092 ὀδοῦσιν,
2685 4026 2740 4080 εί
2760 4044 2844 4090 τις
2869 4026 3054 4089 αύτοῖς
3080 4024 3273 4089 ἐδίδου,
3308 4025 3403 4079 τὸν
3451 4028 3653 4094 ἐπιφα-

2052 4122 2215 4176 νέντα
2261 4120 2500 4175 διέσπων
2556 4136 2617 4174 τε
2662 4120 2760 4174 καὶ
2808 4119 3233 4191 διεσπάρασσον,
3271 4119 3369 4175 ἀτε
3414 4119 3539 4190 μηδ’
3569 4121 3652 4181 εἰς

2053 4213 2287 4285 ὕπαρξιν
2313 4213 2452 4277 ὅλως
2475 4210 2673 4279 ἐλθεῖν,
2706 4210 2898 4282 ὥσπερ
2925 4210 3049 4283 μηδ’
3073 4210 3325 4281 ἀγγέλων
3351 4210 3538 4281 φύσιν,
3560 4211 3654 4264 ἀν-

2050 4307 2333 4379 εχομένοις
2351 4304 2610 4377 λέγειν,ἢ
2640 4303 2923 4375 λογισμοῖς
2945 4303 3322 4374 ἀναδέχεσθαι.
3362 4302 3521 4356 Ἐπεὶ
3554 4297 3649 4357 οὖν

2049 4400 2085 4471 ἦ
2136 4415 2197 4452 τε
2240 4397 2338 4452 τοῦ
2389 4398 2604 4468 Πατρὸς
2641 4398 2739 4452 καὶ
2786 4399 2820 4469 ή
2854 4396 2950 4451 τοῦ
2996 4396 3320 4466 Πνεύματος
3367 4396 3649 4466 σάρκωσις

2048 4492 2161 4555 τοῖς
2200 4490 2477 4556 Ἰουδαίοις
2510 4489 2791 4554 παντελῶς
2821 4485 2892 4561 ἦν
2920 4489 3326 4561 ἀπαράδεκτος,
3353 4489 3448 4541 καὶ
3472 4490 3509 4558 ἡ
3543 4506 3652 4543 σω-

2048 4584 2212 4658 τηρία
2238 4583 2336 4639 τοῦ
2365 4585 2575 4655 γένους,
2609 4584 2749 4653 ὅπερ
2784 4579 2855 4656 ἦν
2897 4585 2926 4637 ὁ
2953 4583 3159 4647 σκοπὸς
3198 4582 3297 4636 καὶ
3341 4584 3376 4655 ή
3411 4582 3649 4655 πρόνοια

340 4680 464 4743 pter
510 4673 734 4727 multam
770 4675 931 4727 aliam
986 4675 1313 4745 sapientiam
1350 4674 1699 4740 ineffabilem,
1745 4686 1799 4730 et
1835 4676 1943 4730 hu-

2061 4678 2144 4732 τοῦ
2193 4678 2376 4742 Θείου,
2432 4678 2528 4732 καὶ
2594 4676 2662 4732 δι’
2703 4678 2771 4749 ἢν
2827 4678 2861 4747 ή
2915 4675 3147 4739 κένωσις
3202 4674 3297 4729 τοῦ
3362 4675 3647 4729 ἀκενῶτου

340 4766 524 4821 manis
577 4767 884 4823 ratiociniis
931 4769 1582 4837 incomprehensibilem,
1625 4766 1799 4825 Filius
1846 4770 1943 4826 de-

337 4868 491 4914 creto
523 4858 723 4925 Patris,
763 4862 966 4915 virtute
1009 4861 1349 4917 sacrosancti
1393 4860 1653 4933 Spiritus,
1693 4872 1940 4919 nostram

338 4952 576 5009 induens
603 4970 849 5022 carnem,
887 4956 1102 5027 generis
1150 4956 1373 5012 humani
1413 4972 1763 5013 communem
1792 4957 1940 5013 salu-

337 5052 449 5100 tem
486 5046 733 5116 perfecit.

2051 4774 2228 4845 πέρας
2278 4767 2392 4827 οἷον
2448 4771 2599 4843 ἐσχε,
2660 4769 3036 4841 σαρκωθέντος
3086 4768 3181 4823 τοῦ
3235 4766 3393 4833 Υἱοῦ,
3458 4767 3649 4840 πολλῶ

2049 4864 2219 4918 ἐνέδει
2241 4862 2336 4917 τοῦ
2365 4862 2645 4930 δέξασθαι,
2676 4863 2905 4924 είκότως
2942 4862 2973 4914 ὀ
2997 4859 3127 4925 Υἱὸς
3147 4862 3243 4915 καὶ
3274 4861 3419 4915 κατά
3440 4860 3646 4933 πολλὴν

2047 4956 2216 5027 ἄλλην
2270 4956 2487 5027 σοφίαν,
2541 4955 2783 5028 ἀρρητόν
2830 4971 2892 5008 τε
2934 4955 3030 5008 καὶ
3074 4954 3444 5027 ἀνθρωπίνοις
3495 4955 3646 5023 λογι-

2047 5052 2205 5119 σμοῖς
2234 5047 2647 5121 ἀκατάληπτον,
2676 5046 2899 5119 εὐδοκίᾳ
2942 5047 3043 5119 μὲν
3071 5047 3169 5101 τοῦ
3217 5047 3451 5119 Πατρδς,
3488 5049 3647 5119 ἐνερ-

337 5141 465 5212 γείᾳ
519 5142 578 5196 δὲ
642 5142 740 5197 τοῦ
822 5143 1095 5213 παναγίου
1147 5145 1494 5219 Πνεύματος,
1545 5146 1650 5219 τὴν
1701 5147 1984 5221 ἡμετέραν
2036 5145 2324 5201 ἀναλαϐὼν
2371 5146 2574 5215 σάρκα,
2614 5144 2716 5219 τὴν
2762 5144 2951 5217 κοινὴν
2995 5143 3092 5198 τοῦ
3130 5145 3326 5215 γένους
3358 5147 3643 5217 σωτηρίαν

408 5364 745 5435 ΩΠᾹΞΞἸΊΟ
771 5370 1101 5427 CCXXVIII.
1133 5372 1324 5448 [Coisl.
1362 5375 1833 5453 Taur.-LXXVI.]

789 5486 867 5542 De
894 5499 1091 5543 natura
1121 5498 1170 5545 et
1211 5506 1460 5559 persona.

338 5574 355 5599 ’
397 5597 685 5669 Apparens
714 5602 769 5657 in
797 5602 1042 5668 Christo,
1074 5605 1204 5676 quid
1230 5605 1394 5661 erat?
1423 5614 1621 5662 natura
1654 5614 1749 5664 aut
1785 5622 1917 5679 per-

2049 5241 2567 5317 ἐπραγματεύσατο.

2574 5379 2914 5437 ΕΡΩΤΗΣΙΣ
2948 5382 3129 5436 ΣΚΗ’.

2331 5492 2474 5563 Περὶ
2512 5494 2755 5564 φύσεως
2791 5494 2892 5549 καὶ
2929 5493 3350 5561 ὑποστάσεως.

2101 5607 2177 5663 Τὸ
2210 5607 2536 5681 φαινόμενον
2572 5608 2669 5665 τοῦ
2698 5608 2965 5682 Χριστοῦ,
2994 5608 3047 5663 τί
3076 5602 3182 5680 ἦνς
3216 5607 3384 5679 φύσις
3424 5609 3459 5681 ἢ
3490 5607 3644 5680 γὺπόο

398 5799 548 5856 ‘lsa.
588 5816 699 5868 ut,
764 5802 812 5853 l.
893 5803 912 5832 "
959 5799 1106 5857 Psal.
1158 5818 1208 5870 1.,
1247 5806 1331 5860 tl.
1410 5806 1599 5865 'Gcn.
1660 5825 1698 5877 ι,
1751 5808 1911 5881 2η]
1950 5807 2072 5863 Act.
2111 5825 2272 5877 xxm,
2330 5809 2385 5864 8.
