3930 6218
332 259 477 327 1285

1296 262 1399 325 AD
1432 260 1933 337 QUIESTIONES
1971 259 2697 329 AMPHILOCHIANAS.‘

3495 265 3634 332 1986

329 396 560 448 στασις;
611 376 728 434 ἀλλ’
758 376 808 431 εἰ
846 376 947 451 μὲν
986 376 1310 445 ὑπόστασις,
1338 378 1456 434 ἔστι
1504 379 1566 435 δὲ
1612 378 1710 435 καὶ
1754 382 1817 435 τὸ
1853 382 1922 455 μὴ

2033 380 2209 435 sona?
2249 378 2308 435 Si
2352 380 2867 453 quidem.persona,
2893 381 3099 454 quippe
3127 389 3359 455 quaeest
3393 397 3501 439 non
3538 398 3637 453 ap-

326 472 675 541 φαινόμενον,
708 472 829 543 ήτοι
875 473 911 543 ἠ
956 470 1053 526 τοῦ
1095 472 1272 541 Λόγου
1304 474 1628 540 ὑπόστασις,
1660 474 1754 529 δύο
1794 475 1923 548 ἄρα,

324 566 465 636 ὅπερ
493 566 716 621 άτοπον.
742 567 804 621 Εἰ
832 566 890 621 δὲ
918 565 1081 636 φύσις
1102 608 1117 633 ,
1154 566 1326 622 πλείω
1354 570 1423 624 τὰ
1448 569 1623 623 άτοπα
1644 584 1658 599 ⁸
1694 570 1927 624 καθόλου

324 674 385 712 τε
413 658 522 729 γὰρ
546 660 641 713 καὶ
668 659 973 730 ὀφθαλμοῖς
1000 661 1102 715 οὑκ
1134 660 1283 715 ἔστιν
1311 663 1485 733 ὁρατὴ
1510 663 1795 733 (ἐννοεῖται
1818 663 1927 735 γάρ

304 750 422 838 ⁸καὶ
455 751 599 807 κατὰ
626 752 934 825 πλειόνων)·
967 753 1087 818 πῶς
1118 753 1232 825 δὲῆ
1260 758 1633 825 κυοφορείται,
1661 755 1695 827 ἢ
1730 756 1927 824 γεννᾶ-

322 860 415 897 ται
440 842 638 913 φύσις;
686 845 782 899 καὶ
833 845 1009 916 μυρία
1052 846 1211 902 ἄλλα.
1244 844 1384 901 Οὑτε
1415 847 1601 916 φύσις,
1633 846 1759 902 οὑτε
1788 849 1928 904 ὑπό-

324 952 537 1001 στασις,
560 936 697 991 ἀλλὰ
731 938 897 1009 μέρος
930 939 1033 1010 τῆς
1062 938 1158 995 τοῦ
1192 939 1367 1011 Λόγου
1401 940 1656 996 συνθέτου
1684 942 1929 997 ὑποστά-

324 1043 487 1095 σεως,
512 1028 652 1101 ὅπερ
688 1030 839 1084 ἐστὶν
870 1032 1259 1087 ὲνυπόστατον.
1308 1034 1370 1087 Et
1407 1032 1465 1087 δὲ
1501 1035 1597 1088 καὶ
1629 1033 1929 1090 ὑπόστασιν

319 1135 408 1184 τις
435 1119 569 1175 αὐτὸ
597 1121 699 1175 οὐκ
724 1122 894 1194 ἄλλην
917 1125 1071 1196 παρὰ
1097 1124 1197 1196 τὴν
1222 1124 1319 1179 τοὺ
1349 1125 1547 1195 Λόγου,
1581 1126 1843 1197 προσθεὶς
1869 1129 1929 1183 ὲν

319 1212 388 1283 τῇ
418 1211 734 1284 ἀποκρίσει,
768 1216 1029 1289 ἀποφήνῃ
1048 1258 1063 1283 ,
1097 1216 1240 1286 τάχα
1268 1216 1334 1272 ἂν
1359 1217 1421 1271 οὑ
1457 1218 1643 1283 κακῶς
1675 1221 1762 1291 εἴη
1792 1223 1930 1294 πρός

319 1320 387 1370 γε
436 1304 839 1378 Νεστοριανοὺς
900 1310 1352 1382 ἀποκρινόμενος.
1398 1312 1729 1384 Ἀχώριστός
1777 1318 1929 1370 ἐστιν

321 1396 526 1467 ἑαυτῆς
553 1400 587 1469 ἡ
621 1399 815 1468 Τριὰς,
851 1400 886 1472 ἢ
934 1403 1029 1456 καὶ
1078 1403 1334 1475 ίδιώμασι
1380 1406 1476 1460 καὶ
1520 1405 1699 1474 λόγοις
1745 1408 1928 1479 μόνοις

319 1490 638 1561 χωρίζεται,
674 1494 770 1547 καὶ
799 1494 899 1548 οὑκ
924 1494 1040 1548 ἐστι
1064 1494 1174 1549 τῶν
1198 1496 1370 1551 ὄντων
1398 1497 1574 1565 οὐδὲν,
1600 1499 1659 1553 ὲν
1687 1493 1732 1568 ᾧ
1758 1501 1793 1569 ή
1829 1500 1929 1571 μὲν

320 1581 590 1652 Πατρικὴ
618 1584 885 1657 πάρεστιν
915 1586 1238 1653 ὑπόστασις,
1263 1588 1462 1643 ἄπεστι
1493 1590 1551 1643 δὲ
1578 1592 1612 1661 ή
1638 1590 1733 1645 τοῦ
1764 1591 1924 1658 Υίοῦ,

318 1671 354 1743 ἢ
388 1675 421 1744 ή
455 1673 551 1729 τοῦ
581 1678 947 1749 Πνεύματος,
981 1678 1098 1733 ἀλλ’
1129 1681 1230 1735 ὅσα
1260 1681 1564 1753 πληροῦται
1593 1682 1694 1755 τῆς
1716 1687 1927 1753 Πατρι-

2035 489 2260 543 parens,
2293 475 2508 531 scilicet
2534 473 2697 531 Verbi
2721 490 2981 546 persona,
3006 476 3115 531 duo
3157 491 3313 547 ergo,
3349 476 3498 548 quod
3535 479 3634 531 ab.

2034 565 2262 619 surdum
2273 564 2359 635 .ISi
2383 579 2514 621 vero
2537 575 2757 633 natura,
2776 567 3074 623 absurdum
3096 569 3385 635 accrescit,
3405 571 3634 640 necjam

2034 663 2208 710 totum
2234 656 2340 712 hoc
2359 656 2636 727 inspicere
2666 666 2901 727 possunt
2930 658 3075 713 oculi
3106 659 3460 731 (intelligitur
3480 661 3629 716 enim

2032 747 2183 802 circa
2219 748 2425 817 plura);
2466 750 2689 819 ecquid,
2729 765 2861 805 num
2899 749 2956 805 in
3006 760 3164 806 utero
3194 760 3467 820 gestatur,
3499 766 3635 806 num

2033 838 2283 909 gignitur
2317 840 2557 897 natura?
2600 850 2656 897 et
2692 850 2954 898 sexcenta
3003 842 3131 896 alia.
3177 843 3372 913 Neque
3410 851 3631 909 natura,

2032 946 2473 1005 nequepersonty
2520 933 2616 990 sed
2647 948 2899 1004 personae
2949 934 3277 990 coadunatae
3311 934 3475 991 Verbi
3502 951 3634 1005 pars

2034 1038 2156 1095 quae
2179 1033 2264 1080 est
2294 1023 2705 1095 personiﬁcata.
2737 1024 2871 1093 Quae
2903 1040 3037 1082 vero
3075 1026 3123 1080 si
3162 1026 3289 1096 quis
3326 1042 3434 1081 non
3485 1026 3634 1082 aliud

2032 1134 2157 1175 esse
2191 1132 2359 1189 quam
2399 1116 2560 1175 Verbi
2596 1133 2909 1189 personam,
2958 1134 3225 1190 responso
3252 1120 3505 1190 ampliori
3542 1136 3634 1175 re-

2035 1211 2197 1278 velet,
2232 1225 2333 1266 nec
2389 1212 2533 1265 male
2562 1211 2728 1267 etiam
2762 1211 2827 1265 ad
2852 1209 3217 1267 Nestorianos
3254 1212 3631 1283 responderit.

2032 1305 2187 1359 Anne
2208 1303 2558 1359 indivisibilis
2580 1312 2664 1359 est
2687 1303 2741 1358 in
2771 1319 2830 1359 se
2854 1302 3115 1367 Trinitas,
3139 1312 3236 1359 aut
3282 1305 3637 1375 proprietati-

2032 1396 2158 1460 bus,
2191 1403 2286 1451 aut
2322 1396 2603 1451 ationibus
2629 1403 2843 1450 tantum
2872 1396 3170 1463 dividitur;
3204 1412 3306 1453 nec
3331 1407 3416 1453 est
3466 1398 3633 1468 quid-

2032 1488 2165 1557 quid
2201 1489 2479 1544 exsistens
2504 1490 2558 1543 in
2586 1503 2695 1558 quo
2722 1496 2831 1544 stet
2864 1488 3050 1544 Patris
3076 1505 3335 1561 persona,
3369 1490 3513 1547 absit
3535 1506 3630 1546 au-

2032 1591 2141 1637 tem
2183 1579 2354 1648 Filii,
2390 1580 2474 1637 vel
2510 1579 2747 1650 Spiritus
2795 1597 3067 1652 persona;
3116 1583 3210 1638 sed
3236 1623 3252 1645 ,
3293 1598 3415 1652 quae
3458 1584 3634 1654 replet

2035 1673 2244 1741 Patris,
2292 1689 2355 1729 ea
2392 1674 2566 1745 replet
2593 1674 2757 1729 etiam
2803 1674 3134 1730 alterutrius
3162 1675 3397 1729 aliorum
3433 1690 3626 1746 perso-

294 1763 438 1832 ’κῆς
465 1747 826 1833 ὑποστάσεως
845 1808 862 1833 ,
894 1771 988 1825 καὶ
1017 1771 1286 1843 ἑκατέρας
1313 1747 1425 1827 τῶν
1459 1747 1922 1847 άλλωίπληροῦ-

2037 1782 2104 1821 na
2124 1775 2178 1822 et
2201 1767 2557 1838 reciprociter
2577 1767 2756 1823 ?Num
2775 1768 3013 1824 dicimus
3038 1786 3051 1824 :
3079 1768 3322 1823 Persona
3348 1766 3481 1823 Filii
3501 1783 3633 1824 caro

316 1872 432 1922 ται,
460 1859 554 1912 καὶ⁹
579 1858 641 1911 τὸ
671 1860 943 1915 ἀνάπαλιν
971 1880 986 1929 ;
1032 1863 1176 1929 Πῶς,
1204 1864 1458 1933 λέγοντες
1500 1867 1599 1938 τὴν
1649 1866 1745 1921 τοῦ
1788 1868 1926 1923 Υίοῦ

317 1948 708 2019 σεσαρκῶσθαι
746 1952 842 2005 καὶ
867 1954 1233 2025 γεγεννῆσθαι
1257 1956 1579 2025 ὑπόστασιν,
1610 1960 1644 2033 ἢ
1667 1960 1729 2013 οὑ
1754 1960 1927 2031 χωρὶς

321 2040 424 2111 μὲν
471 2041 574 2113 τῆς
612 2043 709 2099 τοῦ
739 2046 972 2114 Πατρός
1015 2050 1110 2102 καὶ
1161 2048 1260 2103 τοῦ
1306 2051 1655 2121 Πνεύματος
1685 2052 1928 2108 ὑποστά-

317 2151 493 2202 σεως,
531 2136 564 2207 ἢ
612 2140 874 2203 κάκείνας
900 2141 1233 2213 γεννηθῆναι
1265 2144 1360 2197 καὶ
1393 2145 1749 2216 σαρκωθῆναι
1795 2163 1927 2215 συγ-

316 2226 676 2296 χωρήσομεν;
721 2228 847 2282 Ἐπ)⁸
868 2230 977 2284 τῶν
999 2231 1215 2300 γενέσει
1240 2233 1334 2287 καὶ
1356 2233 1534 2306 φθορᾷ
1557 2236 1782 2291 δυνατόν
1806 2239 1925 2293 ἐστι

315 2317 488 2383 δεῖξαι
532 2317 712 2388 τοῦτο,
751 2321 839 2376 ἵνα
868 2325 964 2378 καὶ
998 2324 1283 2396 ἀχώριστά
1325 2328 1443 2380 ἐστι
1486 2331 1553 2400 τῇ
1601 2329 1921 2397 ὑποστάσει,

316 2412 414 2465 καὶ
442 2413 562 2476 ἑνὸς
592 2414 801 2470 τούτων
826 2417 1113 2485 ποιοῦντος
1141 2462 1156 2487 ,
1188 2422 1222 2493 ἢ
1254 2422 1580 2494 πάσχοντος,
1624 2427 1791 2497 μηδὲν
1816 2428 1927 2481 τῶν

318 2502 521 2558 λοιπῶν
545 2506 606 2560 τὸ
633 2508 768 2562 αὑτὸ
800 2512 1006 2583 ποιεῖῆ
1040 2513 1261 2583 πάσχει,
1296 2514 1478 2584 πολλῷ
1511 2517 1621 2588 άρα
1671 2519 1801 2590 ῥᾷον
1831 2520 1926 2573 ἐπὶ

315 2595 429 2649 τῶν
464 2598 693 2657 ἀπαθῶν
736 2605 833 2657 καὶ
870 2604 1171 2676 ἀκηράτων
1205 2607 1561 2663 ὑποστάσεων
1601 2610 1763 2664 τοῦτο
1795 2628 1927 2681 συγ-

317 2692 539 2759 χωρεῖν.
574 2693 936 2767 Παράδειγμα
965 2696 1045 2763 δὲ,
1077 2697 1171 2752 τοῦ
1200 2699 1391 2769 ίπυρὸς
1421 2701 1455 2772 ή
1490 2704 1796 2776 φωτιστικὴ
1830 2706 1927 2759 καὶ

319 2782 589 2853 καυστικὴ
624 2784 849 2854 ποιότης
870 2802 884 2817 ·
920 2791 1068 2841 ποιεῖ
1093 2788 1202 2861 γάρ
1228 2790 1436 2844 τούτων
1467 2792 1705 2864 ἑκατέρα
1727 2832 1743 2858 ,
1775 2791 1925 2863 ἀχώ-

317 2889 505 2944 ριστος
545 2874 681 2931 οὖσα
725 2879 827 2950 τῆς
867 2879 1085 2950 λοιπῆς,
1116 2883 1211 2937 καὶ
1259 2882 1426 2953 μηδὲν
1476 2884 1714 2955 θατέρας
1756 2887 1814 2938 ὲν
1845 2884 1927 2957 τῷ

319 2966 495 3017 ποιεῖν
520 2966 622 3037 τῆς
652 2968 850 3039 ἑτέρας
881 2970 1392 3043 ποιοὺσης.¹’Λλλως
1420 2973 1478 3028 δὲ
1507 2974 1636 3028 εἰτὸ
1655 2973 1923 3046 γεννηθῆ-

318 3074 410 3110 ναι
430 3058 538 3125 ,τὸν
569 3060 698 3115 Υἱδν
725 3064 791 3118 ὲκ
816 3065 909 3119 τοῦ
944 3066 1160 3138 Πατρὸς
1189 3068 1251 3122 οὑ
1282 3067 1383 3140 τὴν
1412 3067 1719 3139 ἀχώριστον
1751 3067 1927 3139 ὑπαρ-

317 3148 403 3216 ξιν
430 3154 533 3223 τῆς
568 3154 749 3208 αὑτῶν
777 3156 1152 3223 ὑποστάσεως,
1190 3158 1422 3230 ῆτόπῳ,
1454 3159 1487 3229 ἢ
1523 3160 1722 3231 χρόνῳ,
1759 3159 1793 3231 ἦ
1840 3161 1925 3213 ὲν.

317 3244 512 3319 εργείᾳ
560 3249 810 3320 χωρίζει,
840 3251 1003 3321 μόνον
1051 3252 1110 3306 δὲ
1158 3252 1221 3306 τὸ
1276 3253 1479 3325 ἰδίωμα
1521 3253 1620 3325 τῆς
1670 3252 1767 3307 τοῦ
1800 3252 1928 3307 Υίοῦ

317 3338 654 3412 παρίστησιν
684 3344 1060 3412 ὑποστάσεως,
1089 3347 1213 3402 οὑδὲ
1242 3348 1304 3402 τὸ
1337 3348 1689 3421 σαρκωθῆναι
1737 3347 1832 3402 καὶ
1864 3348 1930 3401 ὲκ

320 3429 602 3502 Παρθένου
644 3436 907 3507 τεχθῆναι
955 3439 1185 3509 χωρίσει
1240 3440 1455 3510 Πατρὺς
1503 3440 1537 3512 ἢ
1586 3438 1926 3509 Πνεὺματοςν

2034 1858 2183 1913 ficta
2210 1866 2265 1914 et
2303 1860 2508 1931 genita,
2545 1869 2643 1915 aut
2670 1861 2792 1917 sine
2816 1858 3003 1915 Patris
3024 1869 3078 1917 et
3110 1860 3351 1931 Spiritus
3384 1876 3624 1932 persona

2045 1959 2141 2005 aut
2172 1951 2299 2007 illas
2326 1967 2552 2023 quoque
2576 1967 2804 2008 carnem
2839 1953 3013 2009 factas
3038 1964 3092 2008 et
3122 1955 3338 2024 genitas
3368 1954 3631 2010 concedi-

2036 2043 2195 2099 mus?
2238 2043 2297 2098 In
2335 2046 2610 2101 creaturis
2658 2053 2715 2100 et
2752 2034 3034 2115 corruptis
3082 2046 3383 2103 ostendere
3427 2062 3632 2118 possu-

2036 2152 2161 2191 mus
2182 2136 2315 2206 quia
2341 2144 2473 2191 sunt
2495 2151 2733 2206 persona
2757 2135 3137 2203 indivisibilis,
3188 2146 3263 2201 et,
3298 2153 3364 2191 ex
3409 2137 3490 2194 eis
3516 2153 3629 2192 uno

2038 2238 2258 2300 agente,
2309 2228 2397 2284 vel
2450 2230 2713 2300 patiente,
2741 2240 3077 2285 cmterorum
3138 2229 3278 2285 nihil
3312 2229 3457 2284 idem
3512 2229 3631 2295 agit

2034 2318 2119 2374 vel
2174 2319 2415 2390 patitur;
2470 2319 2625 2390 atqui
2681 2320 2855 2373 multo
2888 2318 3103 2374 facilius
3142 2327 3229 2376 est
3274 2319 3633 2391 impassibili-

2038 2411 2142 2466 lius
2160 2420 2213 2465 ct
2238 2412 2570 2480 incorruptis
2595 2411 2853 2481 personis
2893 2410 3028 2466 illud
3052 2410 3381 2467 concedere.
3430 2410 3630 2465 Exem-

2038 2506 2186 2576 plum
2228 2505 2300 2559 sit
2322 2504 2376 2559 in
2411 2504 2536 2574 igne
2560 2504 2752 2559 lucens
2780 2512 2834 2558 et
2861 2519 3026 2559 urens
3053 2504 3296 2574 qualitas
3324 2522 3338 2559 :
3394 2512 3633 2573 utraque

2036 2596 2182 2650 enim
2214 2610 2407 2650 earum
2448 2594 2562 2664 agit
2590 2593 2828 2649 indivise
2871 2594 2940 2648 ab
2972 2593 3169 2659 altera,
3205 2607 3307 2648 nec
3354 2592 3630 2648 alterutra

2036 2689 2149 2755 agit
2184 2688 2238 2742 in
2266 2688 2484 2742 actione
2524 2686 2755 2743 alterius
2778 2687 3019 2757 agentis.
3050 2686 3174 2740 Alio
3217 2685 3380 2740 modo
3406 2686 3455 2740 si
3479 2687 3629 2757 quod

2035 2779 2210 2836 Filius
2243 2796 2274 2835 a
2314 2779 2478 2835 Patre
2515 2780 2785 2851 gignitur,
2831 2796 2940 2833 non
3005 2780 3129 2834 ideo
3158 2778 3394 2834 indivisa
3431 2794 3628 2835 eorum

2037 2890 2289 2946 personae
2316 2873 2644 2929 exsistentia
2664 2870 2936 2927 dividitur
2956 2872 3041 2927 vel
3072 2872 3218 2938 loco,
3244 2873 3330 2927 vel
3358 2882 3626 2944 tempore,

2036 2970 2119 3022 vel
2156 2967 2381 3032 virtute,
2410 2966 2506 3021 sed
2538 2965 2658 3020 sola
2688 2980 2941 3036 personae
2975 2963 3102 3019 Filii
3132 2964 3479 3036 significatur
3500 2981 3629 3036 pro-

2035 3063 2421 3134 prietaswzsic
2475 3061 2623 3131 quod
2679 3076 2813 3117 caro
2870 3060 3052 3116 factus
3089 3070 3174 3118 est
3209 3071 3265 3119 et
3323 3079 3353 3119 c
3388 3061 3624 3135 Virgine

2039 3167 2226 3220 natus,
2256 3171 2364 3211 non
2386 3155 2510 3209 ideo
2537 3171 2565 3209 a
2598 3154 2789 3222 Patre,
2834 3154 2924 3211 vel
2945 3153 3157 3226 Spiritu
3206 3155 3503 3223 dividitur,
3528 3156 3627 3213 sed

2047 3249 2163 3304 sola
2197 3246 2323 3304 Filii
2354 3247 2673 3302 coadunataa
2698 3261 2950 3318 personae
2984 3247 3338 3319 significatur
3370 3251 3623 3319 proprie-

2034 3349 2139 3396 tas.
2177 3339 2406 3395 Ferrum
2434 3340 2581 3393 enim
2607 3354 2732 3395 cum
2766 3340 2991 3395 cuditur
3018 3352 3076 3397 et
3103 3343 3159 3396 in
3183 3342 3365 3412 aliqua
3399 3358 3625 3398 suarum

2034 3434 2364 3506 qualitatum
2399 3430 2716 3495 aﬁ'ectatur,
2749 3432 2804 3486 in
2832 3434 3105 3503 gravitate
3137 3450 3243 3491 non
3292 3433 3551 3492 affectatu
3568 3451 3614 3490 r.

318 3522 520 3595 ιὸίωμα
550 3524 608 3580 δὲ
638 3527 799 3598 μόνον
825 3528 928 3599 τῆς
954 3528 1050 3583 τοῦ
1081 3528 1214 3585 Υἱοῦ
1262 3532 1521 3585 συνθέτου
1565 3529 1922 3591 ὑποστάσεως
1959 3524 2304 3596 παραστήσει
2325 3540 2339 3553 ο
2389 3525 2418 3578 ὁ
2465 3523 2685 3595 σίδηρος
2713 3522 2823 3595 γάρ
2850 3524 3189 3596 τυπτόμενος
3250 3526 3345 3579 καὶ
3399 3526 3626 3599 πάσχων

318 3622 462 3677 κατά
487 3638 616 3678 τινα
653 3623 764 3677 τῶν
807 3625 868 3679 ὲν
917 3624 1067 3699 αὑτῷ
1091 3627 1419 3700 ποιοτήτων,
1445 3627 1507 3681 οὑ
1538 3626 1739 3698 πάσχει
1766 3623 1909 3679 κατὰ
1952 3622 2258 3695 βαρύτητα.

1683 3766 2016 3839 ΩΗΕΒΤΙΟ
2055 3764 2319 3823 CCXXIX
2332 3805 2347 3821 .

1062 3889 1274 3962 ‘Hujus
1309 3892 1620 3963 quwstionis
1659 3908 1786 3962 pars
1810 3890 1959 3961 prior
1984 3888 2100 3959 jam
2130 3893 2305 3941 exstat
2338 3898 2502 3952 supra
2542 3882 2645 3937 col.
2682 3881 2840 3939 1025.

390 3998 459 4071 β’.
493 4002 653 4065 Τινὲς
690 4002 751 4056 δὲ
801 4003 913 4057 τῶν
940 4004 1190 4078 ἀρχαίων
1214 4008 1339 4061 οὑδὲ
1379 4007 1640 4063 σύνθετον
1667 4005 1911 4060 ὑπόστα-

315 4110 425 4160 σιν,
457 4093 649 4166 ῶσπερ
676 4095 798 4149 οὐδὲ
822 4096 1080 4152 σύνθετον
1099 4099 1283 4169 φύσιν,
1308 4101 1618 4172 εἰρήκασιν,
1654 4098 1793 4153 ἀλλά
1820 4116 1914 4153 σε-

316 4185 685 4257 σαρκωμένην
712 4187 813 4257 μὲν
839 4188 935 4242 τοῦ
968 4189 1145 4259 Λόγου
1178 4190 1478 4247 ὑπόστασιν
1518 4193 1615 4246 καὶ
1642 4192 1909 4263 άσαρκον,

318 4274 579 4331 σύνθετον
632 4277 692 4331 δὲ
742 4278 951 4333 οὑκὲτι.
986 4281 1049 4335 Οἱ
1104 4281 1162 4335 δὲ
1213 4282 1470 4352 νεώτεροι
1514 4283 1606 4335 καὶ
1633 4282 1911 4351 σύνθετον,

312 4362 495 4435 οἶμαι,
529 4369 652 4423 ἀντὶ
675 4368 770 4423 τοῦ
801 4372 1225 4443 σεσαρκωμένου
1260 4374 1356 4428 καὶ
1382 4371 1543 4444 μόνου
1568 4373 1742 4427 ’τοῦτο
1769 4373 1911 4445 λαμ-

312 4460 595 4525 ϐάνοντες.
639 4462 803 4516 Ἀλλά
838 4464 975 4534 φασί
1000 4482 1149 4530 τινες
1172 4483 1186 4498 ο
1225 4466 1351 4533 Πῶς
1384 4464 1479 4523 οὖν
1537 4467 1598 4521 τὸ
1651 4467 1907 4523 σύνθετον

311 4552 515 4606 ταύτὸν
538 4552 617 4625 τῷ
646 4553 834 4625 άπλῷς
876 4556 972 4610 καὶ
1013 4555 1126 4628 γὰρ
1164 4556 1291 4613 οὔτε
1320 4560 1381 4613 τὸ
1402 4559 1641 4625 ἁπλοῦν,
1682 4561 1820 4632 ὅπερ
1853 4559 1913 4614 τὺ

315 4646 597 4713 σύνθετον,
633 4647 761 4702 οὔτε
788 4650 851 4703 τὸ
881 4648 1161 4719 σύνθετον,
1197 4653 1337 4724 ὅπερ
1361 4652 1421 4708 τὸ
1464 4652 1700 4709 άπλοῦνο
1736 4646 1939 4708 ἄτοπα

310 4737 373 4793 δὲ
401 4737 595 4794 ταῦτα.
631 4739 823 4806 Οὕτως
850 4743 948 4796 καὶ
976 4746 1037 4797 ὲν
1068 4746 1137 4815 τῇ
1172 4744 1321 4815 ἁπλῇ
1344 4743 1439 4798 τοῦ
1466 4745 1645 4813 Λόγου
1672 4744 1915 4798 ὑποστά-

316 4847 401 4884 σει
432 4832 495 4885 τὸ
522 4833 865 4906 πρόσκαιρον
898 4837 994 4890 καὶ
1014 4837 1295 4908 ἠργμένον
1318 4880 1332 4899 .
1366 4838 1557 4908 ὥσπερ
1597 4841 1655 4893 ὲν
1691 4842 1759 4909 τῇ
1789 4855 1916 4891 συν-

314 4921 488 4994 θὲτῳ·
526 4924 623 4977 καὶ
652 4925 789 4979 άλλα
822 4926 1014 4997 μυρία.
1052 4926 1163 4982 Καὶ
1196 4928 1254 4982 ὲν
1279 4930 1350 5000 τῇ
1386 4927 1626 5000 συνθέτῳ
1668 4927 1833 4982 πάλιν
1854 4927 1915 4983 τὸ

318 5016 490 5087 μηδὲν
516 5018 797 5088 ἠργμένον
826 5017 1082 5090 ὁρᾶσθαι,
1116 5018 1213 5073 καὶ
1246 5019 1403 5083 τέλος
1455 5019 1591 5091 μηδὲ
1630 5019 1915 5092 σεσαρκῶ-

315 5109 443 5163 σθαι
462 5127 476 5142 ⁶
498 5111 675 5166 ταῦτα
708 5112 820 5184 γάρ
850 5114 884 5184 ή
909 5113 1057 5183 άπλῆ
1078 5130 1091 5143 ·
1133 5115 1229 5169 καὶ
1261 5115 1353 5174 διὰ
1381 5114 1556 5170 ταῦτα
1585 5116 1681 5170 καὶ
1706 5114 1778 5169 τά
1804 5132 1917 5169 τοι·

315 5200 456 5257 αὖτα
475 5204 526 5257 οἱ
559 5204 783 5259 παλαιοὶ
808 5205 870 5259 τὸ
899 5205 1157 5260 σύνθετον
1177 5207 1560 5279 παρῃτοῦντο.
1604 5208 1677 5261 Ἦ
1709 5207 1808 5261 καὶ
1838 5208 1916 5280 μὴ

316 5292 573 5349 σύνθετον
624 5293 876 5366 λέγομεν,
908 5295 1025 5350 ἀλλ’
1041 5296 1218 5365 ἁπλῆν
1243 5298 1349 5363 ἀεὶ,
1369 5297 1613 5370 άσαρκον
1629 5298 1684 5352 δὲ
1715 5299 1809 5353 καὶ
1828 5315 1915 5352 σε·

315 5388 680 5461 σαρκωμένην
693 5388 1085 5461 λαμϐάνοντες,
1108 5390 1283 5445 ταὺτά
1304 5390 1699 5462 ἕψεταιοείγάρ
1720 5390 1916 5464 ἐστινὴ

313 5478 453 5548 αὑτὴ
478 5478 776 5543 ὑπόστασις
801 5481 896 5535 καὶ
932 5480 1030 5552 μία
1058 5483 1092 5554 ή
1126 5482 1365 5554 ἄσαρκος
1390 5484 1459 5555 τῇ
1492 5483 1914 5557 σεσαρκωμένῃ,

314 5569 350 5641 ἢ
376 5569 444 5624 τά
466 5570 564 5641 τῆς
587 5571 980 5645 άσάρκου,ζτῆς
1012 5575 1465 5647 σεσαρκωμένης,
1492 5575 1683 5631 καὶτὰ
1705 5579 1806 5648 τῆς
1836 5594 1919 5630 σε-

317 5662 685 5735 σαρκωμένης
710 5664 1067 5738 τῆςάσάρκου
1088 5667 1265 5737 ἔσται,
1290 5668 1349 5742 ἢ,
1378 5671 1428 5723 εἰ
1454 5669 1550 5724 καὶ
1584 5668 1611 5741 ή
1642 5670 1782 5742 αὑτὴ
1820 5670 1917 5723 καὶ

319 5753 419 5825 μία
436 5755 583 5812 ἐστὶν
603 5756 951 5833 ὑπόστασιςή
975 5776 1032 5814 τε
1055 5759 1299 5835 ἄσαρκος
1320 5760 1416 5818 καὶ
1441 5761 1911 5845 ήσεσαρκωμένῃν

1941 4438 1988 4494 D

2085 4000 2142 4055 2.
2192 3998 2332 4055 Sunt
2378 4009 2625 4055 veterum
2668 3996 2891 4069 quidam
2922 3996 3016 4067 qui
3046 4012 3223 4069 neque
3250 4000 3615 4069 compositam

2016 4092 2383 4165 liypostasim,
2431 4108 2609 4163 neque
2663 4092 3028 4161 compositam
3053 4101 3304 4147 naturam
3342 4108 3489 4161 esse,
3524 4096 3620 4150 sed

2017 4183 2360 4239 incarnatam
2392 4180 2557 4237 Verbi
2610 4182 2958 4255 hypostasim
2992 4192 3046 4238 et
3080 4199 3189 4238 non
3223 4184 3573 4241 incarnatam
3606 4225 3622 4251 ,

2017 4290 2126 4331 non
2201 4290 2333 4331 vero
2376 4276 2735 4346 compositam
2768 4291 2893 4331 esse
2934 4276 3212 4331 dixerunt.
3262 4276 3619 4335 Recentiorcs

2015 4377 2201 4423 autem
2261 4369 2674 4438 compositum,
2736 4374 2796 4421 ut
2844 4366 3107 4431 videtur,
3165 4383 3266 4439 pro
3328 4369 3619 4425 incarnata

2016 4460 2362 4517 solummodo
2457 4460 2790 4516 habuerunt.
2875 4461 2947 4516 At
3040 4462 3232 4517 dicunt
3314 4464 3616 4518 nonnulli:

2018 4551 2265 4618 Quonam
2292 4552 2453 4608 modo
2485 4552 2851 4623 compositum
2899 4569 3067 4608 unum
3115 4563 3170 4608 et
3220 4554 3361 4609 idem
3394 4570 3459 4610 ac
3486 4555 3620 4609 sim-

2020 4645 2137 4714 plex
2165 4645 2187 4697 ?
2218 4642 2468 4714 Namque
2502 4660 2679 4714 neque
2709 4645 2944 4716 simplex
2971 4647 3282 4717 composito
3304 4646 3616 4713 consimile,

2018 4753 2197 4807 neque
2271 4737 2640 4809 compositum
2713 4738 3014 4809 simplici:
3080 4755 3202 4810 qua:
3277 4740 3438 4811 plane
3512 4741 3616 4795 ab-

2018 4829 2495 4888 surda.Similiter
2526 4832 2580 4886 in
2616 4832 2853 4903 simplici
2874 4832 3039 4888 Verbi
3074 4833 3360 4905 hypostasi
3396 4835 3617 4891 exsistit

2018 4924 2353 4994 contingens
2387 4931 2441 4980 et
2472 4933 2743 4993 creatum,
2779 4933 2841 4980 ut
2892 4926 2947 4981 in
2989 4926 3337 4997 composito;
3386 4935 3441 4981 ct
3495 4942 3616 4984 sex-

2018 5027 2181 5072 centa
2209 5016 2339 5071 alia.
2370 5014 2439 5071 Et
2488 5016 2544 5071 in
2576 5016 2905 5087 composito,
2944 5032 3122 5087 neque
3153 5018 3325 5074 ullum
3366 5026 3612 5073 creatum

2019 5106 2319 5171 invenitur,
2359 5121 2539 5178 neque
2566 5107 2921 5163 incarnatum
2962 5108 3178 5163 videtur
3213 5126 3226 5164 :
3268 5117 3397 5165 sunt
3430 5118 3613 5164 autem

2019 5198 2135 5255 irate
2164 5198 2217 5253 in
2259 5197 2538 5267 simplici;
2581 5200 2708 5255 talia
2754 5208 2886 5256 sunt
2935 5201 3257 5272 similiaque
3297 5202 3471 5255 multa
3523 5216 3613 5255 ar-

2017 5299 2278 5363 gumenta
2310 5291 2514 5361 quibus
2548 5302 2764 5348 veteres
2810 5295 3180 5363 compositum
3221 5293 3607 5363 repudiarunt.

2019 5384 2190 5442 Visne
2246 5401 2356 5440 non
2410 5387 2776 5457 compositam
2835 5388 3113 5453 dicamus,
3157 5388 3256 5442 sed
3300 5388 3607 5458 simplicem

2018 5493 2255 5550 semper,
2290 5478 2629 5535 incarnatam
2666 5490 2722 5537 et
2757 5495 2868 5537 non
2914 5481 3257 5536 iucarnatam
3298 5482 3614 5551 ponentes?

2020 5579 2326 5644 sequentur
2351 5570 2545 5628 eadem
2582 5592 2595 5630 :
2628 5589 2867 5646 namque
2893 5574 2937 5629 si
2974 5590 3081 5629 non
3113 5574 3398 5629 incarnata
3430 5582 3487 5630 et
3527 5576 3615 5629 in-

2019 5673 2246 5721 carnata
2298 5665 2613 5738 hyposlasis
2658 5678 2788 5723 sunt
2831 5683 3001 5723 unum
3055 5675 3109 5724 et
3150 5666 3317 5732 idem,
3357 5676 3453 5721 aut
3498 5685 3607 5722 non

2021 5760 2329 5821 incarnata:
2358 5759 2580 5833 propria
2610 5762 2828 5819 inerunt
2857 5759 3199 5842 incarnata!“
3223 5768 3277 5817 ct
3307 5758 3605 5815 incarnata:
