3930 6218
337 283 480 350 1287
1623 298 1934 361 SUPPLEl

2041 301 2248 362 NTUM
2659 302 2676 332 '
3498 297 3640 366 1288

338 400 562 474 propria
597 416 707 460 non
740 403 1074 477 incarnata;
1129 422 1267 482 aut,
1313 412 1364 471 si
1411 415 1723 473 substantia
1754 418 1934 474 incar-

2044 421 2146 473 οὐκ
2167 417 2386 492 ἀνάγκη
2400 419 2633 475 ἔπεσθαι
2657 419 2727 475 τά
2749 419 2870 492 εῑρη
2880 417 3138 490 μένα.’οὒ
3159 417 3268 490 γὰρ
3285 417 3476 492 ἐπειδὴ
3491 421 3521 473 6
3535 420 3648 472 Πέ-

337 503 468 549 nata
499 502 554 550 et
587 509 700 552 non
733 496 1017 555 incarnata
1060 519 1231 588 unum
1262 517 1394 562 sunt
1415 517 1470 564 et
1508 510 1675 577 idem,
1705 511 1933 568 minime

2041 529 2162 585 προς
2198 514 2292 567 καὶ
2331 513 2751 586 ἐσταυρωμένος
2781 513 2880 567 καὶ
2903 511 3280 584 άσταύρωτος,
3313 514 3347 585 ἡ
3377 513 3519 584 αὑτὴ
3544 514 3642 568 καὶ

337 595 683 656 propositum
725 595 880 664 sequi
917 611 1148 655 necesse
1197 609 1304 658 est.
1336 602 1634 660 Enimvero
1673 607 1801 677 quia
1836 607 1934 662 Pe-

2041 605 2136 677 μία
2152 606 2302 660 ἐστὶν
2322 607 2645 672 ὑπόστασις,
2665 606 2698 680 ἢ
2716 605 3110 679 ὁδάσταύρωτος
3129 605 3207 678 τῷ
3218 608 3644 679 ὲσταυρωμένῳ,

335 685 456 733 trus
487 682 794 740 cruciﬁxus
843 695 898 742 et
950 691 1070 758 nonf
1100 693 1402 749 cruciﬁxus
1445 696 1636 751 eadem
1673 708 1759 754 est
1804 701 1936 755 sub-

338 771 542 826 atantia
583 781 637 829 et
678 792 813 846 una,
853 795 965 837 non
1017 783 1144 840 inde
1172 788 1424 856 sequitur
1456 803 1564 843 non
1606 791 1934 846 cruciﬁxum

336 864 605 922 cruciﬁxo
650 869 886 928 similem
938 889 1083 943 esse,
1126 880 1208 934 vel
1254 895 1366 936 non
1419 883 1684 938 cruciﬁxo
1751 888 1937 941 cruci-

338 951 535 1011 ﬁxum.
572 959 700 1025 Aut,
741 962 788 1016 si
824 963 918 1020 tibi
965 967 1166 1037 placet,
1196 971 1324 1040 quia
1356 974 1448 1042 qui
1483 977 1704 1045 negavit
1748 985 1803 1031 et
1843 977 1937 1048 qui

339 1061 444 1102 suo
488 1052 762 1122 sanguine
791 1066 1027 1116 testatus
1067 1071 1121 1116 et
1169 1063 1462 1122 confessus
1497 1079 1604 1131 est,
1637 1076 1770 1124 sunt
1804 1070 1940 1124 sub-

343 1142 549 1196 stantia
586 1161 690 1200 una
731 1148 1025 1218 eteadem,
1051 1169 1181 1208 num
1229 1154 1354 1212 ideo
1387 1156 1540 1214 dices
1581 1159 1832 1215 conliteri
1887 1168 1944 1216 et

342 1248 554 1306 negare
591 1241 794 1296 similia
843 1258 993 1311 esse,
1027 1255 1122 1301 aut
1151 1265 1276 1318 qum
1325 1250 1380 1305 in
1431 1260 1670 1308 testante
1720 1254 1945 1310 homine

337 1323 706 1386 observantur
729 1331 1222 1410 inveniunturque,
1258 1341 1375 1397 haec
1406 1343 1598 1398 eadem
1623 1344 1677 1398 in
1708 1355 1946 1416 negante

339 1417 628 1476 observari
662 1425 717 1479 e't
745 1426 982 1484 inveniri
1011 1432 1036 1485 ?
1070 1448 1248 1503 neque
1285 1435 1433 1490 enim
1469 1436 1611 1492 idem
1645 1446 1730 1493 est
1759 1439 1949 1495 dicere

340 1507 687 1582 hypostasim
736 1533 902 1574 unam
949 1531 1004 1576 et
1033 1525 1282 1580 eamdem
1328 1541 1474 1593 esse,
1512 1537 1566 1582 et
1606 1545 1728 1598 quae
1760 1529 1812 1583 in
1852 1530 1952 1602 hy.

337 1605 551 1670 postasi
571 1605 788 1664 diversa
820 1611 1100 1680 videntur,
1134 1633 1306 1671 unum
1337 1628 1390 1673 et
1416 1619 1558 1673 idem
1580 1636 1733 1684 esse;
1767 1623 1950 1692 qualia

338 1695 566 1763 quidem
600 1710 862 1758 sexcenta
895 1716 1027 1760 sunt
1065 1721 1410 1779 argmnenta.
1443 1711 1536 1767 Sic
1557 1711 1757 1769 Petrus
1789 1714 1955 1769 indu-

2036 698 2070 768 ἢ
2111 700 2139 753 6
2165 700 2584 771 ἐσταυρωμένος
2613 700 2694 774 τῷ
2744 701 3086 772 άσταυρώτῳ
3113 701 3211 770 (5).
3239 700 3398 766 Ἣ,ει
3435 699 3643 771 βούλει,

2037 789 2228 858 ἐπειδὴ
2259 792 2287 842 6
2309 790 2691 863 ἀρνησάμενος
2724 792 2819 845 καὶ
2858 792 2888 845 6
2929 790 2998 844 δι’
3029 790 3264 861 αἵματος
3293 789 3646 862 ὁμολογήσας

2037 884 2133 937 καὶ
2167 885 2527 956 μαρτυρήσας
2561 886 2596 956 ἡ
2640 884 2779 955 αὐτὴ
2824 881 2970 956 [καὶ]
3000 883 3100 954 μία
3126 884 3278 937 ἐστὶν
3313 883 3643 947 ὑπόστασις,

2039 975 2128 1029 διὰ
2165 975 2325 1030 τοῦτο
2378 977 2579 1032 ταύτὸν
2626 980 2824 1048 φήσεις
2874 977 3060 1030 καὶτὸ
3092 979 3394 1047 μαρτυρεῖν
3422 975 3503 1048 τῷ
3540 977 3648 1044 άρ-

2041 1069 2272 1137 νεῖσθαι,
2301 1071 2335 1142 ἢ
2363 1071 2434 1126 τὰ
2461 1074 2520 1125 ὲν
2547 1070 2628 1142 τῷ
2661 1068 3032 1142 μαρτυροῦντι
3056 1068 3327 1140 ὁραθέντα
3358 1069 3457 1122 καὶ
3489 1069 3653 1139 εὐρε-

2046 1158 2209 1214 θέντα
2257 1160 2494 1232 ὁρᾶσθαι
2552 1161 2650 1214 καὶ
2686 1157 3045 1231 εὑρίσκεσθαι
3090 1161 3150 1212 ὲν
3177 1157 3257 1229 τῷ
3297 1159 3650 1231 ἀρνουμένῳ.

2045 1251 2122 1305 Οὐ
2167 1251 2276 1323 γάρ
2309 1253 2428 1305 ἐστι
2475 1251 2674 1306 ταύτὸν
2704 1251 2766 1304 τὸ
2805 1250 2992 1320 λέγειν
3038 1249 3140 1321 τὴν
3172 1248 3477 1302 ὑπόστασιν
3513 1248 3650 1318 μίαν

2047 1343 2144 1395 καὶ
2175 1341 2274 1413 τὴν
2309 1341 2483 1414 αὐτὴν
2533 1339 2700 1406 εἶναι,
2727 1342 2823 1396 καὶ
2856 1340 2923 1394 τὸ
2947 1340 3018 1395 τὰ
3047 1340 3178 1411 περὶ
3208 1340 3309 1412 τὴν
3342 1339 3651 1392 ὑπόστασιν

2048 1435 2303 1507 ὁρώμενα
2331 1435 2606 1509 διαφόρως
2631 1434 2689 1490 ἐν
2711 1435 3005 1490 καὶταῦτα
3034 1429 3174 1487 εἶναι
3195 1450 3211 1465 ο
3247 1433 3419 1504 μυρία
3437 1432 3496 1486 δέ
3529 1432 3651 1484 ἐστι

2052 1527 2494 1598 παραδείγματα.
2533 1529 2592 1581 '0
2623 1526 2975 1597 ἐνδεδυμένος
3003 1526 3230 1596 Πέτρος,
3254 1528 3304 1579 εἰ
3347 1525 3527 1595 τύχοι,
3552 1523 3653 1577 καὶ

2054 1621 2082 1674 6
2103 1620 2330 1690 γυμνὸς,
2353 1622 2381 1674 6
2411 1621 2704 1690 φιλόσοφος
2733 1621 3031 1693 Σωκράτης
3059 1619 3154 1673 καὶ
3173 1621 3204 1672 6
3223 1618 3298 1690 μὴ
3327 1619 3649 1688 φιλόσοφος,

2057 1717 2086 1770 6
2115 1715 2383 1787 πρότερον
2413 1715 2652 1783 διώκτης
2692 1714 2926 1779 Παῦλος,
2959 1715 3054 1769 καὶ
3085 1717 3114 1768 6
3153 1710 3351 1786 κῆρυξ,
3383 1711 3481 1766 καὶ
3512 1709 3654 1764 ἄλλα

337 1789 452 1882 tus,
473 1787 518 1841 si
551 1801 719 1855 esset,
760 1804 814 1849 et
847 1797 1050 1866 nudus,
1075 1801 1335 1857 Socrates
1359 1803 1720 1875 philosophus
1756 1814 1808 1859 et
1837 1820 1934 1861 nor

2053 1807 2282 1879 ἄπειρα,
2311 1802 2386 1860 ὧν
2419 1809 2517 1878 μία
2552 1807 2651 1878 μέν
2676 1809 2827 1861 ἐστιν
2860 1811 2895 1879 ἡ
2929 1807 3230 1870 ὑπόστασις
3287 1805 3384 1859 καὶ
3417 1806 3454 1876 ἡ
3482 1802 3652 1871 αὐτὴν

345 1877 736 1953 ρΙιίΙοςορΙιυε,
794 1886 1003 1945 Paulus
1067 1900 1226 1947 antea
1303 1903 1650 1964 pcrsecutor,
1710 1896 1934 1966 posthac

2048 1895 2120 1951 τὰ
2143 1877 2200 1949 δέ
2230 1899 2357 1969 περὶ
2390 1877 2492 1969 τὴν
2518 1877 2817 1953 ὑλπόστασιν
2853 1877 2977 1969 aiax?
3005 1898 3197 1952 ταύτά.

337 1973 696 2042 praedicator.
738 1987 794 2034 et
838 1983 1122 2052 complura
1169 1987 1278 2041 alia
1340 2003 1578 2057 quorum
1660 2005 1772 2047 una
1813 2003 1902 2047 es:
1963 1997 2021 2046 et
2059 1990 2252 2046 eadem
2304 1991 2644 2063 hypostasis,
2703 2006 2939 2062 quorum
2989 2005 3123 2046 vero
3175 1990 3243 2046 ad
3305 1983 3653 2061 hypostasitn

346 2067 535 2122 contin
549 2071 756 2139 gentia,
785 2073 1096 2133 dissimilia.

341 2166 676 2243 ρυίεετιο
730 2177 1003 2254 ccxxx.
1062 2181 1270 2254 [CoisL
1330 2184 1500 2246 Taur.
1564 2185 1950 2262 Lxxxvut.]

947 2273 1025 2328 De
1072 2275 1370 2335 divinitate.

413 2357 466 2413 1.
496 2357 693 2416 Utrum
727 2363 989 2422 divinitas
1009 2378 1062 2422 et
1110 2368 1254 2426 Deus
1305 2388 1474 2426 unum
1507 2387 1577 2427 an
1639 2373 1945 2430 differens?

339 2447 408 2504 Et
433 2450 480 2506 si
513 2451 793 2523 diliereus,
828 2461 959 2529 quid
993 2470 1078 2517 est
1107 2462 1234 2531 hoc,
1300 2473 1356 2520 et
1387 2466 1518 2536 quid
1550 2475 1706 2522 extra
1765 2467 1938 2523 Deum

341 2541 650 2600 divinitas?
679 2546 734 2602 Si
769 2566 962 2617 unum,
997 2553 1378 2624 hypostasium
1413 2574 1644 2628 quicque
1683 2559 1824 2617 Deus
1847 2571 1934 2618 est

337 2643 393 2690 et
410 2635 692 2694 divinitas.
727 2640 925 2697 Errant
946 2647 1180 2702 maxime
1203 2651 1292 2717 qui
1312 2649 1564 2706 vocabuli
1586 2650 1818 2706 fortnam
1843 2669 1934 2708 ar-

339 2737 516 2800 guunt
537 2732 665 2802 quia
699 2733 962 2792 divinitas
998 2736 1260 2794 feruinina
1300 2751 1385 2798 est
1417 2759 1546 2807 vox,
1577 2760 1687 2807 non
1749 2755 1932 2801 autem

337 2822 666 2892 hyp05tases
701 2844 715 2882 :
759 2828 832 2881 ita
866 2829 1014 2883 enim
1064 2846 1173 2885 nou
1214 2832 1424 2903 justum
1478 2843 1600 2890 erat
1667 2833 1931 2906 Spiritum

332 2912 507 2969 Deum
559 2915 666 2973 dici
703 2935 721 2974 :
768 2920 972 2992 quippe
1017 2922 1247 2978 alterum
1277 2925 1458 2981 neutri
1516 2929 1758 2996 generis,
1796 2929 1932 2983 alte-

336 3022 460 3061 rum
515 3011 843 3079 masculini;
892 3029 1069 3085 neque
1117 3015 1356 3084 Putrem,
1404 3015 1608 3072 Filium
1656 3027 1711 3073 et
1749 3018 1930 3088 Spiri-

342 3105 454 3148 tum
484 3100 1045 3170 unamhypostasim:
1080 3107 1284 3176 quippe
1344 3122 1579 3177 quorum
1640 3107 1918 3162 absimilia

345 3196 478 3242 sunt
511 3189 905 3246 vocabulorum
940 3211 1173 3263 genera;
1218 3213 1398 3268 neque
1456 3199 1738 3254 hominem
1808 3199 1932 3253 aui-

338 3281 447 3352 mal
479 3282 564 3338 vel
594 3299 694 3350 ens
729 3286 990 3355 appellari
1021 3305 1036 3357 ;
1067 3300 1121 3345 et
1153 3292 1234 3347 sic
1262 3292 1369 3346 alia
1393 3293 1584 3346 multa.
1613 3290 1734 3347 Non
1766 3294 1931 3363 igitur

343 3389 608 3440 generum
636 3377 925 3434 distinctio
959 3395 1125 3437 causa
1159 3391 1246 3439 est
1298 3399 1402 3439 cur
1447 3383 1665 3440 Patrem
1702 3395 1793 3438 aut
1839 3383 1931 3440 Fi-

336 3465 470 3519 lium
507 3476 604 3521 aut
662 3466 930 3538 Spiritum
985 3471 1329 3529 divinitatem
1389 3476 1666 3530 nominari
1713 3476 1932 3531 dubite-

333 3575 482 3614 mus.
537 3559 708 3618 Recte
739 3563 947 3620 dixeris
995 3566 1111 3621 haec
1162 3566 1304 3622 idem
1353 3583 1574 3633 sonare,
1605 3569 1931 3623 sicuthomo

335 3660 391 3706 et
426 3652 765 3720 humanitas,
795 3666 889 3711 aut
920 3657 1067 3714 sicut
1099 3673 1486 3729 uuucupamus
1507 3658 1791 3716 Socratem
1830 3662 1932 3714 ho-

335 3744 538 3799 minem
560 3762 666 3801 uon
694 3758 875 3804 autem
904 3750 1337 3820 humanitatem;
1358 3752 1521 3822 idque
1539 3753 1706 3808 etiam
1733 3754 1800 3808 de
1821 3753 1932 3808 Deo

331 3846 386 3888 et
410 3837 695 3893 divinitate
725 3841 915 3909 patet?
947 3842 1140 3898 Nonne
1163 3852 1249 3900 cst
1279 3845 1382 3899 hoc
1417 3844 1789 3900 dilﬁrultatcm
1821 3863 1931 3901 tton

333 3928 624 3996 solventis,
658 3933 750 3987 sed
792 3935 974 4002 potius
1024 3937 1310 4008 augentis?
1353 3937 1486 3992 Nam
1525 3938 1570 3993 si
1614 3945 1929 3993 consonant

333 4019 498 4076 homo
531 4031 586 4077 et
622 4022 956 4090 humanitas,
990 4042 1090 4082 cur
1113 4042 1243 4092 non,
1273 4043 1395 4082 cum
1421 4028 1585 4084 homo
1613 4029 1927 4096 adhibetur,

334 4113 653 4172 humanitas
717 4133 936 4189 quoque
993 4120 1359 4176 adhibeatur?
1424 4121 1652 4178 Videtur
1706 4124 1928 4194 quidem

238 4207 242 4212 ’
338 4210 623 4282 nonnullis
662 4213 801 4266 nihil
860 4214 1146 4284 impedire,
1201 4227 1256 4272 et
1313 4217 1458 4274 idem
1522 4233 1645 4274 esse
1681 4218 1848 4272 homo
1877 4227 1932 4273 et

335 4299 675 4372 humanitas,
707 4305 851 4362 Deus
881 4317 934 4362 et
975 4311 1260 4379 divinitas,
1284 4321 1338 4367 et
1373 4313 1602 4368 alterius
1637 4313 1755 4368 vice
1786 4313 1924 4367 alte-

332 4407 453 4446 rum
479 4395 728 4451 adhiberi
759 4417 772 4452 :
807 4400 1014 4469 quippe
1045 4402 1210 4457 homo
1248 4413 1303 4458 et
1332 4403 1574 4460 hominis
1611 4417 1830 4467 natura,
1873 4411 1928 4459 et

2597 2191 2936 2246 ΕΡΩἸἮΣΙΣ
2975 2191 3102 2247 ΣΝ.

2609 2283 2745 2351 Περὶ
2775 2283 3078 2350 θεότητος.

2111 2383 2188 2432 at';
2209 2376 2468 2451 Πότερον,
2513 2376 2547 2443 ἡ
2587 2374 2778 2445 θεότης
2821 2376 2914 2428 καὶ
2943 2375 3004 2428 τὸ
3045 2373 3178 2437 Θεὸς
3221 2372 3422 2427 ταύτόν
3472 2372 3646 2438 ἐστιν,

2039 2470 2071 2541 ἢ
2103 2469 2326 2541 ἕτερον;
2357 2469 2409 2523 ει
2444 2469 2542 2539 μὲν
2589 2468 2697 2540 γὰρ
2736 2466 2949 2536 ἕτερον,
2985 2467 3038 2520 τί
3073 2465 3255 2530 τοῦτο,
3282 2469 3374 2518 καὶ
3400 2467 3453 2519 τί
3491 2466 3650 2537 παρὰ

2041 2563 2133 2615 τὸν
2163 2561 2296 2615 Θεὸν
2327 2561 2361 2632 ἡ
2390 2560 2623 2632 θεότης;
2681 2563 2730 2614 εἰ
2779 2559 2838 2614 δὲ
2897 2560 3117 2624 ταύτὸν,
3177 2559 3294 2612 ἔστι
3324 2559 3380 2612 δὲ
3433 2560 3642 2630 ἑκάστη

2038 2654 2148 2708 τῶν
2169 2654 2525 2708 ὑποστάσεων
2591 2651 2700 2706 τῶν
2760 2652 2930 2724 τριῶν
2965 2651 3121 2716 Θεὸς,
3146 2651 3242 2705 καὶ
3286 2650 3480 2720 θεότης
3506 2651 3637 2721 ἄρα.

2038 2745 2102 2802 Οἱ
2134 2746 2231 2817 μὲν
2267 2739 2360 2800 οὖν
2386 2743 2448 2798 τὸ
2473 2743 2663 2814 σχῆμα
2723 2744 2822 2813 τῆς
2858 2743 3057 2810 λέξεως
3110 2739 3454 2812 αἰτιώμενοι,
3489 2743 3575 2795 ὅτι
3606 2741 3642 2808 ἡ

2039 2839 2140 2908 μὲν
2164 2838 2358 2909 θεότης
2427 2836 2684 2907 θηλυκῶς
2732 2837 3093 2909 προφέρεται,
3141 2835 3240 2904 οὐχ
3294 2833 3472 2896 οὕτως
3489 2833 3549 2887 δὲ
3586 2835 3642 2887 αξ

2038 2929 2390 2994 ὑποστάσεις,
2434 2929 2778 2982 πλανῶνταγ
2810 2927 2918 2981 ἔδει
2961 2926 3073 2999 γὰρ
3115 2927 3251 2998 μηδὲ
3280 2927 3342 2980 τὸ
3394 2924 3643 2996 Πνεῦμα

2039 3019 2294 3088 λέγεσθαι
2325 3021 2490 3074 Θεόν·
2522 3021 2582 3074 τὸ
2619 3022 2717 3091 μὲν
2747 3021 2858 3093 γὰρ
2898 3019 3202 3090 οὐδέτερον,
3233 3019 3295 3072 τὸ
3321 3019 3376 3073 δὲ
3415 3020 3642 3089 σχήμαά

2036 3131 2126 3176 τος
2150 3113 2440 3184 ἀρσενικοῦ
2465 3131 2480 3144 ο
2517 3114 2600 3168 ἔτι
2627 3113 2750 3168 οὐδὲ
2800 3113 2894 3167 τὸν
2935 3111 3180 3181 Πατέρα
3230 3113 3327 3166 καὶ
3364 3110 3456 3165 τὸν
3498 3113 3641 3164 Υιὸν

2034 3208 2129 3260 καὶ
2169 3209 2230 3262 τὸ
2283 3210 2528 3278 Πνεῦμα
2579 3209 2707 3280 μίαν
2745 3207 2974 3262 οὐσίαν·
3017 3205 3374 3277 άνομοιογενῆ
3427 3205 3539 3275 γὰρ
3569 3203 3640 3258 τὰ

2033 3300 2273 3368 ὀνόματα
2296 3317 2311 3344 ι
2349 3301 2469 3354 οὐδὲ
2507 3300 2601 3354 τὸν
2645 3300 2962 3372 ἄνθρωπον,
3000 3298 3139 3363 ζῶον
3163 3339 3178 3363 ,
3220 3297 3254 3368 ἢ
3286 3296 3502 3360 οὐσίαν,
3536 3296 3636 3348 καὶ

2033 3393 2171 3448 ἄλλα
2196 3392 2424 3464 ἄπειρα.
2482 3393 2596 3448 Οὐκ
2631 3394 2742 3466 ἄρα
2775 3393 2837 3446 τὸ
2870 3389 3280 3464 άνομοιογενὲς,
3334 3388 3510 3443 αἴτιον
3538 3385 3638 3441 τοῦ

2037 3486 2111 3555 μὴ
2143 3485 2399 3553 λέγεσθαι
2427 3487 2517 3540 τὸν
2551 3486 2799 3554 Πατέρα.
2845 3485 2878 3556 ἢ
2908 3485 3002 3538 τὸν
3041 3484 3199 3548 Υιόν,
3231 3481 3353 3553 ἢτὸ
3382 3479 3635 3546 Πνεῦμα

2035 3576 2288 3647 θεότητα,
2344 3561 2535 3647 ῶσπερ
2586 3578 2740 3632 Θεόν.
2798 3577 2870 3630 Ἥ
2901 3576 3050 3629 ἐστιν
3081 3575 3279 3634 εἰπεῖν,
3324 3572 3407 3625 ὅτι
3438 3567 3638 3622 ταύτόν

2033 3663 2150 3716 ἐστι
2172 3663 2366 3730 ταῦτα,
2403 3665 2594 3737 ῶσπερ
2617 3665 2678 3719 τὸ
2700 3665 2989 3737 ἄνθρωπος
3022 3665 3117 3717 καὶ
3147 3663 3212 3716 τὸ
3245 3659 3635 3732 άνθρωπότης,

2033 3755 2148 3809 ἀλλ’
2178 3755 2370 3828 ὥσπερ
2399 3757 2634 3827 λέγομεν
2685 3758 2780 3810 τὸν
2824 3757 3127 3828 Σωκράτην
3176 3755 3467 3827 ἄνθρωπον
3514 3753 3634 3824 μὲν,

2032 3851 2132 3902 οὐκ
2184 3851 2586 3923 ἁνθρωπὸτητα
2643 3851 2723 3913 δὲ,
2775 3850 2951 3914 οὕτως
2983 3851 3076 3903 καὶ
3101 3852 3194 3902 ἐπὶ
3221 3849 3318 3902 τοῦ
3377 3847 3512 3909 Θεὸς
3537 3848 3636 3906 καὶ

2034 3941 2245 4010 θεότης.
2276 3944 2348 3994 Ἦ
2371 3941 2528 3995 τοῦτο
2550 3943 2610 3995 οὐ
2647 3941 2887 4005 λύοντος,
2917 3941 3031 3993 ἀλλ’
3072 3939 3324 4004 αὔξοντος
3367 3941 3486 3992 ἐστι
3533 3936 3638 4006 τὴν

2033 4036 2305 4107 ἀπορίανς
2337 4035 2385 4087 εἰ
2408 4035 2518 4105 γὰρ
2543 4034 2742 4088 ταύτὸν
2766 4036 2794 4086 6
2815 4033 3106 4101 ἄνθρωπος
3127 4032 3223 4084 καὶ
3247 4029 3635 4101 ἀνθρωπότης,

2035 4128 2151 4190 πῶς
2189 4128 2287 4197 μὴ,
2325 4127 2410 4196 ἐφ’
2434 4121 2509 4186 ὧν
2555 4127 2616 4179 τὸ
2672 4126 2965 4195 ἄνθρωπος
3021 4123 3266 4191 λέγεται,
3293 4120 3382 4173 ἐπ’
3402 4118 3637 4173 ἐκείνων

2034 4219 2228 4290 ῥηθείη
2261 4220 2356 4271 καὶ
2389 4219 2423 4289 ἡ
2455 4217 2855 4289 ὰνθρωπότης;
2891 4217 3064 4270 Φασὶν
3102 4213 3196 4268 οὖν
3224 4229 3395 4276 τινες,
3435 4213 3518 4263 ὅτι
3544 4211 3639 4262 ού-

2029 4311 2120 4364 δὲν
2138 4310 2340 4364 κωλύει
2371 4312 2466 4365 καὶ
2493 4310 2692 4364 ταύτὸν
2719 4305 2858 4362 εἶναι
2889 4310 2948 4362 τὸ
2977 4309 3265 4379 ἄνθρωπος
3288 4305 3383 4359 καὶ
3417 4302 3639 4372 ἀνθρω-

2034 4403 2228 4472 πότης,
2265 4405 2362 4457 καὶ
2417 4403 2476 4456 τὸ
2534 4402 2670 4466 Θεὸς
2724 4403 2820 4455 καὶ
2853 4401 3068 4472 θεότης,
3106 4399 3201 4453 καὶ
3238 4398 3335 4469 μὴ,
3360 4395 3448 4464 ἐφ’
3483 4388 3547 4448 οὗ
3573 4394 3638 4447 τὸ

334 4484 577 4542 hominis
605 4488 819 4558 Species
851 4491 991 4546 idem
1023 4494 1256 4559 est;sed
1313 4505 1494 4550 tamen
1531 4496 1698 4552 homo
1739 4496 1794 4550 iu
1824 4494 1928 4550 So-

2041 4500 2241 4570 ἕτερον,
2273 4499 2370 4552 καὶ⁴
2426 4497 2488 4552 τὸ
2520 4498 2707 4569 ἕτερον
2740 4496 3032 4565 λέγεσθαι·
3091 4493 3295 4547 αὐτίκα
3325 4490 3435 4560 γὰρ
3481 4491 3510 4542 ὁ
3539 4487 3638 4541 ἃν-

339 4584 494 4632 crate
526 4579 742 4634 dicitur
769 4581 917 4637 (nam
948 4584 1112 4638 homo
1135 4595 1221 4641 est
1259 4588 1424 4642 etiam
1475 4587 1779 4652 Socrates),
1814 4604 1921 4643 non

339 4676 523 4725 autem
586 4685 783 4730 natura
829 4678 912 4731 vel
971 4679 1220 4748 species:
1278 4698 1453 4750 neque
1501 4682 1647 4736 cnim
1692 4683 1931 4739 hominis

338 4776 598 4822 naturam
643 4771 760 4825 sive
792 4773 1030 4841 speciem
1065 4773 1304 4829 dicimus
1328 4775 1634 4831 Socratem.
1680 4775 1786 4830 Scd
1821 4793 1928 4830 non

335 4863 619 4932 praedictis
662 4864 842 4920 simile
886 4877 1001 4934 est,
1054 4885 1288 4933 namque
1332 4880 1559 4933 natura,
1606 4879 1656 4924 et
1696 4873 1928 4940 species,

338 4964 393 5009 ct
431 4957 698 5023 essentia,
735 4967 789 5014 et
826 4960 930 5014 alia
975 4965 1313 5026 consimilia,
1353 4979 1477 5018 cum
1540 4963 1714 5034 logica
1759 4979 1925 5017 voca-

341 5049 468 5105 bula
505 5057 635 5118 siut,
662 5069 1010 5124 nequaquam
1048 5072 1224 5125 usque
1260 5057 1323 5110 ad
1369 5067 1615 5111 cxtrcma
1681 5057 1931 5113 adhiberi

343 5155 597 5212 possm”,
643 5146 736 5201 sed
768 5147 835 5203 de
866 5148 932 5203 iis
969 5149 1147 5204 solum
1201 5151 1404 5218 quibus
1454 5148 1718 5202 dicuntur
1757 5149 1930 5203 inlite-

341 5244 499 5308 rent;
533 5238 794 5309 divinitas
829 5249 1011 5311 autem
1042 5252 1097 5296 et
1128 5243 1443 5296 humanitas
1471 5259 1579 5296 nou
1610 5250 1740 5296 sunt
1800 5241 1934 5315 logi!

343 5347 429 5397 ca,
453 5333 549 5389 sed
592 5335 927 5389 naturalium
958 5352 1140 5390 rcrmn
1173 5337 1457 5394 Vocabula.

2034 4591 2271 4661 θρωπος,
2307 4591 2402 4643 καὶ
2432 4590 2465 4660 ἡ
2495 4589 2592 4643 τοῦ
2651 4588 2941 4658 ἀνθρώπου
2975 4588 3158 4656 φύσις,
3191 4586 3287 4638 καὶ
3316 4583 3380 4636 τὸ
3415 4581 3512 4635 τοῦ
3538 4581 3638 4633 ἀν-

2032 4684 2255 4756 θρώπου
2315 4680 2457 4746 εἶδος
2517 4681 2716 4736 ταύτόν
2773 4684 2944 4740 ἔστιν,
2999 4680 3118 4732 ἀλλ’
3153 4680 3306 4748 ὅμως
3343 4673 3640 4744 ἄνθρωπος

2031 4777 2172 4830 κατὰ
2197 4776 2293 4831 τοῦ
2342 4775 2668 4845 Σωκράτους
2715 4773 3106 4844 κατηγορεῖται
3155 4770 3466 4838 (ἄνθρωπος
3516 4765 3628 4832 γάρ

2030 4869 2148 4920 ἐστι
2195 4868 2224 4920 6
2282 4866 2626 4937 Σωκράτης),
2684 4866 2869 4919 οὐκέτι
2897 4866 2954 4932 δὲ
2983 4869 3016 4936 ἡ
3074 4865 3259 4932 φύσις,
3289 4862 3322 4932 ἢ
3350 4862 3413 4913 τὸ
3463 4857 3634 4920 aiio:

2040 4959 2164 5016 οὔτε
2196 4960 2304 5032 γάρ
2325 4960 2610 5033 ἀνθρώπου
2637 4960 2822 5030 φύσιν,
2859 4960 2983 5013 οὕτε
3014 4957 3155 5025 εἶδός
3186 4979 3370 5033 φαμεν
3395 4964 3487 5016 τὸν
3520 4965 3642 5017 Σω-

2041 5054 2288 5126 κράτηνο
2317 5054 2432 5108 ἀλλ’
2465 5055 2563 5119 οὐκ
2613 5054 2763 5106 ἐστιν
2809 5055 2995 5122 ὅμοιον
3035 5057 3152 5118 τοῖς
3172 5058 3600 5127 προειρημένοις
3622 5073 3640 5090 ·

2041 5150 2077 5220 ὴ
2109 5147 2208 5217 μὲν
2235 5147 2345 5218 γὰρ
2371 5146 2555 5216 φύσις,
2588 5146 2681 5200 καὶ
2739 5145 2799 5198 τὸ
2828 5139 2992 5216 εἶδος,
3025 5146 3122 5199 καὶ
3153 5146 3217 5200 τὸ
3243 5149 3424 5215 γένος,
3451 5150 3548 5202 καὶ
3573 5149 3642 5203 τὰ

2042 5243 2227 5315 ὅμοια,
2262 5240 2454 5310 λογικὰ
2506 5241 2750 5311 ὀνόματα
2777 5239 2929 5303 ὄντα,
2961 5240 3024 5293 ού
3056 5239 3281 5295 δύναται
3309 5240 3643 5295 διικνεῖσθαι

2042 5337 2206 5408 μέχρι
2252 5336 2360 5388 τῶν
2419 5334 2685 5404 ἐσχάτων,
2729 5334 2844 5387 ἀλλ’
2872 5332 2960 5386 ἐπ’
2983 5331 3209 5386 ἐκείνων
3243 5334 3514 5401 ἵστανται,
3545 5315 3640 5405 ἐφ’

342 5422 418 5484 ὧν
456 5427 708 5504 λέγονται
727 5448 742 5462 ο
800 5431 834 5504 ἡ
869 5431 926 5485 δὲ
993 5431 1184 5505 θεότης
1217 5431 1311 5486 καὶ
1339 5433 1370 5504 ἡ
1407 5430 1769 5504 ἁνθρωπότης
1796 5431 1896 5486 οὐκ
1926 5429 2042 5485 ἔστι
2069 5429 2287 5496 λογικὰ,
2320 5429 2457 5482 ἀλλὰ
2485 5428 2731 5498 φυσικῶν
2757 5427 3103 5499 πραγμάτων
3121 5428 3383 5497 ὀνόματα.

415 5538 472 5592 2.
500 5535 605 5592 Sed
645 5536 746 5593 etsi
774 5537 879 5592 hoc
914 5555 1101 5601 verum
1130 5549 1237 5602 est,
1273 5541 1632 5597 nihilominus
1660 5541 1940 5597 iuvenitur

348 5640 536 5694 eadem
591 5649 714 5689 esse
775 5635 944 5688 homo
1000 5644 1054 5690 et
1101 5635 1340 5690 hominis
1405 5644 1647 5702 natura,
1702 5652 1938 5706 quorum

353 5745 523 5781 uumn
593 5743 692 5797 pro
743 5725 973 5782 Socrate
1028 5727 1255 5788 dicitur.
1327 5743 1434 5782 non
1495 5743 1626 5781 vero
1683 5732 1936 5784 alterum.

359 5818 530 5901 Quid,
555 5833 687 5890 ergo
719 5817 962 5890 1mpedit
991 5818 1124 5888 quin
1187 5817 1330 5874 idem
1389 5817 1456 5873 ad
1491 5829 1689 5874 caetera
1741 5836 1936 5898 argua-

2117 5536 2181 5608 β’.
2227 5535 2368 5590 Ἀλλ’
2405 5537 2454 5589 εἰ
2491 5536 2584 5590 καὶ
2619 5534 2780 5590 τοῦτο
2814 5535 3035 5607 ἀληθὲς,
3070 5535 3227 5590 οὐδὲν
3261 5529 3426 5606 ἦττον
3470 5535 3647 5609 εὕρη-

2042 5650 2133 5686 ται
2154 5633 2324 5688 ταῦτὰ
2351 5633 2498 5698 ὄντα,
2527 5634 2555 5686 6
2582 5631 2866 5704 ἄνθρωπος
2899 5632 2994 5686 καὶ
3047 5632 3080 5702 ἡ
3122 5629 3416 5702 ἀνθρώπου
3457 5631 3645 5700 φύσις,

2044 5721 2120 5782 ῶν
2159 5728 2218 5780 τὸ
2245 5728 2342 5795 μὲν
2361 5727 2502 5780 κατὰ
2531 5727 2626 5778 τοῦ
2659 5725 2984 5798 Σωκράτους
3007 5723 3254 5792 λέγεται,
3291 5723 3354 5778 τὸ
3390 5723 3446 5777 δὲ
3510 5725 3644 5777 οὐκ·

2047 5821 2149 5889 ἐτι.
2192 5819 2256 5874 Τί
2294 5815 2387 5876 οὖν
2440 5819 2638 5886 κωλύει
2688 5809 2781 5873 καὶ
2827 5819 2913 5884 ἐπ’
2942 5817 3121 5890 ᾄλλων
3143 5816 3308 5882 ταύτὸ
3339 5815 3645 5883 ἐπακολουφ
