  <div class='ocr_page' id='page_1' title='image "/cluster/home/n/w/nwhite01/storage/ocr_20150623/101/hvd.32044018872879/668.png"; bbox 0 0 3930 6218; ppageno 0'>
   <div class='ocr_carea' id='block_1_1' title="bbox 311 303 451 369">
    <p class='ocr_par' dir='ltr' id='par_1_1' title="bbox 311 303 451 369">
     <span class='ocr_line' id='line_1_1' title="bbox 311 303 451 369; baseline 0 0"><span class='ocrx_word' id='word_1_1' title='bbox 311 303 451 369; x_wconf 76' lang='lat'><strong>1289</strong></span> 
     </span>
    </p>
   </div>
   <div class='ocr_carea' id='block_1_2' title="bbox 1264 300 2649 376">
    <p class='ocr_par' dir='ltr' id='par_1_2' title="bbox 1264 300 2649 376">
     <span class='ocr_line' id='line_1_2' title="bbox 1264 300 2649 376; baseline 0.001 -13"><span class='ocrx_word' id='word_1_2' title='bbox 1264 304 1365 364; x_wconf 87' lang='lat' dir='ltr'><strong>AD</strong></span> <span class='ocrx_word' id='word_1_3' title='bbox 1404 300 1902 376; x_wconf 52' lang='lat' dir='ltr'><strong>QUXESTIONES</strong></span> <span class='ocrx_word' id='word_1_4' title='bbox 1940 302 2649 365; x_wconf 78' lang='lat' dir='ltr'><strong>AMPHJLOCHIANAS:</strong></span> 
     </span>
    </p>
   </div>
   <div class='ocr_carea' id='block_1_3' title="bbox 3460 300 3601 367">
    <p class='ocr_par' dir='ltr' id='par_1_3' title="bbox 3460 300 3601 367">
     <span class='ocr_line' id='line_1_3' title="bbox 3460 300 3601 367; baseline 0.007 -1"><span class='ocrx_word' id='word_1_5' title='bbox 3460 300 3601 367; x_wconf 71' lang='lat'><strong>1290</strong></span> 
     </span>
    </p>
   </div>
   <div class='ocr_carea' id='block_1_4' title="bbox 310 416 1913 491">
    <p class='ocr_par' dir='ltr' id='par_1_4' title="bbox 310 416 1905 491">
     <span class='ocr_line' id='line_1_4' title="bbox 310 416 1905 491; baseline -0.003 -17"><span class='ocrx_word' id='word_1_6' title='bbox 310 420 423 475; x_wconf 82' lang='grc' dir='ltr'><strong>θεῖν</strong></span> <span class='ocrx_word' id='word_1_7' title='bbox 440 416 634 488; x_wconf 87' lang='grc' dir='ltr'>τοῦτο;</span> <span class='ocrx_word' id='word_1_8' title='bbox 656 418 718 473; x_wconf 79' lang='grc' dir='ltr'><strong>οὐ</strong></span> <span class='ocrx_word' id='word_1_9' title='bbox 752 417 863 491; x_wconf 78' lang='grc' dir='ltr'><strong>γὰρ</strong></span> <span class='ocrx_word' id='word_1_10' title='bbox 891 416 1037 472; x_wconf 74' lang='grc' dir='ltr'>ἔστιν</span> <span class='ocrx_word' id='word_1_11' title='bbox 1056 418 1234 476; x_wconf 74' lang='grc' dir='ltr'>εἰπεῖν</span> <span class='ocrx_word' id='word_1_12' title='bbox 1258 418 1412 484; x_wconf 74' lang='grc' dir='ltr'>ἴσως,</span> <span class='ocrx_word' id='word_1_13' title='bbox 1459 418 1535 483; x_wconf 89' lang='grc' dir='ltr'><strong>ὡς</strong></span> <span class='ocrx_word' id='word_1_14' title='bbox 1562 420 1593 473; x_wconf 88' lang='grc' dir='ltr'><strong>ό</strong></span> <span class='ocrx_word' id='word_1_15' title='bbox 1618 418 1905 489; x_wconf 78' lang='grc' dir='ltr'>ἄνθρωπος</span> 
     </span>
    </p>
   </div>
   <div class='ocr_carea' id='block_1_5' title="bbox 2019 416 3602 491">
    <p class='ocr_par' dir='ltr' id='par_1_5' title="bbox 2019 417 3602 480">
     <span class='ocr_line' id='line_1_5' title="bbox 2019 417 3602 480; baseline 0.006 -9"><span class='ocrx_word' id='word_1_16' title='bbox 2019 418 2181 474; x_wconf 82' lang='lat' dir='ltr'><strong>mus?</strong></span> <span class='ocrx_word' id='word_1_17' title='bbox 2228 417 2365 474; x_wconf 83' lang='lat' dir='ltr'><strong>Nam</strong></span> <span class='ocrx_word' id='word_1_18' title='bbox 2414 435 2524 476; x_wconf 92' lang='lat' dir='ltr'><strong>non</strong></span> <span class='ocrx_word' id='word_1_19' title='bbox 2557 422 2742 479; x_wconf 78' lang='lat' dir='ltr'><strong>dicere</strong></span> <span class='ocrx_word' id='word_1_20' title='bbox 2770 421 2900 478; x_wconf 90' lang='lat' dir='ltr'><strong>licet</strong></span> <span class='ocrx_word' id='word_1_21' title='bbox 2950 421 3121 479; x_wconf 90' lang='lat' dir='ltr'><strong>homo</strong></span> <span class='ocrx_word' id='word_1_22' title='bbox 3146 427 3202 478; x_wconf 91' lang='lat' dir='ltr'><strong>et</strong></span> <span class='ocrx_word' id='word_1_23' title='bbox 3228 421 3472 479; x_wconf 75' lang='lat' dir='ltr'><strong>hominis</strong></span> <span class='ocrx_word' id='word_1_24' title='bbox 3505 440 3602 480; x_wconf 69' lang='grc' dir='ltr'><strong>[να-ε</strong></span> 
     </span>
    </p>
   </div>
   <div class='ocr_carea' id='block_1_6' title="bbox 307 510 1907 583">
    <p class='ocr_par' dir='ltr' id='par_1_6' title="bbox 307 510 1907 583">
     <span class='ocr_line' id='line_1_6' title="bbox 307 510 1907 583; baseline 0 -18"><span class='ocrx_word' id='word_1_25' title='bbox 307 510 410 565; x_wconf 83' lang='lat' dir='ltr'><strong>xui.</strong></span> <span class='ocrx_word' id='word_1_26' title='bbox 448 510 594 582; x_wconf 80' lang='grc' dir='ltr'>ητοῦ</span> <span class='ocrx_word' id='word_1_27' title='bbox 625 510 917 583; x_wconf 82' lang='grc' dir='ltr'>ἀνθρώπου</span> <span class='ocrx_word' id='word_1_28' title='bbox 942 510 1106 582; x_wconf 80' lang='grc' dir='ltr'>φύσις</span> <span class='ocrx_word' id='word_1_29' title='bbox 1138 512 1261 583; x_wconf 73' lang='grc' dir='ltr'>οὐχὶ</span> <span class='ocrx_word' id='word_1_30' title='bbox 1292 511 1489 566; x_wconf 75' lang='grc' dir='ltr'>ταύτόν</span> <span class='ocrx_word' id='word_1_31' title='bbox 1512 529 1528 544; x_wconf 77' lang='grc' dir='ltr'><strong>ο</strong></span> <span class='ocrx_word' id='word_1_32' title='bbox 1560 511 1642 566; x_wconf 75' lang='grc' dir='ltr'>ἔτι</span> <span class='ocrx_word' id='word_1_33' title='bbox 1687 512 1745 565; x_wconf 83' lang='grc' dir='ltr'><strong>δέ</strong></span> <span class='ocrx_word' id='word_1_34' title='bbox 1800 529 1907 581; x_wconf 77' lang='grc' dir='ltr'>φα-</span> 
     </span>
    </p>
   </div>
   <div class='ocr_carea' id='block_1_7' title="bbox 314 603 1909 677">
    <p class='ocr_par' dir='ltr' id='par_1_7' title="bbox 314 603 1909 677">
     <span class='ocr_line' id='line_1_7' title="bbox 314 603 1909 677; baseline 0.002 -20"><span class='ocrx_word' id='word_1_35' title='bbox 314 621 438 675; x_wconf 88' lang='grc' dir='ltr'>μεν,</span> <span class='ocrx_word' id='word_1_36' title='bbox 484 604 561 669; x_wconf 88' lang='grc' dir='ltr'><strong>ὡς</strong></span> <span class='ocrx_word' id='word_1_37' title='bbox 609 605 638 658; x_wconf 97' lang='lat'><strong>6</strong></span> <span class='ocrx_word' id='word_1_38' title='bbox 693 603 981 677; x_wconf 78' lang='grc' dir='ltr'>ἄνθρωπος</span> <span class='ocrx_word' id='word_1_39' title='bbox 1032 606 1129 660; x_wconf 81' lang='lat' dir='ltr'><strong>xui</strong></span> <span class='ocrx_word' id='word_1_40' title='bbox 1179 605 1242 659; x_wconf 89' lang='lat' dir='ltr'><strong>rb</strong></span> <span class='ocrx_word' id='word_1_41' title='bbox 1288 605 1427 670; x_wconf 77' lang='grc' dir='ltr'>ζῶον</span> <span class='ocrx_word' id='word_1_42' title='bbox 1462 605 1682 674; x_wconf 82' lang='grc' dir='ltr'>λογικὸν</span> <span class='ocrx_word' id='word_1_43' title='bbox 1711 603 1909 676; x_wconf 80' lang='grc' dir='ltr'>θνητὸν</span> 
     </span>
    </p>
   </div>
   <div class='ocr_carea' id='block_1_8' title="bbox 308 696 1909 771">
    <p class='ocr_par' dir='ltr' id='par_1_8' title="bbox 308 696 1909 771">
     <span class='ocr_line' id='line_1_8' title="bbox 308 696 1909 771; baseline 0 -20"><span class='ocrx_word' id='word_1_44' title='bbox 308 696 533 761; x_wconf 78' lang='grc' dir='ltr'>ταύτὸν,</span> <span class='ocrx_word' id='word_1_45' title='bbox 564 698 653 753; x_wconf 82' lang='lat' dir='ltr'><strong>vui.</strong></span> <span class='ocrx_word' id='word_1_46' title='bbox 677 697 782 770; x_wconf 83' lang='grc' dir='ltr'><strong>μὴν</strong></span> <span class='ocrx_word' id='word_1_47' title='bbox 798 699 893 752; x_wconf 88' lang='lat' dir='ltr'><strong>xui.</strong></span> <span class='ocrx_word' id='word_1_48' title='bbox 928 698 992 753; x_wconf 99' lang='lat' dir='ltr'><strong>rb</strong></span> <span class='ocrx_word' id='word_1_49' title='bbox 1018 698 1341 767; x_wconf 79' lang='grc' dir='ltr'>γελαστικὸν</span> <span class='ocrx_word' id='word_1_50' title='bbox 1365 698 1444 771; x_wconf 81' lang='grc' dir='ltr'><strong>τῷ</strong></span> <span class='ocrx_word' id='word_1_51' title='bbox 1471 699 1755 771; x_wconf 80' lang='grc' dir='ltr'>ἄνθρωπος</span> <span class='ocrx_word' id='word_1_52' title='bbox 1775 699 1909 752; x_wconf 84' lang='grc' dir='ltr'>ταύ-</span> 
     </span>
    </p>
   </div>
   <div class='ocr_carea' id='block_1_9' title="bbox 308 791 1912 864">
    <p class='ocr_par' dir='ltr' id='par_1_9' title="bbox 308 791 1912 864">
     <span class='ocr_line' id='line_1_9' title="bbox 308 791 1912 864; baseline 0.001 -20"><span class='ocrx_word' id='word_1_53' title='bbox 308 791 404 845; x_wconf 88' lang='grc' dir='ltr'><strong>τόν</strong></span> <span class='ocrx_word' id='word_1_54' title='bbox 434 806 450 823; x_wconf 76' lang='grc' dir='ltr'><strong><em>ο</em></strong></span> <span class='ocrx_word' id='word_1_55' title='bbox 476 791 575 845; x_wconf 87' lang='lat' dir='ltr'><strong>xui.</strong></span> <span class='ocrx_word' id='word_1_56' title='bbox 601 792 700 862; x_wconf 80' lang='grc' dir='ltr'>οὐχ</span> <span class='ocrx_word' id='word_1_57' title='bbox 730 794 833 846; x_wconf 80' lang='grc' dir='ltr'><strong>ὅσα</strong></span> <span class='ocrx_word' id='word_1_58' title='bbox 864 792 1085 861; x_wconf 81' lang='grc' dir='ltr'>λέγεται</span> <span class='ocrx_word' id='word_1_59' title='bbox 1115 794 1244 864; x_wconf 77' lang='grc' dir='ltr'>περὶ</span> <span class='ocrx_word' id='word_1_60' title='bbox 1275 793 1415 857; x_wconf 70' lang='grc' dir='ltr'>ἑνὸς,</span> <span class='ocrx_word' id='word_1_61' title='bbox 1443 793 1620 846; x_wconf 86' lang='grc' dir='ltr'>ταῦτα</span> <span class='ocrx_word' id='word_1_62' title='bbox 1652 793 1747 846; x_wconf 74' lang='grc' dir='ltr'><strong>καὶ</strong></span> <span class='ocrx_word' id='word_1_63' title='bbox 1781 791 1912 864; x_wconf 83' lang='grc' dir='ltr'>περὶ</span> 
     </span>
    </p>
   </div>
   <div class='ocr_carea' id='block_1_10' title="bbox 309 882 1910 957">
    <p class='ocr_par' dir='ltr' id='par_1_10' title="bbox 309 882 1910 957">
     <span class='ocr_line' id='line_1_10' title="bbox 309 882 1910 957; baseline 0.002 -21"><span class='ocrx_word' id='word_1_64' title='bbox 309 882 422 943; x_wconf 75' lang='grc' dir='ltr'>τῶν</span> <span class='ocrx_word' id='word_1_65' title='bbox 440 884 643 939; x_wconf 83' lang='grc' dir='ltr'>λοιπῶν</span> <span class='ocrx_word' id='word_1_66' title='bbox 679 885 982 957; x_wconf 76' lang='grc' dir='ltr'><strong>ῥηθήσεται</strong></span> <span class='ocrx_word' id='word_1_67' title='bbox 1012 902 1030 918; x_wconf 78' lang='grc' dir='ltr'><strong>ο</strong></span> <span class='ocrx_word' id='word_1_68' title='bbox 1052 885 1113 939; x_wconf 85' lang='grc' dir='ltr'>τὸ</span> <span class='ocrx_word' id='word_1_69' title='bbox 1149 885 1249 956; x_wconf 86' lang='grc' dir='ltr'>μὲν</span> <span class='ocrx_word' id='word_1_70' title='bbox 1267 886 1377 957; x_wconf 79' lang='grc' dir='ltr'>γὰρ</span> <span class='ocrx_word' id='word_1_71' title='bbox 1401 885 1747 955; x_wconf 71' lang='grc' dir='ltr'>γελαστικὸν,</span> <span class='ocrx_word' id='word_1_72' title='bbox 1780 885 1910 940; x_wconf 77' lang='grc' dir='ltr'>ἴδιον</span> 
     </span>
    </p>
   </div>
   <div class='ocr_carea' id='block_1_11' title="bbox 310 974 1910 1052">
    <p class='ocr_par' dir='ltr' id='par_1_11' title="bbox 310 974 1910 1052">
     <span class='ocr_line' id='line_1_11' title="bbox 310 974 1910 1052; baseline 0.001 -21"><span class='ocrx_word' id='word_1_73' title='bbox 310 976 407 1031; x_wconf 80' lang='grc' dir='ltr'><strong>τοῦ</strong></span> <span class='ocrx_word' id='word_1_74' title='bbox 434 976 748 1050; x_wconf 84' lang='grc' dir='ltr'>ἀνθρώπου,</span> <span class='ocrx_word' id='word_1_75' title='bbox 783 980 973 1033; x_wconf 77' lang='grc' dir='ltr'>οὐκέτι</span> <span class='ocrx_word' id='word_1_76' title='bbox 999 980 1056 1034; x_wconf 81' lang='grc' dir='ltr'><strong>δὲ</strong></span> <span class='ocrx_word' id='word_1_77' title='bbox 1083 982 1111 1034; x_wconf 90' lang='lat'><strong>6</strong></span> <span class='ocrx_word' id='word_1_78' title='bbox 1144 980 1455 1052; x_wconf 76' lang='grc' dir='ltr'>ἄνθρωπος,</span> <span class='ocrx_word' id='word_1_79' title='bbox 1489 980 1621 1034; x_wconf 73' lang='grc' dir='ltr'>ἴδιον</span> <span class='ocrx_word' id='word_1_80' title='bbox 1677 974 1772 1033; x_wconf 83' lang='grc' dir='ltr'><strong>τοῦ</strong></span> <span class='ocrx_word' id='word_1_81' title='bbox 1811 980 1910 1033; x_wconf 71' lang='grc' dir='ltr'><strong>ἀνι-</strong></span> 
     </span>
    </p>
   </div>
   <div class='ocr_carea' id='block_1_12' title="bbox 314 1067 1915 1143">
    <p class='ocr_par' dir='ltr' id='par_1_12' title="bbox 314 1067 1915 1143">
     <span class='ocr_line' id='line_1_12' title="bbox 314 1067 1915 1143; baseline 0.003 -21"><span class='ocrx_word' id='word_1_82' title='bbox 314 1067 537 1141; x_wconf 89' lang='grc' dir='ltr'>θρώπου</span> <span class='ocrx_word' id='word_1_83' title='bbox 570 1086 586 1101; x_wconf 88' lang='grc'><strong>·</strong></span> <span class='ocrx_word' id='word_1_84' title='bbox 606 1072 705 1125; x_wconf 83' lang='grc' dir='ltr'>καὶ</span> <span class='ocrx_word' id='word_1_85' title='bbox 735 1070 797 1135; x_wconf 79' lang='lat' dir='ltr'><strong>rb</strong></span> <span class='ocrx_word' id='word_1_86' title='bbox 829 1072 928 1142; x_wconf 82' lang='grc' dir='ltr'><strong>μὲν</strong></span> <span class='ocrx_word' id='word_1_87' title='bbox 961 1072 1098 1136; x_wconf 79' lang='grc' dir='ltr'>ζῶον</span> <span class='ocrx_word' id='word_1_88' title='bbox 1135 1072 1354 1142; x_wconf 79' lang='grc' dir='ltr'>λογικὸν</span> <span class='ocrx_word' id='word_1_89' title='bbox 1396 1072 1610 1142; x_wconf 77' lang='grc' dir='ltr'>θνητὸν,</span> <span class='ocrx_word' id='word_1_90' title='bbox 1647 1073 1773 1143; x_wconf 83' lang='grc' dir='ltr'>ὅρος</span> <span class='ocrx_word' id='word_1_91' title='bbox 1823 1073 1915 1127; x_wconf 83' lang='grc' dir='ltr'><strong>ἀν-</strong></span> 
     </span>
    </p>
   </div>
   <div class='ocr_carea' id='block_1_13' title="bbox 316 1160 1914 1237">
    <p class='ocr_par' dir='ltr' id='par_1_13' title="bbox 316 1160 1914 1237">
     <span class='ocr_line' id='line_1_13' title="bbox 316 1160 1914 1237; baseline 0.003 -23"><span class='ocrx_word' id='word_1_92' title='bbox 316 1160 559 1231; x_wconf 84' lang='grc' dir='ltr'>θρώπου,</span> <span class='ocrx_word' id='word_1_93' title='bbox 581 1162 767 1217; x_wconf 80' lang='grc' dir='ltr'>οὐκέτι</span> <span class='ocrx_word' id='word_1_94' title='bbox 789 1164 847 1218; x_wconf 76' lang='grc' dir='ltr'><strong>δὲ</strong></span> <span class='ocrx_word' id='word_1_95' title='bbox 874 1165 902 1217; x_wconf 91' lang='lat'><strong>6</strong></span> <span class='ocrx_word' id='word_1_96' title='bbox 922 1163 1209 1236; x_wconf 81' lang='grc' dir='ltr'>ἄνθρωπος</span> <span class='ocrx_word' id='word_1_97' title='bbox 1264 1165 1390 1236; x_wconf 83' lang='grc' dir='ltr'>ὅρος</span> <span class='ocrx_word' id='word_1_98' title='bbox 1416 1166 1705 1237; x_wconf 81' lang='grc' dir='ltr'>ἀνθρώπου</span> <span class='ocrx_word' id='word_1_99' title='bbox 1730 1182 1745 1199; x_wconf 87' lang='grc'><strong>·</strong></span> <span class='ocrx_word' id='word_1_100' title='bbox 1791 1164 1914 1219; x_wconf 70' lang='grc' dir='ltr'>καί·</span> 
     </span>
    </p>
   </div>
   <div class='ocr_carea' id='block_1_14' title="bbox 311 1254 1914 1327">
    <p class='ocr_par' dir='ltr' id='par_1_14' title="bbox 311 1254 1914 1327">
     <span class='ocr_line' id='line_1_14' title="bbox 311 1254 1914 1327; baseline 0.006 -20"><span class='ocrx_word' id='word_1_101' title='bbox 311 1271 397 1308; x_wconf 84' lang='grc' dir='ltr'><strong>τοι</strong></span> <span class='ocrx_word' id='word_1_102' title='bbox 426 1254 569 1310; x_wconf 79' lang='grc' dir='ltr'>κατὰ</span> <span class='ocrx_word' id='word_1_103' title='bbox 590 1254 651 1309; x_wconf 85' lang='grc' dir='ltr'>τὸ</span> <span class='ocrx_word' id='word_1_104' title='bbox 684 1257 922 1327; x_wconf 84' lang='grc' dir='ltr'>μάλιστα</span> <span class='ocrx_word' id='word_1_105' title='bbox 946 1258 1121 1312; x_wconf 82' lang='grc' dir='ltr'><strong>ταύτά</strong></span> <span class='ocrx_word' id='word_1_106' title='bbox 1144 1260 1253 1313; x_wconf 75' lang='grc' dir='ltr'>εἱσι</span> <span class='ocrx_word' id='word_1_107' title='bbox 1270 1259 1462 1315; x_wconf 87' lang='grc' dir='ltr'>ταῦτα.</span> <span class='ocrx_word' id='word_1_108' title='bbox 1494 1261 1555 1324; x_wconf 80' lang='lat' dir='ltr'><strong>Ei</strong></span> <span class='ocrx_word' id='word_1_109' title='bbox 1578 1259 1635 1313; x_wconf 83' lang='grc' dir='ltr'><em>δέ</em></span> <span class='ocrx_word' id='word_1_110' title='bbox 1665 1277 1748 1325; x_wconf 80' lang='grc' dir='ltr'><strong>τις</strong></span> <span class='ocrx_word' id='word_1_111' title='bbox 1774 1261 1914 1317; x_wconf 63' lang='lat' dir='ltr'><strong>xm</strong></span> 
     </span>
    </p>
   </div>
   <div class='ocr_carea' id='block_1_15' title="bbox 310 1346 1915 1421">
    <p class='ocr_par' dir='ltr' id='par_1_15' title="bbox 310 1346 1915 1421">
     <span class='ocr_line' id='line_1_15' title="bbox 310 1346 1915 1421; baseline 0.002 -19"><span class='ocrx_word' id='word_1_112' title='bbox 310 1346 519 1402; x_wconf 75' lang='grc' dir='ltr'>τούτων</span> <span class='ocrx_word' id='word_1_113' title='bbox 535 1348 634 1413; x_wconf 80' lang='grc' dir='ltr'><strong>τὰς</strong></span> <span class='ocrx_word' id='word_1_114' title='bbox 656 1349 883 1413; x_wconf 76' lang='grc' dir='ltr'>λογικὰς</span> <span class='ocrx_word' id='word_1_115' title='bbox 926 1352 1113 1420; x_wconf 83' lang='grc' dir='ltr'>φωνὰς</span> <span class='ocrx_word' id='word_1_116' title='bbox 1138 1353 1468 1421; x_wconf 75' lang='grc' dir='ltr'>αἰτιάσαιτο,</span> <span class='ocrx_word' id='word_1_117' title='bbox 1517 1347 1629 1407; x_wconf 78' lang='grc' dir='ltr'>οἷον</span> <span class='ocrx_word' id='word_1_118' title='bbox 1679 1353 1742 1407; x_wconf 82' lang='grc' dir='ltr'><strong>τὸ</strong></span> <span class='ocrx_word' id='word_1_119' title='bbox 1783 1353 1915 1407; x_wconf 87' lang='grc' dir='ltr'>ἴδιον</span> 
     </span>
    </p>
   </div>
   <div class='ocr_carea' id='block_1_16' title="bbox 313 1442 1915 1518">
    <p class='ocr_par' dir='ltr' id='par_1_16' title="bbox 313 1442 1915 1518">
     <span class='ocr_line' id='line_1_16' title="bbox 313 1442 1915 1518; baseline 0.002 -22"><span class='ocrx_word' id='word_1_120' title='bbox 313 1442 411 1496; x_wconf 87' lang='lat' dir='ltr'><strong>xui.</strong></span> <span class='ocrx_word' id='word_1_121' title='bbox 445 1443 537 1495; x_wconf 84' lang='lat' dir='ltr'><strong>rbv</strong></span> <span class='ocrx_word' id='word_1_122' title='bbox 557 1444 784 1514; x_wconf 84' lang='grc' dir='ltr'>ὁρισμὸν</span> <span class='ocrx_word' id='word_1_123' title='bbox 807 1442 1035 1514; x_wconf 88' lang='grc' dir='ltr'>(τούτων</span> <span class='ocrx_word' id='word_1_124' title='bbox 1061 1444 1171 1516; x_wconf 83' lang='grc' dir='ltr'><strong>γὰρ</strong></span> <span class='ocrx_word' id='word_1_125' title='bbox 1200 1445 1608 1518; x_wconf 82' lang='grc' dir='ltr'><strong>ἀφαιρούμενα,</strong></span> <span class='ocrx_word' id='word_1_126' title='bbox 1635 1447 1775 1517; x_wconf 79' lang='grc' dir='ltr'>ὅπερ</span> <span class='ocrx_word' id='word_1_127' title='bbox 1796 1448 1915 1500; x_wconf 72' lang='grc' dir='ltr'>ἐστὶ</span> 
     </span>
    </p>
   </div>
   <div class='ocr_carea' id='block_1_17' title="bbox 310 1536 1912 1608">
    <p class='ocr_par' dir='ltr' id='par_1_17' title="bbox 310 1536 1912 1608">
     <span class='ocr_line' id='line_1_17' title="bbox 310 1536 1912 1608; baseline 0.002 -18"><span class='ocrx_word' id='word_1_128' title='bbox 310 1537 375 1590; x_wconf 83' lang='lat' dir='ltr'><strong>rb</strong></span> <span class='ocrx_word' id='word_1_129' title='bbox 406 1536 617 1607; x_wconf 77' lang='grc' dir='ltr'>ἕτερον,</span> <span class='ocrx_word' id='word_1_130' title='bbox 642 1536 867 1590; x_wconf 74' lang='grc' dir='ltr'>ἐστικαὶ</span> <span class='ocrx_word' id='word_1_131' title='bbox 887 1536 947 1590; x_wconf 91' lang='lat' dir='ltr'><strong>rb</strong></span> <span class='ocrx_word' id='word_1_132' title='bbox 976 1536 1204 1608; x_wconf 78' lang='grc' dir='ltr'>λοιπὸν),</span> <span class='ocrx_word' id='word_1_133' title='bbox 1251 1539 1368 1592; x_wconf 82' lang='grc' dir='ltr'><strong>ἀλλ’</strong></span> <span class='ocrx_word' id='word_1_134' title='bbox 1408 1538 1504 1593; x_wconf 84' lang='grc' dir='ltr'><strong>οῦν</strong></span> <span class='ocrx_word' id='word_1_135' title='bbox 1546 1540 1639 1593; x_wconf 73' lang='grc' dir='ltr'>ἐπὶ</span> <span class='ocrx_word' id='word_1_136' title='bbox 1685 1540 1912 1605; x_wconf 88' lang='grc' dir='ltr'>τούτων,</span> 
     </span>
    </p>
   </div>
   <div class='ocr_carea' id='block_1_18' title="bbox 318 1626 1915 1705">
    <p class='ocr_par' dir='ltr' id='par_1_18' title="bbox 318 1626 1915 1705">
     <span class='ocr_line' id='line_1_18' title="bbox 318 1626 1915 1705; baseline 0.004 -24"><span class='ocrx_word' id='word_1_137' title='bbox 318 1627 372 1682; x_wconf 82' lang='grc' dir='ltr'><strong>τι</strong></span> <span class='ocrx_word' id='word_1_138' title='bbox 404 1628 472 1682; x_wconf 82' lang='grc' dir='ltr'><strong>ἂν</strong></span> <span class='ocrx_word' id='word_1_139' title='bbox 505 1626 813 1683; x_wconf 76' lang='grc' dir='ltr'>αἰτιάσαιτο</span> <span class='ocrx_word' id='word_1_140' title='bbox 849 1647 864 1697; x_wconf 90' lang='grc'>;</span> <span class='ocrx_word' id='word_1_141' title='bbox 901 1631 961 1683; x_wconf 86' lang='grc' dir='ltr'>Ὀ</span> <span class='ocrx_word' id='word_1_142' title='bbox 987 1630 1088 1702; x_wconf 80' lang='grc' dir='ltr'><strong>μὲν</strong></span> <span class='ocrx_word' id='word_1_143' title='bbox 1114 1632 1226 1701; x_wconf 80' lang='grc' dir='ltr'><strong>γὰρ</strong></span> <span class='ocrx_word' id='word_1_144' title='bbox 1248 1631 1537 1705; x_wconf 84' lang='grc' dir='ltr'>ἄνθρωπός</span> <span class='ocrx_word' id='word_1_145' title='bbox 1559 1635 1708 1686; x_wconf 78' lang='grc' dir='ltr'>ἐστιν</span> <span class='ocrx_word' id='word_1_146' title='bbox 1754 1634 1915 1687; x_wconf 76' lang='grc' dir='ltr'>οὐσία</span> 
     </span>
    </p>
   </div>
   <div class='ocr_carea' id='block_1_19' title="bbox 315 1721 1907 1793">
    <p class='ocr_par' dir='ltr' id='par_1_19' title="bbox 315 1721 1907 1793">
     <span class='ocr_line' id='line_1_19' title="bbox 315 1721 1907 1793; baseline 0.003 -17"><span class='ocrx_word' id='word_1_147' title='bbox 315 1722 411 1776; x_wconf 84' lang='lat' dir='ltr'><strong>xui.</strong></span> <span class='ocrx_word' id='word_1_148' title='bbox 461 1721 621 1788; x_wconf 79' lang='grc' dir='ltr'>ζῶον,</span> <span class='ocrx_word' id='word_1_149' title='bbox 664 1722 725 1776; x_wconf 90' lang='lat' dir='ltr'><strong>rb</strong></span> <span class='ocrx_word' id='word_1_150' title='bbox 759 1723 817 1778; x_wconf 82' lang='grc' dir='ltr'><strong>δὲ</strong></span> <span class='ocrx_word' id='word_1_151' title='bbox 847 1723 1170 1792; x_wconf 77' lang='grc' dir='ltr'>γελαστικὸν</span> <span class='ocrx_word' id='word_1_152' title='bbox 1200 1725 1325 1779; x_wconf 78' lang='grc' dir='ltr'>οὕτε</span> <span class='ocrx_word' id='word_1_153' title='bbox 1357 1727 1535 1792; x_wconf 82' lang='grc' dir='ltr'>οὐσία,</span> <span class='ocrx_word' id='word_1_154' title='bbox 1562 1725 1685 1780; x_wconf 75' lang='grc' dir='ltr'>οὔτε</span> <span class='ocrx_word' id='word_1_155' title='bbox 1717 1727 1856 1793; x_wconf 83' lang='grc' dir='ltr'>ζῶον</span> <span class='ocrx_word' id='word_1_156' title='bbox 1893 1743 1907 1758; x_wconf 80' lang='grc'><strong><em>⁸</em></strong></span> 
     </span>
    </p>
   </div>
   <div class='ocr_carea' id='block_1_20' title="bbox 2011 515 3600 584">
    <p class='ocr_par' dir='ltr' id='par_1_20' title="bbox 2011 515 3600 584">
     <span class='ocr_line' id='line_1_20' title="bbox 2011 515 3600 584; baseline 0.004 -19"><span class='ocrx_word' id='word_1_157' title='bbox 2011 518 2134 566; x_wconf 90' lang='lat' dir='ltr'><strong>tura</strong></span> <span class='ocrx_word' id='word_1_158' title='bbox 2183 528 2292 567; x_wconf 89' lang='lat' dir='ltr'><strong>nou</strong></span> <span class='ocrx_word' id='word_1_159' title='bbox 2325 522 2412 569; x_wconf 85' lang='lat' dir='ltr'><strong>est</strong></span> <span class='ocrx_word' id='word_1_160' title='bbox 2466 515 2649 572; x_wconf 83' lang='lat' dir='ltr'><strong>simile</strong></span> <span class='ocrx_word' id='word_1_161' title='bbox 2683 532 2698 569; x_wconf 89' lang='lat'><strong>:</strong></span> <span class='ocrx_word' id='word_1_162' title='bbox 2747 516 2851 571; x_wconf 91' lang='lat' dir='ltr'><strong>hoc</strong></span> <span class='ocrx_word' id='word_1_163' title='bbox 2881 516 3045 572; x_wconf 89' lang='lat' dir='ltr'><strong>etiam</strong></span> <span class='ocrx_word' id='word_1_164' title='bbox 3075 517 3337 584; x_wconf 82' lang='lat' dir='ltr'><strong>dicimus,</strong></span> <span class='ocrx_word' id='word_1_165' title='bbox 3384 518 3600 574; x_wconf 77' lang='lat' dir='ltr'><strong>scilicet</strong></span> 
     </span>
    </p>
   </div>
   <div class='ocr_carea' id='block_1_21' title="bbox 2012 602 3601 672">
    <p class='ocr_par' dir='ltr' id='par_1_21' title="bbox 2012 602 3601 672">
     <span class='ocr_line' id='line_1_21' title="bbox 2012 602 3601 672; baseline 0 -15"><span class='ocrx_word' id='word_1_166' title='bbox 2012 602 2178 657; x_wconf 84' lang='lat' dir='ltr'><strong>homo</strong></span> <span class='ocrx_word' id='word_1_167' title='bbox 2230 613 2284 658; x_wconf 89' lang='lat' dir='ltr'><strong>et</strong></span> <span class='ocrx_word' id='word_1_168' title='bbox 2342 604 2548 658; x_wconf 80' lang='lat' dir='ltr'><strong>animal</strong></span> <span class='ocrx_word' id='word_1_169' title='bbox 2620 604 2886 660; x_wconf 75' lang='lat' dir='ltr'><strong>rationale</strong></span> <span class='ocrx_word' id='word_1_170' title='bbox 2936 605 3170 661; x_wconf 91' lang='lat' dir='ltr'><strong>mortale</strong></span> <span class='ocrx_word' id='word_1_171' title='bbox 3201 645 3218 670; x_wconf 92' lang='lat'><strong>,</strong></span> <span class='ocrx_word' id='word_1_172' title='bbox 3283 604 3426 659; x_wconf 88' lang='lat' dir='ltr'><strong>idem</strong></span> <span class='ocrx_word' id='word_1_173' title='bbox 3484 613 3601 672; x_wconf 89' lang='lat' dir='ltr'><strong>est;</strong></span> 
     </span>
    </p>
   </div>
   <div class='ocr_carea' id='block_1_22' title="bbox 2011 696 3597 768">
    <p class='ocr_par' dir='ltr' id='par_1_22' title="bbox 2011 696 3597 768">
     <span class='ocr_line' id='line_1_22' title="bbox 2011 696 3597 768; baseline 0.001 -17"><span class='ocrx_word' id='word_1_174' title='bbox 2011 707 2085 761; x_wconf 89' lang='lat' dir='ltr'><strong>et,</strong></span> <span class='ocrx_word' id='word_1_175' title='bbox 2127 696 2317 753; x_wconf 84' lang='lat' dir='ltr'><strong>ridens</strong></span> <span class='ocrx_word' id='word_1_176' title='bbox 2344 697 2553 752; x_wconf 85' lang='lat' dir='ltr'><strong>animal</strong></span> <span class='ocrx_word' id='word_1_177' title='bbox 2580 698 2834 762; x_wconf 81' lang='lat' dir='ltr'><strong>mortale,</strong></span> <span class='ocrx_word' id='word_1_178' title='bbox 2892 697 3034 753; x_wconf 78' lang='lat' dir='ltr'><strong>idem</strong></span> <span class='ocrx_word' id='word_1_179' title='bbox 3068 706 3155 752; x_wconf 90' lang='lat' dir='ltr'><strong>est</strong></span> <span class='ocrx_word' id='word_1_180' title='bbox 3187 706 3353 768; x_wconf 90' lang='lat' dir='ltr'><strong>atque</strong></span> <span class='ocrx_word' id='word_1_181' title='bbox 3381 696 3547 751; x_wconf 91' lang='lat' dir='ltr'><strong>homo</strong></span> <span class='ocrx_word' id='word_1_182' title='bbox 3581 714 3597 752; x_wconf 90' lang='lat'><strong>:</strong></span> 
     </span>
    </p>
   </div>
   <div class='ocr_carea' id='block_1_23' title="bbox 2013 791 3610 861">
    <p class='ocr_par' dir='ltr' id='par_1_23' title="bbox 2013 791 3610 861">
     <span class='ocr_line' id='line_1_23' title="bbox 2013 791 3610 861; baseline 0 -16"><span class='ocrx_word' id='word_1_183' title='bbox 2013 798 2070 845; x_wconf 91' lang='lat' dir='ltr'><strong>at</strong></span> <span class='ocrx_word' id='word_1_184' title='bbox 2107 805 2240 857; x_wconf 92' lang='lat' dir='ltr'><strong>non,</strong></span> <span class='ocrx_word' id='word_1_185' title='bbox 2284 792 2655 861; x_wconf 81' lang='lat' dir='ltr'><strong>quodcunque</strong></span> <span class='ocrx_word' id='word_1_186' title='bbox 2682 792 2749 847; x_wconf 88' lang='lat' dir='ltr'><strong>de</strong></span> <span class='ocrx_word' id='word_1_187' title='bbox 2789 807 2931 858; x_wconf 91' lang='lat' dir='ltr'><strong>uno,</strong></span> <span class='ocrx_word' id='word_1_188' title='bbox 2993 792 3063 846; x_wconf 86' lang='lat' dir='ltr'><strong>de</strong></span> <span class='ocrx_word' id='word_1_189' title='bbox 3107 792 3231 849; x_wconf 88' lang='lat' dir='ltr'><strong>aliis</strong></span> <span class='ocrx_word' id='word_1_190' title='bbox 3276 793 3418 846; x_wconf 88' lang='lat' dir='ltr'><strong>idem</strong></span> <span class='ocrx_word' id='word_1_191' title='bbox 3464 791 3610 847; x_wconf 85' lang='lat' dir='ltr'><strong>dice-</strong></span> 
     </span>
    </p>
   </div>
   <div class='ocr_carea' id='block_1_24' title="bbox 2012 884 3605 954">
    <p class='ocr_par' dir='ltr' id='par_1_24' title="bbox 2012 884 3605 954">
     <span class='ocr_line' id='line_1_24' title="bbox 2012 884 3605 954; baseline 0.002 -20"><span class='ocrx_word' id='word_1_192' title='bbox 2012 889 2138 948; x_wconf 94' lang='lat' dir='ltr'><strong>tur;</strong></span> <span class='ocrx_word' id='word_1_193' title='bbox 2173 899 2410 954; x_wconf 82' lang='lat' dir='ltr'><strong>namque</strong></span> <span class='ocrx_word' id='word_1_194' title='bbox 2444 884 2588 939; x_wconf 85' lang='lat' dir='ltr'><strong>risus</strong></span> <span class='ocrx_word' id='word_1_195' title='bbox 2628 884 2865 940; x_wconf 85' lang='lat' dir='ltr'><strong>hominis</strong></span> <span class='ocrx_word' id='word_1_196' title='bbox 2915 884 3218 953; x_wconf 86' lang='lat' dir='ltr'><strong>proprium,</strong></span> <span class='ocrx_word' id='word_1_197' title='bbox 3267 899 3377 940; x_wconf 94' lang='lat' dir='ltr'><strong>non</strong></span> <span class='ocrx_word' id='word_1_198' title='bbox 3421 890 3605 938; x_wconf 85' lang='lat' dir='ltr'><strong>autem</strong></span> 
     </span>
    </p>
   </div>
   <div class='ocr_carea' id='block_1_25' title="bbox 2015 978 3603 1047">
    <p class='ocr_par' dir='ltr' id='par_1_25' title="bbox 2015 978 3603 1047">
     <span class='ocr_line' id='line_1_25' title="bbox 2015 978 3603 1047; baseline 0.001 -15"><span class='ocrx_word' id='word_1_199' title='bbox 2015 978 2181 1033; x_wconf 89' lang='lat' dir='ltr'><strong>homo</strong></span> <span class='ocrx_word' id='word_1_200' title='bbox 2221 979 2494 1047; x_wconf 82' lang='lat' dir='ltr'><strong>hominis;</strong></span> <span class='ocrx_word' id='word_1_201' title='bbox 2547 980 2675 1036; x_wconf 82' lang='lat' dir='ltr'><strong>item</strong></span> <span class='ocrx_word' id='word_1_202' title='bbox 2707 1000 2721 1035; x_wconf 90' lang='lat'><strong>:</strong></span> <span class='ocrx_word' id='word_1_203' title='bbox 2788 982 2993 1035; x_wconf 87' lang='lat' dir='ltr'><strong>animal</strong></span> <span class='ocrx_word' id='word_1_204' title='bbox 3033 981 3303 1038; x_wconf 77' lang='lat' dir='ltr'><strong>rationale</strong></span> <span class='ocrx_word' id='word_1_205' title='bbox 3344 979 3603 1043; x_wconf 88' lang='lat' dir='ltr'><strong>mortale,</strong></span> 
     </span>
    </p>
   </div>
   <div class='ocr_carea' id='block_1_26' title="bbox 2017 1065 3608 1138">
    <p class='ocr_par' dir='ltr' id='par_1_26' title="bbox 2017 1065 3608 1138">
     <span class='ocr_line' id='line_1_26' title="bbox 2017 1065 3608 1138; baseline -0.002 -17"><span class='ocrx_word' id='word_1_206' title='bbox 2017 1067 2257 1123; x_wconf 84' lang='lat' dir='ltr'><strong>hominis</strong></span> <span class='ocrx_word' id='word_1_207' title='bbox 2286 1077 2374 1125; x_wconf 87' lang='lat' dir='ltr'><strong>est</strong></span> <span class='ocrx_word' id='word_1_208' title='bbox 2401 1069 2725 1138; x_wconf 85' lang='lat' dir='ltr'><strong>discretiva,</strong></span> <span class='ocrx_word' id='word_1_209' title='bbox 2759 1084 2871 1125; x_wconf 88' lang='lat' dir='ltr'><strong>non</strong></span> <span class='ocrx_word' id='word_1_210' title='bbox 2924 1078 3106 1126; x_wconf 85' lang='lat' dir='ltr'><strong>autem</strong></span> <span class='ocrx_word' id='word_1_211' title='bbox 3147 1070 3312 1124; x_wconf 89' lang='lat' dir='ltr'><strong>homo</strong></span> <span class='ocrx_word' id='word_1_212' title='bbox 3364 1065 3608 1121; x_wconf 86' lang='lat' dir='ltr'><strong>hominis</strong></span> 
     </span>
    </p>
   </div>
   <div class='ocr_carea' id='block_1_27' title="bbox 2014 1161 3612 1232">
    <p class='ocr_par' dir='ltr' id='par_1_27' title="bbox 2014 1161 3612 1232">
     <span class='ocr_line' id='line_1_27' title="bbox 2014 1161 3612 1232; baseline -0.001 -18"><span class='ocrx_word' id='word_1_213' title='bbox 2014 1161 2415 1217; x_wconf 85' lang='lat' dir='ltr'><strong>discretivum:</strong></span> <span class='ocrx_word' id='word_1_214' title='bbox 2462 1172 2840 1218; x_wconf 81' lang='lat' dir='ltr'><strong>verumtamen</strong></span> <span class='ocrx_word' id='word_1_215' title='bbox 2888 1173 3017 1219; x_wconf 88' lang='lat' dir='ltr'><strong>sunt</strong></span> <span class='ocrx_word' id='word_1_216' title='bbox 3066 1162 3255 1218; x_wconf 86' lang='lat' dir='ltr'><strong>eadem</strong></span> <span class='ocrx_word' id='word_1_217' title='bbox 3291 1161 3612 1232; x_wconf 84' lang='lat' dir='ltr'><strong>plerumque</strong></span> 
     </span>
    </p>
   </div>
   <div class='ocr_carea' id='block_1_28' title="bbox 2017 1253 3606 1327">
    <p class='ocr_par' dir='ltr' id='par_1_28' title="bbox 2017 1253 3606 1327">
     <span class='ocr_line' id='line_1_28' title="bbox 2017 1253 3606 1327; baseline 0 -19"><span class='ocrx_word' id='word_1_218' title='bbox 2017 1254 2242 1308; x_wconf 87' lang='lat' dir='ltr'><strong>similia.</strong></span> <span class='ocrx_word' id='word_1_219' title='bbox 2285 1253 2392 1309; x_wconf 88' lang='lat' dir='ltr'><strong>Sed</strong></span> <span class='ocrx_word' id='word_1_220' title='bbox 2450 1255 2497 1311; x_wconf 90' lang='lat' dir='ltr'><strong>si</strong></span> <span class='ocrx_word' id='word_1_221' title='bbox 2533 1256 2661 1325; x_wconf 83' lang='lat' dir='ltr'><strong>quis</strong></span> <span class='ocrx_word' id='word_1_222' title='bbox 2693 1256 2746 1309; x_wconf 92' lang='lat' dir='ltr'><strong>in</strong></span> <span class='ocrx_word' id='word_1_223' title='bbox 2797 1255 2884 1311; x_wconf 90' lang='lat' dir='ltr'><strong>his</strong></span> <span class='ocrx_word' id='word_1_224' title='bbox 2910 1255 3157 1311; x_wconf 87' lang='lat' dir='ltr'><strong>materiis</strong></span> <span class='ocrx_word' id='word_1_225' title='bbox 3202 1256 3406 1327; x_wconf 79' lang='lat' dir='ltr'><strong>logicas</strong></span> <span class='ocrx_word' id='word_1_226' title='bbox 3443 1268 3606 1307; x_wconf 80' lang='lat' dir='ltr'><strong>voces</strong></span> 
     </span>
    </p>
   </div>
   <div class='ocr_carea' id='block_1_29' title="bbox 2015 1345 3609 1418">
    <p class='ocr_par' dir='ltr' id='par_1_29' title="bbox 2015 1345 3609 1418">
     <span class='ocr_line' id='line_1_29' title="bbox 2015 1345 3609 1418; baseline -0.001 -17"><span class='ocrx_word' id='word_1_227' title='bbox 2015 1357 2302 1417; x_wconf 73' lang='lat' dir='ltr'><strong>exposcat,</strong></span> <span class='ocrx_word' id='word_1_228' title='bbox 2332 1347 2517 1417; x_wconf 87' lang='lat' dir='ltr'><strong>qualia</strong></span> <span class='ocrx_word' id='word_1_229' title='bbox 2552 1356 2684 1402; x_wconf 86' lang='lat' dir='ltr'><strong>sunt</strong></span> <span class='ocrx_word' id='word_1_230' title='bbox 2731 1348 2976 1418; x_wconf 81' lang='lat' dir='ltr'><strong>speciale</strong></span> <span class='ocrx_word' id='word_1_231' title='bbox 3012 1356 3068 1403; x_wconf 87' lang='lat' dir='ltr'><strong>et</strong></span> <span class='ocrx_word' id='word_1_232' title='bbox 3112 1347 3466 1402; x_wconf 85' lang='lat' dir='ltr'><strong>discretivmn</strong></span> <span class='ocrx_word' id='word_1_233' title='bbox 3499 1345 3609 1413; x_wconf 86' lang='lat' dir='ltr'><strong>(his</strong></span> 
     </span>
    </p>
   </div>
   <div class='ocr_carea' id='block_1_30' title="bbox 2016 1437 3608 1512">
    <p class='ocr_par' dir='ltr' id='par_1_30' title="bbox 2016 1437 3608 1512">
     <span class='ocr_line' id='line_1_30' title="bbox 2016 1437 3608 1512; baseline -0.001 -19"><span class='ocrx_word' id='word_1_234' title='bbox 2016 1439 2164 1493; x_wconf 88' lang='lat' dir='ltr'><strong>enim</strong></span> <span class='ocrx_word' id='word_1_235' title='bbox 2192 1439 2449 1505; x_wconf 82' lang='lat' dir='ltr'><strong>sublatis,</strong></span> <span class='ocrx_word' id='word_1_236' title='bbox 2478 1440 2714 1496; x_wconf 89' lang='lat' dir='ltr'><strong>alterum</strong></span> <span class='ocrx_word' id='word_1_237' title='bbox 2744 1441 2973 1512; x_wconf 86' lang='lat' dir='ltr'><strong>reliquis</strong></span> <span class='ocrx_word' id='word_1_238' title='bbox 3005 1441 3297 1496; x_wconf 85' lang='lat' dir='ltr'><strong>consimile</strong></span> <span class='ocrx_word' id='word_1_239' title='bbox 3316 1440 3449 1511; x_wconf 87' lang='lat' dir='ltr'><strong>est),</strong></span> <span class='ocrx_word' id='word_1_240' title='bbox 3474 1437 3608 1507; x_wconf 88' lang='lat' dir='ltr'><strong>quid</strong></span> 
     </span>
    </p>
   </div>
   <div class='ocr_carea' id='block_1_31' title="bbox 2017 1529 3613 1602">
    <p class='ocr_par' dir='ltr' id='par_1_31' title="bbox 2017 1529 3613 1602">
     <span class='ocr_line' id='line_1_31' title="bbox 2017 1529 3613 1602; baseline -0.003 -18"><span class='ocrx_word' id='word_1_241' title='bbox 2017 1545 2150 1600; x_wconf 83' lang='lat' dir='ltr'><strong>ergo</strong></span> <span class='ocrx_word' id='word_1_242' title='bbox 2196 1529 2248 1584; x_wconf 90' lang='lat' dir='ltr'><strong>in</strong></span> <span class='ocrx_word' id='word_1_243' title='bbox 2286 1530 2374 1587; x_wconf 87' lang='lat' dir='ltr'><strong>his</strong></span> <span class='ocrx_word' id='word_1_244' title='bbox 2419 1532 2797 1601; x_wconf 86' lang='lat' dir='ltr'><strong>exposceret?</strong></span> <span class='ocrx_word' id='word_1_245' title='bbox 2843 1532 3049 1602; x_wconf 89' lang='lat' dir='ltr'><strong>quippe</strong></span> <span class='ocrx_word' id='word_1_246' title='bbox 3096 1531 3262 1585; x_wconf 87' lang='lat' dir='ltr'><strong>homo</strong></span> <span class='ocrx_word' id='word_1_247' title='bbox 3298 1539 3383 1584; x_wconf 88' lang='lat' dir='ltr'><strong>est</strong></span> <span class='ocrx_word' id='word_1_248' title='bbox 3413 1544 3514 1583; x_wconf 85' lang='lat' dir='ltr'><strong>ens</strong></span> <span class='ocrx_word' id='word_1_249' title='bbox 3556 1533 3613 1581; x_wconf 91' lang='lat' dir='ltr'><strong>et</strong></span> 
     </span>
    </p>
   </div>
   <div class='ocr_carea' id='block_1_32' title="bbox 2017 1621 3610 1693">
    <p class='ocr_par' dir='ltr' id='par_1_32' title="bbox 2017 1621 3610 1693">
     <span class='ocr_line' id='line_1_32' title="bbox 2017 1621 3610 1693; baseline -0.001 -17"><span class='ocrx_word' id='word_1_250' title='bbox 2017 1624 2245 1689; x_wconf 87' lang='lat' dir='ltr'><strong>animal,</strong></span> <span class='ocrx_word' id='word_1_251' title='bbox 2300 1626 2395 1679; x_wconf 89' lang='lat' dir='ltr'><strong>sed</strong></span> <span class='ocrx_word' id='word_1_252' title='bbox 2450 1627 2598 1681; x_wconf 88' lang='lat' dir='ltr'><strong>risus</strong></span> <span class='ocrx_word' id='word_1_253' title='bbox 2642 1641 2754 1680; x_wconf 89' lang='lat' dir='ltr'><strong>non</strong></span> <span class='ocrx_word' id='word_1_254' title='bbox 2787 1641 2888 1681; x_wconf 93' lang='lat' dir='ltr'><strong>ens</strong></span> <span class='ocrx_word' id='word_1_255' title='bbox 2922 1626 3006 1680; x_wconf 91' lang='lat' dir='ltr'><strong>vel</strong></span> <span class='ocrx_word' id='word_1_256' title='bbox 3037 1625 3261 1689; x_wconf 87' lang='lat' dir='ltr'><strong>animal,</strong></span> <span class='ocrx_word' id='word_1_257' title='bbox 3296 1621 3443 1693; x_wconf 90' lang='lat' dir='ltr'><strong>quod</strong></span> <span class='ocrx_word' id='word_1_258' title='bbox 3495 1622 3610 1691; x_wconf 92' lang='lat' dir='ltr'><strong>plu-</strong></span> 
     </span>
    </p>
   </div>
   <div class='ocr_carea' id='block_1_33' title="bbox 2021 1714 3608 1773">
    <p class='ocr_par' dir='ltr' id='par_1_33' title="bbox 2021 1714 3608 1773">
     <span class='ocr_line' id='line_1_33' title="bbox 2021 1714 3608 1773; baseline -0.002 -3"><span class='ocrx_word' id='word_1_259' title='bbox 2021 1716 2158 1770; x_wconf 86' lang='lat' dir='ltr'><strong>rima</strong></span> <span class='ocrx_word' id='word_1_260' title='bbox 2208 1727 2396 1773; x_wconf 85' lang='lat' dir='ltr'><strong>essent</strong></span> <span class='ocrx_word' id='word_1_261' title='bbox 2457 1718 2605 1771; x_wconf 89' lang='lat' dir='ltr'><strong>entia</strong></span> <span class='ocrx_word' id='word_1_262' title='bbox 2652 1725 2747 1772; x_wconf 86' lang='lat' dir='ltr'><strong>aut</strong></span> <span class='ocrx_word' id='word_1_263' title='bbox 2795 1716 3055 1772; x_wconf 86' lang='lat' dir='ltr'><strong>animalia</strong></span> <span class='ocrx_word' id='word_1_264' title='bbox 3114 1717 3298 1771; x_wconf 90' lang='lat' dir='ltr'><strong>homo.</strong></span> <span class='ocrx_word' id='word_1_265' title='bbox 3364 1714 3608 1768; x_wconf 78' lang='lat' dir='ltr'><strong>Tametsi</strong></span> 
     </span>
    </p>
   </div>
   <div class='ocr_carea' id='block_1_34' title="bbox 312 1798 1913 1887">
    <p class='ocr_par' dir='ltr' id='par_1_34' title="bbox 312 1814 1905 1887">
     <span class='ocr_line' id='line_1_34' title="bbox 312 1814 1905 1887; baseline 0.006 -21"><span class='ocrx_word' id='word_1_266' title='bbox 312 1814 437 1868; x_wconf 71' lang='grc' dir='ltr'>ἐπεὶ</span> <span class='ocrx_word' id='word_1_267' title='bbox 467 1814 661 1869; x_wconf 77' lang='grc' dir='ltr'>πολλαὶ</span> <span class='ocrx_word' id='word_1_268' title='bbox 690 1814 758 1869; x_wconf 85' lang='grc' dir='ltr'>ἂν</span> <span class='ocrx_word' id='word_1_269' title='bbox 795 1817 987 1887; x_wconf 76' lang='grc' dir='ltr'>εἴησαν</span> <span class='ocrx_word' id='word_1_270' title='bbox 1024 1819 1052 1870; x_wconf 92' lang='lat'><strong>6</strong></span> <span class='ocrx_word' id='word_1_271' title='bbox 1080 1817 1369 1886; x_wconf 80' lang='grc' dir='ltr'>ἄνθρωπος</span> <span class='ocrx_word' id='word_1_272' title='bbox 1406 1819 1587 1873; x_wconf 77' lang='grc' dir='ltr'>οὐσίαι</span> <span class='ocrx_word' id='word_1_273' title='bbox 1627 1822 1721 1873; x_wconf 86' lang='lat' dir='ltr'><strong>xui.</strong></span> <span class='ocrx_word' id='word_1_274' title='bbox 1771 1818 1905 1884; x_wconf 78' lang='grc' dir='ltr'><strong>ζῶα.</strong></span> 
     </span>
    </p>
   </div>
   <div class='ocr_carea' id='block_1_35' title="bbox 2019 1798 3607 1887">
    <p class='ocr_par' dir='ltr' id='par_1_35' title="bbox 2019 1807 3607 1877">
     <span class='ocr_line' id='line_1_35' title="bbox 2019 1807 3607 1877; baseline 0 -15"><span class='ocrx_word' id='word_1_275' title='bbox 2019 1825 2144 1863; x_wconf 86' lang='lat' dir='ltr'><strong>vero</strong></span> <span class='ocrx_word' id='word_1_276' title='bbox 2186 1808 2301 1863; x_wconf 61' lang='lat' dir='ltr'><strong>haec</strong></span> <span class='ocrx_word' id='word_1_277' title='bbox 2349 1824 2480 1863; x_wconf 86' lang='lat' dir='ltr'><strong>vera</strong></span> <span class='ocrx_word' id='word_1_278' title='bbox 2520 1817 2672 1873; x_wconf 88' lang='lat' dir='ltr'><strong>sunt,</strong></span> <span class='ocrx_word' id='word_1_279' title='bbox 2722 1825 2830 1865; x_wconf 86' lang='lat' dir='ltr'><strong>non</strong></span> <span class='ocrx_word' id='word_1_280' title='bbox 2893 1819 3075 1864; x_wconf 87' lang='lat' dir='ltr'><strong>tamen</strong></span> <span class='ocrx_word' id='word_1_281' title='bbox 3128 1821 3258 1863; x_wconf 88' lang='lat' dir='ltr'><strong>sunt</strong></span> <span class='ocrx_word' id='word_1_282' title='bbox 3306 1807 3607 1877; x_wconf 72' lang='lat' dir='ltr'><strong>praemissis</strong></span> 
     </span>
    </p>
   </div>
   <div class='ocr_carea' id='block_1_36' title="bbox 313 1908 1911 1985">
    <p class='ocr_par' dir='ltr' id='par_1_36' title="bbox 313 1908 1911 1985">
     <span class='ocr_line' id='line_1_36' title="bbox 313 1908 1911 1985; baseline 0.002 -22"><span class='ocrx_word' id='word_1_283' title='bbox 313 1908 385 1963; x_wconf 86' lang='grc' dir='ltr'><strong>Ἢ</strong></span> <span class='ocrx_word' id='word_1_284' title='bbox 408 1908 457 1961; x_wconf 77' lang='grc' dir='ltr'><strong>εἰ</strong></span> <span class='ocrx_word' id='word_1_285' title='bbox 488 1908 775 1963; x_wconf 75' lang='grc' dir='ltr'>καὶταῦτα</span> <span class='ocrx_word' id='word_1_286' title='bbox 800 1910 900 1979; x_wconf 86' lang='grc' dir='ltr'><strong>μὲν</strong></span> <span class='ocrx_word' id='word_1_287' title='bbox 928 1909 1125 1981; x_wconf 82' lang='grc' dir='ltr'>ἀληθῆ,</span> <span class='ocrx_word' id='word_1_288' title='bbox 1155 1911 1253 1982; x_wconf 83' lang='grc' dir='ltr'>οὐχ</span> <span class='ocrx_word' id='word_1_289' title='bbox 1280 1912 1441 1981; x_wconf 85' lang='grc' dir='ltr'>ὃμοια</span> <span class='ocrx_word' id='word_1_290' title='bbox 1469 1912 1529 1964; x_wconf 76' lang='grc' dir='ltr'><strong>δὲ</strong></span> <span class='ocrx_word' id='word_1_291' title='bbox 1559 1915 1672 1976; x_wconf 85' lang='grc' dir='ltr'>τοῖς</span> <span class='ocrx_word' id='word_1_292' title='bbox 1714 1913 1774 1979; x_wconf 78' lang='grc' dir='ltr'>ἐξ</span> <span class='ocrx_word' id='word_1_293' title='bbox 1810 1915 1911 1985; x_wconf 83' lang='grc' dir='ltr'><strong>ἁρ-</strong></span> 
     </span>
    </p>
   </div>
   <div class='ocr_carea' id='block_1_37' title="bbox 310 1998 1911 2079">
    <p class='ocr_par' dir='ltr' id='par_1_37' title="bbox 310 1998 1911 2079">
     <span class='ocr_line' id='line_1_37' title="bbox 310 1998 1911 2079; baseline -0.008 -9"><span class='ocrx_word' id='word_1_294' title='bbox 310 1998 419 2070; x_wconf 75' lang='grc' dir='ltr'><strong>Χῆς</strong></span> <span class='ocrx_word' id='word_1_295' title='bbox 447 2000 836 2072; x_wconf 75' lang='grc' dir='ltr'><strong>προκειμένοις</strong></span> <span class='ocrx_word' id='word_1_296' title='bbox 864 2017 879 2032; x_wconf 88' lang='grc'><strong><em>⁸</em></strong></span> <span class='ocrx_word' id='word_1_297' title='bbox 911 2002 941 2055; x_wconf 64' lang='grc' dir='ltr'><strong>ὅ</strong></span> <span class='ocrx_word' id='word_1_298' title='bbox 962 2003 1073 2073; x_wconf 84' lang='grc' dir='ltr'>γὰρ</span> <span class='ocrx_word' id='word_1_299' title='bbox 1106 2004 1395 2073; x_wconf 79' lang='grc' dir='ltr'>ἄνθρωπος</span> <span class='ocrx_word' id='word_1_300' title='bbox 1418 2006 1515 2059; x_wconf 77' lang='lat' dir='ltr'><strong>xui</strong></span> <span class='ocrx_word' id='word_1_301' title='bbox 1542 2006 1577 2079; x_wconf 81' lang='grc' dir='ltr'>ή</span> <span class='ocrx_word' id='word_1_302' title='bbox 1622 2005 1911 2077; x_wconf 86' lang='grc' dir='ltr'>ἀνθρωπό-</span> 
     </span>
    </p>
   </div>
   <div class='ocr_carea' id='block_1_38' title="bbox 309 2090 1912 2165">
    <p class='ocr_par' dir='ltr' id='par_1_38' title="bbox 309 2090 1912 2165">
     <span class='ocr_line' id='line_1_38' title="bbox 309 2090 1912 2165; baseline 0.006 -23"><span class='ocrx_word' id='word_1_303' title='bbox 309 2106 414 2160; x_wconf 76' lang='grc' dir='ltr'><strong>της</strong></span> <span class='ocrx_word' id='word_1_304' title='bbox 452 2090 548 2143; x_wconf 89' lang='lat' dir='ltr'><strong>xui.</strong></span> <span class='ocrx_word' id='word_1_305' title='bbox 585 2090 646 2143; x_wconf 89' lang='lat' dir='ltr'><strong>rb</strong></span> <span class='ocrx_word' id='word_1_306' title='bbox 682 2090 817 2154; x_wconf 76' lang='grc' dir='ltr'>Θεὸς</span> <span class='ocrx_word' id='word_1_307' title='bbox 843 2095 938 2145; x_wconf 87' lang='lat' dir='ltr'><strong>xui.</strong></span> <span class='ocrx_word' id='word_1_308' title='bbox 986 2093 1198 2165; x_wconf 87' lang='grc' dir='ltr'>θεότης,</span> <span class='ocrx_word' id='word_1_309' title='bbox 1232 2095 1390 2165; x_wconf 72' lang='grc' dir='ltr'>εἴπερ</span> <span class='ocrx_word' id='word_1_310' title='bbox 1430 2096 1551 2149; x_wconf 74' lang='grc' dir='ltr'>ἐστὶ</span> <span class='ocrx_word' id='word_1_311' title='bbox 1579 2096 1777 2158; x_wconf 72' lang='grc' dir='ltr'>ταύτὰ,</span> <span class='ocrx_word' id='word_1_312' title='bbox 1810 2097 1912 2151; x_wconf 82' lang='grc' dir='ltr'><strong>οὐκ</strong></span> 
     </span>
    </p>
   </div>
   <div class='ocr_carea' id='block_1_39' title="bbox 314 2181 1911 2258">
    <p class='ocr_par' dir='ltr' id='par_1_39' title="bbox 314 2181 1911 2258">
     <span class='ocr_line' id='line_1_39' title="bbox 314 2181 1911 2258; baseline 0.004 -23"><span class='ocrx_word' id='word_1_313' title='bbox 314 2181 430 2236; x_wconf 76' lang='grc' dir='ltr'>ἔστι</span> <span class='ocrx_word' id='word_1_314' title='bbox 484 2182 630 2237; x_wconf 79' lang='grc' dir='ltr'>κατὰ</span> <span class='ocrx_word' id='word_1_315' title='bbox 669 2184 966 2257; x_wconf 82' lang='grc' dir='ltr'>ὁμοιότητα</span> <span class='ocrx_word' id='word_1_316' title='bbox 1021 2185 1133 2240; x_wconf 82' lang='grc' dir='ltr'>τῶν</span> <span class='ocrx_word' id='word_1_317' title='bbox 1196 2188 1507 2258; x_wconf 80' lang='grc' dir='ltr'>εἰρημένων</span> <span class='ocrx_word' id='word_1_318' title='bbox 1548 2190 1754 2244; x_wconf 82' lang='grc' dir='ltr'>ταύτά·</span> <span class='ocrx_word' id='word_1_319' title='bbox 1785 2188 1911 2242; x_wconf 78' lang='grc' dir='ltr'>οὗτε</span> 
     </span>
    </p>
   </div>
   <div class='ocr_carea' id='block_1_40' title="bbox 312 2276 1911 2352">
    <p class='ocr_par' dir='ltr' id='par_1_40' title="bbox 312 2276 1911 2352">
     <span class='ocr_line' id='line_1_40' title="bbox 312 2276 1911 2352; baseline 0.004 -24"><span class='ocrx_word' id='word_1_320' title='bbox 312 2276 421 2347; x_wconf 79' lang='grc' dir='ltr'><strong>γὰρ</strong></span> <span class='ocrx_word' id='word_1_321' title='bbox 459 2276 589 2330; x_wconf 84' lang='grc' dir='ltr'>ῐδιον</span> <span class='ocrx_word' id='word_1_322' title='bbox 611 2277 839 2349; x_wconf 73' lang='grc' dir='ltr'>θάτερον</span> <span class='ocrx_word' id='word_1_323' title='bbox 856 2277 1108 2349; x_wconf 80' lang='grc' dir='ltr'><strong>θατέρου,</strong></span> <span class='ocrx_word' id='word_1_324' title='bbox 1139 2277 1264 2332; x_wconf 73' lang='grc' dir='ltr'>οὔτε</span> <span class='ocrx_word' id='word_1_325' title='bbox 1290 2280 1436 2351; x_wconf 83' lang='grc' dir='ltr'>ὅρος,</span> <span class='ocrx_word' id='word_1_326' title='bbox 1460 2279 1579 2333; x_wconf 80' lang='grc' dir='ltr'><strong>ἀλλ’</strong></span> <span class='ocrx_word' id='word_1_327' title='bbox 1619 2280 1812 2352; x_wconf 84' lang='grc' dir='ltr'>ὥσπερ</span> <span class='ocrx_word' id='word_1_328' title='bbox 1842 2281 1911 2335; x_wconf 76' lang='grc' dir='ltr'><strong>ἂν</strong></span> 
     </span>
    </p>
   </div>
   <div class='ocr_carea' id='block_1_41' title="bbox 313 2370 1911 2443">
    <p class='ocr_par' dir='ltr' id='par_1_41' title="bbox 313 2370 1911 2443">
     <span class='ocr_line' id='line_1_41' title="bbox 313 2370 1911 2443; baseline 0.003 -21"><span class='ocrx_word' id='word_1_329' title='bbox 313 2370 587 2434; x_wconf 78' lang='grc' dir='ltr'>εἴποιτις,</span> <span class='ocrx_word' id='word_1_330' title='bbox 610 2370 852 2441; x_wconf 83' lang='grc' dir='ltr'>ὀνόματα</span> <span class='ocrx_word' id='word_1_331' title='bbox 878 2371 973 2424; x_wconf 89' lang='grc' dir='ltr'><strong>δύο</strong></span> <span class='ocrx_word' id='word_1_332' title='bbox 996 2372 1125 2442; x_wconf 71' lang='grc' dir='ltr'>περὶ</span> <span class='ocrx_word' id='word_1_333' title='bbox 1169 2371 1227 2424; x_wconf 76' lang='grc' dir='ltr'>ἓν</span> <span class='ocrx_word' id='word_1_334' title='bbox 1276 2373 1659 2443; x_wconf 79' lang='grc' dir='ltr'>ὑποκείμενον,</span> <span class='ocrx_word' id='word_1_335' title='bbox 1691 2373 1787 2426; x_wconf 85' lang='lat' dir='ltr'><strong>xui.</strong></span> <span class='ocrx_word' id='word_1_336' title='bbox 1835 2377 1911 2438; x_wconf 86' lang='grc' dir='ltr'><strong>ὡς</strong></span> 
     </span>
    </p>
   </div>
   <div class='ocr_carea' id='block_1_42' title="bbox 312 2460 1909 2538">
    <p class='ocr_par' dir='ltr' id='par_1_42' title="bbox 312 2460 1909 2538">
     <span class='ocr_line' id='line_1_42' title="bbox 312 2460 1909 2538; baseline 0.001 -20"><span class='ocrx_word' id='word_1_337' title='bbox 312 2462 517 2518; x_wconf 80' lang='grc' dir='ltr'>λώπιον</span> <span class='ocrx_word' id='word_1_338' title='bbox 538 2465 632 2517; x_wconf 86' lang='lat' dir='ltr'><strong>xui.</strong></span> <span class='ocrx_word' id='word_1_339' title='bbox 658 2465 873 2535; x_wconf 84' lang='grc' dir='ltr'>ἱμάτιον</span> <span class='ocrx_word' id='word_1_340' title='bbox 893 2481 910 2496; x_wconf 73' lang='grc' dir='ltr'><strong>ο</strong></span> <span class='ocrx_word' id='word_1_341' title='bbox 957 2465 1077 2530; x_wconf 83' lang='grc' dir='ltr'><strong>πῶς</strong></span> <span class='ocrx_word' id='word_1_342' title='bbox 1102 2462 1196 2520; x_wconf 83' lang='grc' dir='ltr'>οὗν</span> <span class='ocrx_word' id='word_1_343' title='bbox 1224 2468 1326 2520; x_wconf 81' lang='grc' dir='ltr'><strong>οὐκ</strong></span> <span class='ocrx_word' id='word_1_344' title='bbox 1364 2466 1451 2536; x_wconf 80' lang='grc' dir='ltr'>ἐφ’</span> <span class='ocrx_word' id='word_1_345' title='bbox 1471 2460 1546 2520; x_wconf 81' lang='grc' dir='ltr'>ὧν</span> <span class='ocrx_word' id='word_1_346' title='bbox 1601 2467 1664 2520; x_wconf 88' lang='lat' dir='ltr'><strong>rb</strong></span> <span class='ocrx_word' id='word_1_347' title='bbox 1700 2468 1909 2538; x_wconf 73' lang='grc' dir='ltr'>ἕτερον,</span> 
     </span>
    </p>
   </div>
   <div class='ocr_carea' id='block_1_43' title="bbox 314 2557 1911 2631">
    <p class='ocr_par' dir='ltr' id='par_1_43' title="bbox 314 2557 1911 2631">
     <span class='ocr_line' id='line_1_43' title="bbox 314 2557 1911 2631; baseline 0.001 -20"><span class='ocrx_word' id='word_1_348' title='bbox 314 2559 410 2611; x_wconf 79' lang='lat' dir='ltr'><strong>xui</strong></span> <span class='ocrx_word' id='word_1_349' title='bbox 462 2557 526 2612; x_wconf 94' lang='lat' dir='ltr'><strong>rb</strong></span> <span class='ocrx_word' id='word_1_350' title='bbox 562 2557 771 2629; x_wconf 74' lang='grc' dir='ltr'>ἕτερον,</span> <span class='ocrx_word' id='word_1_351' title='bbox 822 2558 856 2629; x_wconf 75' lang='grc' dir='ltr'>ἢ</span> <span class='ocrx_word' id='word_1_352' title='bbox 902 2559 1005 2613; x_wconf 84' lang='grc' dir='ltr'>ὅσα</span> <span class='ocrx_word' id='word_1_353' title='bbox 1049 2559 1129 2630; x_wconf 85' lang='grc' dir='ltr'>τῷ</span> <span class='ocrx_word' id='word_1_354' title='bbox 1172 2559 1363 2631; x_wconf 79' lang='grc' dir='ltr'>ἑτέρῳ,</span> <span class='ocrx_word' id='word_1_355' title='bbox 1387 2560 1508 2630; x_wconf 73' lang='grc' dir='ltr'>οὐχὶ</span> <span class='ocrx_word' id='word_1_356' title='bbox 1542 2560 1638 2614; x_wconf 88' lang='lat' dir='ltr'><strong>xui.</strong></span> <span class='ocrx_word' id='word_1_357' title='bbox 1662 2560 1911 2630; x_wconf 75' lang='grc' dir='ltr'>θατέρῳς</span> 
     </span>
    </p>
   </div>
   <div class='ocr_carea' id='block_1_44' title="bbox 313 2650 1911 2727">
    <p class='ocr_par' dir='ltr' id='par_1_44' title="bbox 313 2650 1911 2727">
     <span class='ocr_line' id='line_1_44' title="bbox 313 2650 1911 2727; baseline 0.003 -24"><span class='ocrx_word' id='word_1_358' title='bbox 313 2650 499 2721; x_wconf 80' lang='grc' dir='ltr'>Φαμὲν</span> <span class='ocrx_word' id='word_1_359' title='bbox 547 2651 664 2717; x_wconf 81' lang='grc' dir='ltr'>οὖν,</span> <span class='ocrx_word' id='word_1_360' title='bbox 712 2652 797 2706; x_wconf 82' lang='grc' dir='ltr'>ὅτι</span> <span class='ocrx_word' id='word_1_361' title='bbox 841 2651 1017 2706; x_wconf 85' lang='grc' dir='ltr'><strong>ταύτά</strong></span> <span class='ocrx_word' id='word_1_362' title='bbox 1072 2652 1170 2722; x_wconf 82' lang='grc' dir='ltr'>μέν</span> <span class='ocrx_word' id='word_1_363' title='bbox 1200 2653 1307 2706; x_wconf 82' lang='grc' dir='ltr'>εἱσι</span> <span class='ocrx_word' id='word_1_364' title='bbox 1340 2652 1402 2706; x_wconf 90' lang='lat' dir='ltr'><strong>rb</strong></span> <span class='ocrx_word' id='word_1_365' title='bbox 1442 2654 1729 2726; x_wconf 80' lang='grc' dir='ltr'>ἄνθρωπος</span> <span class='ocrx_word' id='word_1_366' title='bbox 1755 2656 1911 2727; x_wconf 85' lang='grc' dir='ltr'>καὶὴ</span> 
     </span>
    </p>
   </div>
   <div class='ocr_carea' id='block_1_45' title="bbox 314 2744 1913 2818">
    <p class='ocr_par' dir='ltr' id='par_1_45' title="bbox 314 2744 1913 2818">
     <span class='ocr_line' id='line_1_45' title="bbox 314 2744 1913 2818; baseline 0.002 -21"><span class='ocrx_word' id='word_1_367' title='bbox 314 2744 693 2816; x_wconf 83' lang='grc' dir='ltr'>ἀνθρωπότης,</span> <span class='ocrx_word' id='word_1_368' title='bbox 726 2744 803 2808; x_wconf 86' lang='grc' dir='ltr'><strong>ὡς</strong></span> <span class='ocrx_word' id='word_1_369' title='bbox 834 2745 1001 2798; x_wconf 80' lang='grc' dir='ltr'>ταὺτὸ</span> <span class='ocrx_word' id='word_1_370' title='bbox 1019 2746 1381 2815; x_wconf 79' lang='grc' dir='ltr'>ὑποκείμενον</span> <span class='ocrx_word' id='word_1_371' title='bbox 1409 2748 1503 2799; x_wconf 90' lang='lat' dir='ltr'><strong>xui.</strong></span> <span class='ocrx_word' id='word_1_372' title='bbox 1532 2748 1766 2818; x_wconf 83' lang='grc' dir='ltr'>πρᾶγμα</span> <span class='ocrx_word' id='word_1_373' title='bbox 1819 2747 1913 2818; x_wconf 85' lang='grc' dir='ltr'><strong>δη-</strong></span> 
     </span>
    </p>
   </div>
   <div class='ocr_carea' id='block_1_46' title="bbox 314 2834 1915 2909">
    <p class='ocr_par' dir='ltr' id='par_1_46' title="bbox 314 2834 1915 2909">
     <span class='ocr_line' id='line_1_46' title="bbox 314 2834 1915 2909; baseline 0.002 -21"><span class='ocrx_word' id='word_1_374' title='bbox 314 2834 532 2902; x_wconf 81' lang='grc' dir='ltr'>λοῦντα,</span> <span class='ocrx_word' id='word_1_375' title='bbox 602 2837 701 2908; x_wconf 80' lang='grc' dir='ltr'>οὐχ</span> <span class='ocrx_word' id='word_1_376' title='bbox 748 2837 1015 2901; x_wconf 82' lang='grc' dir='ltr'><strong>ὡσαύτως</strong></span> <span class='ocrx_word' id='word_1_377' title='bbox 1065 2838 1122 2891; x_wconf 81' lang='grc' dir='ltr'><strong>δὲ</strong></span> <span class='ocrx_word' id='word_1_378' title='bbox 1158 2836 1526 2909; x_wconf 79' lang='grc' dir='ltr'>λαμϐάνονται</span> <span class='ocrx_word' id='word_1_379' title='bbox 1565 2854 1581 2870; x_wconf 76' lang='grc' dir='ltr'><strong><em>ο</em></strong></span> <span class='ocrx_word' id='word_1_380' title='bbox 1609 2837 1726 2892; x_wconf 80' lang='grc' dir='ltr'>ἀλλ’</span> <span class='ocrx_word' id='word_1_381' title='bbox 1752 2838 1915 2908; x_wconf 79' lang='grc' dir='ltr'>ἡνίκα</span> 
     </span>
    </p>
   </div>
   <div class='ocr_carea' id='block_1_47' title="bbox 319 2927 1909 3000">
    <p class='ocr_par' dir='ltr' id='par_1_47' title="bbox 319 2927 1909 3000">
     <span class='ocr_line' id='line_1_47' title="bbox 319 2927 1909 3000; baseline 0.001 -19"><span class='ocrx_word' id='word_1_382' title='bbox 319 2927 418 2999; x_wconf 83' lang='grc' dir='ltr'><strong>μὲν</strong></span> <span class='ocrx_word' id='word_1_383' title='bbox 440 2927 727 2999; x_wconf 80' lang='grc' dir='ltr'>ἄνθρωπός</span> <span class='ocrx_word' id='word_1_384' title='bbox 756 2945 959 3000; x_wconf 88' lang='grc' dir='ltr'>φαμεν,</span> <span class='ocrx_word' id='word_1_385' title='bbox 984 2930 1085 2998; x_wconf 85' lang='grc' dir='ltr'>τὴν</span> <span class='ocrx_word' id='word_1_386' title='bbox 1117 2928 1410 3000; x_wconf 83' lang='grc' dir='ltr'>ἀνθρώπου</span> <span class='ocrx_word' id='word_1_387' title='bbox 1467 2928 1630 2998; x_wconf 85' lang='grc' dir='ltr'>φύσιν</span> <span class='ocrx_word' id='word_1_388' title='bbox 1696 2929 1909 2983; x_wconf 79' lang='grc' dir='ltr'>ἐννοοῦ-</span> 
     </span>
    </p>
   </div>
   <div class='ocr_carea' id='block_1_48' title="bbox 319 3020 1914 3092">
    <p class='ocr_par' dir='ltr' id='par_1_48' title="bbox 319 3020 1914 3092">
     <span class='ocr_line' id='line_1_48' title="bbox 319 3020 1914 3092; baseline 0.001 -20"><span class='ocrx_word' id='word_1_389' title='bbox 319 3036 421 3090; x_wconf 89' lang='grc' dir='ltr'>μεν</span> <span class='ocrx_word' id='word_1_390' title='bbox 450 3021 526 3083; x_wconf 82' lang='grc' dir='ltr'><strong>ὡς</strong></span> <span class='ocrx_word' id='word_1_391' title='bbox 559 3023 1116 3092; x_wconf 61' lang='grc' dir='ltr'>ἔγκατα-τεταγμένην</span> <span class='ocrx_word' id='word_1_392' title='bbox 1139 3024 1260 3085; x_wconf 86' lang='grc' dir='ltr'>ταῖς</span> <span class='ocrx_word' id='word_1_393' title='bbox 1299 3020 1666 3075; x_wconf 82' lang='grc' dir='ltr'>ὑποστάσεσιν</span> <span class='ocrx_word' id='word_1_394' title='bbox 1694 3036 1709 3052; x_wconf 68' lang='grc'><strong><em>⁸</em></strong></span> <span class='ocrx_word' id='word_1_395' title='bbox 1752 3021 1914 3090; x_wconf 78' lang='grc' dir='ltr'>ἡνίκα</span> 
     </span>
    </p>
   </div>
   <div class='ocr_carea' id='block_1_49' title="bbox 2013 1900 3612 1972">
    <p class='ocr_par' dir='ltr' id='par_1_49' title="bbox 2013 1900 3612 1972">
     <span class='ocr_line' id='line_1_49' title="bbox 2013 1900 3612 1972; baseline -0.002 -15"><span class='ocrx_word' id='word_1_396' title='bbox 2013 1902 2217 1957; x_wconf 85' lang='lat' dir='ltr'><strong>similia</strong></span> <span class='ocrx_word' id='word_1_397' title='bbox 2251 1920 2265 1957; x_wconf 93' lang='lat'><strong>:</strong></span> <span class='ocrx_word' id='word_1_398' title='bbox 2298 1918 2539 1972; x_wconf 86' lang='lat' dir='ltr'><strong>namque</strong></span> <span class='ocrx_word' id='word_1_399' title='bbox 2578 1903 2743 1958; x_wconf 82' lang='lat' dir='ltr'><strong>homo</strong></span> <span class='ocrx_word' id='word_1_400' title='bbox 2778 1912 2835 1958; x_wconf 89' lang='lat' dir='ltr'><strong>et</strong></span> <span class='ocrx_word' id='word_1_401' title='bbox 2884 1903 3221 1967; x_wconf 87' lang='lat' dir='ltr'><strong>humanitas,</strong></span> <span class='ocrx_word' id='word_1_402' title='bbox 3256 1900 3399 1956; x_wconf 88' lang='lat' dir='ltr'><strong>Deus</strong></span> <span class='ocrx_word' id='word_1_403' title='bbox 3431 1907 3487 1955; x_wconf 90' lang='lat' dir='ltr'><strong>et</strong></span> <span class='ocrx_word' id='word_1_404' title='bbox 3524 1901 3612 1955; x_wconf 81' lang='lat' dir='ltr'><strong>di-</strong></span> 
     </span>
    </p>
   </div>
   <div class='ocr_carea' id='block_1_50' title="bbox 2015 1996 3610 2066">
    <p class='ocr_par' dir='ltr' id='par_1_50' title="bbox 2015 1996 3610 2066">
     <span class='ocr_line' id='line_1_50' title="bbox 2015 1996 3610 2066; baseline 0.001 -20"><span class='ocrx_word' id='word_1_405' title='bbox 2015 1996 2243 2058; x_wconf 84' lang='lat' dir='ltr'><strong>viuitas,</strong></span> <span class='ocrx_word' id='word_1_406' title='bbox 2273 1997 2532 2066; x_wconf 81' lang='lat' dir='ltr'><strong>quamvis</strong></span> <span class='ocrx_word' id='word_1_407' title='bbox 2560 1996 2751 2051; x_wconf 84' lang='lat' dir='ltr'><strong>eadem</strong></span> <span class='ocrx_word' id='word_1_408' title='bbox 2777 1997 2911 2061; x_wconf 92' lang='lat' dir='ltr'><strong>sint,</strong></span> <span class='ocrx_word' id='word_1_409' title='bbox 2936 2010 3046 2051; x_wconf 88' lang='lat' dir='ltr'><strong>non</strong></span> <span class='ocrx_word' id='word_1_410' title='bbox 3077 2006 3206 2051; x_wconf 88' lang='lat' dir='ltr'><strong>sunt</strong></span> <span class='ocrx_word' id='word_1_411' title='bbox 3245 1996 3438 2050; x_wconf 89' lang='lat' dir='ltr'><strong>eadem</strong></span> <span class='ocrx_word' id='word_1_412' title='bbox 3470 2008 3610 2066; x_wconf 81' lang='lat' dir='ltr'><strong>qua-</strong></span> 
     </span>
    </p>
   </div>
   <div class='ocr_carea' id='block_1_51' title="bbox 2014 2088 3610 2159">
    <p class='ocr_par' dir='ltr' id='par_1_51' title="bbox 2014 2088 3610 2159">
     <span class='ocr_line' id='line_1_51' title="bbox 2014 2088 3610 2159; baseline -0.003 -16"><span class='ocrx_word' id='word_1_413' title='bbox 2014 2098 2175 2144; x_wconf 87' lang='lat' dir='ltr'><strong>tenus</strong></span> <span class='ocrx_word' id='word_1_414' title='bbox 2204 2088 2504 2159; x_wconf 63' lang='lat' dir='ltr'><strong>praedicta;</strong></span> <span class='ocrx_word' id='word_1_415' title='bbox 2537 2103 2713 2159; x_wconf 85' lang='lat' dir='ltr'><strong>neque</strong></span> <span class='ocrx_word' id='word_1_416' title='bbox 2752 2089 2897 2143; x_wconf 88' lang='lat' dir='ltr'><strong>enim</strong></span> <span class='ocrx_word' id='word_1_417' title='bbox 2936 2088 3173 2141; x_wconf 88' lang='lat' dir='ltr'><strong>altermn</strong></span> <span class='ocrx_word' id='word_1_418' title='bbox 3207 2088 3441 2141; x_wconf 87' lang='lat' dir='ltr'><strong>alterius</strong></span> <span class='ocrx_word' id='word_1_419' title='bbox 3481 2100 3610 2156; x_wconf 82' lang='lat' dir='ltr'><strong>pro-</strong></span> 
     </span>
    </p>
   </div>
   <div class='ocr_carea' id='block_1_52' title="bbox 2014 2177 3610 2258">
    <p class='ocr_par' dir='ltr' id='par_1_52' title="bbox 2014 2177 3610 2258">
     <span class='ocr_line' id='line_1_52' title="bbox 2014 2177 3610 2258; baseline -0.001 -26"><span class='ocrx_word' id='word_1_420' title='bbox 2014 2180 2221 2250; x_wconf 86' lang='lat' dir='ltr'><strong>prium,</strong></span> <span class='ocrx_word' id='word_1_421' title='bbox 2260 2195 2438 2249; x_wconf 92' lang='lat' dir='ltr'><strong>neque</strong></span> <span class='ocrx_word' id='word_1_422' title='bbox 2470 2179 2879 2258; x_wconf 35' lang='lat' dir='ltr'><strong>‘distinctivum,</strong></span> <span class='ocrx_word' id='word_1_423' title='bbox 2907 2185 2967 2232; x_wconf 90' lang='lat' dir='ltr'><strong>ut</strong></span> <span class='ocrx_word' id='word_1_424' title='bbox 2989 2178 3033 2233; x_wconf 89' lang='lat' dir='ltr'><strong>si</strong></span> <span class='ocrx_word' id='word_1_425' title='bbox 3061 2178 3185 2247; x_wconf 89' lang='lat' dir='ltr'><strong>quis</strong></span> <span class='ocrx_word' id='word_1_426' title='bbox 3206 2179 3315 2232; x_wconf 90' lang='lat' dir='ltr'><strong>duo</strong></span> <span class='ocrx_word' id='word_1_427' title='bbox 3342 2177 3610 2233; x_wconf 83' lang='lat' dir='ltr'><strong>voeabula</strong></span> 
     </span>
    </p>
   </div>
   <div class='ocr_carea' id='block_1_53' title="bbox 2016 2260 3604 2341">
    <p class='ocr_par' dir='ltr' id='par_1_53' title="bbox 2016 2260 3604 2341">
     <span class='ocr_line' id='line_1_53' title="bbox 2016 2260 3604 2341; baseline -0.001 -17"><span class='ocrx_word' id='word_1_428' title='bbox 2016 2287 2115 2341; x_wconf 80' lang='lat' dir='ltr'><strong>pro</strong></span> <span class='ocrx_word' id='word_1_429' title='bbox 2137 2287 2247 2326; x_wconf 91' lang='lat' dir='ltr'><strong>uno</strong></span> <span class='ocrx_word' id='word_1_430' title='bbox 2266 2260 2517 2341; x_wconf 79' lang='lat' dir='ltr'><strong>subjecto</strong></span> <span class='ocrx_word' id='word_1_431' title='bbox 2542 2271 2821 2334; x_wconf 84' lang='lat' dir='ltr'><strong>adhibeat,</strong></span> <span class='ocrx_word' id='word_1_432' title='bbox 2842 2271 3002 2340; x_wconf 85' lang='lat' dir='ltr'><strong>quasi</strong></span> <span class='ocrx_word' id='word_1_433' title='bbox 3031 2284 3274 2340; x_wconf 87' lang='lat' dir='ltr'><strong>pannum</strong></span> <span class='ocrx_word' id='word_1_434' title='bbox 3297 2278 3350 2322; x_wconf 88' lang='lat' dir='ltr'><strong>et</strong></span> <span class='ocrx_word' id='word_1_435' title='bbox 3373 2276 3604 2322; x_wconf 80' lang='lat' dir='ltr'><strong>vestem.</strong></span> 
     </span>
    </p>
   </div>
   <div class='ocr_carea' id='block_1_54' title="bbox 2013 2361 3611 2436">
    <p class='ocr_par' dir='ltr' id='par_1_54' title="bbox 2013 2361 3611 2436">
     <span class='ocr_line' id='line_1_54' title="bbox 2013 2361 3611 2436; baseline -0.003 -17"><span class='ocrx_word' id='word_1_436' title='bbox 2013 2365 2329 2436; x_wconf 87' lang='lat' dir='ltr'><strong>Curitaque</strong></span> <span class='ocrx_word' id='word_1_437' title='bbox 2346 2380 2455 2419; x_wconf 88' lang='lat' dir='ltr'><strong>non</strong></span> <span class='ocrx_word' id='word_1_438' title='bbox 2477 2381 2587 2435; x_wconf 93' lang='lat' dir='ltr'><strong>quo</strong></span> <span class='ocrx_word' id='word_1_439' title='bbox 2617 2366 2736 2420; x_wconf 91' lang='lat' dir='ltr'><strong>loco</strong></span> <span class='ocrx_word' id='word_1_440' title='bbox 2763 2365 3023 2426; x_wconf 85' lang='lat' dir='ltr'><strong>alterum,</strong></span> <span class='ocrx_word' id='word_1_441' title='bbox 3048 2363 3197 2416; x_wconf 87' lang='lat' dir='ltr'><strong>aliud</strong></span> <span class='ocrx_word' id='word_1_442' title='bbox 3224 2361 3435 2433; x_wconf 86' lang='lat' dir='ltr'><strong>pariter</strong></span> <span class='ocrx_word' id='word_1_443' title='bbox 3469 2376 3611 2415; x_wconf 84' lang='lat' dir='ltr'><strong>nun—</strong></span> 
     </span>
    </p>
   </div>
   <div class='ocr_carea' id='block_1_55' title="bbox 2014 2453 3611 2527">
    <p class='ocr_par' dir='ltr' id='par_1_55' title="bbox 2014 2453 3611 2527">
     <span class='ocr_line' id='line_1_55' title="bbox 2014 2453 3611 2527; baseline -0.006 -15"><span class='ocrx_word' id='word_1_444' title='bbox 2014 2469 2334 2527; x_wconf 83' lang='lat' dir='ltr'><strong>cuparetur,</strong></span> <span class='ocrx_word' id='word_1_445' title='bbox 2378 2466 2432 2512; x_wconf 87' lang='lat' dir='ltr'><strong>et</strong></span> <span class='ocrx_word' id='word_1_446' title='bbox 2486 2470 2835 2526; x_wconf 66' lang='lat' dir='ltr'><strong>quaecunque</strong></span> <span class='ocrx_word' id='word_1_447' title='bbox 2887 2455 3052 2509; x_wconf 85' lang='lat' dir='ltr'><strong>unius</strong></span> <span class='ocrx_word' id='word_1_448' title='bbox 3104 2469 3213 2508; x_wconf 91' lang='lat' dir='ltr'><strong>non</strong></span> <span class='ocrx_word' id='word_1_449' title='bbox 3268 2453 3435 2507; x_wconf 89' lang='lat' dir='ltr'><strong>etiam</strong></span> <span class='ocrx_word' id='word_1_450' title='bbox 3474 2454 3611 2505; x_wconf 89' lang='lat' dir='ltr'><strong>alte-</strong></span> 
     </span>
    </p>
   </div>
   <div class='ocr_carea' id='block_1_56' title="bbox 2016 2545 3612 2619">
    <p class='ocr_par' dir='ltr' id='par_1_56' title="bbox 2016 2545 3612 2619">
     <span class='ocr_line' id='line_1_56' title="bbox 2016 2545 3612 2619; baseline -0.004 -14"><span class='ocrx_word' id='word_1_451' title='bbox 2016 2551 2134 2605; x_wconf 86' lang='lat' dir='ltr'><strong>rius</strong></span> <span class='ocrx_word' id='word_1_452' title='bbox 2194 2548 2425 2605; x_wconf 89' lang='lat' dir='ltr'><strong>essent?</strong></span> <span class='ocrx_word' id='word_1_453' title='bbox 2484 2547 2730 2603; x_wconf 86' lang='lat' dir='ltr'><strong>Dicimus</strong></span> <span class='ocrx_word' id='word_1_454' title='bbox 2772 2562 2905 2619; x_wconf 73' lang='lat' dir='ltr'><strong>ergo</strong></span> <span class='ocrx_word' id='word_1_455' title='bbox 2953 2547 3144 2602; x_wconf 89' lang='lat' dir='ltr'><strong>eadem</strong></span> <span class='ocrx_word' id='word_1_456' title='bbox 3196 2561 3323 2602; x_wconf 76' lang='lat' dir='ltr'><strong>esse.</strong></span> <span class='ocrx_word' id='word_1_457' title='bbox 3359 2545 3524 2598; x_wconf 87' lang='lat' dir='ltr'><strong>homo</strong></span> <span class='ocrx_word' id='word_1_458' title='bbox 3554 2551 3612 2599; x_wconf 90' lang='lat' dir='ltr'><strong>et</strong></span> 
     </span>
    </p>
   </div>
   <div class='ocr_carea' id='block_1_57' title="bbox 2017 2639 3609 2712">
    <p class='ocr_par' dir='ltr' id='par_1_57' title="bbox 2017 2639 3609 2712">
     <span class='ocr_line' id='line_1_57' title="bbox 2017 2639 3609 2712; baseline -0.003 -14"><span class='ocrx_word' id='word_1_459' title='bbox 2017 2644 2354 2707; x_wconf 88' lang='lat' dir='ltr'><strong>humanitas,</strong></span> <span class='ocrx_word' id='word_1_460' title='bbox 2388 2654 2661 2712; x_wconf 86' lang='lat' dir='ltr'><strong>quatenus</strong></span> <span class='ocrx_word' id='word_1_461' title='bbox 2692 2642 2835 2696; x_wconf 90' lang='lat' dir='ltr'><strong>idem</strong></span> <span class='ocrx_word' id='word_1_462' title='bbox 2881 2640 3194 2710; x_wconf 80' lang='lat' dir='ltr'><strong>subjectum</strong></span> <span class='ocrx_word' id='word_1_463' title='bbox 3246 2639 3609 2708; x_wconf 81' lang='lat' dir='ltr'><strong>eamdemque</strong></span> 
     </span>
    </p>
   </div>
   <div class='ocr_carea' id='block_1_58' title="bbox 2017 2734 3609 2803">
    <p class='ocr_par' dir='ltr' id='par_1_58' title="bbox 2017 2734 3609 2803">
     <span class='ocr_line' id='line_1_58' title="bbox 2017 2734 3609 2803; baseline -0.006 -10"><span class='ocrx_word' id='word_1_464' title='bbox 2017 2753 2131 2793; x_wconf 84' lang='lat' dir='ltr'><strong>rem</strong></span> <span class='ocrx_word' id='word_1_465' title='bbox 2165 2735 2531 2801; x_wconf 84' lang='lat' dir='ltr'><strong>declarantia‘,</strong></span> <span class='ocrx_word' id='word_1_466' title='bbox 2574 2751 2684 2789; x_wconf 90' lang='lat' dir='ltr'><strong>non</strong></span> <span class='ocrx_word' id='word_1_467' title='bbox 2728 2744 2911 2789; x_wconf 89' lang='lat' dir='ltr'><strong>autem</strong></span> <span class='ocrx_word' id='word_1_468' title='bbox 2956 2734 3243 2803; x_wconf 68' lang='lat' dir='ltr'><strong>aequaliter</strong></span> <span class='ocrx_word' id='word_1_469' title='bbox 3280 2746 3609 2801; x_wconf 82' lang='lat' dir='ltr'><strong>nuneupan-</strong></span> 
     </span>
    </p>
   </div>
   <div class='ocr_carea' id='block_1_59' title="bbox 2016 2825 3606 2901">
    <p class='ocr_par' dir='ltr' id='par_1_59' title="bbox 2016 2825 3606 2901">
     <span class='ocr_line' id='line_1_59' title="bbox 2016 2825 3606 2901; baseline -0.005 -15"><span class='ocrx_word' id='word_1_470' title='bbox 2016 2840 2142 2897; x_wconf 90' lang='lat' dir='ltr'><strong>tur;</strong></span> <span class='ocrx_word' id='word_1_471' title='bbox 2180 2831 2382 2901; x_wconf 82' lang='lat' dir='ltr'><strong>quippe</strong></span> <span class='ocrx_word' id='word_1_472' title='bbox 2402 2845 2528 2883; x_wconf 91' lang='lat' dir='ltr'><strong>cum</strong></span> <span class='ocrx_word' id='word_1_473' title='bbox 2567 2829 2734 2883; x_wconf 92' lang='lat' dir='ltr'><strong>homo</strong></span> <span class='ocrx_word' id='word_1_474' title='bbox 2777 2828 3031 2892; x_wconf 78' lang='lat' dir='ltr'><strong>dicimus,</strong></span> <span class='ocrx_word' id='word_1_475' title='bbox 3066 2825 3308 2880; x_wconf 85' lang='lat' dir='ltr'><strong>hominis</strong></span> <span class='ocrx_word' id='word_1_476' title='bbox 3349 2834 3606 2879; x_wconf 88' lang='lat' dir='ltr'><strong>naturam</strong></span> 
     </span>
    </p>
   </div>
   <div class='ocr_carea' id='block_1_60' title="bbox 2016 2919 3609 2994">
    <p class='ocr_par' dir='ltr' id='par_1_60' title="bbox 2016 2919 3609 2994">
     <span class='ocr_line' id='line_1_60' title="bbox 2016 2919 3609 2994; baseline -0.006 -17"><span class='ocrx_word' id='word_1_477' title='bbox 2016 2924 2440 2994; x_wconf 85' lang='lat' dir='ltr'><strong>complectimur</strong></span> <span class='ocrx_word' id='word_1_478' title='bbox 2468 2930 2531 2976; x_wconf 88' lang='lat' dir='ltr'><strong>ut</strong></span> <span class='ocrx_word' id='word_1_479' title='bbox 2572 2919 3440 2993; x_wconf 75' lang='lat' dir='ltr'><strong>hypostasibusincorporatum;</strong></span> <span class='ocrx_word' id='word_1_480' title='bbox 3483 2930 3609 2970; x_wconf 90' lang='lat' dir='ltr'><strong>eum</strong></span> 
     </span>
    </p>
   </div>
   <div class='ocr_carea' id='block_1_61' title="bbox 2016 3009 3610 3082">
    <p class='ocr_par' dir='ltr' id='par_1_61' title="bbox 2016 3009 3610 3082">
     <span class='ocr_line' id='line_1_61' title="bbox 2016 3009 3610 3082; baseline -0.005 -12"><span class='ocrx_word' id='word_1_481' title='bbox 2016 3032 2153 3072; x_wconf 82' lang='lat' dir='ltr'><strong>vero</strong></span> <span class='ocrx_word' id='word_1_482' title='bbox 2183 3016 2497 3071; x_wconf 85' lang='lat' dir='ltr'><strong>humanitas</strong></span> <span class='ocrx_word' id='word_1_483' title='bbox 2533 3015 2797 3079; x_wconf 88' lang='lat' dir='ltr'><strong>dicimus,</strong></span> <span class='ocrx_word' id='word_1_484' title='bbox 2842 3021 3097 3067; x_wconf 90' lang='lat' dir='ltr'><strong>naturam</strong></span> <span class='ocrx_word' id='word_1_485' title='bbox 3128 3012 3306 3082; x_wconf 85' lang='lat' dir='ltr'><strong>ipsam</strong></span> <span class='ocrx_word' id='word_1_486' title='bbox 3343 3009 3610 3072; x_wconf 83' lang='lat' dir='ltr'><strong>hominis,</strong></span> 
     </span>
    </p>
   </div>
   <div class='ocr_carea' id='block_1_62' title="bbox 314 3100 1913 3207">
    <p class='ocr_par' dir='ltr' id='par_1_62' title="bbox 314 3111 1911 3187">
     <span class='ocr_line' id='line_1_62' title="bbox 314 3111 1911 3187; baseline 0 -20"><span class='ocrx_word' id='word_1_487' title='bbox 314 3111 373 3167; x_wconf 78' lang='grc' dir='ltr'><strong>δὲ</strong></span> <span class='ocrx_word' id='word_1_488' title='bbox 406 3112 825 3183; x_wconf 82' lang='grc' dir='ltr'>ἀνθρωπότητα,</span> <span class='ocrx_word' id='word_1_489' title='bbox 864 3115 965 3183; x_wconf 83' lang='grc' dir='ltr'><strong>τὴν</strong></span> <span class='ocrx_word' id='word_1_490' title='bbox 998 3113 1170 3186; x_wconf 77' lang='grc' dir='ltr'>αὐτὴν</span> <span class='ocrx_word' id='word_1_491' title='bbox 1234 3115 1332 3185; x_wconf 85' lang='grc' dir='ltr'>μὲν</span> <span class='ocrx_word' id='word_1_492' title='bbox 1379 3112 1668 3187; x_wconf 83' lang='grc' dir='ltr'>ἀνθρώπου</span> <span class='ocrx_word' id='word_1_493' title='bbox 1728 3114 1911 3183; x_wconf 86' lang='grc' dir='ltr'>φύσιν,</span> 
     </span>
    </p>
   </div>
   <div class='ocr_carea' id='block_1_63' title="bbox 2019 3100 3607 3207">
    <p class='ocr_par' dir='ltr' id='par_1_63' title="bbox 2020 3100 3607 3181">
     <span class='ocr_line' id='line_1_63' title="bbox 2020 3100 3607 3181; baseline -0.008 -16"><span class='ocrx_word' id='word_1_494' title='bbox 2020 3126 2130 3165; x_wconf 88' lang='lat' dir='ltr'><strong>non</strong></span> <span class='ocrx_word' id='word_1_495' title='bbox 2185 3110 2408 3181; x_wconf 85' lang='lat' dir='ltr'><strong>quidem</strong></span> <span class='ocrx_word' id='word_1_496' title='bbox 2441 3107 2669 3163; x_wconf 89' lang='lat' dir='ltr'><strong>omnino</strong></span> <span class='ocrx_word' id='word_1_497' title='bbox 2703 3112 3099 3166; x_wconf 87' lang='lat' dir='ltr'><strong>consonanter,</strong></span> <span class='ocrx_word' id='word_1_498' title='bbox 3153 3102 3248 3157; x_wconf 92' lang='lat' dir='ltr'><strong>sed</strong></span> <span class='ocrx_word' id='word_1_499' title='bbox 3285 3101 3490 3155; x_wconf 86' lang='lat' dir='ltr'><strong>atomis</strong></span> <span class='ocrx_word' id='word_1_500' title='bbox 3519 3100 3607 3154; x_wconf 92' lang='lat' dir='ltr'><strong>di-</strong></span> 
     </span>
    </p>
   </div>
   <div class='ocr_carea' id='block_1_64' title="bbox 312 3193 1913 3279">
    <p class='ocr_par' dir='ltr' id='par_1_64' title="bbox 312 3205 1913 3279">
     <span class='ocr_line' id='line_1_64' title="bbox 312 3205 1913 3279; baseline 0.002 -19"><span class='ocrx_word' id='word_1_501' title='bbox 312 3205 415 3275; x_wconf 81' lang='grc' dir='ltr'><strong>οὒχ</strong></span> <span class='ocrx_word' id='word_1_502' title='bbox 441 3205 706 3269; x_wconf 79' lang='grc' dir='ltr'>ὡσαύτως</span> <span class='ocrx_word' id='word_1_503' title='bbox 730 3206 808 3270; x_wconf 84' lang='grc' dir='ltr'><strong>δὲ,</strong></span> <span class='ocrx_word' id='word_1_504' title='bbox 841 3206 959 3260; x_wconf 83' lang='grc' dir='ltr'><strong>ἀλλ’</strong></span> <span class='ocrx_word' id='word_1_505' title='bbox 987 3208 1335 3279; x_wconf 80' lang='grc' dir='ltr'>ὲξῃρημένην</span> <span class='ocrx_word' id='word_1_506' title='bbox 1364 3209 1474 3262; x_wconf 82' lang='grc' dir='ltr'><strong>τῶν</strong></span> <span class='ocrx_word' id='word_1_507' title='bbox 1509 3209 1751 3279; x_wconf 85' lang='grc' dir='ltr'>ἀτόμων,</span> <span class='ocrx_word' id='word_1_508' title='bbox 1818 3222 1913 3274; x_wconf 65' lang='grc' dir='ltr'><strong>καὶ</strong></span> 
     </span>
    </p>
   </div>
   <div class='ocr_carea' id='block_1_65' title="bbox 2019 3193 3611 3279">
    <p class='ocr_par' dir='ltr' id='par_1_65' title="bbox 2021 3193 3611 3268">
     <span class='ocr_line' id='line_1_65' title="bbox 2021 3193 3611 3268; baseline -0.008 -11"><span class='ocrx_word' id='word_1_509' title='bbox 2021 3203 2303 3263; x_wconf 85' lang='lat' dir='ltr'><strong>stinetam,</strong></span> <span class='ocrx_word' id='word_1_510' title='bbox 2340 3212 2394 3256; x_wconf 89' lang='lat' dir='ltr'><strong>et</strong></span> <span class='ocrx_word' id='word_1_511' title='bbox 2430 3200 2483 3253; x_wconf 90' lang='lat' dir='ltr'><strong>in</strong></span> <span class='ocrx_word' id='word_1_512' title='bbox 2516 3200 2698 3268; x_wconf 86' lang='lat' dir='ltr'><strong>seipsa</strong></span> <span class='ocrx_word' id='word_1_513' title='bbox 2730 3196 3017 3251; x_wconf 70' lang='lat' dir='ltr'><strong>deﬁnitam</strong></span> <span class='ocrx_word' id='word_1_514' title='bbox 3053 3194 3436 3264; x_wconf 79' lang='lat' dir='ltr'><strong>intelligimus.</strong></span> <span class='ocrx_word' id='word_1_515' title='bbox 3463 3193 3611 3246; x_wconf 79' lang='lat' dir='ltr'><strong>Sun:</strong></span> 
     </span>
    </p>
   </div>
   <div class='ocr_carea' id='block_1_66' title="bbox 315 3295 1916 3375">
    <p class='ocr_par' dir='ltr' id='par_1_66' title="bbox 315 3295 1916 3375">
     <span class='ocr_line' id='line_1_66' title="bbox 315 3295 1916 3375; baseline 0.003 -25"><span class='ocrx_word' id='word_1_516' title='bbox 315 3295 452 3350; x_wconf 82' lang='grc' dir='ltr'>καθ’</span> <span class='ocrx_word' id='word_1_517' title='bbox 474 3296 674 3364; x_wconf 78' lang='grc' dir='ltr'>ἑαυτὴν</span> <span class='ocrx_word' id='word_1_518' title='bbox 698 3297 1121 3370; x_wconf 78' lang='grc' dir='ltr'>λαμϐανομένην</span> <span class='ocrx_word' id='word_1_519' title='bbox 1155 3301 1529 3375; x_wconf 77' lang='grc' dir='ltr'>ἀφορίζοντες.</span> <span class='ocrx_word' id='word_1_520' title='bbox 1584 3301 1772 3354; x_wconf 87' lang='grc' dir='ltr'>Ταύτὰ</span> <span class='ocrx_word' id='word_1_521' title='bbox 1815 3301 1916 3373; x_wconf 81' lang='grc' dir='ltr'><strong>μὲν</strong></span> 
     </span>
    </p>
   </div>
   <div class='ocr_carea' id='block_1_67' title="bbox 315 3384 1916 3466">
    <p class='ocr_par' dir='ltr' id='par_1_67' title="bbox 315 3384 1916 3466">
     <span class='ocr_line' id='line_1_67' title="bbox 315 3384 1916 3466; baseline 0.004 -24"><span class='ocrx_word' id='word_1_522' title='bbox 315 3384 410 3443; x_wconf 85' lang='grc' dir='ltr'><strong>οῦν</strong></span> <span class='ocrx_word' id='word_1_523' title='bbox 430 3391 458 3443; x_wconf 91' lang='lat'><strong>6</strong></span> <span class='ocrx_word' id='word_1_524' title='bbox 484 3389 773 3462; x_wconf 76' lang='grc' dir='ltr'>ἄνθρωπος</span> <span class='ocrx_word' id='word_1_525' title='bbox 798 3392 895 3445; x_wconf 85' lang='lat' dir='ltr'><strong>xui.</strong></span> <span class='ocrx_word' id='word_1_526' title='bbox 923 3394 956 3462; x_wconf 84' lang='grc' dir='ltr'><strong>ή</strong></span> <span class='ocrx_word' id='word_1_527' title='bbox 988 3392 1368 3466; x_wconf 81' lang='grc' dir='ltr'>ἀνθρωπότης,</span> <span class='ocrx_word' id='word_1_528' title='bbox 1399 3395 1500 3466; x_wconf 82' lang='grc' dir='ltr'>οὐχ</span> <span class='ocrx_word' id='word_1_529' title='bbox 1536 3395 1802 3459; x_wconf 84' lang='grc' dir='ltr'>ὡσαύτως</span> <span class='ocrx_word' id='word_1_530' title='bbox 1857 3395 1916 3449; x_wconf 85' lang='grc' dir='ltr'>δὲ</span> 
     </span>
    </p>
   </div>
   <div class='ocr_carea' id='block_1_68' title="bbox 315 3478 1914 3559">
    <p class='ocr_par' dir='ltr' id='par_1_68' title="bbox 315 3478 1914 3559">
     <span class='ocr_line' id='line_1_68' title="bbox 315 3478 1914 3559; baseline 0.003 -24"><span class='ocrx_word' id='word_1_531' title='bbox 315 3481 725 3554; x_wconf 75' lang='grc' dir='ltr'>λαμϐανόμενα.</span> <span class='ocrx_word' id='word_1_532' title='bbox 745 3483 839 3536; x_wconf 84' lang='grc' dir='ltr'>Διὸ</span> <span class='ocrx_word' id='word_1_533' title='bbox 858 3485 957 3546; x_wconf 82' lang='grc' dir='ltr'><strong>οὐκ</strong></span> <span class='ocrx_word' id='word_1_534' title='bbox 981 3484 1066 3553; x_wconf 74' lang='grc' dir='ltr'><strong>ἐφ’</strong></span> <span class='ocrx_word' id='word_1_535' title='bbox 1090 3478 1165 3538; x_wconf 84' lang='grc' dir='ltr'><strong>ὡν</strong></span> <span class='ocrx_word' id='word_1_536' title='bbox 1185 3486 1246 3537; x_wconf 91' lang='lat' dir='ltr'><strong>rb</strong></span> <span class='ocrx_word' id='word_1_537' title='bbox 1267 3485 1457 3557; x_wconf 73' lang='grc' dir='ltr'>ἕτερον</span> <span class='ocrx_word' id='word_1_538' title='bbox 1481 3487 1576 3540; x_wconf 74' lang='grc' dir='ltr'><strong>καὶ</strong></span> <span class='ocrx_word' id='word_1_539' title='bbox 1604 3487 1853 3559; x_wconf 84' lang='grc' dir='ltr'>θάτερον,</span> <span class='ocrx_word' id='word_1_540' title='bbox 1880 3486 1914 3558; x_wconf 79' lang='grc' dir='ltr'>ἢ</span> 
     </span>
    </p>
   </div>
   <div class='ocr_carea' id='block_1_69' title="bbox 315 3569 1912 3650">
    <p class='ocr_par' dir='ltr' id='par_1_69' title="bbox 315 3569 1912 3650">
     <span class='ocr_line' id='line_1_69' title="bbox 315 3569 1912 3650; baseline 0.003 -23"><span class='ocrx_word' id='word_1_541' title='bbox 315 3577 386 3644; x_wconf 82' lang='grc' dir='ltr'><strong>ἐφ</strong></span> <span class='ocrx_word' id='word_1_542' title='bbox 402 3575 417 3597; x_wconf 90' lang='grc'>’</span> <span class='ocrx_word' id='word_1_543' title='bbox 441 3569 519 3629; x_wconf 81' lang='grc' dir='ltr'>ὧν</span> <span class='ocrx_word' id='word_1_544' title='bbox 552 3576 648 3647; x_wconf 85' lang='grc' dir='ltr'>μὲν</span> <span class='ocrx_word' id='word_1_545' title='bbox 671 3574 731 3629; x_wconf 90' lang='lat' dir='ltr'><strong>rb</strong></span> <span class='ocrx_word' id='word_1_546' title='bbox 752 3576 939 3647; x_wconf 69' lang='grc' dir='ltr'>ἕτερον</span> <span class='ocrx_word' id='word_1_547' title='bbox 968 3576 1063 3629; x_wconf 82' lang='grc' dir='ltr'>καὶ</span> <span class='ocrx_word' id='word_1_548' title='bbox 1099 3578 1158 3630; x_wconf 88' lang='lat' dir='ltr'><strong>rb</strong></span> <span class='ocrx_word' id='word_1_549' title='bbox 1181 3578 1390 3647; x_wconf 73' lang='grc' dir='ltr'>ἕτερον,</span> <span class='ocrx_word' id='word_1_550' title='bbox 1420 3578 1810 3650; x_wconf 65' lang='grc' dir='ltr'>οὐχ,ὡσαύτως</span> <span class='ocrx_word' id='word_1_551' title='bbox 1835 3579 1912 3632; x_wconf 83' lang='grc' dir='ltr'><strong>δέ.</strong></span> 
     </span>
    </p>
   </div>
   <div class='ocr_carea' id='block_1_70' title="bbox 314 3666 1913 3741">
    <p class='ocr_par' dir='ltr' id='par_1_70' title="bbox 314 3666 1913 3741">
     <span class='ocr_line' id='line_1_70' title="bbox 314 3666 1913 3741; baseline 0.002 -21"><span class='ocrx_word' id='word_1_552' title='bbox 314 3666 528 3735; x_wconf 67' lang='grc' dir='ltr'>Αὐτίκα</span> <span class='ocrx_word' id='word_1_553' title='bbox 558 3668 650 3721; x_wconf 75' lang='grc' dir='ltr'>ἐπὶ</span> <span class='ocrx_word' id='word_1_554' title='bbox 676 3668 770 3721; x_wconf 87' lang='grc' dir='ltr'><strong>τοῦ</strong></span> <span class='ocrx_word' id='word_1_555' title='bbox 798 3668 1122 3740; x_wconf 80' lang='grc' dir='ltr'>Σωκράτους</span> <span class='ocrx_word' id='word_1_556' title='bbox 1145 3671 1241 3723; x_wconf 89' lang='lat' dir='ltr'><strong>xui.</strong></span> <span class='ocrx_word' id='word_1_557' title='bbox 1263 3673 1290 3723; x_wconf 92' lang='lat'><strong>6</strong></span> <span class='ocrx_word' id='word_1_558' title='bbox 1313 3670 1598 3741; x_wconf 80' lang='grc' dir='ltr'>ἄνθρωπος</span> <span class='ocrx_word' id='word_1_559' title='bbox 1629 3670 1725 3724; x_wconf 89' lang='lat' dir='ltr'><strong>xui.</strong></span> <span class='ocrx_word' id='word_1_560' title='bbox 1754 3672 1787 3741; x_wconf 81' lang='grc' dir='ltr'><strong>η</strong></span> <span class='ocrx_word' id='word_1_561' title='bbox 1815 3674 1913 3724; x_wconf 85' lang='grc' dir='ltr'>ἁν-</span> 
     </span>
    </p>
   </div>
   <div class='ocr_carea' id='block_1_71' title="bbox 315 3758 1915 3832">
    <p class='ocr_par' dir='ltr' id='par_1_71' title="bbox 315 3758 1915 3832">
     <span class='ocr_line' id='line_1_71' title="bbox 315 3758 1915 3832; baseline 0.001 -19"><span class='ocrx_word' id='word_1_562' title='bbox 315 3758 605 3831; x_wconf 76' lang='grc' dir='ltr'>θρωπότης</span> <span class='ocrx_word' id='word_1_563' title='bbox 621 3760 859 3829; x_wconf 80' lang='grc' dir='ltr'>λέγεται,</span> <span class='ocrx_word' id='word_1_564' title='bbox 877 3763 975 3832; x_wconf 78' lang='grc' dir='ltr'>οὐχ</span> <span class='ocrx_word' id='word_1_565' title='bbox 1000 3762 1260 3825; x_wconf 80' lang='grc' dir='ltr'>ὡσαύτως</span> <span class='ocrx_word' id='word_1_566' title='bbox 1271 3763 1348 3815; x_wconf 76' lang='grc' dir='ltr'><strong>δέ’</strong></span> <span class='ocrx_word' id='word_1_567' title='bbox 1367 3762 1656 3831; x_wconf 86' lang='grc' dir='ltr'>ἄνθρωπον</span> <span class='ocrx_word' id='word_1_568' title='bbox 1672 3764 1782 3832; x_wconf 81' lang='grc' dir='ltr'>γάρ</span> <span class='ocrx_word' id='word_1_569' title='bbox 1812 3777 1915 3832; x_wconf 68' lang='lat' dir='ltr'><strong>cpu-</strong></span> 
     </span>
    </p>
   </div>
   <div class='ocr_carea' id='block_1_72' title="bbox 320 3846 1913 3927">
    <p class='ocr_par' dir='ltr' id='par_1_72' title="bbox 320 3846 1913 3927">
     <span class='ocr_line' id='line_1_72' title="bbox 320 3846 1913 3927; baseline 0.002 -21"><span class='ocrx_word' id='word_1_570' title='bbox 320 3868 421 3922; x_wconf 85' lang='grc' dir='ltr'><strong>μεν</strong></span> <span class='ocrx_word' id='word_1_571' title='bbox 451 3846 592 3906; x_wconf 74' lang='grc' dir='ltr'>εἶναι</span> <span class='ocrx_word' id='word_1_572' title='bbox 627 3853 717 3905; x_wconf 85' lang='grc' dir='ltr'><strong>τὸν</strong></span> <span class='ocrx_word' id='word_1_573' title='bbox 751 3854 1073 3927; x_wconf 81' lang='grc' dir='ltr'>Σωκράτην,</span> <span class='ocrx_word' id='word_1_574' title='bbox 1102 3855 1428 3926; x_wconf 76' lang='grc' dir='ltr'>ἀνθρωπότη</span> <span class='ocrx_word' id='word_1_575' title='bbox 1442 3874 1502 3908; x_wconf 84' lang='grc' dir='ltr'><strong>τα</strong></span> <span class='ocrx_word' id='word_1_576' title='bbox 1529 3855 1586 3908; x_wconf 85' lang='grc' dir='ltr'><strong>δὲ</strong></span> <span class='ocrx_word' id='word_1_577' title='bbox 1614 3856 1714 3908; x_wconf 83' lang='grc' dir='ltr'><strong>οὐκ</strong></span> <span class='ocrx_word' id='word_1_578' title='bbox 1749 3852 1913 3921; x_wconf 80' lang='grc' dir='ltr'>εἶναι,</span> 
     </span>
    </p>
   </div>
   <div class='ocr_carea' id='block_1_73' title="bbox 316 3945 1916 4020">
    <p class='ocr_par' dir='ltr' id='par_1_73' title="bbox 316 3945 1916 4020">
     <span class='ocr_line' id='line_1_73' title="bbox 316 3945 1916 4020; baseline 0.001 -22"><span class='ocrx_word' id='word_1_579' title='bbox 316 3945 433 4000; x_wconf 74' lang='grc' dir='ltr'><strong>ἀλλ’</strong></span> <span class='ocrx_word' id='word_1_580' title='bbox 491 3946 634 4017; x_wconf 76' lang='grc' dir='ltr'>ἔχειν</span> <span class='ocrx_word' id='word_1_581' title='bbox 668 3964 681 3976; x_wconf 91' lang='grc'><strong>·</strong></span> <span class='ocrx_word' id='word_1_582' title='bbox 721 3948 816 4001; x_wconf 82' lang='grc' dir='ltr'><strong>καὶ</strong></span> <span class='ocrx_word' id='word_1_583' title='bbox 866 3948 966 4020; x_wconf 82' lang='grc' dir='ltr'>τὴν</span> <span class='ocrx_word' id='word_1_584' title='bbox 1007 3947 1410 4019; x_wconf 81' lang='grc' dir='ltr'>ἁνθρωπότητα</span> <span class='ocrx_word' id='word_1_585' title='bbox 1455 3948 1513 4001; x_wconf 87' lang='grc' dir='ltr'>δὲ</span> <span class='ocrx_word' id='word_1_586' title='bbox 1560 3948 1720 4002; x_wconf 85' lang='grc' dir='ltr'>πάλιν</span> <span class='ocrx_word' id='word_1_587' title='bbox 1754 3949 1916 4017; x_wconf 77' lang='grc' dir='ltr'>φύσιν</span> 
     </span>
    </p>
   </div>
   <div class='ocr_carea' id='block_1_74' title="bbox 316 4035 1915 4111">
    <p class='ocr_par' dir='ltr' id='par_1_74' title="bbox 316 4035 1915 4111">
     <span class='ocr_line' id='line_1_74' title="bbox 316 4035 1915 4111; baseline 0.001 -19"><span class='ocrx_word' id='word_1_588' title='bbox 316 4035 458 4093; x_wconf 54' lang='lat' dir='ltr'><strong>abut</strong></span> <span class='ocrx_word' id='word_1_589' title='bbox 492 4040 586 4091; x_wconf 89' lang='grc' dir='ltr'><strong>τοῦ</strong></span> <span class='ocrx_word' id='word_1_590' title='bbox 612 4040 941 4110; x_wconf 79' lang='grc' dir='ltr'>Σωκράτους</span> <span class='ocrx_word' id='word_1_591' title='bbox 971 4041 1175 4110; x_wconf 85' lang='grc' dir='ltr'>φαμὲν,</span> <span class='ocrx_word' id='word_1_592' title='bbox 1202 4040 1428 4094; x_wconf 76' lang='grc' dir='ltr'>καὶτῶν</span> <span class='ocrx_word' id='word_1_593' title='bbox 1471 4040 1647 4095; x_wconf 82' lang='grc' dir='ltr'>ἄλλων</span> <span class='ocrx_word' id='word_1_594' title='bbox 1670 4040 1915 4111; x_wconf 71' lang='grc' dir='ltr'><strong>⁸ἀνθρώ-</strong></span> 
     </span>
    </p>
   </div>
   <div class='ocr_carea' id='block_1_75' title="bbox 317 4131 1915 4205">
    <p class='ocr_par' dir='ltr' id='par_1_75' title="bbox 317 4131 1915 4205">
     <span class='ocr_line' id='line_1_75' title="bbox 317 4131 1915 4205; baseline 0.001 -19"><span class='ocrx_word' id='word_1_595' title='bbox 317 4150 459 4196; x_wconf 86' lang='grc' dir='ltr'>πων,</span> <span class='ocrx_word' id='word_1_596' title='bbox 481 4133 575 4186; x_wconf 92' lang='lat' dir='ltr'><strong>xui.</strong></span> <span class='ocrx_word' id='word_1_597' title='bbox 600 4132 951 4205; x_wconf 79' lang='grc' dir='ltr'>περιεκτικὴν</span> <span class='ocrx_word' id='word_1_598' title='bbox 981 4131 1120 4187; x_wconf 82' lang='grc' dir='ltr'>εἶναι</span> <span class='ocrx_word' id='word_1_599' title='bbox 1145 4134 1254 4187; x_wconf 83' lang='grc' dir='ltr'>τῶν</span> <span class='ocrx_word' id='word_1_600' title='bbox 1276 4134 1646 4205; x_wconf 66' lang='grc' dir='ltr'>καθ’,ἓκασταο</span> <span class='ocrx_word' id='word_1_601' title='bbox 1673 4135 1915 4205; x_wconf 77' lang='grc' dir='ltr'><strong>οὐδὲγάρ</strong></span> 
     </span>
    </p>
   </div>
   <div class='ocr_carea' id='block_1_76' title="bbox 315 4222 1917 4297">
    <p class='ocr_par' dir='ltr' id='par_1_76' title="bbox 315 4222 1917 4297">
     <span class='ocr_line' id='line_1_76' title="bbox 315 4222 1917 4297; baseline 0.002 -20"><span class='ocrx_word' id='word_1_602' title='bbox 315 4240 367 4277; x_wconf 88' lang='grc' dir='ltr'><strong>τι</strong></span> <span class='ocrx_word' id='word_1_603' title='bbox 406 4222 612 4276; x_wconf 86' lang='grc' dir='ltr'>τούτων</span> <span class='ocrx_word' id='word_1_604' title='bbox 640 4225 746 4291; x_wconf 77' lang='grc' dir='ltr'><strong>ἔξω</strong></span> <span class='ocrx_word' id='word_1_605' title='bbox 774 4226 978 4297; x_wconf 83' lang='grc' dir='ltr'>ταύτης</span> <span class='ocrx_word' id='word_1_606' title='bbox 1003 4226 1211 4280; x_wconf 83' lang='grc' dir='ltr'>πίπτει.</span> <span class='ocrx_word' id='word_1_607' title='bbox 1243 4227 1406 4280; x_wconf 83' lang='grc' dir='ltr'>Ὥστε</span> <span class='ocrx_word' id='word_1_608' title='bbox 1434 4228 1485 4280; x_wconf 74' lang='grc' dir='ltr'>εἰ</span> <span class='ocrx_word' id='word_1_609' title='bbox 1532 4229 1627 4281; x_wconf 91' lang='lat' dir='ltr'><strong>xui.</strong></span> <span class='ocrx_word' id='word_1_610' title='bbox 1696 4228 1771 4297; x_wconf 85' lang='grc' dir='ltr'>μὴ</span> <span class='ocrx_word' id='word_1_611' title='bbox 1828 4229 1917 4283; x_wconf 82' lang='grc' dir='ltr'>ἀεὶ</span> 
     </span>
    </p>
   </div>
   <div class='ocr_carea' id='block_1_77' title="bbox 315 4310 1917 4389">
    <p class='ocr_par' dir='ltr' id='par_1_77' title="bbox 315 4310 1917 4389">
     <span class='ocr_line' id='line_1_77' title="bbox 315 4310 1917 4389; baseline 0.002 -22"><span class='ocrx_word' id='word_1_612' title='bbox 315 4314 599 4380; x_wconf 85' lang='grc' dir='ltr'>ὡσαύτως,</span> <span class='ocrx_word' id='word_1_613' title='bbox 625 4315 840 4386; x_wconf 73' lang='grc' dir='ltr'><strong>ἀλλ’ὲςρ⁹</strong></span> <span class='ocrx_word' id='word_1_614' title='bbox 858 4310 919 4370; x_wconf 76' lang='grc' dir='ltr'>οὗ</span> <span class='ocrx_word' id='word_1_615' title='bbox 946 4319 1163 4387; x_wconf 80' lang='grc' dir='ltr'>λέγεται</span> <span class='ocrx_word' id='word_1_616' title='bbox 1191 4319 1219 4370; x_wconf 93' lang='lat'><strong>6</strong></span> <span class='ocrx_word' id='word_1_617' title='bbox 1250 4318 1795 4389; x_wconf 84' lang='grc' dir='ltr'>ἄνθρωπος,δύναται</span> <span class='ocrx_word' id='word_1_618' title='bbox 1820 4318 1917 4372; x_wconf 77' lang='grc' dir='ltr'><strong>καὶ</strong></span> 
     </span>
    </p>
   </div>
   <div class='ocr_carea' id='block_1_78' title="bbox 316 4403 1912 4479">
    <p class='ocr_par' dir='ltr' id='par_1_78' title="bbox 316 4403 1912 4479">
     <span class='ocr_line' id='line_1_78' title="bbox 316 4403 1912 4479; baseline 0.003 -20"><span class='ocrx_word' id='word_1_619' title='bbox 316 4405 351 4475; x_wconf 83' lang='grc' dir='ltr'>ἡ</span> <span class='ocrx_word' id='word_1_620' title='bbox 372 4403 728 4479; x_wconf 79' lang='grc' dir='ltr'>ἀνθρωπότης</span> <span class='ocrx_word' id='word_1_621' title='bbox 751 4407 1014 4478; x_wconf 81' lang='grc' dir='ltr'>ἁρμόσαι.</span> <span class='ocrx_word' id='word_1_622' title='bbox 1057 4409 1118 4460; x_wconf 80' lang='grc' dir='ltr'><strong>Εἰ</strong></span> <span class='ocrx_word' id='word_1_623' title='bbox 1150 4405 1243 4461; x_wconf 79' lang='grc' dir='ltr'><strong>οὖν</strong></span> <span class='ocrx_word' id='word_1_624' title='bbox 1269 4409 1421 4467; x_wconf 72' lang='grc' dir='ltr'>ἐστιν</span> <span class='ocrx_word' id='word_1_625' title='bbox 1448 4406 1655 4479; x_wconf 80' lang='grc' dir='ltr'>ἀληθὴς</span> <span class='ocrx_word' id='word_1_626' title='bbox 1679 4409 1706 4460; x_wconf 90' lang='lat'><strong>6</strong></span> <span class='ocrx_word' id='word_1_627' title='bbox 1734 4407 1912 4477; x_wconf 80' lang='grc' dir='ltr'><strong>λόγος,</strong></span> 
     </span>
    </p>
   </div>
   <div class='ocr_carea' id='block_1_79' title="bbox 2017 3290 3611 3366">
    <p class='ocr_par' dir='ltr' id='par_1_79' title="bbox 2017 3290 3611 3366">
     <span class='ocr_line' id='line_1_79' title="bbox 2017 3290 3611 3366; baseline -0.008 -16"><span class='ocrx_word' id='word_1_628' title='bbox 2017 3311 2151 3366; x_wconf 84' lang='lat' dir='ltr'><strong>ergo</strong></span> <span class='ocrx_word' id='word_1_629' title='bbox 2217 3294 2360 3349; x_wconf 81' lang='lat' dir='ltr'><strong>idem</strong></span> <span class='ocrx_word' id='word_1_630' title='bbox 2409 3293 2574 3348; x_wconf 85' lang='lat' dir='ltr'><strong>homo</strong></span> <span class='ocrx_word' id='word_1_631' title='bbox 2618 3300 2675 3346; x_wconf 87' lang='lat' dir='ltr'><strong>et</strong></span> <span class='ocrx_word' id='word_1_632' title='bbox 2711 3290 3049 3355; x_wconf 86' lang='lat' dir='ltr'><strong>humanitas,</strong></span> <span class='ocrx_word' id='word_1_633' title='bbox 3080 3302 3181 3342; x_wconf 90' lang='lat' dir='ltr'><strong>nec</strong></span> <span class='ocrx_word' id='word_1_634' title='bbox 3234 3292 3443 3341; x_wconf 68' lang='lat' dir='ltr'><strong>tameu‘</strong></span> <span class='ocrx_word' id='word_1_635' title='bbox 3472 3300 3611 3339; x_wconf 86' lang='lat' dir='ltr'><strong>con-</strong></span> 
     </span>
    </p>
   </div>
   <div class='ocr_carea' id='block_1_80' title="bbox 2018 3377 3615 3455">
    <p class='ocr_par' dir='ltr' id='par_1_80' title="bbox 2018 3377 3615 3455">
     <span class='ocr_line' id='line_1_80' title="bbox 2018 3377 3615 3455; baseline -0.006 -14"><span class='ocrx_word' id='word_1_636' title='bbox 2018 3396 2280 3443; x_wconf 86' lang='lat' dir='ltr'><strong>sonanter</strong></span> <span class='ocrx_word' id='word_1_637' title='bbox 2330 3393 2668 3455; x_wconf 88' lang='lat' dir='ltr'><strong>nuncupata.</strong></span> <span class='ocrx_word' id='word_1_638' title='bbox 2740 3382 2866 3439; x_wconf 86' lang='lat' dir='ltr'><strong>ideo</strong></span> <span class='ocrx_word' id='word_1_639' title='bbox 2921 3398 3029 3437; x_wconf 90' lang='lat' dir='ltr'><strong>non</strong></span> <span class='ocrx_word' id='word_1_640' title='bbox 3068 3380 3215 3436; x_wconf 87' lang='lat' dir='ltr'><strong>aliud</strong></span> <span class='ocrx_word' id='word_1_641' title='bbox 3260 3395 3359 3450; x_wconf 92' lang='lat' dir='ltr'><strong>pro</strong></span> <span class='ocrx_word' id='word_1_642' title='bbox 3391 3380 3500 3432; x_wconf 88' lang='lat' dir='ltr'><strong>alio</strong></span> <span class='ocrx_word' id='word_1_643' title='bbox 3533 3377 3615 3432; x_wconf 86' lang='lat' dir='ltr'><strong>di-</strong></span> 
     </span>
    </p>
   </div>
   <div class='ocr_carea' id='block_1_81' title="bbox 2018 3469 3609 3542">
    <p class='ocr_par' dir='ltr' id='par_1_81' title="bbox 2018 3469 3609 3542">
     <span class='ocr_line' id='line_1_81' title="bbox 2018 3469 3609 3542; baseline -0.006 -10"><span class='ocrx_word' id='word_1_644' title='bbox 2018 3480 2184 3541; x_wconf 90' lang='lat' dir='ltr'><strong>citur,</strong></span> <span class='ocrx_word' id='word_1_645' title='bbox 2240 3478 2287 3533; x_wconf 89' lang='lat' dir='ltr'><strong>si</strong></span> <span class='ocrx_word' id='word_1_646' title='bbox 2334 3493 2465 3532; x_wconf 88' lang='lat' dir='ltr'><strong>vero</strong></span> <span class='ocrx_word' id='word_1_647' title='bbox 2512 3478 2754 3539; x_wconf 82' lang='lat' dir='ltr'><strong>dicatur,</strong></span> <span class='ocrx_word' id='word_1_648' title='bbox 2807 3491 2914 3538; x_wconf 89' lang='lat' dir='ltr'><strong>non</strong></span> <span class='ocrx_word' id='word_1_649' title='bbox 2971 3473 3132 3542; x_wconf 85' lang='lat' dir='ltr'><strong>plane</strong></span> <span class='ocrx_word' id='word_1_650' title='bbox 3186 3471 3434 3540; x_wconf 87' lang='lat' dir='ltr'><strong>quidem.</strong></span> <span class='ocrx_word' id='word_1_651' title='bbox 3486 3469 3609 3524; x_wconf 84' lang='lat' dir='ltr'><strong>Tali</strong></span> 
     </span>
    </p>
   </div>
   <div class='ocr_carea' id='block_1_82' title="bbox 2018 3562 3607 3636">
    <p class='ocr_par' dir='ltr' id='par_1_82' title="bbox 2018 3562 3607 3636">
     <span class='ocr_line' id='line_1_82' title="bbox 2018 3562 3607 3636; baseline -0.004 -14"><span class='ocrx_word' id='word_1_652' title='bbox 2018 3569 2183 3622; x_wconf 89' lang='lat' dir='ltr'><strong>modo</strong></span> <span class='ocrx_word' id='word_1_653' title='bbox 2238 3570 2293 3622; x_wconf 92' lang='lat' dir='ltr'><strong>in</strong></span> <span class='ocrx_word' id='word_1_654' title='bbox 2348 3567 2576 3622; x_wconf 86' lang='lat' dir='ltr'><strong>Socrate</strong></span> <span class='ocrx_word' id='word_1_655' title='bbox 2612 3568 2777 3621; x_wconf 91' lang='lat' dir='ltr'><strong>homo</strong></span> <span class='ocrx_word' id='word_1_656' title='bbox 2814 3575 2981 3636; x_wconf 89' lang='lat' dir='ltr'><strong>atque</strong></span> <span class='ocrx_word' id='word_1_657' title='bbox 3010 3564 3333 3619; x_wconf 88' lang='lat' dir='ltr'><strong>humanitas</strong></span> <span class='ocrx_word' id='word_1_658' title='bbox 3377 3562 3607 3628; x_wconf 89' lang='lat' dir='ltr'><strong>dicitur,</strong></span> 
     </span>
    </p>
   </div>
   <div class='ocr_carea' id='block_1_83' title="bbox 2019 3651 3610 3727">
    <p class='ocr_par' dir='ltr' id='par_1_83' title="bbox 2019 3651 3610 3727">
     <span class='ocr_line' id='line_1_83' title="bbox 2019 3651 3610 3727; baseline -0.004 -15"><span class='ocrx_word' id='word_1_659' title='bbox 2019 3675 2126 3713; x_wconf 89' lang='lat' dir='ltr'><strong>non</strong></span> <span class='ocrx_word' id='word_1_660' title='bbox 2155 3674 2284 3714; x_wconf 89' lang='lat' dir='ltr'><strong>vero</strong></span> <span class='ocrx_word' id='word_1_661' title='bbox 2309 3667 2684 3714; x_wconf 88' lang='lat' dir='ltr'><strong>consonanter</strong></span> <span class='ocrx_word' id='word_1_662' title='bbox 2706 3699 2722 3723; x_wconf 90' lang='lat'><strong>,</strong></span> <span class='ocrx_word' id='word_1_663' title='bbox 2755 3658 2959 3727; x_wconf 87' lang='lat' dir='ltr'><strong>quippe</strong></span> <span class='ocrx_word' id='word_1_664' title='bbox 2995 3654 3275 3709; x_wconf 90' lang='lat' dir='ltr'><strong>hominem</strong></span> <span class='ocrx_word' id='word_1_665' title='bbox 3325 3651 3610 3707; x_wconf 88' lang='lat' dir='ltr'><strong>Socratem</strong></span> 
     </span>
    </p>
   </div>
   <div class='ocr_carea' id='block_1_84' title="bbox 2018 3744 3610 3813">
    <p class='ocr_par' dir='ltr' id='par_1_84' title="bbox 2018 3744 3610 3813">
     <span class='ocr_line' id='line_1_84' title="bbox 2018 3744 3610 3813; baseline -0.003 -9"><span class='ocrx_word' id='word_1_666' title='bbox 2018 3751 2276 3813; x_wconf 88' lang='lat' dir='ltr'><strong>dicimus.</strong></span> <span class='ocrx_word' id='word_1_667' title='bbox 2302 3767 2410 3805; x_wconf 90' lang='lat' dir='ltr'><strong>non</strong></span> <span class='ocrx_word' id='word_1_668' title='bbox 2437 3758 2618 3805; x_wconf 84' lang='lat' dir='ltr'><strong>autem</strong></span> <span class='ocrx_word' id='word_1_669' title='bbox 2648 3750 3045 3803; x_wconf 88' lang='lat' dir='ltr'><strong>humanitatem</strong></span> <span class='ocrx_word' id='word_1_670' title='bbox 3068 3760 3213 3809; x_wconf 85' lang='lat' dir='ltr'><strong>esse,</strong></span> <span class='ocrx_word' id='word_1_671' title='bbox 3250 3744 3344 3801; x_wconf 90' lang='lat' dir='ltr'><strong>sed</strong></span> <span class='ocrx_word' id='word_1_672' title='bbox 3373 3745 3610 3809; x_wconf 89' lang='lat' dir='ltr'><strong>habere;</strong></span> 
     </span>
    </p>
   </div>
   <div class='ocr_carea' id='block_1_85' title="bbox 2018 3832 3612 3897">
    <p class='ocr_par' dir='ltr' id='par_1_85' title="bbox 2018 3832 3612 3897">
     <span class='ocr_line' id='line_1_85' title="bbox 2018 3832 3612 3897; baseline -0.004 -1"><span class='ocrx_word' id='word_1_673' title='bbox 2018 3843 2417 3897; x_wconf 88' lang='lat' dir='ltr'><strong>humanitatem</strong></span> <span class='ocrx_word' id='word_1_674' title='bbox 2459 3857 2592 3896; x_wconf 90' lang='lat' dir='ltr'><strong>vero</strong></span> <span class='ocrx_word' id='word_1_675' title='bbox 2631 3840 2870 3895; x_wconf 90' lang='lat' dir='ltr'><strong>dicimus</strong></span> <span class='ocrx_word' id='word_1_676' title='bbox 2905 3854 3029 3894; x_wconf 86' lang='lat' dir='ltr'><strong>esse</strong></span> <span class='ocrx_word' id='word_1_677' title='bbox 3061 3844 3317 3891; x_wconf 88' lang='lat' dir='ltr'><strong>naturam</strong></span> <span class='ocrx_word' id='word_1_678' title='bbox 3363 3832 3612 3890; x_wconf 78' lang='lat' dir='ltr'><strong>Socratis</strong></span> 
     </span>
    </p>
   </div>
   <div class='ocr_carea' id='block_1_86' title="bbox 2017 3930 3614 4001">
    <p class='ocr_par' dir='ltr' id='par_1_86' title="bbox 2017 3930 3614 4001">
     <span class='ocr_line' id='line_1_86' title="bbox 2017 3930 3614 4001; baseline -0.006 -12"><span class='ocrx_word' id='word_1_679' title='bbox 2017 3944 2071 3989; x_wconf 92' lang='lat' dir='ltr'><strong>et</strong></span> <span class='ocrx_word' id='word_1_680' title='bbox 2096 3944 2421 3989; x_wconf 68' lang='lat' dir='ltr'><strong>cmterorum</strong></span> <span class='ocrx_word' id='word_1_681' title='bbox 2456 3934 2765 3996; x_wconf 86' lang='lat' dir='ltr'><strong>hominum,</strong></span> <span class='ocrx_word' id='word_1_682' title='bbox 2796 3940 2851 3986; x_wconf 91' lang='lat' dir='ltr'><strong>et</strong></span> <span class='ocrx_word' id='word_1_683' title='bbox 2886 3930 3139 4001; x_wconf 81' lang='lat' dir='ltr'><strong>singulos</strong></span> <span class='ocrx_word' id='word_1_684' title='bbox 3166 3943 3418 3999; x_wconf 88' lang='lat' dir='ltr'><strong>quosque</strong></span> <span class='ocrx_word' id='word_1_685' title='bbox 3455 3942 3614 3987; x_wconf 75' lang='lat' dir='ltr'><strong>com-</strong></span> 
     </span>
    </p>
   </div>
   <div class='ocr_carea' id='block_1_87' title="bbox 2018 4020 3601 4099">
    <p class='ocr_par' dir='ltr' id='par_1_87' title="bbox 2018 4020 3601 4099">
     <span class='ocr_line' id='line_1_87' title="bbox 2018 4020 3601 4099; baseline -0.005 -17"><span class='ocrx_word' id='word_1_686' title='bbox 2018 4030 2384 4099; x_wconf 78' lang='lat' dir='ltr'><strong>plectentem;</strong></span> <span class='ocrx_word' id='word_1_687' title='bbox 2417 4042 2545 4081; x_wconf 89' lang='lat' dir='ltr'><strong>nam</strong></span> <span class='ocrx_word' id='word_1_688' title='bbox 2582 4026 2720 4080; x_wconf 92' lang='lat' dir='ltr'><strong>nihil</strong></span> <span class='ocrx_word' id='word_1_689' title='bbox 2772 4040 2965 4080; x_wconf 88' lang='lat' dir='ltr'><strong>eorum</strong></span> <span class='ocrx_word' id='word_1_690' title='bbox 3005 4031 3163 4079; x_wconf 83' lang='lat' dir='ltr'><strong>extra</strong></span> <span class='ocrx_word' id='word_1_691' title='bbox 3191 4037 3310 4077; x_wconf 87' lang='lat' dir='ltr'><strong>eam</strong></span> <span class='ocrx_word' id='word_1_692' title='bbox 3341 4020 3601 4084; x_wconf 81' lang='lat' dir='ltr'><strong>exsistit;</strong></span> 
     </span>
    </p>
   </div>
   <div class='ocr_carea' id='block_1_88' title="bbox 2020 4111 3612 4188">
    <p class='ocr_par' dir='ltr' id='par_1_88' title="bbox 2020 4111 3612 4188">
     <span class='ocr_line' id='line_1_88' title="bbox 2020 4111 3612 4188; baseline -0.007 -12"><span class='ocrx_word' id='word_1_693' title='bbox 2020 4122 2093 4176; x_wconf 89' lang='lat' dir='ltr'><strong>ita</strong></span> <span class='ocrx_word' id='word_1_694' title='bbox 2150 4130 2229 4185; x_wconf 91' lang='lat' dir='ltr'><strong>ut,</strong></span> <span class='ocrx_word' id='word_1_695' title='bbox 2274 4120 2321 4176; x_wconf 91' lang='lat' dir='ltr'><strong>si</strong></span> <span class='ocrx_word' id='word_1_696' title='bbox 2372 4135 2480 4175; x_wconf 90' lang='lat' dir='ltr'><strong>non</strong></span> <span class='ocrx_word' id='word_1_697' title='bbox 2542 4133 2762 4188; x_wconf 87' lang='lat' dir='ltr'><strong>semper</strong></span> <span class='ocrx_word' id='word_1_698' title='bbox 2823 4126 3221 4176; x_wconf 81' lang='lat' dir='ltr'><strong>consonanter,</strong></span> <span class='ocrx_word' id='word_1_699' title='bbox 3272 4123 3329 4167; x_wconf 90' lang='lat' dir='ltr'><strong>at</strong></span> <span class='ocrx_word' id='word_1_700' title='bbox 3387 4111 3612 4182; x_wconf 82' lang='lat' dir='ltr'><strong>quidem</strong></span> 
     </span>
    </p>
   </div>
   <div class='ocr_carea' id='block_1_89' title="bbox 2022 4203 3613 4283">
    <p class='ocr_par' dir='ltr' id='par_1_89' title="bbox 2022 4203 3613 4283">
     <span class='ocr_line' id='line_1_89' title="bbox 2022 4203 3613 4283; baseline -0.005 -16"><span class='ocrx_word' id='word_1_701' title='bbox 2022 4230 2132 4283; x_wconf 91' lang='lat' dir='ltr'><strong>quo</strong></span> <span class='ocrx_word' id='word_1_702' title='bbox 2163 4215 2285 4267; x_wconf 90' lang='lat' dir='ltr'><strong>loco</strong></span> <span class='ocrx_word' id='word_1_703' title='bbox 2319 4213 2482 4266; x_wconf 87' lang='lat' dir='ltr'><strong>homo</strong></span> <span class='ocrx_word' id='word_1_704' title='bbox 2516 4211 2741 4275; x_wconf 89' lang='lat' dir='ltr'><strong>dicitur,</strong></span> <span class='ocrx_word' id='word_1_705' title='bbox 2774 4217 2956 4278; x_wconf 87' lang='lat' dir='ltr'><strong>potest</strong></span> <span class='ocrx_word' id='word_1_706' title='bbox 2991 4207 3307 4261; x_wconf 88' lang='lat' dir='ltr'><strong>humanitas</strong></span> <span class='ocrx_word' id='word_1_707' title='bbox 3338 4203 3613 4275; x_wconf 88' lang='lat' dir='ltr'><strong>adoptari.</strong></span> 
     </span>
    </p>
   </div>
   <div class='ocr_carea' id='block_1_90' title="bbox 2017 4290 3617 4370">
    <p class='ocr_par' dir='ltr' id='par_1_90' title="bbox 2017 4290 3617 4370">
     <span class='ocr_line' id='line_1_90' title="bbox 2017 4290 3617 4370; baseline -0.011 -10"><span class='ocrx_word' id='word_1_708' title='bbox 2017 4302 2177 4360; x_wconf 88' lang='lat' dir='ltr'><strong>Nune</strong></span> <span class='ocrx_word' id='word_1_709' title='bbox 2208 4304 2257 4359; x_wconf 91' lang='lat' dir='ltr'><strong>si</strong></span> <span class='ocrx_word' id='word_1_710' title='bbox 2306 4304 2410 4357; x_wconf 90' lang='lat' dir='ltr'><strong>hoc</strong></span> <span class='ocrx_word' id='word_1_711' title='bbox 2470 4302 2594 4370; x_wconf 89' lang='lat' dir='ltr'><strong>jure</strong></span> <span class='ocrx_word' id='word_1_712' title='bbox 2641 4299 2912 4367; x_wconf 67' lang='lat' dir='ltr'><strong>arguitur,</strong></span> <span class='ocrx_word' id='word_1_713' title='bbox 2969 4296 3157 4350; x_wconf 84' lang='lat' dir='ltr'><strong>forsan</strong></span> <span class='ocrx_word' id='word_1_714' title='bbox 3216 4293 3373 4349; x_wconf 87' lang='lat' dir='ltr'><strong>nobis</strong></span> <span class='ocrx_word' id='word_1_715' title='bbox 3432 4290 3617 4356; x_wconf 80' lang='lat' dir='ltr'><strong>licebit</strong></span> 
     </span>
    </p>
   </div>
   <div class='ocr_carea' id='block_1_91' title="bbox 2018 4384 3614 4460">
    <p class='ocr_par' dir='ltr' id='par_1_91' title="bbox 2018 4384 3614 4460">
     <span class='ocr_line' id='line_1_91' title="bbox 2018 4384 3614 4460; baseline -0.009 -7"><span class='ocrx_word' id='word_1_716' title='bbox 2018 4400 2187 4454; x_wconf 89' lang='lat' dir='ltr'><strong>etiam</strong></span> <span class='ocrx_word' id='word_1_717' title='bbox 2226 4396 2293 4450; x_wconf 86' lang='lat' dir='ltr'><strong>de</strong></span> <span class='ocrx_word' id='word_1_718' title='bbox 2334 4395 2443 4449; x_wconf 84' lang='lat' dir='ltr'><strong>Deo</strong></span> <span class='ocrx_word' id='word_1_719' title='bbox 2499 4402 2555 4448; x_wconf 87' lang='lat' dir='ltr'><strong>et</strong></span> <span class='ocrx_word' id='word_1_720' title='bbox 2587 4392 2878 4449; x_wconf 88' lang='lat' dir='ltr'><strong>divinitate</strong></span> <span class='ocrx_word' id='word_1_721' title='bbox 2925 4391 3217 4460; x_wconf 88' lang='lat' dir='ltr'><strong>(quantum</strong></span> <span class='ocrx_word' id='word_1_722' title='bbox 3253 4387 3308 4440; x_wconf 88' lang='lat' dir='ltr'><strong>in</strong></span> <span class='ocrx_word' id='word_1_723' title='bbox 3356 4384 3614 4439; x_wconf 89' lang='lat' dir='ltr'><strong>humanis</strong></span> 
     </span>
    </p>
   </div>
   <div class='ocr_carea' id='block_1_92' title="bbox 318 4479 1913 4573">
    <p class='ocr_par' dir='ltr' id='par_1_92' title="bbox 318 4499 1913 4573">
     <span class='ocr_line' id='line_1_92' title="bbox 318 4499 1913 4573; baseline 0.001 -22"><span class='ocrx_word' id='word_1_724' title='bbox 318 4499 450 4562; x_wconf 73' lang='grc' dir='ltr'>ἴσως</span> <span class='ocrx_word' id='word_1_725' title='bbox 474 4501 608 4570; x_wconf 83' lang='grc' dir='ltr'>ἡμῖν</span> <span class='ocrx_word' id='word_1_726' title='bbox 645 4502 742 4555; x_wconf 86' lang='lat' dir='ltr'><strong>xui.</strong></span> <span class='ocrx_word' id='word_1_727' title='bbox 769 4500 863 4555; x_wconf 73' lang='grc' dir='ltr'><strong>ἐπὶ</strong></span> <span class='ocrx_word' id='word_1_728' title='bbox 898 4501 992 4555; x_wconf 83' lang='grc' dir='ltr'><strong>τοῦ</strong></span> <span class='ocrx_word' id='word_1_729' title='bbox 1019 4501 1151 4566; x_wconf 75' lang='grc' dir='ltr'>Θεδ,</span> <span class='ocrx_word' id='word_1_730' title='bbox 1180 4503 1273 4555; x_wconf 76' lang='grc' dir='ltr'><strong>καὶ</strong></span> <span class='ocrx_word' id='word_1_731' title='bbox 1313 4501 1504 4573; x_wconf 86' lang='grc' dir='ltr'>θεότης</span> <span class='ocrx_word' id='word_1_732' title='bbox 1534 4502 1679 4573; x_wconf 83' lang='grc' dir='ltr'>(ὅσον</span> <span class='ocrx_word' id='word_1_733' title='bbox 1736 4503 1793 4554; x_wconf 81' lang='grc' dir='ltr'>ὲν</span> <span class='ocrx_word' id='word_1_734' title='bbox 1824 4503 1913 4554; x_wconf 83' lang='grc' dir='ltr'>ἀν-</span> 
     </span>
    </p>
   </div>
   <div class='ocr_carea' id='block_1_93' title="bbox 2019 4479 3503 4573">
    <p class='ocr_par' dir='ltr' id='par_1_93' title="bbox 2022 4479 3503 4562">
     <span class='ocr_line' id='line_1_93' title="bbox 2022 4479 3503 4562; baseline -0.009 -15"><span class='ocrx_word' id='word_1_735' title='bbox 2022 4499 2259 4562; x_wconf 90' lang='lat' dir='ltr'><strong>possunt</strong></span> <span class='ocrx_word' id='word_1_736' title='bbox 2310 4490 2536 4560; x_wconf 79' lang='lat' dir='ltr'><strong>ﬁgurari</strong></span> <span class='ocrx_word' id='word_1_737' title='bbox 2590 4484 2800 4555; x_wconf 86' lang='lat' dir='ltr'><strong>divina)</strong></span> <span class='ocrx_word' id='word_1_738' title='bbox 2842 4483 3214 4538; x_wconf 86' lang='lat' dir='ltr'><strong>dillicultatem</strong></span> <span class='ocrx_word' id='word_1_739' title='bbox 3262 4479 3503 4536; x_wconf 81' lang='lat' dir='ltr'><strong>solvere.</strong></span> 
     </span>
    </p>
   </div>
   <div class='ocr_carea' id='block_1_94' title="bbox 319 4591 1918 4665">
    <p class='ocr_par' dir='ltr' id='par_1_94' title="bbox 319 4591 1918 4665">
     <span class='ocr_line' id='line_1_94' title="bbox 319 4591 1918 4665; baseline 0 -20"><span class='ocrx_word' id='word_1_740' title='bbox 319 4591 611 4663; x_wconf 87' lang='grc' dir='ltr'>θρωπινοις</span> <span class='ocrx_word' id='word_1_741' title='bbox 640 4594 1045 4665; x_wconf 78' lang='grc' dir='ltr'>παραδείγμασι</span> <span class='ocrx_word' id='word_1_742' title='bbox 1075 4593 1453 4664; x_wconf 81' lang='grc' dir='ltr'>φαντασθῆναι</span> <span class='ocrx_word' id='word_1_743' title='bbox 1481 4594 1552 4646; x_wconf 86' lang='grc' dir='ltr'>τὰ</span> <span class='ocrx_word' id='word_1_744' title='bbox 1579 4593 1719 4663; x_wconf 84' lang='grc' dir='ltr'>θεῖα)</span> <span class='ocrx_word' id='word_1_745' title='bbox 1753 4593 1918 4646; x_wconf 79' lang='grc' dir='ltr'>εὐπο-</span> 
     </span>
    </p>
   </div>
   <div class='ocr_carea' id='block_1_95' title="bbox 322 4682 1310 4758">
    <p class='ocr_par' dir='ltr' id='par_1_95' title="bbox 322 4682 1310 4758">
     <span class='ocr_line' id='line_1_95' title="bbox 322 4682 1310 4758; baseline 0.006 -23"><span class='ocrx_word' id='word_1_746' title='bbox 322 4682 445 4753; x_wconf 87' lang='grc' dir='ltr'>ρίαν</span> <span class='ocrx_word' id='word_1_747' title='bbox 499 4684 608 4738; x_wconf 86' lang='grc' dir='ltr'><strong>τὼν</strong></span> <span class='ocrx_word' id='word_1_748' title='bbox 659 4687 1028 4758; x_wconf 74' lang='grc' dir='ltr'>ἠπορημένων</span> <span class='ocrx_word' id='word_1_749' title='bbox 1070 4688 1310 4756; x_wconf 80' lang='grc' dir='ltr'>ποιήσει.</span> 
     </span>
    </p>
   </div>
   <div class='ocr_carea' id='block_1_96' title="bbox 389 4774 1912 4852">
    <p class='ocr_par' dir='ltr' id='par_1_96' title="bbox 389 4774 1912 4852">
     <span class='ocr_line' id='line_1_96' title="bbox 389 4774 1912 4852; baseline 0 -19"><span class='ocrx_word' id='word_1_750' title='bbox 389 4774 463 4845; x_wconf 87' lang='grc' dir='ltr'><strong>γ’.</strong></span> <span class='ocrx_word' id='word_1_751' title='bbox 518 4778 581 4831; x_wconf 79' lang='grc' dir='ltr'><strong>Εἰ</strong></span> <span class='ocrx_word' id='word_1_752' title='bbox 634 4782 700 4851; x_wconf 82' lang='grc' dir='ltr'>τῇ</span> <span class='ocrx_word' id='word_1_753' title='bbox 754 4780 901 4851; x_wconf 78' lang='grc' dir='ltr'>ψυχῇ</span> <span class='ocrx_word' id='word_1_754' title='bbox 964 4781 1059 4833; x_wconf 81' lang='grc' dir='ltr'>καὶ</span> <span class='ocrx_word' id='word_1_755' title='bbox 1114 4779 1215 4850; x_wconf 72' lang='lat' dir='ltr'><strong>rq&#39;);</strong></span> <span class='ocrx_word' id='word_1_756' title='bbox 1244 4780 1461 4851; x_wconf 82' lang='grc' dir='ltr'>σώματι</span> <span class='ocrx_word' id='word_1_757' title='bbox 1504 4779 1601 4834; x_wconf 88' lang='grc' dir='ltr'><strong>τοῦ</strong></span> <span class='ocrx_word' id='word_1_758' title='bbox 1647 4777 1912 4852; x_wconf 84' lang='grc' dir='ltr'>Χριστοῦ,</span> 
     </span>
    </p>
   </div>
   <div class='ocr_carea' id='block_1_97' title="bbox 318 4855 1913 4947">
    <p class='ocr_par' dir='ltr' id='par_1_97' title="bbox 318 4855 1913 4947">
     <span class='ocr_line' id='line_1_97' title="bbox 318 4855 1913 4947; baseline 0.004 -23"><span class='ocrx_word' id='word_1_759' title='bbox 318 4871 440 4943; x_wconf 73' lang='grc' dir='ltr'>ἦτοι</span> <span class='ocrx_word' id='word_1_760' title='bbox 463 4871 544 4943; x_wconf 85' lang='grc' dir='ltr'><strong>τῷ</strong></span> <span class='ocrx_word' id='word_1_761' title='bbox 578 4874 846 4945; x_wconf 82' lang='grc' dir='ltr'>Κυριακῷ</span> <span class='ocrx_word' id='word_1_762' title='bbox 875 4874 1172 4946; x_wconf 84' lang='grc' dir='ltr'>ἀνθρώπῳ,</span> <span class='ocrx_word' id='word_1_763' title='bbox 1192 4855 1265 4947; x_wconf 30' lang='lat' dir='ltr'><strong>ii)</strong></span> <span class='ocrx_word' id='word_1_764' title='bbox 1306 4876 1401 4929; x_wconf 86' lang='grc' dir='ltr'><strong>τοῦ</strong></span> <span class='ocrx_word' id='word_1_765' title='bbox 1424 4862 1665 4947; x_wconf 29' lang='grc' dir='ltr'>κΠατρὸς</span> <span class='ocrx_word' id='word_1_766' title='bbox 1693 4877 1789 4930; x_wconf 85' lang='lat' dir='ltr'><strong>xui.</strong></span> <span class='ocrx_word' id='word_1_767' title='bbox 1818 4875 1913 4930; x_wconf 84' lang='grc' dir='ltr'><strong>τοῦ</strong></span> 
     </span>
    </p>
   </div>
   <div class='ocr_carea' id='block_1_98' title="bbox 319 4962 1909 5038">
    <p class='ocr_par' dir='ltr' id='par_1_98' title="bbox 319 4962 1909 5038">
     <span class='ocr_line' id='line_1_98' title="bbox 319 4962 1909 5038; baseline 0.003 -22"><span class='ocrx_word' id='word_1_768' title='bbox 319 4962 641 5035; x_wconf 88' lang='grc' dir='ltr'>Πνεύματος</span> <span class='ocrx_word' id='word_1_769' title='bbox 670 4967 855 5036; x_wconf 84' lang='grc' dir='ltr'>παρῆν</span> <span class='ocrx_word' id='word_1_770' title='bbox 893 4967 1191 5031; x_wconf 79' lang='grc' dir='ltr'>ὑπόστασις</span> <span class='ocrx_word' id='word_1_771' title='bbox 1232 4968 1405 5038; x_wconf 78' lang='grc' dir='ltr'>(οὐδὲν</span> <span class='ocrx_word' id='word_1_772' title='bbox 1432 4968 1543 5038; x_wconf 84' lang='grc' dir='ltr'><strong>γὰρ</strong></span> <span class='ocrx_word' id='word_1_773' title='bbox 1577 4968 1686 5022; x_wconf 82' lang='grc' dir='ltr'>τῶν</span> <span class='ocrx_word' id='word_1_774' title='bbox 1717 4968 1909 5031; x_wconf 80' lang='grc' dir='ltr'>ὅντων,</span> 
     </span>
    </p>
   </div>
   <div class='ocr_carea' id='block_1_99' title="bbox 319 5053 1911 5133">
    <p class='ocr_par' dir='ltr' id='par_1_99' title="bbox 319 5053 1911 5133">
     <span class='ocr_line' id='line_1_99' title="bbox 319 5053 1911 5133; baseline 0.003 -23"><span class='ocrx_word' id='word_1_775' title='bbox 319 5053 402 5119; x_wconf 80' lang='grc' dir='ltr'><strong>οἷς</strong></span> <span class='ocrx_word' id='word_1_776' title='bbox 422 5056 499 5127; x_wconf 86' lang='grc' dir='ltr'>μὴ</span> <span class='ocrx_word' id='word_1_777' title='bbox 522 5058 790 5128; x_wconf 82' lang='grc' dir='ltr'>πάρεστιν</span> <span class='ocrx_word' id='word_1_778' title='bbox 806 5060 1176 5114; x_wconf 81' lang='grc' dir='ltr'>ὲπιστατοῦσα</span> <span class='ocrx_word' id='word_1_779' title='bbox 1193 5062 1287 5114; x_wconf 76' lang='grc' dir='ltr'><strong>καὶ</strong></span> <span class='ocrx_word' id='word_1_780' title='bbox 1309 5062 1670 5133; x_wconf 85' lang='grc' dir='ltr'>προνοοῦσαὴ</span> <span class='ocrx_word' id='word_1_781' title='bbox 1698 5063 1911 5132; x_wconf 77' lang='grc' dir='ltr'>Τριὰς),</span> 
     </span>
    </p>
   </div>
   <div class='ocr_carea' id='block_1_100' title="bbox 320 5147 1916 5222">
    <p class='ocr_par' dir='ltr' id='par_1_100' title="bbox 320 5147 1916 5222">
     <span class='ocr_line' id='line_1_100' title="bbox 320 5147 1916 5222; baseline 0.003 -21"><span class='ocrx_word' id='word_1_782' title='bbox 320 5147 540 5218; x_wconf 78' lang='grc' dir='ltr'>λέγεται</span> <span class='ocrx_word' id='word_1_783' title='bbox 578 5149 636 5203; x_wconf 83' lang='grc' dir='ltr'><strong>δὲ</strong></span> <span class='ocrx_word' id='word_1_784' title='bbox 667 5150 696 5202; x_wconf 93' lang='lat'><strong>6</strong></span> <span class='ocrx_word' id='word_1_785' title='bbox 719 5149 845 5214; x_wconf 83' lang='grc' dir='ltr'>Υἱὸς</span> <span class='ocrx_word' id='word_1_786' title='bbox 894 5148 972 5220; x_wconf 80' lang='grc' dir='ltr'>τῷ</span> <span class='ocrx_word' id='word_1_787' title='bbox 999 5153 1256 5221; x_wconf 86' lang='grc' dir='ltr'>παρεῖναι</span> <span class='ocrx_word' id='word_1_788' title='bbox 1288 5152 1511 5215; x_wconf 83' lang='grc' dir='ltr'>πάντως</span> <span class='ocrx_word' id='word_1_789' title='bbox 1558 5153 1916 5222; x_wconf 76' lang='grc' dir='ltr'>σαρκωθῆναι</span> 
     </span>
    </p>
   </div>
   <div class='ocr_carea' id='block_1_101' title="bbox 320 5242 1919 5315">
    <p class='ocr_par' dir='ltr' id='par_1_101' title="bbox 320 5242 1919 5315">
     <span class='ocr_line' id='line_1_101' title="bbox 320 5242 1919 5315; baseline 0.001 -19"><span class='ocrx_word' id='word_1_790' title='bbox 320 5242 418 5296; x_wconf 85' lang='lat' dir='ltr'><strong>xui.</strong></span> <span class='ocrx_word' id='word_1_791' title='bbox 442 5242 889 5313; x_wconf 76' lang='grc' dir='ltr'>ἐνανθρωπῆσαι,</span> <span class='ocrx_word' id='word_1_792' title='bbox 919 5244 1035 5307; x_wconf 83' lang='grc' dir='ltr'>πῶς</span> <span class='ocrx_word' id='word_1_793' title='bbox 1061 5246 1183 5314; x_wconf 67' lang='grc' dir='ltr'>οὐχ).</span> <span class='ocrx_word' id='word_1_794' title='bbox 1213 5247 1239 5297; x_wconf 87' lang='grc' dir='ltr'><strong>ό</strong></span> <span class='ocrx_word' id='word_1_795' title='bbox 1266 5244 1454 5315; x_wconf 74' lang='grc' dir='ltr'>Πατὴρ</span> <span class='ocrx_word' id='word_1_796' title='bbox 1491 5245 1587 5298; x_wconf 87' lang='lat' dir='ltr'><strong>xui.</strong></span> <span class='ocrx_word' id='word_1_797' title='bbox 1610 5246 1671 5298; x_wconf 89' lang='lat' dir='ltr'><strong>rb</strong></span> <span class='ocrx_word' id='word_1_798' title='bbox 1693 5245 1919 5314; x_wconf 82' lang='grc' dir='ltr'>Πνεῦμα</span> 
     </span>
    </p>
   </div>
   <div class='ocr_carea' id='block_1_102' title="bbox 320 5332 1921 5409">
    <p class='ocr_par' dir='ltr' id='par_1_102' title="bbox 320 5332 1921 5409">
     <span class='ocr_line' id='line_1_102' title="bbox 320 5332 1921 5409; baseline 0 -22"><span class='ocrx_word' id='word_1_799' title='bbox 320 5332 500 5389; x_wconf 83' lang='grc' dir='ltr'>ταῦτα</span> <span class='ocrx_word' id='word_1_800' title='bbox 527 5335 722 5406; x_wconf 79' lang='grc' dir='ltr'>ῥηθείη</span> <span class='ocrx_word' id='word_1_801' title='bbox 751 5336 817 5389; x_wconf 85' lang='grc' dir='ltr'>ἄν</span> <span class='ocrx_word' id='word_1_802' title='bbox 839 5354 853 5402; x_wconf 89' lang='lat'><strong>;</strong></span> <span class='ocrx_word' id='word_1_803' title='bbox 889 5339 957 5389; x_wconf 82' lang='grc' dir='ltr'><em>Ἢ</em></span> <span class='ocrx_word' id='word_1_804' title='bbox 982 5337 1044 5390; x_wconf 90' lang='lat' dir='ltr'><strong>rb</strong></span> <span class='ocrx_word' id='word_1_805' title='bbox 1072 5340 1349 5409; x_wconf 74' lang='grc' dir='ltr'>παρεῖναι,</span> <span class='ocrx_word' id='word_1_806' title='bbox 1378 5337 1555 5389; x_wconf 89' lang='grc' dir='ltr'>διττόν</span> <span class='ocrx_word' id='word_1_807' title='bbox 1576 5353 1590 5367; x_wconf 88' lang='grc'><strong>·</strong></span> <span class='ocrx_word' id='word_1_808' title='bbox 1613 5338 1676 5389; x_wconf 90' lang='lat' dir='ltr'><strong>rb</strong></span> <span class='ocrx_word' id='word_1_809' title='bbox 1706 5338 1826 5407; x_wconf 85' lang='grc' dir='ltr'>μὲν,</span> <span class='ocrx_word' id='word_1_810' title='bbox 1844 5337 1921 5402; x_wconf 84' lang='grc' dir='ltr'><strong>ὡς</strong></span> 
     </span>
    </p>
   </div>
   <div class='ocr_carea' id='block_1_103' title="bbox 324 5428 1916 5501">
    <p class='ocr_par' dir='ltr' id='par_1_103' title="bbox 324 5428 1916 5501">
     <span class='ocr_line' id='line_1_103' title="bbox 324 5428 1916 5501; baseline -0.001 -20"><span class='ocrx_word' id='word_1_811' title='bbox 324 5428 592 5498; x_wconf 78' lang='grc' dir='ltr'>προνοοῦν</span> <span class='ocrx_word' id='word_1_812' title='bbox 642 5430 848 5498; x_wconf 83' lang='grc' dir='ltr'>(καθὼς</span> <span class='ocrx_word' id='word_1_813' title='bbox 906 5429 1170 5501; x_wconf 75' lang='grc' dir='ltr'>εἴρηται),</span> <span class='ocrx_word' id='word_1_814' title='bbox 1233 5428 1354 5482; x_wconf 80' lang='grc' dir='ltr'>καθ’</span> <span class='ocrx_word' id='word_1_815' title='bbox 1385 5428 1415 5482; x_wconf 84' lang='grc' dir='ltr'><strong>ὃ</strong></span> <span class='ocrx_word' id='word_1_816' title='bbox 1452 5429 1854 5499; x_wconf 84' lang='grc' dir='ltr'>σημαινόμενον</span> <span class='ocrx_word' id='word_1_817' title='bbox 1882 5430 1916 5499; x_wconf 84' lang='grc' dir='ltr'>ἡ</span> 
     </span>
    </p>
   </div>
   <div class='ocr_carea' id='block_1_104' title="bbox 324 5520 1919 5594">
    <p class='ocr_par' dir='ltr' id='par_1_104' title="bbox 324 5520 1919 5594">
     <span class='ocr_line' id='line_1_104' title="bbox 324 5520 1919 5594; baseline -0.001 -20"><span class='ocrx_word' id='word_1_818' title='bbox 324 5522 497 5592; x_wconf 80' lang='grc' dir='ltr'>Τριὰς</span> <span class='ocrx_word' id='word_1_819' title='bbox 533 5525 790 5594; x_wconf 79' lang='grc' dir='ltr'>παρεῖναι</span> <span class='ocrx_word' id='word_1_820' title='bbox 850 5522 930 5593; x_wconf 82' lang='grc' dir='ltr'><strong>τῷ</strong></span> <span class='ocrx_word' id='word_1_821' title='bbox 960 5522 1222 5594; x_wconf 80' lang='grc' dir='ltr'>Κυριακῴ</span> <span class='ocrx_word' id='word_1_822' title='bbox 1251 5520 1548 5593; x_wconf 83' lang='grc' dir='ltr'>ἀνθρώπῳ,</span> <span class='ocrx_word' id='word_1_823' title='bbox 1600 5520 1791 5591; x_wconf 75' lang='grc' dir='ltr'>ὥσπερ</span> <span class='ocrx_word' id='word_1_824' title='bbox 1823 5523 1919 5573; x_wconf 86' lang='lat' dir='ltr'><strong>xui.</strong></span> 
     </span>
    </p>
   </div>
   <div class='ocr_carea' id='block_1_105' title="bbox 324 5610 1923 5686">
    <p class='ocr_par' dir='ltr' id='par_1_105' title="bbox 324 5610 1923 5686">
     <span class='ocr_line' id='line_1_105' title="bbox 324 5610 1923 5686; baseline 0.001 -20"><span class='ocrx_word' id='word_1_825' title='bbox 324 5617 438 5678; x_wconf 83' lang='grc' dir='ltr'>τοῖς</span> <span class='ocrx_word' id='word_1_826' title='bbox 468 5610 621 5668; x_wconf 78' lang='grc' dir='ltr'>οὖσιν</span> <span class='ocrx_word' id='word_1_827' title='bbox 650 5616 821 5668; x_wconf 79' lang='grc' dir='ltr'>ἅπασι</span> <span class='ocrx_word' id='word_1_828' title='bbox 851 5615 1089 5683; x_wconf 82' lang='grc' dir='ltr'>λέγεται,</span> <span class='ocrx_word' id='word_1_829' title='bbox 1130 5616 1247 5670; x_wconf 83' lang='grc' dir='ltr'><strong>ἀλλ’</strong></span> <span class='ocrx_word' id='word_1_830' title='bbox 1278 5614 1467 5686; x_wconf 88' lang='grc' dir='ltr'>ὡσπερ</span> <span class='ocrx_word' id='word_1_831' title='bbox 1511 5614 1667 5667; x_wconf 77' lang='grc' dir='ltr'>οὐδὲν</span> <span class='ocrx_word' id='word_1_832' title='bbox 1698 5615 1806 5667; x_wconf 84' lang='grc' dir='ltr'><strong>τῶν</strong></span> <span class='ocrx_word' id='word_1_833' title='bbox 1832 5613 1923 5667; x_wconf 78' lang='grc' dir='ltr'><strong>ὅν-</strong></span> 
     </span>
    </p>
   </div>
   <div class='ocr_carea' id='block_1_106' title="bbox 324 5706 1916 5779">
    <p class='ocr_par' dir='ltr' id='par_1_106' title="bbox 324 5706 1916 5779">
     <span class='ocr_line' id='line_1_106' title="bbox 324 5706 1916 5779; baseline -0.001 -18"><span class='ocrx_word' id='word_1_834' title='bbox 324 5726 455 5771; x_wconf 85' lang='grc' dir='ltr'>των,</span> <span class='ocrx_word' id='word_1_835' title='bbox 479 5708 568 5763; x_wconf 81' lang='grc' dir='ltr'><strong>διὰ</strong></span> <span class='ocrx_word' id='word_1_836' title='bbox 611 5708 673 5761; x_wconf 89' lang='lat' dir='ltr'><strong>rb</strong></span> <span class='ocrx_word' id='word_1_837' title='bbox 729 5710 985 5779; x_wconf 83' lang='grc' dir='ltr'>παρεῖναι</span> <span class='ocrx_word' id='word_1_838' title='bbox 1040 5708 1275 5775; x_wconf 79' lang='grc' dir='ltr'>τούτοις,</span> <span class='ocrx_word' id='word_1_839' title='bbox 1312 5708 1644 5778; x_wconf 79' lang='grc' dir='ltr'>γεγενῆσθαι</span> <span class='ocrx_word' id='word_1_840' title='bbox 1674 5706 1916 5777; x_wconf 84' lang='grc' dir='ltr'>λέγεται,</span> 
     </span>
    </p>
   </div>
   <div class='ocr_carea' id='block_1_107' title="bbox 326 5800 1918 5885">
    <p class='ocr_par' dir='ltr' id='par_1_107' title="bbox 326 5800 1918 5885">
     <span class='ocr_line' id='line_1_107' title="bbox 326 5800 1918 5885; baseline 0 -31"><span class='ocrx_word' id='word_1_841' title='bbox 326 5800 502 5877; x_wconf 68' lang='grc' dir='ltr'>οὕτως</span> <span class='ocrx_word' id='word_1_842' title='bbox 531 5800 652 5869; x_wconf 58' lang='grc' dir='ltr'>οῦδὲ</span> <span class='ocrx_word' id='word_1_843' title='bbox 699 5800 1053 5885; x_wconf 67' lang='grc' dir='ltr'>σαρκωθῆναι</span> <span class='ocrx_word' id='word_1_844' title='bbox 1078 5842 1094 5869; x_wconf 89' lang='grc'><strong>,</strong></span> <span class='ocrx_word' id='word_1_845' title='bbox 1130 5802 1163 5875; x_wconf 77' lang='grc' dir='ltr'>ἢ</span> <span class='ocrx_word' id='word_1_846' title='bbox 1200 5801 1645 5875; x_wconf 79' lang='grc' dir='ltr'>ἐνανθρωπῆσαι.</span> <span class='ocrx_word' id='word_1_847' title='bbox 1682 5800 1918 5871; x_wconf 82' lang='grc' dir='ltr'>Λέγεται</span> 
     </span>
    </p>
   </div>
   <div class='ocr_carea' id='block_1_108' title="bbox 2097 4765 3615 4835">
    <p class='ocr_par' dir='ltr' id='par_1_108' title="bbox 2097 4765 3615 4835">
     <span class='ocr_line' id='line_1_108' title="bbox 2097 4765 3615 4835; baseline -0.007 -4"><span class='ocrx_word' id='word_1_848' title='bbox 2097 4777 2150 4831; x_wconf 80' lang='grc'><strong>5.</strong></span> <span class='ocrx_word' id='word_1_849' title='bbox 2182 4774 2237 4830; x_wconf 89' lang='lat' dir='ltr'><strong>Si</strong></span> <span class='ocrx_word' id='word_1_850' title='bbox 2261 4774 2439 4829; x_wconf 84' lang='lat' dir='ltr'><strong>inerat</strong></span> <span class='ocrx_word' id='word_1_851' title='bbox 2462 4771 2665 4827; x_wconf 90' lang='lat' dir='ltr'><strong>Christi</strong></span> <span class='ocrx_word' id='word_1_852' title='bbox 2691 4772 2887 4825; x_wconf 66' lang='lat' dir='ltr'><strong>anima:</strong></span> <span class='ocrx_word' id='word_1_853' title='bbox 2906 4779 2959 4825; x_wconf 86' lang='lat' dir='ltr'><strong>et</strong></span> <span class='ocrx_word' id='word_1_854' title='bbox 2978 4768 3216 4835; x_wconf 81' lang='lat' dir='ltr'><strong>corpori,</strong></span> <span class='ocrx_word' id='word_1_855' title='bbox 3233 4767 3286 4822; x_wconf 90' lang='lat' dir='ltr'><strong>id</strong></span> <span class='ocrx_word' id='word_1_856' title='bbox 3304 4776 3388 4821; x_wconf 75' lang='lat' dir='ltr'><strong>est</strong></span> <span class='ocrx_word' id='word_1_857' title='bbox 3407 4765 3615 4820; x_wconf 79' lang='lat' dir='ltr'><strong>lintnini</strong></span> 
     </span>
    </p>
   </div>
   <div class='ocr_carea' id='block_1_109' title="bbox 2027 4860 3615 4937">
    <p class='ocr_par' dir='ltr' id='par_1_109' title="bbox 2027 4860 3615 4937">
     <span class='ocr_line' id='line_1_109' title="bbox 2027 4860 3615 4937; baseline -0.008 -14"><span class='ocrx_word' id='word_1_858' title='bbox 2027 4868 2341 4931; x_wconf 89' lang='lat' dir='ltr'><strong>Dominico,</strong></span> <span class='ocrx_word' id='word_1_859' title='bbox 2370 4867 2556 4923; x_wconf 79' lang='lat' dir='ltr'><strong>Patris</strong></span> <span class='ocrx_word' id='word_1_860' title='bbox 2571 4875 2625 4921; x_wconf 89' lang='lat' dir='ltr'><strong>et</strong></span> <span class='ocrx_word' id='word_1_861' title='bbox 2652 4866 2899 4937; x_wconf 86' lang='lat' dir='ltr'><strong>Spiritus</strong></span> <span class='ocrx_word' id='word_1_862' title='bbox 2927 4864 3241 4935; x_wconf 83' lang='lat' dir='ltr'><strong>hypostasis</strong></span> <span class='ocrx_word' id='word_1_863' title='bbox 3278 4861 3436 4932; x_wconf 90' lang='lat' dir='ltr'><strong>(nihil</strong></span> <span class='ocrx_word' id='word_1_864' title='bbox 3469 4860 3615 4913; x_wconf 89' lang='lat' dir='ltr'><strong>enim</strong></span> 
     </span>
    </p>
   </div>
   <div class='ocr_carea' id='block_1_110' title="bbox 2022 4950 3617 5029">
    <p class='ocr_par' dir='ltr' id='par_1_110' title="bbox 2022 4950 3617 5029">
     <span class='ocr_line' id='line_1_110' title="bbox 2022 4950 3617 5029; baseline -0.008 -12"><span class='ocrx_word' id='word_1_865' title='bbox 2022 4964 2231 5017; x_wconf 88' lang='lat' dir='ltr'><strong>cntium</strong></span> <span class='ocrx_word' id='word_1_866' title='bbox 2256 4970 2362 5025; x_wconf 89' lang='lat' dir='ltr'><strong>est,</strong></span> <span class='ocrx_word' id='word_1_867' title='bbox 2394 4962 2484 5015; x_wconf 92' lang='lat' dir='ltr'><strong>cui</strong></span> <span class='ocrx_word' id='word_1_868' title='bbox 2505 4976 2613 5015; x_wconf 90' lang='lat' dir='ltr'><strong>non</strong></span> <span class='ocrx_word' id='word_1_869' title='bbox 2643 4961 2795 5014; x_wconf 82' lang='lat' dir='ltr'><strong>adest</strong></span> <span class='ocrx_word' id='word_1_870' title='bbox 2819 4959 3076 5029; x_wconf 66' lang='lat' dir='ltr'><strong>praelecta</strong></span> <span class='ocrx_word' id='word_1_871' title='bbox 3093 4966 3146 5010; x_wconf 86' lang='lat' dir='ltr'><strong>et</strong></span> <span class='ocrx_word' id='word_1_872' title='bbox 3175 4953 3468 5025; x_wconf 85' lang='lat' dir='ltr'><strong>pmvidens</strong></span> <span class='ocrx_word' id='word_1_873' title='bbox 3495 4950 3617 5005; x_wconf 88' lang='lat' dir='ltr'><strong>Tri-</strong></span> 
     </span>
    </p>
   </div>
   <div class='ocr_carea' id='block_1_111' title="bbox 2017 5044 3619 5123">
    <p class='ocr_par' dir='ltr' id='par_1_111' title="bbox 2017 5044 3619 5123">
     <span class='ocr_line' id='line_1_111' title="bbox 2017 5044 3619 5123; baseline -0.009 -15"><span class='ocrx_word' id='word_1_874' title='bbox 2017 5052 2207 5123; x_wconf 87' lang='lat' dir='ltr'><strong>nitas),</strong></span> <span class='ocrx_word' id='word_1_875' title='bbox 2235 5054 2283 5108; x_wconf 90' lang='lat' dir='ltr'><strong>si</strong></span> <span class='ocrx_word' id='word_1_876' title='bbox 2301 5067 2433 5107; x_wconf 88' lang='lat' dir='ltr'><strong>vero</strong></span> <span class='ocrx_word' id='word_1_877' title='bbox 2451 5051 2650 5105; x_wconf 82' lang='lat' dir='ltr'><strong>dicitur</strong></span> <span class='ocrx_word' id='word_1_878' title='bbox 2672 5049 2849 5102; x_wconf 78' lang='lat' dir='ltr'><strong>Filius</strong></span> <span class='ocrx_word' id='word_1_879' title='bbox 2869 5055 3133 5118; x_wconf 64' lang='lat' dir='ltr'><strong>pra‘sente</strong></span> <span class='ocrx_word' id='word_1_880' title='bbox 3151 5044 3418 5098; x_wconf 87' lang='lat' dir='ltr'><strong>Trinitate</strong></span> <span class='ocrx_word' id='word_1_881' title='bbox 3438 5044 3619 5096; x_wconf 88' lang='lat' dir='ltr'><strong>incar-</strong></span> 
     </span>
    </p>
   </div>
   <div class='ocr_carea' id='block_1_112' title="bbox 2019 5135 3621 5207">
    <p class='ocr_par' dir='ltr' id='par_1_112' title="bbox 2019 5135 3621 5207">
     <span class='ocr_line' id='line_1_112' title="bbox 2019 5135 3621 5207; baseline -0.01 -6"><span class='ocrx_word' id='word_1_882' title='bbox 2019 5155 2183 5201; x_wconf 83' lang='lat' dir='ltr'><strong>natus</strong></span> <span class='ocrx_word' id='word_1_883' title='bbox 2214 5146 2386 5201; x_wconf 81' lang='lat' dir='ltr'><strong>fuisse</strong></span> <span class='ocrx_word' id='word_1_884' title='bbox 2426 5153 2482 5200; x_wconf 88' lang='lat' dir='ltr'><strong>et</strong></span> <span class='ocrx_word' id='word_1_885' title='bbox 2508 5146 2673 5197; x_wconf 92' lang='lat' dir='ltr'><strong>homo</strong></span> <span class='ocrx_word' id='word_1_886' title='bbox 2700 5142 2904 5207; x_wconf 77' lang='lat' dir='ltr'><strong>factus,</strong></span> <span class='ocrx_word' id='word_1_887' title='bbox 2930 5156 3029 5195; x_wconf 91' lang='lat' dir='ltr'><strong>cur</strong></span> <span class='ocrx_word' id='word_1_888' title='bbox 3073 5152 3178 5193; x_wconf 90' lang='lat' dir='ltr'><strong>non</strong></span> <span class='ocrx_word' id='word_1_889' title='bbox 3204 5137 3346 5191; x_wconf 85' lang='lat' dir='ltr'><strong>idem</strong></span> <span class='ocrx_word' id='word_1_890' title='bbox 3372 5135 3535 5191; x_wconf 82' lang='lat' dir='ltr'><strong>Pater</strong></span> <span class='ocrx_word' id='word_1_891' title='bbox 3564 5140 3621 5186; x_wconf 89' lang='lat' dir='ltr'><strong>ct</strong></span> 
     </span>
    </p>
   </div>
   <div class='ocr_carea' id='block_1_113' title="bbox 2024 5226 3621 5310">
    <p class='ocr_par' dir='ltr' id='par_1_113' title="bbox 2024 5226 3621 5310">
     <span class='ocr_line' id='line_1_113' title="bbox 2024 5226 3621 5310; baseline -0.009 -16"><span class='ocrx_word' id='word_1_892' title='bbox 2024 5241 2265 5310; x_wconf 89' lang='lat' dir='ltr'><strong>Spiritus</strong></span> <span class='ocrx_word' id='word_1_893' title='bbox 2291 5238 2464 5294; x_wconf 81' lang='lat' dir='ltr'><strong>fuisse</strong></span> <span class='ocrx_word' id='word_1_894' title='bbox 2493 5236 2852 5292; x_wconf 84' lang='lat' dir='ltr'><strong>dicerentur?</strong></span> <span class='ocrx_word' id='word_1_895' title='bbox 2882 5234 3315 5293; x_wconf 85' lang='lat' dir='ltr'><strong>Dieitnrautem,</strong></span> <span class='ocrx_word' id='word_1_896' title='bbox 3345 5228 3490 5300; x_wconf 90' lang='lat' dir='ltr'><strong>quod</strong></span> <span class='ocrx_word' id='word_1_897' title='bbox 3523 5226 3621 5281; x_wconf 88' lang='lat' dir='ltr'><strong>ad—</strong></span> 
     </span>
    </p>
   </div>
   <div class='ocr_carea' id='block_1_114' title="bbox 2025 5318 3624 5403">
    <p class='ocr_par' dir='ltr' id='par_1_114' title="bbox 2025 5318 3624 5403">
     <span class='ocr_line' id='line_1_114' title="bbox 2025 5318 3624 5403; baseline -0.01 -16"><span class='ocrx_word' id='word_1_898' title='bbox 2025 5341 2132 5398; x_wconf 85' lang='lat' dir='ltr'><strong>est,</strong></span> <span class='ocrx_word' id='word_1_899' title='bbox 2165 5333 2366 5403; x_wconf 84' lang='lat' dir='ltr'><strong>duplici</strong></span> <span class='ocrx_word' id='word_1_900' title='bbox 2382 5331 2544 5386; x_wconf 92' lang='lat' dir='ltr'><strong>modo</strong></span> <span class='ocrx_word' id='word_1_901' title='bbox 2571 5348 2584 5385; x_wconf 88' lang='lat'><strong>:</strong></span> <span class='ocrx_word' id='word_1_902' title='bbox 2612 5331 2849 5400; x_wconf 90' lang='lat' dir='ltr'><strong>primum</strong></span> <span class='ocrx_word' id='word_1_903' title='bbox 2876 5326 3172 5397; x_wconf 89' lang='lat' dir='ltr'><strong>providens</strong></span> <span class='ocrx_word' id='word_1_904' title='bbox 3191 5330 3274 5395; x_wconf 90' lang='lat' dir='ltr'><strong>(ut</strong></span> <span class='ocrx_word' id='word_1_905' title='bbox 3300 5336 3465 5391; x_wconf 87' lang='lat' dir='ltr'><strong>supra</strong></span> <span class='ocrx_word' id='word_1_906' title='bbox 3487 5318 3624 5373; x_wconf 82' lang='lat' dir='ltr'><strong>dixi-</strong></span> 
     </span>
    </p>
   </div>
   <div class='ocr_carea' id='block_1_115' title="bbox 2031 5410 3625 5495">
    <p class='ocr_par' dir='ltr' id='par_1_115' title="bbox 2031 5410 3625 5495">
     <span class='ocr_line' id='line_1_115' title="bbox 2031 5410 3625 5495; baseline -0.01 -15"><span class='ocrx_word' id='word_1_907' title='bbox 2031 5428 2198 5495; x_wconf 85' lang='lat' dir='ltr'><strong>mus),</strong></span> <span class='ocrx_word' id='word_1_908' title='bbox 2223 5424 2527 5483; x_wconf 88' lang='lat' dir='ltr'><strong>secundum</strong></span> <span class='ocrx_word' id='word_1_909' title='bbox 2553 5438 2718 5494; x_wconf 87' lang='lat' dir='ltr'><strong>quam</strong></span> <span class='ocrx_word' id='word_1_910' title='bbox 2742 5420 3200 5492; x_wconf 80' lang='lat' dir='ltr'><strong>signiﬁcationem</strong></span> <span class='ocrx_word' id='word_1_911' title='bbox 3225 5414 3469 5468; x_wconf 87' lang='lat' dir='ltr'><strong>Trinitas</strong></span> <span class='ocrx_word' id='word_1_912' title='bbox 3489 5410 3625 5465; x_wconf 88' lang='lat' dir='ltr'><strong>dici-</strong></span> 
     </span>
    </p>
   </div>
   <div class='ocr_carea' id='block_1_116' title="bbox 2027 5508 3619 5577">
    <p class='ocr_par' dir='ltr' id='par_1_116' title="bbox 2027 5508 3619 5577">
     <span class='ocr_line' id='line_1_116' title="bbox 2027 5508 3619 5577; baseline -0.011 -3"><span class='ocrx_word' id='word_1_913' title='bbox 2027 5528 2118 5574; x_wconf 90' lang='lat' dir='ltr'><strong>tur</strong></span> <span class='ocrx_word' id='word_1_914' title='bbox 2140 5519 2338 5574; x_wconf 82' lang='lat' dir='ltr'><strong>adesse</strong></span> <span class='ocrx_word' id='word_1_915' title='bbox 2359 5517 2641 5572; x_wconf 86' lang='lat' dir='ltr'><strong>Dominico</strong></span> <span class='ocrx_word' id='word_1_916' title='bbox 2665 5515 2895 5577; x_wconf 85' lang='lat' dir='ltr'><strong>homini,</strong></span> <span class='ocrx_word' id='word_1_917' title='bbox 2918 5513 3062 5570; x_wconf 89' lang='lat' dir='ltr'><strong>sicut</strong></span> <span class='ocrx_word' id='word_1_918' title='bbox 3083 5510 3289 5565; x_wconf 86' lang='lat' dir='ltr'><strong>dicitur</strong></span> <span class='ocrx_word' id='word_1_919' title='bbox 3310 5508 3471 5562; x_wconf 89' lang='lat' dir='ltr'><strong>etiam</strong></span> <span class='ocrx_word' id='word_1_920' title='bbox 3497 5520 3619 5560; x_wconf 89' lang='lat' dir='ltr'><strong>om-</strong></span> 
     </span>
    </p>
   </div>
   <div class='ocr_carea' id='block_1_117' title="bbox 2027 5598 3623 5680">
    <p class='ocr_par' dir='ltr' id='par_1_117' title="bbox 2027 5598 3623 5680">
     <span class='ocr_line' id='line_1_117' title="bbox 2027 5598 3623 5680; baseline -0.011 -12"><span class='ocrx_word' id='word_1_921' title='bbox 2027 5615 2192 5668; x_wconf 87' lang='lat' dir='ltr'><strong>nibus</strong></span> <span class='ocrx_word' id='word_1_922' title='bbox 2214 5612 2471 5678; x_wconf 90' lang='lat' dir='ltr'><strong>entibus;</strong></span> <span class='ocrx_word' id='word_1_923' title='bbox 2509 5611 2603 5667; x_wconf 89' lang='lat' dir='ltr'><strong>sed</strong></span> <span class='ocrx_word' id='word_1_924' title='bbox 2645 5607 3105 5680; x_wconf 86' lang='lat' dir='ltr'><strong>quemadmodum</strong></span> <span class='ocrx_word' id='word_1_925' title='bbox 3141 5618 3206 5658; x_wconf 78' lang='lat' dir='ltr'><strong>ex</strong></span> <span class='ocrx_word' id='word_1_926' title='bbox 3232 5616 3297 5656; x_wconf 89' lang='lat' dir='ltr'><strong>eo</strong></span> <span class='ocrx_word' id='word_1_927' title='bbox 3322 5598 3468 5670; x_wconf 90' lang='lat' dir='ltr'><strong>quod</strong></span> <span class='ocrx_word' id='word_1_928' title='bbox 3498 5612 3623 5651; x_wconf 91' lang='lat' dir='ltr'><strong>om-</strong></span> 
     </span>
    </p>
   </div>
   <div class='ocr_carea' id='block_1_118' title="bbox 2030 5686 3621 5781">
    <p class='ocr_par' dir='ltr' id='par_1_118' title="bbox 2030 5686 3621 5781">
     <span class='ocr_line' id='line_1_118' title="bbox 2030 5686 3621 5781; baseline -0.013 -22"><span class='ocrx_word' id='word_1_929' title='bbox 2030 5705 2198 5761; x_wconf 87' lang='lat' dir='ltr'><strong>nibus</strong></span> <span class='ocrx_word' id='word_1_930' title='bbox 2226 5704 2407 5770; x_wconf 90' lang='lat' dir='ltr'><strong>adest,</strong></span> <span class='ocrx_word' id='word_1_931' title='bbox 2440 5701 2679 5757; x_wconf 86' lang='lat' dir='ltr'><strong>Trinitas</strong></span> <span class='ocrx_word' id='word_1_932' title='bbox 2698 5716 2810 5755; x_wconf 91' lang='lat' dir='ltr'><strong>non</strong></span> <span class='ocrx_word' id='word_1_933' title='bbox 2830 5697 3030 5753; x_wconf 88' lang='lat' dir='ltr'><strong>dicitur</strong></span> <span class='ocrx_word' id='word_1_934' title='bbox 3056 5694 3224 5749; x_wconf 92' lang='lat' dir='ltr'><strong>ullum</strong></span> <span class='ocrx_word' id='word_1_935' title='bbox 3243 5686 3621 5781; x_wconf 59' lang='lat' dir='ltr'><strong>entium‘l&#39;acta</strong></span> 
     </span>
    </p>
   </div>
   <div class='ocr_carea' id='block_1_119' title="bbox 2031 5786 3621 5857">
    <p class='ocr_par' dir='ltr' id='par_1_119' title="bbox 2031 5786 3621 5857">
     <span class='ocr_line' id='line_1_119' title="bbox 2031 5786 3621 5857; baseline -0.014 0"><span class='ocrx_word' id='word_1_936' title='bbox 2031 5801 2111 5857; x_wconf 84' lang='lat' dir='ltr'><strong>sic</strong></span> <span class='ocrx_word' id='word_1_937' title='bbox 2145 5813 2248 5857; x_wconf 71' lang='lat' dir='ltr'><strong>nec</strong></span> <span class='ocrx_word' id='word_1_938' title='bbox 2299 5799 2583 5856; x_wconf 79' lang='lat' dir='ltr'><strong>incarnata</strong></span> <span class='ocrx_word' id='word_1_939' title='bbox 2627 5795 2715 5853; x_wconf 81' lang='lat' dir='ltr'><strong>vel</strong></span> <span class='ocrx_word' id='word_1_940' title='bbox 2757 5796 2920 5851; x_wconf 84' lang='lat' dir='ltr'><strong>homo</strong></span> <span class='ocrx_word' id='word_1_941' title='bbox 2954 5787 3119 5847; x_wconf 77' lang='lat' dir='ltr'><strong>facta.</strong></span> <span class='ocrx_word' id='word_1_942' title='bbox 3171 5786 3382 5842; x_wconf 86' lang='lat' dir='ltr'><strong>Dicitur</strong></span> <span class='ocrx_word' id='word_1_943' title='bbox 3436 5790 3621 5839; x_wconf 89' lang='lat' dir='ltr'><strong>autem</strong></span> 
     </span>
    </p>
   </div>
  </div>
