3854 6344
326 246 478 373 11291
1613 313 1848 377 SUPPL

2166 313 2239 376 [Μ
3502 310 3688 378 ῙἉΞ

341 424 539 482 adesse
576 439 748 480 unum
793 423 975 493 alteri,
1030 432 1094 482 ut
1121 425 1305 484 anima
1365 429 1606 500 corpori,
1666 430 1863 503 quonia

2159 433 2376 505 αρεῖναι
2421 431 2612 504 ἕτερον
2668 430 2864 505 ἑτέρῳ,
2908 432 3015 498 ὡςέ
3036 433 3073 506 ἠ
3105 430 3254 505 ψυχὴ
3284 432 3368 505 τῷ
3398 432 3680 506 σώματι,

341 518 507 574 ambo
541 518 598 574 in
635 532 802 574 uuam
836 519 1166 590 hypostasin
1229 534 1658 591 convenerunt;
1732 539 1862 580 secu

2164 542 2205 578 ;α
2255 523 2428 595 ἄμφω
2479 525 2559 588 είς
2618 524 2753 595 μίαν
2791 524 3055 595 συνῆλθεν
3082 526 3429 579 ὑπόστασιν·
3457 526 3604 579 καϐ*
3648 527 3686 579 ὃ

340 608 471 665 dum
526 626 695 682 quam
769 611 1230 682 signiﬁcationem
1292 613 1499 669 Filium
1547 624 1862 671 tantummo

2164 615 2447 687 πινόμενον
2479 616 2644 687 μόνον
2667 616 2760 671 τὸν
2787 616 2920 671 Υίδν
2941 618 3021 688 τῷ
3046 618 3317 690 κυριακῷ
3339 636 3529 690 φαμεν
3552 618 3686 672 ἂν·

341 702 627 761 Dominico
674 706 881 762 homini
938 707 1135 764 adesse
1198 706 1464 776 dicimus,
1523 710 1754 766 minime
1805 725 1863 765 ve

2164 727 2245 781 πῳ
2294 710 2592 778 παρεῖναι,
2660 708 2847 764 οὐκέτι
2898 710 2959 764 δὲ
2999 710 3093 764 τὸν
3144 711 3419 777 Πατέρα,
3485 712 3519 782 ἢ
3604 711 3686 763 τὸ

341 796 563 854 Patrem
620 808 716 855 aut
764 799 1050 872 Spiritum.
1103 802 1400 868 Praeterea,
1443 806 1750 860 secundum
1814 820 1863 876 pl

2160 800 2285 871 ῡμα.
2310 802 2423 855 Καὶ
2446 800 2592 855 κατά
2618 801 2719 871 μὲν
2743 801 3047 872 τὸπρῶτον
3065 803 3482 874 σημαινόμενον
3510 804 3682 857 πᾶσι

344 904 490 946 mam
538 891 1023 961 signiﬁcationem,
1103 895 1370 952 omnibus
1425 896 1637 963 aderat,
1696 906 1757 952 ut
1789 897 1866 952 dir

2162 893 2244 965 ἧν,
2273 893 2465 965 ὥσπερ
2513 892 2747 964 ἔφημεν,
2773 892 3107 965 ἀνθρώποις,
3148 896 3246 949 καὶ
3286 895 3487 959 ἁπλῶς
3530 899 3684 960 τοῖς

344 996 491 1049 mus,
530 982 872 1051 hominibus,
919 994 974 1041 et
1011 988 1343 1058 generaliter
1398 989 1660 1045 omnibus
1715 989 1866 1044 entib

2164 1002 2192 1039 ν
2219 987 2251 1056 ἡ
2283 984 2380 1040 τοῦ
2404 986 2581 1054 Λόγου
2608 986 2910 1050 ὑπόστασις
2932 1002 2947 1018 ο
2994 986 3139 1040 κατά
3188 986 3249 1040 δὲ
3285 988 3352 1041 τὸ
3383 988 3686 1059 δεύτερον

344 1072 511 1132 Verbi
569 1076 906 1149 hypostasis,
959 1084 1055 1136 sed
1094 1080 1407 1137 secundum
1464 1081 1866 1153 signiﬁcatione

2163 1076 2247 1141 ἑτι,
2278 1076 2417 1131 ἀλλὰ
2447 1076 2596 1148 μόνῳ
2638 1076 2718 1148 τῷ
2740 1077 3040 1149 Κυριακιῖν
3070 1076 3264 1151 ὥσπερ
3322 1082 3423 1135 καὶ
3458 1081 3493 1132 ὁ
3522 1080 3685 1145 νοῦς

346 1168 579 1224 alteram
640 1171 907 1240 minime;
941 1172 1039 1227 sed
1090 1173 1195 1228 soli
1246 1172 1557 1240 Dominico,
1610 1175 1840 1246 perinde

2182 1171 2314 1241 ἡμῖν
2340 1170 2575 1243 πάρεστι
2605 1170 2705 1243 μὲν
2736 1173 2927 1237 πᾶσιν,
2958 1166 3040 1235 οἷς
3066 1172 3403 1239 ἐπιϐάλλων,
3430 1174 3684 1228 τούτων

344 1276 506 1317 mens
551 1277 673 1332 quae
724 1264 884 1319 nobis
918 1265 1178 1323 omnibus
1207 1267 1371 1331 inest,
1394 1267 1579 1323 omnia
1604 1268 1767 1324 obvia
1793 1284 1866 1325 co:

2159 1260 2511 1333 ιλαμὸάνεται
2566 1263 2661 1317 καὶ
2715 1264 2847 1326 νοεῖ,
2884 1263 3120 1334 πάρεστι
3148 1264 3207 1318 δὲ
3236 1265 3441 1334 καὶτῷ
3480 1268 3681 1329 ἐττε-

345 1354 594 1425 plectens
636 1356 857 1428 illisque
901 1359 1211 1422 attendens,
1254 1359 1621 1417 nihilominus
1666 1361 1721 1415 in
1775 1377 1867 1417 ent

2158 1372 2221 1425 Ψο
2254 1354 2312 1426 ἢν
2341 1357 2391 1409 εί
2443 1355 2519 1427 μὴ
2573 1354 2776 1427 βούλει,
2810 1355 2958 1428 ἄλλῳ
2994 1358 3103 1412 τινὶ
3127 1358 3307 1430 μορίῳ
3326 1358 3410 1430 τῷ
3449 1376 3680 1428 om”-

346 1444 511 1515 phalo
529 1446 751 1516 residet,
776 1449 878 1514 vel,
897 1450 942 1505 si
960 1449 1061 1505 hoc
1084 1451 1180 1506 tibi
1201 1451 1478 1522 displicet,
1503 1453 1558 1507 in
1582 1452 1817 1523 quadam
1835 1469 1864 1508 a

2156 1448 2213 1519 ῥ’
2248 1451 2344 1503 καὶ
2373 1450 2474 1503 οὑκ
2522 1449 2669 1504 ἐστιν
2717 1450 2881 1522 ὁμοία
2916 1452 2951 1521 ἡ
2978 1452 3291 1524 παρουσίαο
3324 1455 3360 1525 ἡ
3395 1455 3499 1525 μὲν
3539 1458 3678 1525 γὰρ

348 1537 600 1608 corporis
625 1549 814 1610 parte;
840 1557 1020 1613 neque
1040 1551 1124 1597 est
1148 1543 1437 1614 praesentia
1470 1543 1669 1601 similis
1693 1561 1709 1612 ;
1735 1545 1869 1615 quip

2157 1540 2378 1594 ,οὐσίαν
2402 1540 2500 1593 καὶ
2524 1539 2783 1612 ὓπαρξιν,
2807 1543 2841 1611 ἡ
2869 1542 2927 1595 ὲν
2954 1542 3034 1614 τῷ
3062 1546 3441 1615 ἀφωρισμένη)
3467 1546 3679 1616 μορίῳ

347 1629 525 1685 altera
559 1640 646 1687 est
675 1635 980 1689 secundum
1007 1636 1336 1706 contingens
1358 1645 1413 1692 et
1452 1638 1762 1703 materiam,
1826 1654 1869 1694 St

2152 1633 2369 1705 ιατικῴ,
2403 1636 2438 1705 ή
2480 1634 2539 1689 δὲ
2560 1635 2702 1690 κατὰ
2732 1636 2904 1707 μόνην
2931 1634 3117 1707 νόησιν
3142 1640 3236 1691 καὶ
3268 1638 3606 1707 ἀντίληψιν.
3658 1672 3674 1707 λ

348 1722 477 1779 licet
499 1724 725 1796 in‘parte
741 1728 976 1798 quadam
995 1743 1258 1800 corporea
1284 1728 1718 1797 deiiuita,allera
1742 1746 1941 1788 secun-

352 1816 487 1873 dum
520 1792 693 1874 solam
728 1792 963 1877 trientem
997 1792 1594 1894 per-anticipationem.
1969 1792 2019 1855 Β

418 1907 477 1964 4.
511 1907 732 1966 .Utrum
771 1911 933 1969 Verbi
996 1914 1311 1986 hypostusis
1338 1953 1354 1980 ,
1409 1915 1624 1971 scilicet
1652 1920 1661 1984 ξ
1691 1915 1940 1973 Christus

2151 1899 2187 1957 '.
2241 1902 2517 1974 Πότερον,
2569 1903 2605 1973 ἡ
2648 1902 2744 1957 τοῦ
2798 1902 2976 1971 Λόγου
3033 1903 3356 1972 ὑπόστασις,
3392 1906 3586 1977 ἤγουν
3638 1907 3673 1959 ὁ

348 1998 494 2057 idem
536 2011 623 2059 est
683 2013 849 2075 atque
899 2006 1021 2076 ejus
1073 2007 1198 2063 duae
1250 2018 1482 2075 naturae,
1526 2023 1596 2064 an
1647 2007 1870 2065 dilferen

2143 1994 2310 2060 ιστὺς,
2344 1995 2546 2049 ταύτόν
2572 1995 2691 2049 ἐστι
2714 1996 2839 2059 ταῖς
2870 1994 3039 2049 αὑτοῦ
3063 1996 3317 2065 φύσεσιν,
3350 1998 3385 2071 ἢ
3416 1998 3665 2069 ἓτερονς

350 2090 660 2166 Utrumque
684 2097 982 2154 obscurum
1015 2118 1029 2155 :
1059 2114 1187 2155 nam
1215 2101 1263 2158 si
1300 2101 1468 2169 idem,
1505 2117 1631 2158 cum
1673 2102 1788 2158 sint
1826 2101 1872 2157 ἀι

2146 2086 2395 2159 ιτέρωθεν
2437 2087 2547 2159 γὰρ
2599 2087 2809 2157 ἄπορον
2860 2081 3003 2141 εἶναι
3067 2090 3254 2143 ποιεῖ’
3308 2093 3357 2143 εί
3396 2090 3497 2160 μὲν
3540 2091 3668 2161 γὰρ

350 2195 606 2255 naturae,
660 2199 1016 2263 eruntsergo
1077 2195 1201 2249 dua:
1257 2194 1640 2266 hypostases;
1709 2202 1764 2251 et
1820 2210 1868 2251 cu

2143 2180 2265 2247 ιτὸν,
2294 2179 2403 2233 είσὶ
2427 2180 2484 2234 δὲ
2516 2178 2611 2235 δύο
2645 2182 2862 2251 φύσεις,
2891 2182 2989 2237 καὶ⁸
3017 2182 3352 2247 ὑποστάσεις
3382 2183 3495 2254 ἄρα
3515 2183 3665 2237 δύο·

349 2294 461 2335 una
508 2284 816 2353 composita
873 2284 1228 2356 hypostasis,
1285 2287 1392 2342 erit
1442 2303 1574 2359 ergo
1623 2302 1732 2344 una
1789 2302 1871 2343 σοι

2143 2271 2404 2339 ινάπαλιν,
2436 2272 2631 2328 ἔστιδὲ
2654 2275 2755 2345 μία
2788 2275 3045 2340 σύνθετος
3072 2276 3396 2340 ὑπόστασις,
3427 2278 3527 2330 καὶ
3554 2277 3665 2347 μία

349 2371 531 2443 posita
561 2382 796 2441 natura;
877 2376 926 2431 si
956 2388 1086 2432 vero
1141 2376 1425 2442 diﬂ‘ereus,
1494 2378 1609 2434 haec
1660 2379 1772 2434 alia
1816 2395 1871 2435 su

2146 2384 2159 2420 ι
2182 2365 2438 2430 σύνθετος
2455 2366 2620 2437 φύσις
2639 2383 2656 2400 ο
2681 2370 2730 2421 εί
2751 2367 2799 2422 δ’
2826 2368 3034 2438 ἕτερον.
3062 2368 3179 2422 ἔστι
3208 2369 3267 2423 δὲ
3294 2372 3489 2424 ἐκεῖνα
3518 2368 3668 2433 Θεὸς·

350 2462 496 2520 Deus
548 2471 603 2520 et
633 2464 799 2521 homo
838 2474 1043 2539 ;tcrgo
1104 2468 1419 2540 hypostasis
1477 2477 1533 2525 et
1568 2479 1766 2526 natura
1836 2487 1867 2526 u

2139 2460 2478 2532 .depmno;'
2508 2462 2611 2516 οὑκ
2630 2461 3068 2532 ἄραῖὺπόστασις
3091 2461 3210 2536 [καὶ
3234 2462 3424 2536 φύσις]
3448 2463 3661 2527 ταύτὰ,

357 2564 493 2613 sunt
515 2556 690 2627 idem;
718 2559 864 2630 quod
886 2560 1107 2631 quidem
1144 2562 1309 2617 etiam
1329 2563 1645 2631 [absurdius
1671 2571 1817 2621 esset
1844 2581 1879 2629 ;ι

2142 2551 2195 2603 αἱ
2226 2550 2575 2622 ἀτοπώτερον
2594 2567 2610 2584 ο
2637 2552 2925 2606 ἀκολουθεί
2947 2552 2994 2606 δ’
3024 2553 3266 2624 ἑκατέρᾳ
3309 2553 3426 2606 τῶν
3458 2552 3664 2607 ὑποθέ-

355 2655 591 2718 utraque
622 2650 768 2705 enim
795 2651 1082 2723 hypothesi
1111 2653 1264 2723 plura
1292 2654 1398 2708 alia
1431 2654 1670 2711 absurda
1701 2670 1872 2712 nascu

2136 2661 2190 2698 υν
2222 2644 2319 2697 καὶ
2347 2643 2483 2698 ἄλλα
2512 2643 2737 2698 πλείονα
2784 2644 2988 2700 ἄτοπα.
3054 2646 3240 2715 Φαμὲν
3273 2640 3394 2711 οὗν,
3429 2644 3658 2698 ἐπιλυό-

350 2745 465 2796 tur.
533 2738 779 2797 Dicimus
845 2758 977 2815 ergo
1037 2744 1458 2810 concludeutes,
1525 2761 1638 2800 non
1715 2747 1868 2802 omni

2140 2753 2225 2803 θοι,
2255 2733 2332 2800 ὡς
2363 2735 2489 2789 οὕτε
2542 2736 2743 2790 ταύτὸν
2784 2738 3008 2801 ἀπλῶς,
3046 2736 3173 2791 οὔτε
3226 2738 3441 2808 ἕτερον,
3510 2737 3662 2792 ἀλλά

351 2830 496 2887 idem
547 2848 691 2900 esse,
725 2850 904 2905 neque
934 2837 1163 2892 omnino
1208 2837 1492 2907 diﬂ‘ereus,
1562 2840 1656 2895 sed
1699 2839 1873 2910 quod:

2135 2833 2249 2883 ircov
2278 2829 2378 2902 μέν
2406 2846 2527 2884 τινα
2552 2830 3002 2903 ταὺτὸν,ἴτρόπον
3022 2831 3079 2884 δέ
3105 2849 3226 2885 τινα
3255 2831 3446 2901 ἕτερον
3465 2848 3479 2861 ·
3504 2831 3657 2886 κατὰ

355 2920 520 2976 modo
575 2922 741 2991 idem,
799 2925 1041 2995 quodam
1106 2928 1270 2984 modo
1320 2929 1619 2998 dill‘erens;
1671 2946 1797 2988 nam
1851 2948 1877 2987 s

2135 2941 2152 2975 ν
2170 2922 2280 2994 γὰρ
2302 2924 2431 2986 τοὺς
2457 2923 2739 2987 οὑσιώδεις
2766 2923 2960 2993 λόγους
2982 2925 3094 2978 τῶν
3123 2924 3365 2994 φύσεων,
3383 2925 3589 2979 ταύτὸν
3625 2926 3657 2977 ὁ

352 3012 600 3070 cundum
653 3017 979 3073 essentiales
1047 3020 1293 3078 rationes
1348 3030 1701 3089 naturarum,
1782 3022 1874 3079 Chl

2130 3016 2290 3081 ιιστὸς
2315 3018 2435 3081 ταῖς
2466 3016 2663 3089 ἑαυτοῦ
2700 3017 2930 3086 φύσεσι·
2959 3019 3084 3073 καθ’
3118 3018 3147 3072 ὃ
3180 3019 3236 3072 δὲ
3271 3019 3333 3072 τὸ
3361 3018 3486 3088 μὲν,
3517 3020 3652 3074 ἄτο-

351 3114 476 3161 stus
536 3106 679 3162 idem
734 3118 821 3164 est
870 3118 1036 3181 atque
1085 3111 1209 3169 dure
1272 3121 1522 3183 natura,
1575 3114 1673 3170 sed
1745 3130 1873 3172 secu

2130 3128 2177 3173 v,
2201 3110 2271 3163 τά
2299 3109 2357 3162 δὲ
2389 3109 2533 3165 κατά
2560 3110 2828 3165 πλειόνων
2846 3110 3102 3167 δύνανται
3120 3111 3385 3181 λέγεσθαι
3410 3114 3527 3177 (καὶ
3547 3113 3652 3166 ὅσα

352 3197 486 3254 dum
532 3216 655 3271 qua:
683 3212 816 3258 sunt
847 3205 1053 3271 atomi,
1118 3213 1175 3261 et
1224 3221 1348 3277 qua:
1403 3215 1519 3263 tum
1571 3208 1770 3278 plurali
1835 3207 1868 3262 d

2129 3203 2264 3266 5τοις
2295 3203 2504 3275 ὅμοια),
2530 3204 2740 3275 ἕτερον.
2761 3206 2876 3259 Οὑκ
2906 3206 3002 3260 ἐπὶ
3038 3206 3132 3260 τοῦ
3157 3207 3299 3260 κατά
3330 3206 3573 3277 Χριστὸν
3592 3206 3651 3259 δὲ

355 3303 592 3369 possunt
628 3292 703 3365 (et
734 3311 1076 3368 quaecunque
1105 3298 1193 3355 his
1231 3299 1480 3371 similia),
1511 3299 1792 3358 differens.
1827 3300 1872 3355 N

2125 3296 2382 3368 ›στηρίου,
2407 3296 2462 3349 εῐ
2493 3314 2579 3361 τις
2608 3298 2669 3349 τὸ
2703 3296 2954 3351 τοιοῦτον
2991 3299 3257 3370 ἐρώτημα
3295 3298 3647 3369 προκομίζει,

353 3383 537 3438 solum
599 3388 863 3458 mysterio
906 3388 1137 3455 Christi,
1193 3390 1241 3446 si
1296 3391 1421 3461 quis
1481 3391 1753 3463 ejusmodi
1796 3408 1875 3461 qu:

2125 3390 2419 3460 ἀπόκρισις
2466 3389 2500 3459 ἡ
2553 3389 2823 3460 εἰρημένη
2856 3390 3115 3461 ἁρμόσει,
3153 3389 3291 3443 ἀλλά
3328 3390 3428 3443 καὶ
3464 3390 3647 3453 ἁπλῶς

356 3476 595 3532 stionem
635 3488 926 3549 proponat,
1017 3482 1223 3538 solutio
1290 3483 1552 3555 praedicta
1620 3485 1878 3541 convenis

2127 3484 2149 3535 ὶ
2176 3484 2419 3549 πάντων,
2440 3484 2527 3553 ἐφ’
2550 3477 2628 3539 ὧν
2656 3482 2881 3538 δύναται
2913 3482 3169 3552 λέγεσθαι
3195 3481 3361 3551 φύσις
3401 3484 3499 3536 καὶ
3518 3482 3649 3536 ὑπό-

357 3567 457 3623 sed
527 3568 693 3624 etiam
763 3573 1093 3643 generaliter
1162 3577 1423 3632 omnibus
1478 3577 1534 3632 in
1578 3577 1784 3647 quibus
1851 3591 1879 3631 a

2126 3593 2249 3640 ασις
2270 3594 2283 3606 ·
2298 3571 2302 3575 ’
2317 3576 2414 3630 καὶ
2443 3570 2561 3649 γὰρ’
2581 3577 2612 3629 ό
2644 3567 3048 3647 Σωκράτῆἴτῇ
3070 3564 3600 3644 ”αὑτοῦ”φύσει”’καὶ
3619 3575 3647 3629 ὁ

357 3658 537 3716 hiberi
583 3673 821 3732 possunt
895 3668 1162 3723 vocabula
1226 3680 1423 3725 natura
1482 3677 1537 3726 et
1578 3670 1879 3743 hypostasit

2127 3686 2226 3733 πος
2259 3668 2385 3723 οὗτε
2433 3670 2633 3725 ταύτόν
2672 3673 2819 3724 ἐστιν
2850 3669 3060 3733 ἁπλῶς,
3094 3667 3220 3723 οὔτε
3262 3668 3479 3740 ἕτερον,
3515 3667 3648 3721 ἀλλά

357 3755 521 3823 quasi
561 3756 820 3815 Socrates
868 3768 925 3816 et
965 3777 1145 3833 equus
1203 3779 1303 3819 sua
1340 3773 1538 3819 natura
1572 3781 1681 3820 non
1726 3765 1873 3820 omni

2126 3764 2258 3817 όπον
2320 3764 2420 3834 μέν
2452 3781 2575 3818 τινα
2625 3763 2844 3825 ταύτὸν,
2868 3762 3060 3833 ὥσπερ
3107 3762 3351 3834 εῐρηται,
3380 3761 3581 3833 τρόπον
3602 3758 3646 3811 δ’

358 3857 493 3904 sunt
511 3849 677 3917 idem,
708 3866 812 3908 nec
835 3855 1064 3912 omnino
1087 3855 1368 3923 differens,
1404 3858 1500 3914 sed
1525 3860 1763 3929 quodam
1789 3873 1880 3914 mo

932 3855 1064 3912 nino
1087 3855 1368 3923 differens,
1404 3858 1500 3914 sed
1525 3860 1763 3929 quodam
1789 3859 1954 3916 modo
2058 3857 2217 3918 ἄλλον
2248 3857 2454 3930 ἕτερον.

359 3948 528 4013 idem,
562 3950 707 4005 sicut
745 3952 1005 4020 diximus,
1048 3956 1288 4025 quodam
1329 3956 1491 4011 modo
1530 3954 1811 4011 differens.
1870 3967 1898 4027 λ

470 4056 801 4124 QUIESTIO
831 4060 1116 4118 CCXXXI.
1162 4062 1356 4136 [ϐοἱεί.
1382 4065 1548 4120 Taur.
1584 4064 1825 4120 LXXIX.

1594 4064 1825 4120 LXXIX.
2578 4057 2915 4114 ΕΡΩΤΗΣΙΣ
2947 4054 3116 4111 ΣΛΑ’.

437 4146 628 4205 Utrum
655 4149 905 4208 Christus
941 4156 1003 4232 in
1027 4157 1336 4232 universum
1371 4158 1637 4232 hominem
1681 4162 1881 4231 accepit

2125 4155 2348 4225 ότερον,
2382 4155 2416 4209 ό
2448 4150 2865 4232 ξρίστὸς-τὸγ
2901 4152 3166 4232 καθόλου
3193 4147 3518 4215 ἄνθρωπον
3550 4144 3647 4200 dr-

924 4226 1003 4280 vel
1032 4228 1344 4298 singulatim
1360 4230 1386 4283 ?
1803 4221 1814 4231 ’
2210 4221 2225 4225 ⁷
2418 4239 2446 4276 ε

1803 4221 1814 4231 '
2210 4221 2225 4225 ⁷
2418 4223 2688 4287 ελάϐετο,
2712 4221 2752 4289 ἢ
2785 4221 2895 4275 τὸν
2914 4221 3014 4274 ἐπὶ
3035 4221 3295 4290 μὲρουςὶ

439 4311 491 4367 I.
544 4312 788 4371 Dicimus
839 4332 1017 4389 neque
1077 4319 1133 4374 in
1194 4320 1556 4389 universum,
1610 4340 1787 4396 neque
1840 4326 1959 4382 sin-

2140 4318 2212 4375 α¹.
2244 4316 2431 4389 Φαμὲν
2471 4314 2597 4370 οὒτε
2639 4314 2732 4367 τὸν
2760 4310 3157 4377 καθόλου,ούτε
3189 4310 3283 4364 τὸν
3310 4310 3409 4363 ἐπὶ
3430 4308 3557 4380 μέρι
3608 4323 3646 4370 ς·

365 4402 627 4474 gulatint;
689 4422 867 4478 neque
930 4410 1077 4464 enim
1143 4413 1471 4469 alterutrum
1532 4431 1599 4471 ex
1661 4417 1786 4474 istis
1834 4433 1887 4473 es

2122 4413 2187 4467 δὲ
2218 4412 2328 4483 γὰρ
2354 4410 2417 4476 ἐξ
2463 4409 2712 4478 ἀνάγκης
2743 4405 2969 4476 θάτερον
3000 4403 3207 4458 τούτων
3240 4402 3517 4473 ὑπάρχειν

366 4511 434 4550 ex
474 4500 807 4555 necessitate
839 4502 1033 4571 debet;
1067 4520 1173 4560 nou
1204 4508 1350 4561 enim
1384 4510 1691 4565 secundum
1726 4521 1888 4566 contr

2151 4506 2260 4576 γὰρ
2286 4502 2428 4557 κατά
2453 4499 2743 4570 ἀντίφασιν
2773 4499 2807 4569 ή
2840 4498 3131 4569 ἐρώτησις.
3184 4495 3246 4549 Ei
3294 4496 3397 4566 μὲν
3427 4495 3539 4565 γὰρ
3566 4494 3649 4546 τὸν

367 4588 663 4647 dictionem
728 4597 965 4665 quaestio
1018 4598 1132 4653 illa.
1191 4598 1486 4657 Enimvero
1539 4602 1584 4657 si
1627 4602 1682 4657 in
1731 4604 1889 4659 unive

2125 4600 2292 4653 ιθόλου
2347 4594 2635 4664 ἄνθρωπον
2666 4589 2960 4645 ἀνελάϐετο
2991 4591 3021 4642 ό
3049 4588 3307 4659 Χριστὸς,
3363 4585 3647 4656 συμϐαίνει

367 4698 489 4737 sum
524 4686 740 4757 accepit
770 4688 1049 4745 hominem
1073 4690 1353 4759 Christus,
1382 4702 1512 4763 puta
1546 4710 1656 4750 non
1682 4696 1735 4751 in
1772 4712 1889 4752 esse

2126 4688 2225 4741 ιτὸν
2252 4684 2326 4756 μὴ
2356 4684 2482 4737 καθ’
2518 4679 2776 4753 ὓπαρξιν,
2828 4679 2952 4750 μηδ’
2987 4680 3046 4733 ὲν
3097 4678 3354 4749 αίσθήσει
3404 4676 3648 4746 γενέσθαι

368 4775 525 4839 tiam,
560 4793 738 4850 neque
768 4779 884 4837 ﬁeri
918 4783 1196 4840 hominem
1227 4785 1281 4840 in
1309 4801 1502 4851 sensu,
1552 4788 1647 4843 sed
1681 4789 1736 4842 in
1796 4789 1890 4843 inn

2126 4781 2373 4851 ηθρωπον,
2394 4776 2509 4830 ἀλλ’
2534 4773 2752 4845 ἐπινοίᾳ
2776 4773 2914 4843 μόνῃ
2945 4771 3041 4825 καὶ¹
3063 4771 3336 4843 φαντασίᾳ
3364 4770 3528 4840 (αὕτη
3550 4768 3648 4839 γὰρ

370 4865 517 4921 lectu
545 4875 759 4925 tantum
800 4879 848 4927 et
886 4874 1279 4945 imaginatione
1302 4875 1443 4949 (hate
1473 4886 1557 4934 est
1612 4879 1764 4934 enim
1836 4896 1892 4935 IlI

2125 4873 2217 4927 τοῦ
2253 4870 2481 4926 καθόλου
2510 4867 2771 4941 ὓπαρξις,
2794 4866 2972 4927 ἄλλως
3001 4882 3060 4919 τε
3088 4864 3145 4917 δὲ
3175 4865 3269 4918 καὶ
3294 4863 3368 4935 μὴ
3399 4859 3540 4917 εἶναι
3558 4861 3647 4917 αὑ-

367 4960 511 5014 versi
542 4964 830 5035 essentia),
856 4965 1080 5037 alioque
1099 4968 1266 5023 modo
1299 4978 1355 5024 et
1388 4971 1542 5025 illum
1594 4988 1703 5026 non
1745 4987 1877 5029 esse

2125 4986 2155 5022 ν
2181 4969 2238 5020 ὲν
2262 4968 2412 5036 τόπῳ
2437 4960 2918 5033 περιγραφόμενον
2948 4956 3092 5012 κατά
3115 4958 3215 5028 τὴν
3244 4953 3647 5029 τῆςιάνθρωπό-

368 5051 492 5107 loco
521 5054 1004 5128 circumscriptum
1070 5062 1379 5117 secundum
1451 5063 1817 5122 humanitatis
1861 5083 1890 5120 n

2125 5076 2226 5131 ιτος
2269 5057 2433 5128 φύσιν
2462 5074 2478 5089 ·
2507 5055 2661 5109 οὐδὲν
2686 5054 2796 5123 γάρ
2831 5050 2941 5105 τῶν
2965 5050 3196 5104 καθόλου
3231 5050 3470 5113 τοπικῶς
3500 5065 3647 5118 περι-

372 5152 590 5211 tnram;
625 5147 759 5202 nihil
784 5151 932 5205 enim
963 5167 1147 5207 rerum
1187 5155 1241 5209 in
1269 5155 1586 5212 universum
1616 5158 1830 5213 ratione
1854 5159 1894 5214 lc

2124 5154 2362 5219 ›άφεται.
2414 5149 2537 5201 Ἔτι
2562 5147 2620 5200 δὲ
2650 5147 2746 5200 καὶ
2788 5146 2837 5199 εἰ
2865 5143 2959 5196 τὸν
2988 5142 3220 5199 καθόλου
3247 5142 3540 5213 ἄνθρωπον
3568 5142 3646 5193 ἀν⁴

370 5238 867 5296 circumscribitur.
900 5243 1129 5316 Insuper
1154 5249 1277 5304 etsi
1319 5248 1375 5303 in
1417 5249 1735 5305 universum
1776 5250 1892 5318 ,hon

2123 5245 2293 5301 016510
2338 5243 2365 5296 ό
2396 5240 2673 5311 Χριστὸς,
2709 5239 2771 5294 τὸ
2802 5240 2860 5297 δὲ
2896 5240 3128 5297 καθόλου
3160 5234 3322 5291 τοῦτό
3346 5236 3483 5299 ἐστι,
3514 5234 3576 5289 τὺ
3598 5233 3645 5284 ὲν

376 5345 497 5385 nem
522 5334 735 5404 accepit
765 5334 1034 5405 Christus,
1065 5355 1189 5395 cum
1232 5342 1286 5395 in
1328 5344 1674 5407 universum,
1698 5344 1748 5398 id
1784 5345 1898 5400 esti

2122 5338 2292 5400 ιλλαῖς
2330 5336 2664 5391 ὑποστάσεσι
2699 5336 3100 5410 θεωρούμενον,
3160 5331 3313 5387 ἔσται
3360 5331 3389 5383 ὁ
3423 5326 3644 5400 Χριστὸς

376 5425 564 5478 multis
595 5428 847 5495 personis
870 5432 1311 5502 consideratum,
1347 5435 1453 5491 erit
1503 5436 1767 5492 Christus
1798 5439 1881 5504 (ut

2125 5430 2217 5482 πει
2264 5430 2359 5485 τὸν
2388 5427 2621 5483 καθόλου
2651 5428 2943 5497 ἀνείληφεν
2977 5422 3288 5495 ἄνθρωπον)
3331 5420 3647 5477 ὑποστάσεις

379 5518 701 5574 universum
725 5526 1002 5593 acceperit
1025 5524 1329 5600 hominem)
1371 5544 1621 5599 persona:
1656 5529 1853 5591 multa:
1881 5546 1901 5583 ι

2070 5524 2285 5588 πολλαὶ,
2323 5522 2523 5593 μᾶλλον
2558 5521 2635 5584 δὲ,
2691 5521 2933 5591 ἄπειροι.
2984 5515 3287 5587 Συμὸαίνει
3341 5513 3400 5567 δὲ
3458 5514 3592 5566 καὶι

374 5612 560 5681 potius
580 5614 824 5671 inﬁnitas.
857 5615 1170 5675 Concludas
1191 5633 1373 5677 autem
1398 5630 1452 5677 et
1489 5622 1643 5677 illum
1673 5623 1834 5677 nobis
1856 5639 1896 5677 nl

2125 5637 2209 5673 ναι
2255 5620 2391 5689 ἡμῖν
2438 5617 2603 5671 αὑτὸν
2634 5614 2948 5687 ὁμοούσιον·
2986 5608 3395 5681 ἀναληφθέντος
3419 5606 3531 5677 γὰρ
3571 5622 3647 5656 rw

373 5718 501 5758 esse
531 5709 1100 5779 consubstantialem;
1156 5729 1284 5770 cum
1323 5716 1472 5769 enim
1528 5716 1584 5769 in
1645 5716 1895 5771 uuiversn

2127 5712 2305 5765 ιθὸλου
2338 5709 2632 5782 ἀνθρώπου
2688 5710 2748 5762 ὲν
2800 5706 2881 5777 τῷ
2917 5704 3038 5777 Θεῷ
3067 5703 3249 5776 Λόγῳ,
3283 5700 3470 5754 οὐκέτι
3500 5696 3649 5769 ἡμεῖς

377 5794 659 5857 hominem
694 5801 838 5861 Deus
880 5803 1117 5863 Verbum
1165 5808 1494 5881 accepisset,
1540 5822 1643 5865 ucc
1696 5808 1810 5879 jam
1864 5827 1897 5866 n

2128 5807 2353 5879 νθρωποι
2404 5802 2767 5876 λεχθείημεν·
2831 5800 2999 5855 πόθεν
3048 5798 3154 5870 γὰρ
3214 5795 3375 5851 τοῦτο
3432 5790 3650 5865 ὑπάρξει
