3854 6354
232 321 395 387 1293

1204 325 1307 386 ΔΙ)
1344 322 1843 398 ΟυΑΞδΤΙΟΝΕδ
1872 316 2579 385 AMPHILOCHIANAS.

3400 321 3545 390 1296

224 445 405 514 ἡμῖν,
444 443 539 499 καὶ
587 442 733 499 κατά
776 442 833 498 τί
868 444 1277 517 κοινωνήσομεν
1304 446 1384 517 τῷ
1412 445 1669 518 Χριστῷς
1700 445 1846 516 Πρὸς

1956 444 2082 500 dicti
2099 460 2350 501 essemus
2388 445 2675 511 homines;
2702 442 2849 501 unde
2899 443 3047 502 enim
3085 444 3192 503 hoc
3247 457 3397 505 esset
3438 466 3541 504 no-

223 536 279 590 δ⁹
312 536 387 591 αὖ
418 540 534 601 τοῖς
564 536 881 610 εἰρημένοις
932 538 1029 593 καὶ
1058 536 1249 609 ἕτερον
1279 538 1514 611 ὑπάρξει
1557 539 1841 611 άτόπημα,

221 629 297 684 τὸ
327 628 447 683 τῶν
477 629 786 701 ἀνθρώπων
837 629 1075 685 ἔκαστον
1102 631 1200 684 καὶ
1249 629 1537 704 ἄνθρωπον
1574 628 1717 686 εἶναι
1746 631 1847 686 καὶ

231 721 320 794 μὴ
357 721 681 795 ἄνθρωπονο
740 723 974 787 ἕκαστος
1018 722 1127 795 γὰρ
1174 724 1334 796 ήμῶν
1371 724 1517 780 κατά
1541 724 1635 779 τὸν
1665 724 1844 797 ἀληθῆ

226 812 407 884 λόγον
439 814 728 887 ἄνθρωπός
749 816 868 870 ὲστί
894 833 956 870 τε
986 818 1084 870 καὶ
1110 816 1441 888 ὀνομάζεται
1466 834 1481 849 θ
1511 817 1609 872 τοῦ
1628 817 1685 872 δὲ
1704 816 1843 871 καθ-

232 906 398 973 όλου,
430 908 554 964 καθ’
584 908 613 962 δ
646 908 851 971 πάντες
881 910 1165 981 ἄνθρωποι
1206 906 1349 967 εἶναι
1378 911 1652 982 ἐλέγοντο,
1688 912 1846 984 παρά

229 999 337 1054 τοῦ
360 1000 499 1053 Θεοῦ
538 1001 715 1070 Λόγου
743 1002 1173 1073 ἀναληφθέντος,
1203 1003 1323 1069 πῶς
1361 1004 1599 1076 ἐσόμεθα
1628 1004 1845 1076 ἀνθρω-

234 1107 372 1157 ποι;
402 1091 503 1145 Διά
525 1086 619 1145 οὖν
642 1091 819 1146 ταῦτα
853 1092 1035 1148 πάντα
1074 1094 1170 1148 καὶ
1211 1094 1378 1165 ἕτερα
1408 1094 1632 1149 πλείονα
1657 1095 1717 1149 οὐ
1752 1092 1845 1147 λέ-

232 1199 417 1254 γομεν
444 1182 791 1255 ἀνειληφέναι
850 1185 940 1239 τὸν
966 1187 1202 1258 Χριστὸν
1245 1187 1337 1241 τὸν
1368 1188 1597 1242 καθόλου
1632 1187 1843 1261 ἄνθρω-

235 1293 369 1332 πον.
414 1276 554 1331 Ἀλλ’
583 1277 705 1331 οὐδὲ
738 1277 831 1331 τὸν
860 1278 953 1332 ἐπὶ
980 1280 1184 1351 μέρους
1208 1279 1497 1351 ἄνθρωπον
1516 1280 1845 1345 δίκαιονλῐᾶν

236 1368 332 1439 εῐη
387 1367 575 1438 λέγειν
624 1369 720 1423 τὸν
756 1370 995 1445 Χριστὸν
1031 1371 1420 1443 ἀνειληφέναι·
1468 1374 1517 1427 εί
1550 1371 1661 1444 γάρ
1683 1373 1844 1427 τοῦτο

236 1459 452 1531 δοθείη,
475 1462 536 1514 οὐ
562 1460 664 1532 μία
691 1460 845 1516 ἔσται
870 1464 899 1517 ό
938 1462 1176 1536 Χριστὸς
1207 1464 1528 1529 ὑπόστασις,
1554 1464 1692 1518 ἀλλά
1713 1462 1807 1517 δύο
1826 1479 1841 1494 °

237 1552 370 1606 τότε
397 1552 507 1625 γάρ
535 1552 830 1609 ἀναλαϐεῖν
856 1554 1075 1624 ἐλέγετο
1110 1558 1138 1609 6
1169 1557 1427 1626 Χριστὸς
1472 1558 1565 1611 τὸν
1597 1560 1655 1613 ὲν
1683 1558 1842 1630 μέρει

239 1644 556 1715 ἄνθρωπον,
586 1645 641 1699 εῐ
662 1664 727 1716 γε
758 1646 859 1717 τὴν
891 1648 1055 1719 φύσιν
1087 1650 1226 1717 μετά
1255 1650 1364 1705 τῶν
1411 1650 1719 1721 ἰδιωμάτων
1745 1651 1842 1704 ἀν-

240 1735 473 1791 άλαδεν·
505 1738 643 1810 αὐτὴ
670 1738 726 1792 δὲ
752 1739 905 1793 οὐδὲν
926 1740 1116 1813 ἕτερόν
1146 1741 1319 1809 ἔστιν,
1352 1742 1387 1814 ἦ
1420 1742 1741 1806 ὑπόστασις.
1777 1742 1845 1795 Τί

241 1823 342 1881 οὖν
390 1803 683 1883 άνελάδειιό
713 1830 742 1883 6
766 1803 1035 1901 Χριστός,
1080 1833 1200 1904 ἐρεῖ
1230 1803 1335 1898 τις,
1374 1803 1552 1904 ἐἰπερ
1589 1803 1715 1887 οὔτε
1748 1833 1841 1887 τὸν
1872 1803 1921 1863 Β

241 1927 478 1982 καθόλου
510 1928 819 2001 ἄνθρωπον,
849 1928 977 1983 οὕτε
1006 1929 1099 1984 τὸν
1124 1932 1183 1985 ὲν
1222 1931 1380 2003 μέρει
1410 1930 1711 2003 άνείληφε;
1741 1930 1843 1984 Δέ-

240 2037 439 2093 γομεν,
471 2023 553 2075 δτι
580 2021 877 2078 ἀνελάσετο
899 2022 1001 2095 μὲν
1035 2023 1137 2095 τὴν
1164 2022 1516 2093 ἀνθρωπείαν
1541 2024 1726 2093 φύσιν,
1781 2021 1843 2088 ἐξ

241 2117 444 2171 ἑαυτοῦ
465 2118 524 2171 δὲ
552 2115 582 2167 6
611 2118 783 2186 Λόγος
815 2116 1061 2187 παρέσχε
1097 2116 1169 2170 τὰ
1200 2114 1490 2188 ἰδιώματα,
1523 2115 1622 2171 καὶ
1658 2114 1838 2181 οὕτως

238 2208 475 2280 οὐδεμία
493 2207 693 2262 ἀτοπία
717 2207 1217 2280 παρακολουθήσει.
1847 2238 1861 2311 ἕ

1856 2316 1865 2347 ι

319 2390 387 2463 β’.
420 2392 495 2446 Τὸ
518 2389 777 2460 Χριστός
800 2389 971 2461 ὄνομα
1003 2389 1132 2461 ὅρου
1186 2387 1417 2460 δύναμιν
1454 2386 1569 2460 ἔχει
1591 2427 1607 2454 ,
1664 2386 1700 2458 ἢ
1750 2354 1861 2441 οὑξ

246 2487 371 2552 σίας
398 2486 515 2540 εστὶ
547 2484 906 2556 σημαντικὸν,
955 2482 1214 2555 καθάπερ
1257 2481 1602 2554 άνθρωποςῆ
1636 2480 1843 2547 ῐππος;
1892 2492 1893 2497 ‘

245 2577 391 2634 Οὔτε
415 2580 542 2650 ὅρου
564 2576 797 2648 δύναμιν
822 2574 958 2648 ἔχει,
983 2574 1107 2629 οὔτε
1128 2574 1318 2637 οὐσίας
1341 2576 1458 2627 ἐστὶ
1484 2573 1842 2645 σημαντικὸν,

246 2673 582 2745 πράγματος
615 2670 673 2724 δέ
706 2687 854 2735 τινος
908 2669 1201 2741 δηλοῦντος
1259 2667 1574 2741 ἐνέργειαν·
1627 2669 1691 2721 τὸ
1734 2668 1846 2737 γὰρ

245 2762 507 2831 Χριστὸς
552 2762 725 2831 ὄνομα
769 2761 898 2833 μίαν
955 2760 1259 2816 ὑπόστασιν
1310 2761 1589 2833 σημαίνει,
1637 2758 1753 2815 ἀλλ’
1783 2758 1847 2813 οὐ

250 2857 386 2928 μίαν
424 2856 606 2926 φύσινι
630 2855 893 2925 Χριστός
956 2854 1065 2926 γὰρ
1103 2853 1455 2926 μονοτρόπως
1489 2855 1551 2908 οὐ
1601 2854 1846 2924 λέγεται,

247 2946 449 3018 ἀλλ’-ιν
464 2944 613 3016 αὐτῷ
628 2944 708 3016 τῷ
730 2944 983 3015 ὀνόματι,
1009 2944 1089 2997 ἑνὶ
1110 2943 1247 3008 ὄντι,
1277 2944 1558 3015 ἑκατέρων
1582 2945 1848 3018 πραγμά-

247 3058 360 3094 των
370 3014 694 3093 δείκνυνται
713 3014 982 3109 σημασία,
1013 3036 1284 3109 θεότητοςτ
1296 3039 1389 3091 καὶ
1406 3014 1847 3112 ἀνθρωπότητος·

1947 536 2056 601 bis,
2080 544 2136 593 et
2167 536 2221 592 in
2257 552 2369 608 quo
2409 551 2735 593 communes
2756 536 2981 594 Christo
3021 538 3219 595 redditi
3244 542 3538 597 essemus?

1946 627 2198 686 Rursum
2242 629 2300 685 in
2335 629 2501 686 dictis
2527 629 2721 687 subest
2737 638 2794 687 et
2814 632 2920 686 alia
2948 632 3287 700 absurditas,
3319 635 3538 691 scilicet

1947 734 2401 791 unumquemque
2422 720 2712 776 hominum
2741 729 2797 777 et
2828 723 3104 779 hominem
3170 740 3295 781 esse
3326 734 3381 782 et
3426 740 3536 781 non

1945 809 2229 865 hominem
2255 827 2271 877 ;
2302 810 2690 883 unusquisque
2713 812 2862 867 enim
2889 815 3065 870 nostri
3094 816 3397 872 secundum
3441 831 3541 871 ve-

1946 917 2069 957 rum
2101 918 2414 958 sermonem
2438 911 2494 960 et
2540 902 2706 959 homo
2734 911 2817 960 est
2847 904 3156 973 etdicitur;
3190 906 3285 963 sed
3315 907 3537 963 homins

1946 993 2002 1049 in
2040 996 2363 1051 universum
2392 995 2699 1051 secundum
2720 1013 2883 1068 quem
2915 1012 3110 1055 omnes
3134 998 3386 1055 homines
3412 1014 3538 1056 esse

1946 1088 2279 1146 dicebantur
2340 1091 2487 1162 apud
2542 1089 2712 1146 Deum
2766 1088 3009 1146 Verbum
3066 1099 3334 1163 accepto.
3388 1107 3532 1163 quo-

1945 1184 2112 1238 modo
2158 1184 2365 1239 erimus
2406 1182 2693 1239 homines?
2736 1182 2971 1255 Propter
2999 1183 3115 1239 haec
3156 1185 3322 1256 igitur
3347 1185 3535 1240 omnia

1945 1285 2002 1332 et
2030 1278 2136 1331 alia
2165 1277 2402 1347 plurima
2466 1292 2578 1333 non
2630 1275 2872 1333 dicimus
2925 1278 3210 1349 accepisse
3250 1277 3537 1335 Christum

1955 1369 2239 1425 hominem
2276 1371 2331 1424 in
2366 1370 2715 1426 universum.
2738 1368 2844 1425 Sed
2872 1386 3048 1442 neque
3082 1371 3405 1443 singulatim
3435 1372 3538 1427 bo-

1947 1462 2155 1517 minem
2192 1462 2407 1534 justum
2436 1471 2522 1520 est
2551 1464 2736 1519 dicere
2759 1462 3040 1520 Christum
3082 1466 3396 1536 accepisse;
3434 1468 3539 1525 hoc

1948 1556 2097 1611 enim
2135 1556 2181 1611 si
2220 1556 2641 1623 concederetur,
2668 1574 2775 1613 non
2808 1573 2915 1613 una
2939 1567 3084 1614 esset
3113 1558 3372 1616 Christus
3404 1575 3534 1630 per-

1945 1661 2105 1713 sona,
2132 1647 2230 1704 sed
2274 1647 2421 1714 duo;
2452 1656 2584 1703 tunc
2612 1649 2756 1704 enim
2793 1648 3069 1705 diceretur
3104 1649 3350 1705 Christus
3387 1652 3536 1707 acci-

1947 1754 2078 1809 pere
2106 1740 2387 1796 hominem
2416 1742 2723 1814 sigillatim,
2772 1743 2817 1797 si
2841 1752 3096 1798 naturam
3121 1760 3246 1799 cum
3276 1744 3529 1817 praprie—

1951 1832 2157 1887 tatibus
2194 1833 2501 1904 acciperet,
2537 1849 2662 1905 qure
2701 1834 2837 1889 nihil
2877 1835 3029 1890 aliud
3085 1844 3361 1907 estquam
3409 1853 3539 1909 per-

1947 1940 2113 1980 sona.
2148 1924 2290 1992 Quid
2324 1941 2457 1997 ergo
2489 1925 2703 1997 accepit
2737 1926 3017 1993 Christus,
3056 1927 3201 1984 dicet
3227 1929 3450 2001 aliquis,
3484 1930 3531 1987 si

1954 2018 2178 2090 quidem
2212 2035 2393 2090 neque
2426 2020 2479 2075 in
2512 2021 2835 2076 universum
2866 2019 3168 2086 hominem,
3204 2037 3384 2093 neque
3423 2021 3539 2076 sino

1946 2111 2178 2183 gulatim
2206 2112 2466 2183 accepit?
2526 2111 2799 2175 Dicimus,
2837 2112 2968 2182 quia
3028 2110 3250 2182 quidem
3311 2112 3531 2183 accepit

1847 2238 1861 2275 ε
1899 2248 1905 2255 .
1946 2206 2251 2260 humanam
2287 2215 2570 2271 naturam,
2601 2220 2666 2260 ex
2712 2204 2832 2275 ipsa
2879 2211 3062 2260 autem
3102 2203 3342 2259 Verbum
3407 2220 3543 2275 pnu-

1948 2297 2070 2353 buit
2097 2298 2475 2369 proprietates
2509 2305 2565 2353 et
2595 2297 2676 2353 sic
2710 2297 2861 2351 nulla
2891 2306 3154 2367 sequetur
3198 2296 3539 2354 absurditas.

2017 2391 2079 2447 2.
2102 2390 2312 2446 Nomen
2339 2390 2584 2447 Christus
2613 2407 2744 2446 num
2781 2391 3000 2445 termini
3035 2392 3320 2457 virtutem,
3350 2392 3433 2446 vel
3456 2408 3545 2449 es-
3644 2392 3647 2395 ’

1950 2486 2143 2542 εειιιὶιε
2160 2482 2538 2555 signiﬁcanda:
2556 2483 2662 2537 vim
2686 2482 2870 2546 habet,
2887 2482 3030 2537 sicut
3047 2482 3210 2538 homo
3228 2483 3315 2541 vel
3333 2483 3551 2554 equus?

1948 2578 2139 2651 Neque
2167 2578 2394 2634 termini
2428 2579 2714 2641 virtutem,
2759 2593 2939 2647 neque
2993 2578 3255 2633 essentia:
3319 2577 3537 2649 signiﬁ-

1950 2675 2142 2729 eandm
2172 2674 2281 2729 vim
2317 2674 2500 2741 habet,
2555 2673 2649 2727 sed
2675 2670 2915 2740 alicujus
2966 2672 3046 2726 rei
3098 2670 3546 2726 demonstranda

1952 2767 2309 2831 facultatem;
2338 2781 2538 2822 nomen
2568 2767 2716 2822 enim
2758 2764 3009 2821 Christus
3042 2779 3207 2819 unam
3246 2779 3541 2835 personam

1952 2860 2250 2933 signiﬁcat,
2295 2875 2406 2915 non
2469 2869 2653 2915 autem
2718 2872 2887 2914 unam
2949 2864 3239 2925 naturam;
3283 2855 3545 2913 Christus

1950 2955 2099 3012 enim
2135 2969 2246 3009 non
2274 2952 2603 3024 simpliciter
2632 2951 2857 3015 dicitur,
2903 2950 3000 3008 sed
3046 2950 3102 3005 in
3137 2951 3259 3021 ipso
3292 2950 3540 3013 nomine,

1954 3063 2081 3104 cum
2114 3063 2286 3103 unum
2311 3048 2405 3113 sit,
2472 3046 2706 3101 duarum
2742 3061 2924 3100 rerum
2972 3044 3286 3101 ostenditur
3339 3042 3550 3114 signiﬁ-

254 3132 338 3186 διὸ
370 3133 467 3186 καὶ
500 3132 633 3195 Θεὸς
662 3130 882 3199 λέγεται
912 3132 941 3185 6
995 3130 1252 3200 Χριστὸς
1286 3130 1383 3184 καὶ
1410 3130 1721 3205 ἄνθρωπος,
1754 3132 1847 3187 καὶ

1958 3153 2139 3209 catus,
2171 3140 2479 3197 divinitatis
2499 3148 2556 3196 et
2598 3137 3003 3204 humanitatis;
3058 3137 3269 3193 idcirco
3316 3143 3372 3193 et
3402 3134 3549 3191 Deus

250 3218 334 3288 εἷς
364 3223 516 3279 ἑστιν
535 3224 564 3277 ό
596 3222 878 3292 Χριστός.

781 3333 1120 3390 ΕΡΩΤΗΣΙΣ
1168 3336 1318 3393 ΤΙΘ’.

257 3448 321 3505 τί
352 3448 635 3518 σημαίνει
661 3446 701 3517 ἠ
731 3445 841 3503 τοῦ
884 3447 1137 3505 Ἀϐεσσα
1150 3449 1268 3522 ιὼμ
1309 3449 1391 3519 τῷ
1417 3452 1596 3524 πατρὶ
1625 3452 1850 3508 ἐπαγά-

933 3536 1156 3588 στασις
1181 3538 1202 3587 ;

288 3674 295 3681 -
324 3635 398 3689 Ἦ
422 3635 523 3707 τὴν
549 3634 662 3689 τῶν
698 3634 973 3691 Ἰουδαίων
1012 3633 1272 3699 είκονίζει
1302 3634 1447 3691 κατά
1478 3635 1573 3691 τοῦ
1596 3636 1851 3709 Σωτῆρος

252 3730 625 3784 ἐπανάστασιν
658 3728 775 3801 (καὶ
805 3730 915 3801 γὰρ
958 3729 1094 3795 Υἱὸς
1121 3731 1500 3797 πρωτότοκος
1528 3733 1563 3785 ὁ
1584 3729 1849 3800 Ἰσραὴλ,

254 3821 373 3888 καὶ,
411 3821 583 3889 Υιοὺς
602 3821 904 3892 ἐγέννησα
926 3820 1024 3877 καὶ
1046 3822 1268 3891 ὕψωσα
1300 3824 1395 3876 καὶ
1416 3821 1555 3894 τὸν).
1576 3862 1592 3877 .
1618 3859 1634 3877 .
1658 3861 1677 3880 .
1705 3817 1852 3877 οὗτοι

255 3913 663 3979 ἐπαναστάντες
718 3914 1015 3987 διήνεγκαν
1074 3913 1328 3979 θάνατον,
1380 3914 1702 3986 Ῥωμαϊκῆς
1747 3931 1854 3985 μα-

255 4006 476 4079 χαίρας,
506 4009 555 4061 εἰ
584 4007 680 4062 καὶ
712 4007 852 4077 μετά
882 4006 1086 4078 πολλὴν
1123 4005 1531 4079 μακροθυμίαν,
1564 4007 1851 4077 γεγονότες

254 4099 657 4172 παρανάλωμα.
696 4101 821 4154 Ὀτι
856 4098 1020 4154 Δαυῒδ
1063 4099 1337 4154 κωλύεται
1366 4099 1461 4153 τὸν
1492 4100 1620 4154 ναὸν
1644 4098 1851 4153 οἰκοδο-

258 4192 453 4263 μῆσαι,
482 4191 806 4261 ταμιεύεται
836 4191 893 4244 δὲ
918 4190 980 4244 τὸ
1003 4190 1165 4263 ἔργον
1193 4194 1273 4255 είς
1299 4191 1391 4244 τὸν
1431 4189 1491 4255 ἐξ
1518 4189 1687 4245 αὑτοῦ
1726 4206 1852 4258 γεν-

253 4284 486 4338 νηθέντα
516 4283 859 4355 Σολομῶντα,
884 4284 943 4349 ὃς
969 4282 1337 4354 ἑρμηνεύεται
1364 4282 1685 4352 εἰρηνικὸς,
1717 4282 1853 4335 διότι

408 4376 443 4446 ἡ
493 4376 860 4440 ὶνυπόστατος
912 4377 1128 4448 εἰρήνη,
1169 4373 1404 4447 Χριστὸς
1445 4376 1473 4428 ό
1501 4374 1634 4438 Θεὸς
1665 4372 1849 4445 ἡμῶν,

330 4468 481 4522 ελλεν
518 4468 581 4523 οὐ
606 4468 686 4535 τῷ
718 4468 987 4523 Ἰουδαίων
1016 4468 1161 4522 ἔθνει
1189 4467 1371 4539 μόνον,
1406 4464 1543 4521 ἀλλά
1571 4468 1665 4520 καὶ
1684 4465 1852 4521 παντὶ

251 4563 333 4634 τῷ
362 4563 509 4633 γάνει
552 4565 679 4618 ναὸν
729 4563 1084 4634 οἰκοδομῆσαι
1125 4560 1462 4632 ἁγιωσύνης,
1504 4546 1567 4613 δῖ»
1612 4560 1663 4613 οί
1710 4577 1845 4614 κατ-

252 4654 562 4728 αξιούμενοι
589 4649 666 4711 ὧν
698 4672 756 4710 τε
789 4656 1001 4710 δέονται
1038 4654 1393 4726 τυγχάνουσι,
1434 4654 1530 4708 καὶ
1572 4653 1843 4725 κάθαρσιν

252 4750 362 4802 τῶν
392 4747 885 4820 πλημμελημάτων
906 4748 1277 4820 εὑρίσκουσιν.
1322 4747 1478 4801 Ἐπεὶ
1508 4748 1713 4818 κυρίως
1748 4749 1846 4802 καὶ

252 4840 374 4911 οὐχὶ
400 4840 511 4893 τῶν
546 4841 793 4912 αἱμάτων
823 4840 985 4913 χάριν
1016 4839 1345 4907 κεκώλυται,
1383 4842 1433 4895 εί
1474 4841 1571 4895 καὶ
1601 4841 1843 4914 εἴρηται,

253 4931 369 4988 ἀλλ’
389 4933 472 4987 ὅτι
497 4932 576 5005 τῷ
599 4932 757 5007 τύπῳ
789 4933 1121 5005 ἀφυλάττετο
1150 4934 1246 4987 καὶ
1280 4932 1382 5006 δλη
1412 4931 1493 5006 τῷ
1519 4933 1676 5006 τύπῳ
1706 4951 1845 5007 συμ-

257 5024 641 5099 περιείληπτο.
827 5042 945 5081 me:

806 5163 1147 5220 ΕΡΩΤΗΣῙΣ
1169 5164 1304 5223 TK'.

263 5277 326 5334 Τί
380 5277 514 5334 ἐστι
561 5279 630 5336 τὸ
662 5278 1090 5407 ξφοισήσαιῦθειι
1144 5279 1247 5337 καί
1284 5275 1643 5353 φιλὰἳιρωμα
1691 5294 1855 5350 περι-

990 5367 1141 5406 ειναι
1157 5367 1177 5407 :

990 5367 1141 5406 ειναι
1157 5367 1177 5415 ;

247 5482 288 5505 υ.
329 5442 405 5498 Τὸ
435 5442 534 5515 μιν
557 5444 967 5516 φοιϐήσασθαι
1000 5443 1151 5515 λέγει
1193 5444 1317 5499 ἀντὶ
1341 5441 1438 5498 τοῦ
1464 5443 1541 5516 μὴ
1574 5440 1855 5514 μαντείαις

332 5630 375 5661 ¹²
410 5628 585 5690 Exod.
617 5644 694 5697 Iv,
734 5626 825 5684 29.
903 5628 949 5660 "
990 5627 1101 5684 lsa.
1132 5643 1172 5693 ι,
1206 5625 1264 5681 2.

258 5752 428 5882 5i(l5)5
472 5752 605 5809 Vide
672 5753 837 5808 etiam
886 5747 946 5807 S.
990 5748 1249 5807 Damasc.
1319 5746 1546 5805 Orthod.
1582 5744 1679 5814 βά.
1746 5741 1837 5811 lli,

1960 3234 2167 3291 dicitur
2197 3233 2457 3289 Christus
2480 3239 2536 3288 et
2565 3231 2753 3294 homo,
2773 3242 2827 3287 et
2859 3245 3004 3286 unus
3033 3238 3119 3286 est
3159 3228 3413 3285 Christus
3434 3227 3541 3301 (Ι).

2095 3346 2429 3416 ΩυιΕΒἸἸΟ
2453 3344 2714 3404 CCCXIX
2744 3342 2938 3419 [CoisL
2972 3342 3143 3400 Taur.
3184 3340 3404 3417 XCIV].

2025 3460 2173 3529 Quid
2207 3462 2478 3534 signiﬁcat
2535 3459 2817 3516 Absalonis
2852 3461 2909 3514 in
2936 3469 3145 3530 patrem
3172 3458 3427 3516 rebellio‘
3458 3458 3483 3514 τ
3532 3436 3547 3453 ’

2024 3640 2134 3697 Aut
2166 3638 2481 3698 Judzeorum
2506 3638 2706 3710 ﬁgurat
2734 3635 2791 3691 in
2825 3634 3165 3690 Salvatorem
3194 3631 3548 3689 rebellionem

1954 3731 2217 3805 (etenim:
2245 3729 2415 3786 Filius
2440 3730 2825 3801 primogenitus
2845 3726 3022 3782 Israel
3038 3727 3078 3759 ”
3103 3734 3186 3792 ;et
3204 3723 3379 3779 Filios
3394 3723 3553 3797 genui

1952 3835 2002 3880 et
2040 3825 2276 3879 exaltari
2307 3824 2352 3855 ¹¹
2390 3841 2410 3875 ι
2446 3830 2499 3877 ει
2527 3821 2606 3891 (Ξ)
2640 3860 2655 3875 .
2687 3858 2703 3877 .
2735 3859 2753 3877 .
2786 3860 2802 3876 .
2838 3860 2853 3874 .
2884 3859 2899 3875 .
2936 3858 2952 3875 .
2976 3819 3030 3874 1ιί
3059 3818 3388 3874 rebellantes
3406 3832 3554 3871 mor-

1952 3924 2064 3972 tem
2100 3915 2423 3980 subierunt,
2455 3912 2706 3969 Romano
2741 3911 2994 3967 districto
3024 3909 3238 3981 gladio,
3277 3908 3384 3964 etsi
3423 3907 3553 3979 qui-

1954 4008 2079 4064 dem
2114 4017 2239 4080 post
2267 4008 2497 4062 multam
2545 4004 2863 4078 superbiam
2900 4004 3210 4075 perierunt.
3253 4000 3393 4069 Quia
3444 3998 3555 4053 Da-

1952 4102 2044 4158 vid
2095 4102 2422 4174 prohibetur
2477 4114 2505 4155 a
2540 4100 2745 4171 templo
2789 4096 3141 4161 aediﬁcando,
3194 4103 3557 4153 conservatur

1955 4210 2096 4264 opus
2133 4206 2264 4249 nato
2295 4194 2417 4262 ejus
2450 4190 2730 4246 Salomoni
2760 4190 2827 4257 ¹³,
2857 4190 3002 4260 quod
3039 4189 3438 4259 interpretatur
3465 4203 3557 4257 pa-

1954 4290 2164 4360 ciﬁcus,
2195 4287 2325 4357 quia
2358 4284 2748 4356 personilicata
2779 4298 2882 4353 pax
2904 4282 3159 4338 Christus
3187 4280 3333 4337 Deus
3366 4290 3557 4335 noster

1957 4380 2188 4436 debebat
2237 4378 2512 4434 aediﬁcare
2554 4390 2666 4431 non
2706 4382 2918 4430 tantum
2955 4372 3201 4429 Iudaicae
3244 4373 3417 4445 genti,
3450 4370 3548 4428 sed

1958 4475 2124 4530 etiam
2176 4472 2328 4530 omni
2397 4470 2547 4543 genti
2592 4468 2928 4537 ,sanctitatis
2993 4467 3312 4537 templum;
3388 4464 3553 4534 cujus

1957 4568 2052 4639 qui
2081 4574 2212 4624 sunt
2240 4565 2390 4637 digni
2422 4571 2478 4620 et
2502 4562 2705 4634 quibus
2738 4561 2987 4632 indigent
3012 4558 3285 4622 obtinent,
3320 4564 3375 4613 et
3408 4555 3552 4611 deli-

1952 4670 2168 4717 ctorum
2205 4656 2647 4730 puriﬁcationem
2682 4653 2995 4709 inveniunt.
3036 4649 3307 4717 Quoniam
3339 4646 3551 4720 princi-

1949 4751 2149 4823 paliter
2178 4760 2233 4806 et
2263 4748 2341 4820 (5)
2377 4763 2487 4802 non
2526 4745 2860 4817 sanguinum
2885 4743 3064 4816 gratia
3094 4742 3548 4814 impedimentum

1947 4841 2182 4910 exstitit,
2202 4842 2306 4898 etsi
2327 4842 2564 4907 dicatur,
2586 4840 2680 4896 sed
2697 4838 2842 4910 quod
2870 4837 2924 4892 in
2942 4836 3111 4909 ﬁgura
3127 4833 3559 4892 conservabatur

1950 4948 2006 4995 et
2034 4938 2091 4995 in
2125 4936 2303 5010 ﬁgura
2347 4934 2809 5007 comprehensum
2847 4930 2973 4987 fuit.

2098 5156 2438 5231 QUAESTIO
2467 5153 2727 5228 cccxx:
2752 5152 2947 5229 [CoisL
2979 5151 3147 5209 Taur.
3174 5145 3414 5222 xcvu].

2134 5276 2279 5345 Quid
2302 5286 2380 5334 est
2407 5274 2707 5348 phaebisare
2736 5281 2787 5329 et
2807 5270 3076 5328 calvitiem
3105 5268 3323 5323 induere
3348 5266 3374 5321 1

2031 5435 2349 5494 Phaebisare
2395 5432 2531 5491 dicit
2583 5446 2708 5505 pro,
2748 5426 3090 5486 divinatione
3133 5422 3233 5481 uti.
3268 5418 3550 5479 Caloitiem

1386 5622 1432 5656 “
1462 5620 1503 5677 ll
1532 5620 1669 5694 Reg.
1711 5634 1875 5684 mn,
1914 5632 2043 5674 xstv
2095 5632 2251 5688 seqq.

2022 5738 2101 5811 (2)
2134 5737 2313 5811 ιωεὶο
2339 5735 2569 5811 codicis.

2023 5808 2103 5885 (5)
2135 5808 2356 5883 Aliquid
2391 5809 2570 5865 deest.
