3854 6336
361 325 500 393 1295
1189 306 1817 392 SUPPLEMENTUM
1855 329 1956 390 AD
1991 325 2284 398 QII/EST.
2317 324 2789 391 AMPHILOCH.
3516 325 3636 390 1236

351 462 455 500 non
487 441 723 512 induere,
748 440 877 512 quia
903 439 1158 510 gentibus
1198 441 1289 497 hic
1319 456 1440 497 mos
1488 450 1608 496 erat
1651 441 1798 496 circa
1843 439 1873 494 d

2115 439 2308 511 ἧσθαι.
2345 441 2420 495 Τὸ
2467 441 2525 495 δὲ
2571 441 2944 512 Scaidiapr
2974 438 3058 512 μὴ
3087 441 3483 512 περιτιθέναι,
3519 441 3637 496 διότι

350 538 596 595 (inuictos.
631 535 803 590 Tonsi
827 534 974 590 enim
999 533 1302 589 all'erebant
1332 534 1517 589 crines
1539 532 1797 589 mortuis.
1831 533 1872 588 (3

2115 536 2163 598 ῖς
2218 533 2399 587 ἔθνεσι
2444 533 2606 588 τοῦτο
2656 535 2749 588 ἐπὶ
2799 537 2917 599 τοῖς
2968 535 3265 590 τεθνεῶσιν
3321 535 3637 606 ἐπράττετο·

354 646 456 688 nes
489 639 674 685 autem
713 628 1082 683 tondebantur
1111 641 1220 681 non
1262 634 1476 681 tantum
1512 627 1670 694 juxta
1705 624 1876 695 sincip

2117 625 2483 696 τοκειράμενοι
2510 624 2621 696 γὰρ
2640 625 2742 689 τὰς
2768 625 2963 697 τρίχας
2994 627 3344 700 προσέφερον
3363 629 3482 690 τοῖς
3500 643 3639 681 τεττ-

355 724 454 782 sed
481 723 648 779 etiam
688 721 895 793 quique
940 731 1140 776 natura
1172 720 1558 790 producuntur
1584 721 1638 775 in
1672 720 1877 791 occipit

2117 715 2375 785 υτηκόσιν
2399 733 2415 748 ο
2443 717 2500 770 αἱ
2537 717 2594 771 δὲ
2624 717 2813 790 τρίχες
2857 718 3134 790 ἐκείραντο
3153 720 3253 790 οὐχ
3288 721 3349 774 αἱ
3387 718 3530 772 κατά
3557 717 3639 773 τοῦ

355 817 656 887 omniaque
695 830 757 870 ea
785 814 1014 886 gentilia
1035 823 1192 870 erant
1224 825 1492 870 consueta
1527 821 1583 869 et
1614 813 1834 883 legalia.

2119 809 2194 863 ἱου
2225 808 2406 880 μόνον,
2438 810 2556 864 ἀλλ’
2587 811 2710 866 ὅσαι
2748 812 2846 866 καὶ
2881 813 3027 866 κατὰ
3049 814 3111 866 τὸ
3142 813 3370 885 βρέγμα
3400 813 3641 882 necpriu—

2055 922 2110 959 σι
2139 905 2374 976 φύεσθαι
2398 922 2416 938 ·
2457 906 2630 962 ταῦτα
2653 903 2713 960 δὲ
2745 907 2924 963 πάντα
2948 905 3139 962 ὲθνικὰ
3161 903 3234 981 ἦν
3265 907 3444 978 ἔθιμά
3475 924 3538 961 τε
3558 908 3643 960 καὶ

2054 999 2289 1071 νόμιμα.

364 1087 418 1107 η
498 1106 832 1177 QUESTIO
858 1103 1112 1162 CCCXXI
1147 1101 1342 1179 [CoisL
1387 1103 1556 1158 Taur.
1589 1100 1805 1174 CVIII].
2591 1114 2934 1170 ΕΡΩΤΗΣῙΣ
2958 1114 3138 1171 ΤκΑο,

362 1223 476 1280 Cur
502 1240 691 1278 corvus
716 1222 808 1294 qui
861 1223 1104 1291 impurus
1142 1230 1221 1275 est
1254 1221 1586 1274 ministrari!
1631 1221 1884 1291 propheta

2129 1230 2235 1286 Διὰ
2281 1233 2340 1287 τί
2383 1233 2418 1288 ό
2463 1231 2652 1302 κόραξ
2685 1232 3024 1300 ἀκάθαρτος
3061 1232 3150 1289 ὢν
3189 1234 3480 1306 ὑπηρέτει
3505 1231 3581 1303 τῷ

2705 1304 3029 1372 «poscam;

1739 1363 1750 1372 .
1783 1358 1935 1377 ,σς-πη,
2705 1321 2988 1374 προφητῃ
3009 1321 3029 1370 ἶ

433 1421 647 1476 Corvus
679 1420 774 1492 qui
823 1419 1076 1489 impurus
1103 1426 1190 1474 est
1233 1418 1517 1489 pr0phetm
1555 1418 1814 1474 alimenta
1847 1421 1955 1474 mi-

2144 1417 2202 1472 Ὀ
2231 1417 2287 1472 δὲ
2311 1417 2480 1488 κόραξ
2511 1416 2824 1489 ἀκάθαρτος
2853 1417 2928 1472 ὢν
2951 1418 3305 1490 ὑπηρετεῖται
3333 1420 3416 1492 τῷ
3437 1423 3644 1494 προφή-

365 1513 644 1570 nistrabat
691 1522 751 1568 ut
801 1513 1066 1568 leniretur
1121 1513 1267 1582 quod
1316 1512 1369 1565 in
1419 1512 1667 1567 moribus
1705 1514 1822 1568 suis
1853 1513 1883 1567 d

2121 1526 2132 1582 ι
2168 1511 2407 1582 τροφὴν,
2452 1509 2514 1564 τὸ
2550 1510 2842 1574 δυσπειθὲς
2887 1512 2982 1565 καὶ
3031 1511 3272 1584 σκληρὸν
3303 1513 3405 1583 τῆς
3438 1529 3643 1584 προφη-

367 1608 511 1663 ﬁcilc
536 1617 592 1662 et
641 1606 841 1662 durum
886 1605 1122 1660 habebat
1157 1604 1480 1675 prOphetica
1511 1607 1828 1661 austeritas.
1875 1605 1889 1658 l

2121 1603 2223 1674 κῆς
2285 1601 2734 1673 καταμαλὼσων
2793 1603 3136 1674 αὐστηρίαςο
3204 1605 3489 1671 οἰκονομεῖ
3545 1608 3643 1676 γὰρ

364 1700 513 1755 enim
542 1700 852 1756 oeconomia
888 1698 1074 1753 divina
1112 1697 1219 1753 hoc
1259 1697 1422 1752 habet
1446 1696 1592 1768 quod
1629 1698 1682 1751 in
1716 1713 1815 1753 sua
1851 1713 1886 1751 ιι

2122 1695 2224 1749 ιῦτο
2274 1696 2336 1749 τὸ
2393 1696 2570 1763 Θεῖον,
2605 1695 2682 1760 ὡς
2719 1695 2787 1752 ἂν
2821 1698 2873 1750 εί
2919 1697 3014 1750 καὶ
3045 1695 3121 1768 μὴ
3144 1695 3354 1750 οἴκοθεν
3388 1697 3482 1750 ἐπ’
3507 1697 3644 1750 ἔλεον

365 1792 642 1849 seratione
665 1807 774 1846 non
795 1790 1069 1846 deterreat
1087 1805 1115 1843 a
1137 1791 1508 1855 connaturali,
1526 1791 1696 1846 immo
1714 1790 1887 1861 pler-ul

2123 1790 2324 1844 ιέποιτο
2363 1789 2457 1844 τοῦ
2489 1790 2788 1860 ὁμοφυοῦς,
2822 1789 2939 1844 ἀλλ’
2975 1785 3070 1843 οὖν
3109 1790 3523 1860 μυσαττόμενος
3558 1788 3645 1858 τὴν

370 1900 477 1954 que
494 1899 795 1940 exsecraris
811 1884 1174 1939 ministerium
1199 1883 1399 1954 impuri
1415 1883 1672 1939 animalis
1689 1884 1892 1940 dissolv

2123 1883 2160 1937 .5
2179 1881 2494 1954 ἀκαθάρτου
2517 1882 2658 1948 ζώου
2677 1883 3005 1956 ὑπηρεσίαν,
3019 1883 3117 1955 τὴν
3133 1885 3319 1956 κοινὴν
3333 1884 3435 1954 τῆς
3450 1885 3645 1958 τροφῆς

364 1991 718 2031 communem
765 1976 1156 2030 alimentorum
1199 1977 1510 2046 penuriam.
1548 1976 1762 2033 Numen
1796 1988 1886 2033 utc

2122 1977 2310 2060 αλέσει
2339 1979 2596 2049 ἀπορίαν’
2631 1979 2939 2050 οἱκτιρμοῖς
2968 1977 3078 2049 γὰρ
3107 1978 3408 2048 ἀφράστοις
3428 1979 3493 2031 τὸ
3513 1977 3643 2031 θεῖον

369 2067 617 2124 infandis
655 2067 1056 2124 misericordiis
1099 2069 1418 2138 providebat
1464 2071 1665 2141 populo
1698 2086 1891 2141 perver

2123 2070 2508 2142 ιλυπτόμενον,
2527 2071 2622 2126 καὶ
2645 2071 2737 2124 τὸν
2757 2070 2929 2125 κακοῦ
2938 2088 3098 2142 μενον
3111 2070 3242 2126 λαὸν
3263 2072 3342 2135 εἰς
3358 2070 3508 2126 ἔλεον
3526 2071 3645 2124 ἁνα-

369 2161 428 2216 in
464 2175 623 2217 suam
654 2160 888 2231 gratiam
914 2160 1260 2230 accipiendo,
1305 2170 1358 2216 et
1390 2163 1670 2232 propheta:
1715 2180 1824 2219 non
1856 2179 1886 2219 a

2125 2165 2261 2220 ιὸεῖν
2288 2164 2561 2236 προενόει,
2587 2163 2798 2218 καὶτὸν
2824 2164 3112 2235 προφήτην
3142 2163 3220 2236 μὴ
3240 2164 3550 2234 ἀπαγαγεῖν
3573 2163 3647 2228 εις

368 2253 451 2308 xit
485 2253 538 2307 in
573 2266 864 2307 maerorem
907 2261 964 2306 ut
1011 2253 1128 2324 qui,
1173 2253 1569 2323 cupiditatibus
1611 2257 1890 2313 minimet

2122 2260 2273 2332 Ξπην,
2320 2260 2418 2314 ἆτε
2456 2259 2521 2330 δὴ
2557 2259 2633 2330 μὴ
2665 2257 2828 2312 πάθει
2857 2258 3199 2322 δουλεύοντα,
3243 2257 3389 2329 ζήλῳ
3432 2257 3490 2310 δὲ
3527 2256 3644 2326 θείῳ

376 2345 600 2411 noxius,
641 2359 824 2398 rorem
864 2352 1046 2400 tamen
1078 2346 1362 2402 ccelestem
1416 2347 1685 2417 precibus
1726 2351 1848 2406 suis
1884 2367 1898 2404 ι

2122 2351 2170 2414 ig
2205 2350 2494 2421 οὐρανίους
2543 2349 2812 2417 σταγόνας
2848 2348 3242 2419 στειρώσαντα.
3271 2349 3434 2404 Οὐδὲν
3475 2348 3523 2402 δ’
3545 2349 3644 2401 ἀπο

375 2438 560 2508 gebat.
616 2436 842 2492 Minime
894 2453 1028 2508 ergo
1061 2437 1364 2494 absnrdum
1399 2439 1573 2496 fuerit
1606 2441 1792 2498 dicere
1825 2460 1897 2514 qu

2126 2445 2220 2509 κὸς
2281 2445 2505 2508 ἐννοεῖν,
2557 2444 2640 2498 ὅτι
2684 2443 2782 2498 καὶ
2809 2443 2983 2498 τύπον
3025 2443 3221 2514 ἔφερεν
3264 2445 3294 2497 ό
3341 2441 3514 2515 κόραξ
3547 2441 3643 2495 τῶι

374 2547 488 2603 pra:
537 2547 597 2588 se
634 2530 844 2587 ferebat
871 2547 1069 2588 corvus
1103 2533 1332 2603 ﬁguram
1372 2535 1616 2604 gentium
1648 2552 1811 2606 quas,
1843 2553 1896 2592 cr

2120 2533 2268 2600 ἰνῶν,
2315 2533 2353 2589 ἃ.
2404 2535 2514 2588 τῶν
2557 2533 2888 2606 ἀκαθάρτων
2930 2534 3026 2588 καὶ
3063 2533 3472 2605 ὲϐδελυγμένων
3517 2527 3642 2585 εἶναι

371 2621 704 2678 videbantur
764 2624 972 2696 aliquid
1047 2625 1326 2694 impurum
1387 2629 1893 2702 contemnendumq

2119 2630 2360 2695 δκοῦντα,
2387 2629 2465 2700 τῷ
2493 2628 2642 2701 νόμῳ
2666 2628 2760 2682 τοῦ
2793 2628 2930 2683 Θεοῦ
2961 2629 3058 2684 καὶ
3087 2631 3154 2701 τῇ
3188 2628 3368 2702 χάριτι
3393 2627 3641 2699 ἐξυπηρε-

370 2733 518 2783 esse,
563 2718 663 2792 legi
708 2717 906 2775 divina:
945 2727 998 2777 et
1036 2722 1229 2794 gratia:
1268 2722 1602 2781 attribuerit.

1304 2722 1602 2781 (tribuerit.
2073 2725 2337 2798 τού-μενα,
2369 2723 2824 2799 προστεθήσεται.

1626 3685 1673 3748 F
1683 3686 1760 3750 [Ν
1766 3686 1839 3748 IS
1875 3685 2432 3752 SUPPLEMENTI.

2440 5903 2686 5963 Parisiis.
2721 5939 2784 5949 —
2818 5905 2895 5964 Ex
2930 5907 3095 5980 Typis
3124 5907 3184 5963 L.
3219 5908 3459 5965 MIGNE.
