3952 6184
361 288 432 341 Ἠ
1166 291 1225 344 Β.
1265 291 1327 346 F.
1367 293 1590 348 ALBINI
1627 294 1756 351 SEU
1796 294 2068 351 ALCUINI
2104 296 2386 355 OPERUM
2423 300 2603 357 PARS
2637 302 2720 357 III.

3536 308 3604 359 12'.

366 399 505 457 MM.
532 399 817 491 gleran'dri
840 400 1192 491 et'Thcodori,
1228 404 1354 459 0rd.
1465 406 1592 491 B‘en.
1624 426 1761 491 anno
1794 427 1919 465 nou
1954 413 2001 474 A
2026 413 2318 483 prodesse:
2349 416 2572 484 proinde
2618 418 2776 473 detur
2823 433 2855 472 a
2902 418 3012 473 Deo
3054 418 3239 474 eiectis
3279 432 3518 491 potestas
3549 434 3603 479 et

366 470 488 543 Kal.
532 467 673 543 Sgpt.
723 470 1244 543 Epistolam,quam
1288 467 1921 543 prmiaudatus'domnus

362 542 527 596 abbas
546 538 827 613 __Op_usculo
868 538 1118 613 prmiixit;
1166 543 1231 596 ad
1275 538 1518 612 posteros
1543 543 1778 613 ejusdem
1808 563 1923 602 mo-

362 609 581 669 nasterii
620 609 877 662 directam
925 609 1092 664 refert
1134 609 1514 668 celeberrimus
1539 609 1599 667 U.
1638 616 1926 672 Schelhor-

361 681 481 734 nius
510 677 1005 753 in_An_i_cenitat_i_bus
1031 680 1167 733 Hist.
1202 682 1404 753 Eccles.
1430 692 1484 736 et
1510 684 1673 739 litter.
1700 696 1828 741 tom.
1857 688 1920 753 ll,

360 765 481 830 pag.
506 748 628 830 6ρρΪ
661 747 784 800 Hmc
819 749 983 830 editio
1023 766 1168 803 nunc
1203 752 1489 830 adeo__rara
1517 763 1635 830 est_,_
1661 765 1723 809 ut
1750 747 1923 830 neque

362 816 412 871 in
438 816 1040 897 prmiatonmonasterio,
1084 834 1257 897 neque
1305 821 1430 897 alibi
1457 838 1487 875 a
1516 816 1677 897 nobis
1698 816 1920 897 reperiri

359 888 609 957 potuerit.
665 886 853 941 Restat
894 886 1257 957 nihilominus
1310 892 1603 955 etiamnum
1648 886 1922 950 Ottdbune

357 955 518 1010 codex
553 971 678 1019 ms.,
723 959 789 1010 ad
823 955 975 1023 cujus
1005 958 1163 1033 ﬁdem
1184 959 1324 1033 idem
1351 960 1680 1033 Opusculum
1705 980 1924 1033 expres-

355 1042 473 1079 sum
515 1025 634 1088 fuit,
682 1034 738 1078 et
777 1042 936 1094 quem
975 1027 1041 1078 ad
1070 1042 1259 1082 manus
1289 1025 1593 1085 habuimus.
1624 1025 1806 1087 Altera
1832 1051 1923 1090 ve—

357 1106 496 1149 tusta
519 1111 581 1171 ac
609 1106 854 1171 separata
878 1095 1041 1171 editio
1063 1097 1263 1171 prodiit
1290 1099 1630 1171 Argentorati
1659 1104 1798 1171 apud
1823 1103 1922 1157 Pe-

355 1175 495 1225 trum
539 1163 782 1235 Schefer,
820 1172 873 1235 et
904 1162 1165 1235 Joannem
1188 1162 1553 1235 Apronianum
1584 1162 1775 1235 socios,
1817 1174 1920 1227 Ka-

355 1235 520 1290 lendis
566 1232 769 1288 Martiis
809 1233 964 1299 1550,
989 1236 1145 1288 ἰη-Βο.
1180 1232 1363 1293 Editur
1403 1239 1458 1292 in
1497 1232 1918 1297 commendatio-

351 1320 476 1358 nem
512 1302 764 1375 Opusculi
793 1304 909 1357 hme
934 1304 1096 1375 verba
1138 1305 1291 1359 titulo
1320 1307 1515 1375 adjecit
1541 1328 1553 1363 :
1582 1309 1713 1363 Sunt
1749 1313 1803 1365 in
1831 1314 1914 1366 his

352 1374 498 1426 libris
527 1372 769 1450 pleraque
783 1383 919 1450 certo
948 1382 996 1426 et
1025 1372 1165 1450 clare
1194 1372 1568 1450 deﬁnita_,iquaz
1593 1382 1688 1450 [ioc
1716 1382 1916 1450 potissi-

352 1439 700 1496 inuntswcitlo
736 1457 839 1493 non
865 1443 975 1494 sine
1009 1443 1131 1510 ﬁdei
1159 1439 1474 1500 contumelia
1496 1448 1550 1501 in
1575 1439 1791 1504 dubium
1825 1469 1909 1506 vo-

351 1522 551 1564 cantur.
613 1510 1060 1585 Hanc_similiter
1092 1514 1397 1585 editionem
1443 1532 1542 1585 pro
1593 1521 1911 1576 annotandis

350 1580 663 1635 lcetionibus
686 1580 1015 1634 variantibus
1040 1581 1108 1635 ad
1129 1598 1319 1638 manus
1340 1580 1499 1640 habui
1526 1588 1784 1644 beneﬁcio
1809 1591 1911 1645 viri

348 1650 487 1704 bono
527 1648 836 1729 reipublicm
860 1649 1141 1729 litterarim
1164 1654 1278 1729 nati
1319 1662 1682 1729 atque_antea
1707 1659 1907 1715 laudati

347 1719 793 1806 1)..5(;ξ1εξιιὶοιςῐιίίέ
823 1719 876 1799 in
899 1721 1050 1800 cujus
1072 1719 1600 1806 bibliotlteca'eadem
1626 1738 1903 1806 servatur:
1945 1748 1986 1806 Β

344 1790 621 1862 quietiam
643 1788 727 1843 vir
744 1787 1073 1862 clarissimus
1097 1790 1256 1862 aliam
1283 1804 1584 1862 separatam
1618 1798 1907 1854 editionem

343 1875 467 1913 cum
511 1857 910 1913 Commentario
960 1858 1117 1913 Lucm
1162 1857 1358 1916 Lossii'
1388 1864 1726 1921 Francol‘urti
1766 1885 1909 1924 anno

346 1928 667 2008 -_l5:‘3’:i__in—8_°,
692 1936 934 2008 curatam
962 1927 1143 2008 refert,
1164 1930 1285 1985 libr.
1306 1933 1474 2008 rBibl.
1494 1935 1752 2008 Lat.pag.
1782 1940 1903 1994 156.

342 1999 398 2052 In
426 1997 752 2051 Bibliotheca
782 2006 963 2051 tamen
996 1999 1251 2055 Thuanea
1279 2002 1452 2057 eidem
1482 1997 1909 2065 editionivannus

343 2066 517 2131 1555;
567 2068 981 2149 commentarius
1020 2084 1151 2122 vero
1204 2070 1720 2149 Leonardo__Lessi_o
1773 2078 1905 2149 (qui

343 2147 522 2192 tamen
544 2149 609 2189 eo
627 2150 769 2209 anno
785 2137 871 2188 vix
885 2136 1056 2209 lucem
1075 2140 1324 2209 aspexit),
1340 2143 1644 2197 ascribitur.
1666 2136 1906 2201 Tertiam

341 2207 555 2260 demum
584 2206 874 2279 editionem
910 2206 1103 2260 horum
1132 2206 1419 2279 librorum,
1449 2227 1567 2279 qum
1596 2218 1907 2271 vetustiori-

337 2277 439 2331 bus
462 2290 525 2329 ac
553 2274 846 2328 rarioribus
872 2277 1145 2330 accenscri
1175 2287 1427 2344 meretur,
1458 2274 1905 2340 communicatam

338 2345 635 2415 habuimus
665 2360 731 2397 ex
780 2344 1099 2415 bibliotheca
1153 2347 1570 2415 locupletissima
1621 2352 1905 2407 Electorali

336 2413 869 2487 Monaeensi,_a__viro
910 2413 1355 2481 prmstantissimo
1381 2417 1443 2469 D.
1476 2417 1651 2472 Felice
1677 2421 1899 2487 Oefclio,

334 2481 571 2557 ejusdem
635 2481 969 2557 bibliothecm
1025 2493 1539 2557 curatoresumme
1602 2481 1899 2557 industrio,

334 2552 652 2623 magnique_
678 2550 816 2619 apud
854 2550 1120 2623 litteratos
1165 2555 1397 2610 nominis
1439 2570 1503 2608 ac
1541 2558 1738 2613 meriti.
1770 2550 1903 2615 Pro;

331 2619 1053 2693 diit'illahConstantime;
1100 2624 1449 2693 typographia
1515 2624 1717 2681 Nicolai
1777 2629 1902 2684 Kalt

332 2707 474 2746 anno
519 2689 654 2744 1596
684 2690 783 2743 sub
808 2690 910 2743 hoc
938 2689 1089 2745 titulo
1116 2689 1137 2744 ε’
1158 2689 1604 2748 Βέδᾱηειίδδὶιηα
1648 2695 1902 2754 Trinitate

330 2759 534 2831 libellus
560 2758 840 2831 admodum
862 2761 1123 2831 reverendj
1149 2759 1328 2831 Patris
1353 2762 1449 2815 Fr.
1474 2761 1683 2818 Alcuini
1703 2768 1894 2831 Albini,

328 2830 527 2883 abbatis
566 2829 827 2900 quondam
854 2830 1021 2900 sancti
1052 2829 1266 2883 Martini
1294 2830 1610 2887 Turonensis
1632 2848 1649 2885 :
1671 2836 1740 2889 ad
1768 2829 1902 2891 sere?-

331 2897 602 2953 nissimnm
646 2914 708 2973 ac
752 2897 1160 2973 potentissimum
1211 2916 1379 2973 regem
1424 2918 1486 2954 ac
1538 2904 1898 2973 imperatorem

326 2980 605 3042 augustum
657 2966 902 3021 Carolum
952 2967 1223 3042 Magnum.
1267 2966 1529 3042 'chertus
1575 2966 1801 3042 primum
1848 2987 1898 3031 et

327 3037 910 3108 deacriptuse‘vetusto
956 3037 1159 3099 codice,
1204 3038 1258 3091 in
1299 3037 1628 3094 celeberrimo
1670 3043 1895 3099 virorum

327 3106 503 3161 divino
544 3106 704 3161 cultui
742 3106 1154 3175 mancipatorum
1201 3108 1428 3161 cwnobio
1480 3111 1661 3232 Αιῇῄίε
1718 3115 1896 3169 divitis

327 3186 648 3232 nuncupata.
696 3191 757 3227 ac
804 3191 939 3227 nunc
985 3175 1190 3228 demum
1238 3177 1499 3232 industria
1584 3181 1739 3232 icolai
1770 3183 1896 3232 Καίι

327 3186 648 3245 nuncupata,
696 3191 757 3227 ac
804 3191 939 3245 nunc
985 3175 1190 3245 demum
1238 3177 1499 3232 industria
1528 3175 1739 3235 Nicolai
1769 3183 1898 3238 Kal:

326 3248 459 3314 typis
487 3243 801 3315 divulgatus.
832 3243 1425 3315 Epistoladedicatoria
1447 3248 1668 3304 editoris
1694 3252 1897 3308 directa

323 3312 407 3369 est
430 3315 497 3367 ad
520 3312 647 3377 retu,
669 3312 786 3366 nob.
806 3329 866 3364 ac
888 3313 1221 3381 magniﬁcum
1249 3315 1516 3370 dominum
1541 3318 1607 3371 D.
1638 3318 1896 3377 Joannem

323 3383 604 3453 Georgium
624 3383 687 3435 ab
712 3381 760 3434 Η
768 3381 923 3441 alwil,
954 3381 1179 3453 ecclesia:
1204 3385 1520 3441 catlzedralis
1542 3387 1897 3446 Constantian-

322 3456 397 3506 δίε
426 3452 677 3505 decanum
707 3460 753 3505 et
776 3452 1103 3506 canonicum.

394 3521 738 3576 Clarissimus
761 3520 1003 3602 Andreas
1028 3520 1397 3602 Qucrcetanus
1421 3525 1537 3602 _hos
1581 3526 1747 3582 libros
1791 3546 1893 3602 ope

322 3601 565 3646 veterum
620 3592 1103 3675 recentiorumque‘
1139 3595 1529 3675 esemplariurn
1584 3592 1889 3675 correctos,

322 3670 481 3730 atque
526 3660 861 3737 invocatione
909 3659 1031 3737 S_S:_
1063 3659 1725 3737 Trinitatis_,_etSymbolo
1765 3659 1890 3726 ﬁdei

326 3731 725 3802 auctosedidit
773 3745 895 3799 pag.
941 3730 1035 3802 “illi
1071 3740 1126 3785 et
1153 3747 1303 3802 seqq.
1337 3730 1655 3789 Nobis'huic
1691 3737 1893 3796 ultimm

323 3800 544 3854 editioni
574 3801 746 3870 magis
774 3801 1157 3866 emaculandm,
1193 3800 1390 3872 praeter
1419 3806 1597 3858 varias
1628 3806 1892 3865 editiones

324 3873 642 3923 vetustiores
689 3883 811 3922 mox
842 3872 1158 3935 recensitas,
1210 3874 1447 3927 subsidio
1486 3874 1637 3929 fuere
1678 3879 1891 3934 codices

324 3958 450 3993 mss.
503 3939 872 4003 vetustissimi,
922 3940 1028 3994 duo
1070 3943 1281 4009 quidem
1322 3943 1662 3998 bibliotheca:
1691 3954 1891 4003 nostrm

322 4013 377 4059 βξ.
416 4010 773 4073 Emmerami;
807 4017 1035 4078 quatuor
1074 4012 1164 4065 alii
1190 4012 1527 4068 bibliothecm
1555 4014 1758 4071 scilicet
1781 4020 1891 4072 Au-

326 4089 491 4158 ;trsne
540 4079 1000 4163 Vinodobone'nsis;
1045 4080 1268 4162 illustris
1296 4084 1522 4163 capituli
1562 4086 1889 4163 cathedralis

323 4131 709 4224 irj‘i-isingensis,
730 4131 1067 4224 celebemi'mi
1097 4131 1409 4224 monasterii
1440 4152 1853 4224 Tegernsecnsis
1871 4198 1885 4223 ,

325 4234 400 4294 ac
434 4219 649 4270 demum
697 4218 907 4294 ii_-.cl_ytm
947 4220 1184 4294 canonim
1230 4218 1696 4294 Beyerberg'eusis.
1740 4218 1888 4283 Alias

356 4289 439 4339 ein
480 4302 523 4357 e_
552 4287 952 4357 emendationes
990 4287 1354 4357 accepimus'a
1389 4287 1526 4345 viro'
1540 4293 1608 4347 cl.
1638 4294 1700 4348 D.
1731 4295 1889 4352 Cate-

320 4358 452 4430 lizmt
496 4355 872 4430 Benedictinm
904 4370 1088 4430 congr.
1120 4355 1532 4430 Lotharingicm
1578 4364 1797 4427 sodale,
1855 4382 1886 4421 e

322 4442 380 4477 eo
406 4426 471 4477 id.
513 4440 643 4478 mss.
677 4424 1139 4489 San-Vittoniano,
1171 4435 1227 4480 et
1252 4427 1309 4482 S.
1342 4424 1616 4486 Michaelis
1639 4424 1889 4490 dioecesis
1916 4426 1965 4483 ο

326 4494 674 4548 Vir-.Eunensis
719 4495 1034 4567 adnotatas;
1078 4495 1217 4567 alias
1263 4498 1494 4567 denique
1535 4512 1600 4552 ex
1648 4503 1886 4559 editione

320 4563 612 4640 Basileensi
654 4564 960 4640 anni_149§_
986 4563 1810 4640 multauindustriadescriptas
1855 4589 1888 4628 a

320 4632 444 4710 vim.
462 4632 759 4710 clarissimo
800 4634 860 4687 D.
904 4633 1103 4710 Christ.
1154 4634 1299 4710 Frid.
1349 4636 1597 4710 Temlero
1642 4632 1889 4710 superius

325 4701 556 4773 laudato.
606 4701 687 4773 Ea
717 4717 853 4773 ergo
902 4719 1021 4772 qua:
1064 4704 1117 4757 in
1168 4706 1401 4759 editione
1448 4705 1511 4759 D.
1564 4701 1886 4773 Quercetani

317 4768 563 4844 deerant,
588 4786 653 4822 ex
676 4768 824 4824 hisce
843 4768 1114 4844 codicibus
1135 4775 1394 4844 suppleta,
1422 4791 1519 4830 nec
1541 4768 1646 4831 non
1672 4783 1887 4835 varian-

319 4846 400 4893 tes
430 4839 829 4909 lectionesqum
860 4843 1102 4896 adnotari
1151 4839 1514 4909 merebantur,
1546 4848 1757 4903 uncinis
1801 4852 1886 4904 in-

319 4910 466 4963 clusa
496 4908 665 4963 textui
690 4908 853 4962 inseri
878 4914 1205 4967 curavimus.
1502 4908 1505 4909 ⁷
1548 4940 1551 4943 ν

637 5036 969 5094 EPISTOLA
1018 5037 1571 5099 NUNCUPATORIA.

386 5170 614 5227 Domino
652 5170 884 5243 glorioso
920 5169 1114 5226 Carolo
1144 5172 1456 5242 imperatori
1504 5180 1885 5248 augustissimo

320 5270 483 5333 atque
521 5263 973 5320 christianissimo
1035 5263 1254 5319 humilis
1299 5265 1462 5321 levita
1511 5268 1787 5338 Alcuinus,
1827 5274 1884 5329 in

322 5350 550 5406 Domino
594 5352 705 5407 Deo
748 5353 1032 5423 praesentis
1083 5355 1457 5424 prosperitatis
1508 5373 1572 5414 ac
1614 5370 1886 5432 perpetum

316 5440 665 5497 beatitudinis
686 5441 934 5498 salutem.

390 5529 526 5584 Dum
565 5530 798 5599 dignitas
836 5532 1129 5602 imperialis
1162 5548 1192 5587 a
1229 5533 1341 5590 Deo
1381 5537 1626 5595 ordinata
1659 5543 1727 5595 ad
1752 5543 1885 5598 nihil

319 5622 463 5678 aliud
482 5621 718 5680 oxaltata
740 5636 863 5680 esse
890 5626 1121 5692 videtur,
1166 5626 1270 5682 nisi
1316 5627 1513 5697 populo
1558 5644 1791 5699 prmesse
1831 5644 1884 5690 et

2019 505 2285 573 sapientia
2310 524 2321 559 :
2352 515 2616 575 potestas,
2643 521 2702 564 ut
2723 513 2982 580 superbos
3007 514 3297 584 Opprimat,
3334 523 3392 570 et
3414 516 3590 571 defen«

2020 594 2112 647 dat
2158 596 2226 649 ab
2274 596 2535 665 improbis
2581 600 2847 666 humiles;
2901 604 3181 672 sapientia,
3243 614 3302 660 ut
3355 616 3505 677 regat
3543 616 3599 662 et

2020 685 2211 739 doceat
2231 687 2320 754 pia
2341 688 2698 745 sollicitudine
2723 692 3013 762 subjectos.
3037 695 3132 751 His
3154 698 3379 760 duobus,
3407 709 3595 754 sancte

2023 774 2334 843 imperator,
2366 778 2679 834 muneribus
2720 781 2900 837 divina
2937 794 3171 839 vestram
3201 787 3596 858 incomparabi-

2022 866 2145 920 liter
2183 869 2534 924 subtilitatem
2565 870 2715 942 [.lls.,
2743 875 3174 950 sublimitatem],
3216 878 3455 946 ejusdem
3496 897 3594 936 no-

2023 958 2182 1010 minis
2208 968 2264 1013 et
2289 960 2524 1015 numinis
2560 966 2991 1019 antecessoribus
3017 970 3193 1035 gratia
3219 973 3590 1039 superexalta-

2019 1047 2099 1101 vit
2137 1057 2194 1102 et
2232 1050 2536 1116 honoravit,
2587 1061 2849 1109 terrorem
2887 1060 3142 1124 potentia:
3191 1069 3387 1116 vestrm
3430 1079 3591 1133 super

2018 1150 2207 1191 omnes
2235 1138 2472 1209 undique
2493 1150 2682 1211 gentes
2705 1143 3018 1213 immittens,
3050 1156 3106 1201 ut
3133 1149 3434 1205 voluntaria
3464 1156 3591 1209 sub-

2010 1227 2246 1294 jectione
2285 1231 2351 1284 ad
2395 1247 2490 1286 vos
2527 1234 2765 1300 veniant,
2799 1250 2933 1304 quos
2958 1240 3227 1307 prioribus
3255 1242 3477 1299 bellicus
3506 1245 3588 1300 la-

2014 1316 2113 1371 bor
2157 1316 2484 1388 [Emporibus
2530 1325 2631 1378 sibi
2681 1327 2909 1382 subdere
2951 1345 3057 1383 non
3098 1334 3289 1401 potuit.
3325 1334 3460 1400 Quid
3490 1338 3589 1406 igi-

2012 1408 2134 1460 tur?
2160 1408 2300 1475 Quid
2328 1413 2590 1481 agendum
2625 1424 2708 1470 est
2735 1426 2927 1473 vestrae
2958 1419 3066 1475 Deo
3086 1420 3442 1480 devotissimm
3472 1427 3583 1481 sol-

2010 1497 2274 1553 licitudini
2321 1508 2561 1571 tempore
2603 1507 2910 1562 serenitatis
2953 1517 3008 1563 et
3054 1510 3237 1579 pacis,
3287 1528 3394 1582 quo
3444 1516 3586 1570 mili-

2011 1587 2143 1641 taris
2169 1587 2370 1645 laboris
2402 1591 2616 1660 cingulo
2644 1594 2818 1649 soluto
2849 1605 2994 1652 totus
3022 1601 3248 1667 paciﬁca
3281 1604 3460 1672 quiete
3487 1622 3583 1676 po-

1992 1676 2166 1744 pulus
2206 1693 2530 1735 concurrere
2575 1682 2799 1738 festinat
2839 1687 2904 1740 ad
2946 1696 3137 1743 vestrm
3175 1690 3434 1759 jussionis
3466 1698 3582 1751 edi-

1998 1776 2182 1835 ctum,
2203 1770 2546 1841 intentusque
2573 1783 2699 1829 ante
2723 1777 2973 1833 thronum
2998 1781 3187 1849 gratim
3213 1781 3347 1853 [Al.,
3375 1786 3579 1859 glorim]

2005 1867 2197 1913 vestrm
2245 1863 2560 1929 consistere,
2620 1876 2939 1937 exspectans
2980 1872 3130 1941 quid,
3182 1875 3268 1928 cui
3317 1892 3578 1945 personae,

2003 1958 2183 2005 vestra
2211 1955 2502 2010 auctoritas
2538 1959 2830 2028 prmcipere
2877 1962 3028 2028 velit,
3074 1963 3178 2018 nisi
3223 1966 3387 2021 etiam
3414 1969 3577 2042 70h

2004 2044 2147 2097 omni
2179 2044 2424 2114 dignitati
2455 2047 2600 2116 justa
2631 2048 2941 2116 decernere,
2973 2062 3087 2107 rata
3114 2056 3426 2126 prmcipere,
3458 2075 3582 2113 san-

2004 2140 2091 2185 cta
2116 2134 2425 2200 admonere,
2456 2144 2515 2189 ut
2538 2139 2763 2207 quisque
2792 2139 2943 2196 lmtus
2972 2158 3094 2198 cum
3123 2156 3393 2216 perpetua:
3433 2151 3576 2204 salu-

2004 2220 2072 2273 tis
2096 2230 2366 2291 praecepto
2403 2224 2624 2280 domum
2667 2229 2885 2283 redeat?
2913 2230 2991 2286 Ne
3030 2248 3160 2289 vero
3203 2251 3336 2292 mem
3374 2238 3429 2293 in
3477 2239 3583 2294 Do-

2003 2310 2152 2363 mino
2201 2311 2501 2367 devotionis
2546 2315 2781 2370 studium
2828 2319 2938 2373 otio
2983 2328 3237 2390 torpens,
3296 2336 3475 2383 vestro
3526 2331 3580 2383 in

1999 2400 2385 2467 prmdicatione
2436 2404 2718 2459 catholicae
2761 2406 2885 2461 ﬁdei
2932 2410 3143 2466 deesset
3174 2413 3461 2483 adjutorio,
3500 2421 3582 2474 di-

2003 2488 2119 2541 rexi
2167 2492 2525 2547 sanctissimm
2570 2498 2879 2552 auctoritati
2905 2509 3098 2557 vestrm
3136 2504 3202 2559 de
3240 2505 3344 2561 ﬁde
3380 2520 3578 2567 sancta:

2000 2585 2055 2632 et
2097 2578 2386 2636 individum
2429 2582 2735 2650 Trinitatis,
2767 2589 2867 2643 sub
2890 2592 3069 2658 specie
3098 2597 3364 2651 manualis
3388 2598 3577 2665 libelli,

1999 2681 2326 2736 sermonem,
2354 2682 2414 2726 ut
2437 2673 2631 2730 divina:
2656 2676 2775 2731 laus
2812 2688 2867 2732 et
2886 2679 3023 2736 ﬁdes
3063 2684 3339 2754 sapientia:
3370 2691 3581 2758 sapien-

1998 2757 2193 2813 tissimi
2227 2762 2506 2818 hominum
2551 2767 2876 2835 probaretur
2906 2772 3132 2841 judicio.
3176 2776 3287 2832 Nec
3332 2757 3582 2839 videlicet

1999 2846 2106 2901 alio
2150 2850 2390 2917 quolibet
2434 2862 2634 2910 vestrae
2670 2857 2967 2928 imperialis
3011 2863 3311 2933 majestatis
3358 2887 3580 2930 munere

1998 2934 2298 3006 digniorem
2367 2943 2748 3001 existimabam
2817 2952 3178 3021 sapientiam;
3247 2973 3349 3014 nec
3413 2963 3577 3019 alium

2000 3028 2294 3095 quemlibet
2344 3038 2454 3086 tam
2499 3036 2786 3092 excellenti
2828 3040 2971 3096 dono
2999 3043 3055 3096 in
3090 3047 3400 3116 accipiendo
3426 3067 3579 3122 mque

2001 3117 2219 3188 dignum
2269 3124 2548 3192 putabam,
2593 3127 2719 3182 dum
2758 3132 3052 3202 principem
3079 3140 3258 3207 populi
3284 3117 3575 3201 Christiani

1996 3216 2191 3263 cuncta
2221 3212 2362 3267 scire
2386 3222 2441 3268 et
2462 3217 2757 3284 praedicare
2783 3238 2903 3291 qum
2934 3224 3043 3280 Deo
3085 3227 3332 3297 placeant
3357 3248 3578 3291 necesse

1995 3311 2136 3364 esse,
2172 3302 2512 3360 notissimum
2538 3318 2640 3362 est.
2666 3309 2849 3380 Neque
2874 3316 3016 3370 enim
3044 3332 3368 3390 quemquam
3398 3328 3575 3396 magis

1995 3390 2149 3445 decet
2189 3393 2273 3447 vel
2299 3396 2523 3452 meliora
2564 3416 2740 3479 nosse,
2786 3403 2870 3458 vel
2892 3405 3069 3475 plura,
3098 3426 3261 3480 quam
3286 3390 3573 3485 imperato-

1994 3497 2129 3548 rem,
2153 3483 2305 3553 cujus
2319 3487 2564 3544 doctrina
2580 3495 2830 3550 omnibus
2839 3500 3098 3565 prodesse
3113 3502 3271 3559 debet
3293 3483 3569 3577 subjectis.

1993 3570 2112 3626 Non
2150 3589 2280 3643 quo,
2325 3577 2622 3648 imperator
2645 3582 2841 3640 invicte
2864 3595 2918 3641 et
2947 3590 3362 3659 sapientissime,
3395 3611 3460 3651 ac
3480 3613 3570 3652 re—

1992 3661 2201 3734 fulgens
2244 3676 2443 3735 rector,
2489 3672 2691 3753 aliquid
2725 3677 2963 3735 scientim
3000 3692 3194 3739 vestrm
3229 3685 3352 3742 ﬁdei
3387 3691 3563 3746 catho-

1991 3751 2110 3808 liem
2151 3755 2483 3828 incognitum
2511 3751 2665 3829 esse,
2686 3766 2769 3820 vel
2795 3768 2974 3825 minus
3001 3772 3337 3841 exploratum
3365 3780 3571 3849 cogita-

1989 3859 2142 3899 rem:
2171 3849 2266 3903 sed
2309 3859 2370 3905 ut
2412 3853 2519 3906 mei
2556 3857 2809 3923 nominis,
2852 3875 2958 3928 quo
3010 3877 3041 3916 a
3083 3866 3404 3932 quibusdam
3448 3887 3567 3927 ma-

1987 3934 2157 4022 gister
2179 3938 2330 4008 (licet
2349 3956 2454 3996 non
2482 3946 2692 4017 merito)
2720 3963 2903 4014 vocor,
2930 3950 3164 4009 ofﬁcium
3188 3961 3578 4022 ostenderem}

1985 4016 2089 4079 hec
2117 4041 2225 4080 non
2265 4037 2324 4083 ut
2365 4033 2739 4090 convincerem
2763 4053 2878 4104 eos,
2908 4042 3000 4109 qui
3024 4044 3205 4100 minus
3230 4032 3359 4103 utile
3381 4051 3569 4107 existi-

1986 4115 2206 4170 mabant
2231 4156 2248 4183 ,
2299 4129 2538 4177 vestram
2594 4126 2986 4186 nobilissimam
3037 4133 3395 4192 intentionem
3449 4142 3567 4196 dia-

1985 4203 2190 4263 lecticas
2231 4209 2524 4280 disciplinm
2553 4216 2760 4273 discere
2787 4216 2924 4276 velle
2961 4226 3216 4292 rationes,
3247 4244 3382 4297 quas
3409 4241 3566 4300 pater

1986 4295 2137 4368 [Ms.,
2161 4299 2375 4373 beatus]
2398 4303 2727 4375 Augustinus
2750 4310 2803 4366 in
2829 4312 2982 4370 libris
3007 4317 3071 4371 de
3092 4295 3281 4373 sancta
3299 4295 3565 4379 Trinitate

1990 4388 2231 4456 apprime
2261 4396 2595 4452 necessarias
2633 4412 2753 4455 esse
2791 4405 3020 4471 putavit,
3047 4407 3172 4462 dum
3199 4411 3561 4479 profundissi-

1990 4490 2109 4529 mas
2134 4474 2203 4530 de
2234 4488 2422 4534 sancta
2468 4482 2732 4542 Trinitate
2774 4494 3119 4559 qumstiones,
3153 4474 3258 4552 non
3286 4501 3388 4555 nisi
3417 4513 3562 4557 cate-

1989 4567 2263 4636 goriarum
2316 4572 2617 4631 subtilitate
2667 4577 2819 4650 [Ms.,
2871 4584 3226 4660 sublimitate]
3282 4591 3560 4661 explanari

1987 4670 2149 4724 posse
2175 4661 2442 4726 probavit.
2485 4664 2639 4731 Quod
2676 4670 2841 4726 etiam
2874 4674 2929 4728 in
2954 4685 3083 4732 ante
3113 4680 3387 4737 nominato
3412 4683 3559 4753 ejus-

1989 4744 2114 4799 dem
2143 4745 2322 4805 Patris
2348 4755 2608 4821 opusculo
2632 4758 2754 4826 pius
2774 4769 2829 4815 et
2851 4763 3076 4820 devotus
3096 4767 3383 4837 inquisitor
3404 4744 3560 4829 facile

1987 4832 2251 4901 inveniet,
2306 4839 2352 4892 si
2391 4841 2747 4914 philosophia:
2793 4832 3250 4920 cognitionem'in
3303 4857 3561 4916 discendo

1990 4922 2193 4978 habere
2220 4942 2328 4982 non
2353 4931 2593 5003 negligit.
2632 4934 2759 4993 Hmc
2795 4941 2977 4995 omnia
3006 4943 3195 4997 devota
3224 4942 3418 5001 mentis
3445 4950 3561 5003 acis

1989 5011 2364 5084 considerans,
2412 5027 2656 5091 tempore
2696 5026 3028 5083 celeberrimi
3076 5041 3397 5099 conventus,
3452 5050 3560 5104 quo

1988 5106 2300 5163 sacerdotes
2345 5110 2440 5165 Dei
2479 5121 2537 5167 et
2576 5116 2756 5184 populi
2781 5119 3162 5186 prmdicatores
3186 5122 3475 5180 Christiani
3504 5127 3557 5180 in

1988 5210 2155 5251 unum
2200 5198 2466 5270 imperiali
2512 5215 2779 5274 prmcepto
2823 5213 3169 5280 conveniunt,
3216 5230 3320 5271 non
3363 5216 3557 5284 ignava

1992 5284 2075 5356 (ut
2114 5289 2258 5361 reor)
2303 5305 2466 5362 apum
2504 5296 2742 5363 pondera
2771 5298 2828 5353 in
2857 5302 3068 5359 ratione
3102 5305 3382 5361 catholicm
3408 5306 3556 5375 ﬁdei,

1987 5386 2183 5432 vestrm
2207 5381 2667 5441 cxcellentissimm
2682 5391 2991 5446 auctoritati
3012 5391 3187 5457 attuli,
3203 5393 3248 5448 si
3272 5393 3555 5462 Dominus,

1988 5466 2081 5535 qui
2120 5469 2447 5527 voluntatem
2471 5473 2680 5531 dicendi
2718 5476 2958 5543 dederat,
3002 5483 3191 5551 spiritu
3233 5485 3420 5554 gratim
3464 5502 3555 5542 cor

1990 5555 2074 5627 (ut
2099 5558 2165 5614 de
2194 5559 2309 5628 ejus
2336 5563 2547 5621 conﬁdo
2584 5554 2973 5641 misericordia)
3014 5572 3067 5625 in
3109 5574 3382 5643 agnitione
3418 5576 3558 5630 veri-

1992 5648 2117 5704 tatis
2163 5649 2501 5710 illuminavit.
2548 5656 2657 5714 Nec
2698 5660 2899 5731 aliquid
2944 5676 3064 5717 mea
3103 5664 3343 5724 invenire
3388 5665 3557 5723 valuit

3006 5786 3029 5823 al

3490 5900 3548 5949 κ
3582 5954 3598 5969 ο
