3906 6186
217 359 271 410 I3

883 362 1298 422 DOGMATICA.
1331 398 1400 407 —
1435 369 1521 422 DE
1561 369 1713 424 FIDE
1752 371 1808 426 S.
1852 371 2238 428 TRINITATIS
2276 374 2454 429 LIBRI
2490 377 2574 431 III.
2615 380 2741 434 LIB.
2782 383 2821 436 I.

3409 399 3473 450 Η

219 470 430 532 devotio,
487 471 626 538 quid
670 472 896 528 liberius
937 475 1176 541 afferret,
1224 493 1322 531 nec
1379 481 1506 546 quid
1559 480 1788 550 regalem
1819 493 1864 548 Α
1895 499 2021 536 num
2068 499 2237 552 genus
2274 485 2384 538 sola
2415 486 2672 549 viviﬁcat,
2704 490 2814 543 sola
2845 493 3164 560 sanctiﬁcat,
3203 503 3475 560 veraciter

215 559 639 616 benevolentiam
676 563 886 633 gratius
919 567 1192 634 accepisse
1229 575 1498 635 putarem.
1533 569 1670 634 Quid
1701 586 1794 624 ex—

218 650 324 703 inde
347 648 570 703 elIicere
616 651 689 704 sit
716 660 897 706 ratum
933 653 1087 724 [Μδε.
1122 654 1259 721 Quid
1287 657 1480 711 exinde
1505 657 1789 724 eﬁieerem,

219 740 384 793 omisso
411 741 482 794 sit
507 742 749 814 ratum],
775 753 973 799 vestra:
993 746 1327 814 probationis
1347 758 1621 816 exspectat
1640 749 1791 820 [Ms.,

221 828 419 900 spectat]
465 831 770 899 judicium,
806 835 848 887 si
880 835 1038 904 digne
1062 849 1213 889 meus
1237 837 1336 890 iste
1357 837 1510 890 labor
1542 839 1594 892 in
1622 855 1795 893 sacer-

221 921 399 976 dotales
428 925 739 990 procedere
773 925 954 979 valeat
991 942 1170 980 aures.
1213 927 1356 998 Ergo
1394 938 1587 982 vestra:
1616 930 1791 999 digni-

220 1012 328 1065 tatis
369 1012 603 1065 dextera
651 1014 814 1068 dante
842 1015 909 1069 ad
941 1015 1245 1086 legendum,
1296 1034 1455 1072 nemo
1489 1017 1632 1086 juste
1673 1036 1792 1074 mea

222 1103 340 1157 dicta
362 1118 627 1172 spernere
660 1107 881 1174 poterit,
911 1108 1035 1174 quia
1057 1109 1335 1175 probantis
1360 1110 1652 1163 auctoritas
1677 1110 1792 1177 plu-

225 1193 285 1244 ris
322 1194 627 1247 :estimatur
667 1211 834 1264 quam
881 1197 1168 1251 scribentis
1215 1199 1447 1252 devotio.
1500 1199 1662 1252 Multa
1709 1208 1792 1254 est

224 1283 448 1336 omnibus
489 1284 750 1340 ﬁdelibus
791 1287 846 1340 in
895 1296 1075 1341 vestra
1110 1288 1310 1356 pietate
1336 1288 1597 1358 gloriandi
1625 1289 1784 1343 facul-

224 1381 313 1434 tas,
335 1373 454 1425 dum
482 1374 796 1429 clementiae
829 1385 1026 1431 vestra:
1050 1377 1350 1432 sollicitudo
1378 1379 1787 1447 sacerdotalem,

226 1469 276 1512 ut
308 1463 470 1525 decet,
504 1463 678 1516 habet
702 1465 754 1518 in
783 1466 1164 1532 praedicatione
1203 1468 1351 1521 verbi
1394 1467 1487 1522 Dei
1529 1469 1784 1536 vigorem,

226 1560 271 1604 et
295 1553 580 1622 perfectam
610 1557 664 1608 in
694 1557 961 1610 catholica
986 1558 1088 1612 ﬁde
1111 1559 1415 1623 scientiam,
1445 1568 1499 1614 et
1520 1561 1788 1616 sanctissi-

226 1660 458 1713 mampro
473 1646 753 1700 hominum
770 1646 951 1718 [Mss.,
969 1649 1229 1721 omnium]
1247 1651 1417 1705 salute
1431 1651 1783 1706 devotionem.

224 1733 547 1804 Quapropter
589 1739 968 1793 universorum
1009 1743 1260 1810 precibus
1308 1743 1545 1798 ﬁdelium
1597 1756 1786 1812 optan-

233 1787 263 1800 ι
309 1787 352 1803 νι
407 1787 454 1804 ex
495 1787 534 1789 -ν
594 1787 968 1793 ----νν--ν----
1009 1787 1259 1810 ιν-νν--ι--ι
1308 1787 1545 1798 "vv-nn“
1598 1787 1759 1812 Vr'“"

226 1827 340 1878 dum
377 1837 475 1891 est,
505 1837 564 1881 ut
594 1828 645 1882 in
673 1845 891 1884 omnem
917 1831 1144 1900 gloriam
1185 1842 1425 1888 vestrum
1469 1836 1784 1889 extendatur

1962 1787 2130 1853 Quem
2154 1797 2240 1841 tua
2265 1805 2359 1858 per
2379 1791 2622 1860 populos,

2035 1876 2178 1900 11...“.
2206 1877 2287 1900 ηε..
2321 1879 2622 1900 ..Α-...Α-Δ.-η

225 1916 521 1983 imperium;
571 1928 632 1972 ut
678 1921 886 1975 scilicet
925 1922 1190 1976 catholica
1237 1923 1390 1989 ﬁdes,
1431 1939 1550 1993 quae
1596 1925 1783 1978 huma-

1899 574 1952 626 in
1995 589 2098 626 una
2139 574 2476 630 confessione
2523 587 2838 634 cunctorum
2885 583 3137 638 cordibus
3179 587 3466 659 inﬁgatur:

1896 672 2161 732 quatenus
2189 666 2381 719 summi
2418 667 2579 739 Regis
2605 672 2835 728 donante
2870 675 3088 743 pietate,
3123 681 3312 736 eadem
3341 700 3464 741 san-

1893 764 1994 809 cta:
2018 758 2165 824 pacis
2190 765 2244 809 et
2271 756 2519 825 perfectae
2549 761 2849 828 charitatis,
2875 782 3064 822 omnes
3087 771 3287 840 ubique
3314 783 3468 843 regat

1893 853 1947 899 et
1991 848 2262 901 custodiat
2305 850 2502 904 unitas.
2539 851 2648 905 Nec
2673 854 2816 908 aliud
2841 858 3189 926 omnipotenti
3220 863 3330 918 Deo
3351 882 3465 919 mu-

1892 949 1994 986 nus
2020 935 2304 989 amabilius
2332 951 2451 992 esse
2480 941 2754 1006 probatur,
2787 959 2945 1012 quam
2978 947 3031 1000 in
3067 952 3332 1006 catholica
3363 954 3468 1010 ﬁde

1893 1023 2086 1077 divinae
2115 1027 2416 1080 concordia:
2449 1029 2686 1084 Charitas
2728 1032 2880 1102 [Ms.,
2920 1040 3207 1093 concordia
3235 1043 3472 1098 charita-

1893 1111 2007 1181 tis],
2045 1122 2103 1164 ut
2127 1128 2316 1168 onmes
2362 1133 2525 1170 unum
2555 1120 2662 1172 sint
2692 1122 2745 1174 in
2769 1122 3006 1188 Christo,
3039 1129 3130 1196 qui
3162 1145 3261 1198 pro
3287 1133 3465 1188 omni-

1890 1201 1990 1254 bus
2020 1212 2262 1257 mortuus
2287 1213 2370 1258 est
2394 1224 2405 1258 :
2435 1222 2532 1274 per
2558 1225 2716 1278 quem
2743 1215 2920 1267 cuncti
2953 1219 3234 1274 credentes
3268 1222 3322 1274 in
3343 1239 3467 1277 eum

1889 1290 2188 1346 elIiciautur
2214 1293 2306 1348 ﬁlii
2331 1305 2544 1351 {etcrnte
2565 1299 2929 1356 beatitudinis.

1961 1421 2004 1475 Ο
2034 1421 2146 1476 Rex
2178 1433 2404 1493 augusto
2431 1425 2728 1483 clarissime
2755 1431 2944 1498 dignus
2978 1433 3204 1500 honore,

2031 1513 2096 1566 Et
2126 1514 2250 1578 dux,
2276 1523 2325 1568 et
2357 1515 2562 1579 doctor,
2597 1527 2651 1570 et
2677 1519 2836 1574 decus
2861 1522 3090 1588 imperii.

1961 1605 2035 1658 Te
2057 1605 2218 1660 Pater
2270 1616 2428 1676 atque
2454 1609 2629 1663 Patris
2656 1611 2861 1678 Proles,
2890 1623 2940 1668 te
2964 1615 3196 1684 Spiritus
3222 1619 3395 1676 almus

2031 1697 2304 1766 Protegat,
2343 1699 2562 1764 exaltet,
2593 1701 2782 1766 salvet,
2815 1703 3058 1770 honoret,
3087 1717 3248 1762 amet.

2640 1800 2832 1856 terras,
2847 1809 2943 1861 per
2965 1810 3147 1864 regna,
3167 1813 3262 1866 per
3282 1801 3460 1865 urbes,

2035 1876 2181 1930 Mens
2206 1877 2292 1946 pia
2321 1879 2638 1946 permandet
2668 1897 2882 1950 semper
2906 1899 3088 1939 amare
3114 1885 3305 1942 Deum.

239 2059 3452 2102 -———_________________________________________

1359 2180 1713 2252 705-706
1769 2179 2002 2240 LIBER
2048 2184 2360 2245 PRIMUS.

565 2363 922 2420 PREFATIO
963 2364 1040 2435 (IN
1060 2381 1206 2420 sorr.
1233 2379 1350 2420 car.
1385 2367 1447 2436 ι).

283 2472 336 2526 In
362 2473 578 2526 nomine
606 2482 804 2526 sancte
829 2473 1131 2527 Trinitatis.
1149 2472 1405 2538 Quamvis
1433 2473 1574 2526 enim
1598 2472 1650 2526 in
1681 2474 1782 2526 hu-

223 2561 297 2628 ius
314 2563 479 2616 exsilii
509 2579 870 2618 :erumnosam
895 2566 1193 2620 etecitatcm
1230 2581 1328 2635 pro
1354 2566 1630 2634 originalis
1661 2579 1787 2634 pec-

226 2657 315 2707 cati
355 2655 653 2722 justissima
690 2672 870 2725 pmna,
917 2656 1109 2724 gaudio
1137 2655 1266 2727 [AI.,
1295 2671 1326 2710 a
1366 2655 1582 2728 gaudio]
1611 2657 1785 2710 beatae

227 2746 472 2801 felicitatis
501 2747 694 2815 dejecti
748 2749 937 2814 simus,
968 2764 1076 2802 non
1107 2756 1283 2801 tamen
1314 2748 1389 2800 ita
1421 2748 1542 2801 inde
1571 2747 1784 2817 prrecisi

227 2846 368 2904 atque
396 2838 602 2907 abrupti
636 2852 824 2891 sumus
853 2877 866 2900 ,
914 2844 974 2890 ut
1004 2838 1166 2891 etiam
1196 2837 1248 2890 in
1280 2837 1396 2890 istis
1439 2836 1786 2891 mutabilibus

227 2935 274 2978 et
301 2927 670 2996 temporalibus
680 2927 1060 2992 aeternitatem,
1081 2927 1383 2991 veritatem,
1398 2926 1784 2980 beatitudinem

228 3032 446 3084 quaerere
473 3018 552 3070 vel
596 3018 910 3072 desiderare
937 3017 1262 3088 ignoremus.
1290 3017 1440 3083 Quod
1463 3032 1528 3070 ex
1555 3031 1619 3070 eo
1660 3031 1784 3086 per-

228 3107 444 3175 spicuum
469 3117 575 3173 est,
597 3110 741 3179 quod
795 3125 897 3164 nec
939 3110 1112 3174 mori,
1161 3125 1261 3164 nec
1286 3109 1395 3162 falli
1423 3150 1435 3173 ,
1467 3125 1569 3163 nec
1600 3109 1782 3163 miseri

228 3210 329 3249 esse
351 3197 676 3251 voluntatem
699 3197 980 3253 habemus.
1013 3198 1166 3253 Unde
1191 3215 1258 3253 ex
1289 3201 1391 3253 hoc
1420 3199 1652 3254 naturali
1703 3199 1784 3253 in-

229 3287 399 3340 stinctu
423 3289 611 3342 beatos
644 3304 764 3342 esse
792 3289 928 3343 velle
951 3287 1243 3360 [omnibus]
1272 3305 1554 3345 commune
1581 3298 1665 3344 est
1687 3291 1784 3346 ho-

229 3379 464 3442 minibus;
522 3379 649 3434 licet
686 3380 900 3434 diverso
929 3380 1088 3434 modo
1129 3380 1183 3434 in
1209 3381 1404 3435 animis
1455 3380 1785 3450 singulorum

228 3468 548 3526 beatitudinis
568 3472 839 3540 appetitus
861 3471 973 3524 ﬁat.
999 3471 1226 3537 Quidam
1253 3488 1381 3527 vero
1399 3473 1616 3527 beatum
1641 3472 1786 3526 aesti-

231 3563 418 3616 mabant
445 3563 579 3634 [.4l.,
618 3563 911 3635 :estimant]
942 3579 1060 3618 esse
1113 3581 1278 3635 regno
1321 3565 1482 3634 potiri
1527 3573 1780 3629 terreno;

230 3649 302 3702 alii
323 3653 514 3706 divitiis
541 3654 852 3717 abundare;
885 3653 972 3707 alii
1032 3655 1326 3710 honoribus
1357 3653 1614 3719 exaltari;
1667 3657 1786 3724 qui-

229 3737 329 3791 dam
356 3756 481 3794 vero
518 3741 771 3796 laudibus
797 3741 1038 3796 celebres
1086 3758 1204 3796 esse
1231 3743 1490 3812 gaudent;
1518 3742 1607 3796 alii
1636 3742 1786 3796 volu-

227 3829 438 3896 ptatibus
468 3832 680 3886 inhiant
715 3833 1059 3897 carnalibus;
1117 3835 1211 3887 sed
1240 3848 1577 3902 nequaquam
1605 3832 1659 3886 in
1686 3833 1788 3886 hu-

219 3918 298 3986 jus
318 3926 434 3975 vitaz
460 3923 798 3977 volubilitate
834 3939 962 3978 vera
992 3923 1220 3977 inveniri
1259 3922 1457 3992 poterit
1487 3921 1782 3977 beatitudo.

225 4009 468 4075 Quocirca
497 4024 612 4068 tota
647 4023 960 4069 sanctarum
982 4015 1149 4069 series
1181 4015 1587 4084 Scripturarum
1628 4029 1726 4068 nos
1755 4030 1786 4068 a

221 4105 440 4158 terrenis
468 4106 535 4159 ad
567 4107 810 4160 ccelestia
865 4106 997 4173 erigi
1025 4106 1342 4160 adhortatur
1365 4147 1380 4169 ,
1430 4104 1520 4158 ubi
1570 4119 1696 4158 vera
1734 4115 1791 4158 et

219 4199 535 4265 sempiterna
560 4208 641 4254 est
682 4199 989 4263 beatitudo;
1034 4198 1099 4251 ad
1135 4212 1295 4267 quam
1325 4197 1427 4250 uisi
1478 4213 1576 4266 per
1626 4197 1785 4250 tidem

214 4289 493 4344 catholicae
516 4289 676 4356 pacis,
705 4296 1026 4358 cooperante
1049 4288 1310 4341 charitate
1340 4286 1434 4339 Dei
1461 4295 1514 4339 et
1532 4284 1786 4354 proximi,

217 4382 488 4435 nemiuem
519 4382 790 4447 pervenire
816 4395 972 4450 posse
1007 4379 1368 4433 certissimum
1395 4385 1498 4431 est.

365 4513 529 4582 707
555 4512 774 4569 CAPUT
814 4511 1081 4568 PRIMUM
1112 4513 1188 4581 (IN
1214 4529 1361 4566 non.
1384 4528 1501 4565 car.
1529 4511 1611 4580 tt).

215 4625 359 4690 Quod
395 4627 468 4679 ad
487 4644 657 4680 seram
692 4628 1062 4681 beatitudinem
1088 4629 1188 4682 nisi
1223 4645 1315 4697 per
1353 4628 1509 4696 ﬁdem
1557 4627 1778 4682 cat/toli-

588 4715 701 4750 cam
729 4699 992 4767 pervenire
1015 4715 1161 4752 nemo
1183 4699 1385 4768 poterit.

274 4807 518 4878 Denique
540 4810 609 4864 ad
640 4824 821 4863 veram
869 4810 1256 4864 beatitudinem
1283 4811 1568 4878 pervenire
1599 4811 1783 4866 volen-

216 4898 346 4953 tibus
379 4900 562 4968 primo
599 4901 839 4954 omnium
863 4898 996 4954 ﬁdes
1038 4901 1342 4956 necessaria
1371 4909 1474 4965 est,
1496 4902 1636 4956 sicut
1660 4917 1786 4972 apo-

213 4990 396 5043 stolica
423 4991 580 5044 docet
609 4991 924 5056 auctoritas,
954 4991 1174 5046 dicens:
1198 4992 1308 5046 sine
1341 4992 1447 5060 ﬁde
1472 4993 1788 5062 impossibile

208 5092 277 5134 est
303 5079 415 5135 Deo
440 5081 646 5150 placere
679 5081 866 5150 (Hebr.
897 5098 976 5148 χι,
1009 5083 1084 5153 6).
1113 5081 1338 5138 Constat
1361 5097 1490 5153 ergo
1517 5082 1787 5136 neminem

211 5174 270 5227 ad
306 5190 497 5228 veram
527 5175 815 5244 pervenire
858 5191 1018 5246 posse
1062 5176 1447 5230 beatitudinem
1477 5215 1492 5241 ,
1545 5175 1648 5230 nisi
1681 5175 1790 5228 Deo

208 5264 441 5333 placeat;
470 5275 528 5320 et
555 5265 667 5321 Deo
696 5267 968 5322 neminem
1015 5266 1230 5336 placere
1257 5281 1436 5337 posse,
1468 5266 1569 5320 nisi
1609 5279 1707 5336 per
1730 5265 1790 5318 ﬁ-

207 5355 346 5408 dem.
389 5354 545 5410 Fides
572 5371 808 5425 namque
846 5355 975 5428 [est]
1016 5356 1281 5412 bonorum
1309 5355 1548 5410 omnium
1593 5353 1786 5420 funda-

204 5454 466 5498 mentum.
507 5446 665 5503 Fides
695 5457 780 5502 est
799 5445 1047 5501 humanae
1071 5446 1260 5500 salutis
1278 5445 1520 5509 initium;
1550 5443 1664 5498 sine
1685 5444 1788 5498 hac

206 5550 366 5590 nemo
383 5538 450 5592 ad
479 5537 712 5594 ﬁliorum
743 5538 840 5594 Dei
891 5545 1069 5607 potest
1097 5537 1422 5592 consortium
1469 5535 1784 5606 pervenire;

1811 3069 1856 3132 C

1816 4424 1864 4484 D

1888 2367 2014 2434 quia
2038 2367 2151 2420 sine
2194 2365 2307 2434 ipsa
2333 2381 2431 2420 nec
2468 2369 2521 2421 in
2554 2370 2656 2422 hoc
2680 2373 2875 2426 saeculo
2897 2375 3178 2444 quisquam
3202 2378 3466 2448 justiﬁca-

1886 2455 2047 2508 tionis
2076 2455 2426 2525 consequitur
2453 2459 2702 2526 gratiam,
2729 2477 2827 2514 nec
2850 2463 2902 2516 in
2931 2463 3114 2521 futuro
3139 2469 3303 2524 vitam
3341 2488 3464 2542 pos-

1885 2542 2080 2596 sidebit
2104 2552 2382 2598 aeternam.
2416 2545 2483 2599 Et
2508 2548 2552 2601 si
2577 2551 2698 2617 quis
2735 2552 2824 2605 hic
2851 2569 2954 2608 non
2989 2557 3344 2616 ambulaverit
3367 2579 3464 2633 per

1885 2634 2065 2702 ﬁdem,
2095 2651 2201 2690 non
2231 2639 2508 2706 perveniet
2539 2643 2604 2695 ad
2629 2644 2860 2710 speciem
2889 2647 3060 2703 beatae
3109 2652 3331 2710 visionis
3361 2657 3464 2709 Do-

1887 2725 2017 2779 mini
2047 2727 2364 2783 nostri'Jesu
2385 2729 2605 2784 Christi.
2631 2732 2861 2790 Proinde
2888 2741 3063 2794 omnis
3092 2743 3270 2798 anima
3301 2748 3463 2802 ratio—

1887 2817 2028 2874 nalis
2073 2827 2231 2873 astate
2259 2835 2496 2890 congrua
2526 2823 2697 2876 discat
2738 2824 2895 2881 ﬁdem
2944 2832 3298 2899 catholicam,
3342 2853 3463 2891 ma-

1887 2910 2030 2964 xime
2059 2912 2239 2981 populi
2278 2913 2661 2982 przedicatores
2685 2916 2996 2985 Christiani,
3038 2932 3091 2977 et
3113 2926 3463 2983 ecclesiarum

1886 2999 1981 3055 Dei
2003 3001 2270 3067 doctores,
2301 3012 2362 3058 ut
2389 3007 2596 3074 possint
2616 3008 2828 3062 veritati
2853 3013 3345 3074 contradicentibus
3369 3035 3459 3074 νεα

1886 3091 2098 3157 sistere,
2143 3100 2199 3147 et
2247 3095 2568 3150 catholicam
2613 3101 2916 3154 amantibus
2965 3117 3152 3170 pacem
3187 3111 3460 3175 prodesse.

1885 3178 2162 3245 Quomodo
2188 3183 2402 3237 docebit
2429 3186 2551 3252 quis
2588 3188 2728 3254 quod
2757 3203 2862 3242 non
2890 3191 3118 3246 didicit?
3158 3196 3251 3249 Vel
3281 3199 3460 3266 quali-

1889 3280 1968 3325 ter
2011 3281 2194 3341 pastor
2228 3288 2348 3329 esse
2383 3277 2606 3345 poterit,
2659 3279 2702 3332 si
2738 3296 2876 3348 pane
2925 3283 3048 3338 vitae
3095 3302 3309 3356 gregem
3359 3290 3461 3344 sibi

1886 3363 2230 3418 commissum
2255 3380 2477 3432 pascere
2506 3367 2754 3436 ignorat?
2782 3369 2891 3424 Nec
2906 3373 3192 3428 erubescat
3211 3378 3458 3432 nesciens

1885 3454 2091 3509 discere
2119 3455 2259 3524 quod
2305 3457 2531 3525 ignorat,
2580 3473 2680 3512 nec
2728 3461 2902 3516 sciens
2929 3465 3114 3519 tardus
3166 3467 3237 3520 sit
3269 3468 3462 3521 docere

1885 3545 2028 3612 quod
2056 3547 2221 3627 novit.
2256 3546 2404 3602 Sciat
2441 3558 2671 3619 uterque
2721 3567 2779 3605 se
2813 3568 2910 3607 suo
2952 3554 3180 3612 Domino
3231 3568 3464 3627 acceptae

1883 3625 2125 3703 pecunize
2168 3639 2428 3693 rationem
2462 3642 2814 3696 redditurum.
2845 3644 2995 3700 Tunc
3047 3625 3458 3703 desiderabilem

1887 3723 2059 3779 ﬁdelis
2083 3741 2271 3782 servus
2311 3730 2493 3783 audiet
2521 3746 2712 3786 vocem
2759 3733 2970 3788 Domini
3021 3737 3282 3792 dicentis:
3315 3739 3464 3809 Euge

1885 3831 2028 3870 serve
2067 3817 2196 3871 bone
2224 3827 2271 3872 et
2302 3819 2495 3887 fidelis,
2525 3822 2646 3892 quia
2669 3841 2824 3895 super
2848 3843 3016 3895 pauca
3064 3829 3211 3896 fuisti
3252 3830 3422 3898 ﬁdelis
3449 3873 3462 3895 ,

1884 3921 2045 3973 supra
2076 3906 2239 3960 multa
2266 3917 2314 3961 te
2342 3912 2677 3977 constituam,
2701 3915 2840 3968 intra
2884 3915 2939 3968 in
2980 3918 3229 3984 gaudium
3255 3919 3465 3974 Domini

1885 3993 1984 4047 Dei
2007 3997 2085 4048 tui
2119 3996 2330 4065 (Matth.
2366 4015 2491 4064 xxv,
2515 4001 2627 4069 2i).

2243 4126 2467 4182 CAPUT
2507 4128 2548 4180 II
2581 4129 2654 4197 (IN
2683 4147 2827 4185 EDIT.
2854 4148 2969 4186 car.
2999 4135 3102 4203 ιιι).

2031 4249 2056 4276 α
2087 4239 2164 4291 De
2196 4239 2392 4292 unitate
2417 4239 2688 4298 Trinitatis
2716 4255 2762 4298 ct
2796 4246 3050 4302 Trinitate
3080 4251 3312 4304 unitatis.

1959 4349 2148 4405 Omnis
2209 4352 2391 4423 itaque
2418 4354 2692 4426 Scriptura
2724 4360 2935 4415 Veteris
2990 4377 3053 4418 ac
3099 4363 3232 4418 Novi
3280 4365 3466 4420 Testa-

1889 4442 2052 4495 menti
2080 4443 2628 4516 divinitusinspirata,
2652 4450 2695 4503 si
2723 4451 2986 4507 catholice
3009 4454 3340 4523 intelligitur,
3362 4455 3466 4510 hoc

1888 4533 2126 4588 insinuat
2173 4535 2315 4603 quod
2366 4537 2528 4593 Pater
2574 4548 2628 4594 et
2665 4541 2832 4596 Filius
2877 4551 2932 4597 et
2972 4544 3201 4613 Spiritus
3248 4555 3466 4602 sanctus

1888 4638 2027 4677 unus
2053 4624 2123 4678 sit
2149 4625 2288 4680 Deus
2306 4627 2543 4696 ejusdem
2571 4631 2902 4695 substantiae,
2931 4633 3195 4702 uniusque
3216 4636 3467 4691 essentia;

1889 4725 2051 4785 atque
2069 4717 2443 4787 inseparabilis
2465 4721 2520 4774 in
2540 4721 2819 4774 divinitate
2838 4721 3080 4775 unitatis.
3107 4723 3335 4794 Ideoque
3356 4742 3464 4781 non

1889 4815 2013 4859 sunt
2037 4815 2148 4862 tres
2177 4809 2268 4872 dii,
2300 4810 2392 4863 sed
2422 4825 2560 4863 unus
2587 4809 2729 4861 Deus
2754 4809 2916 4864 Pater
2936 4818 2991 4866 et
3014 4812 3184 4868 Filius
3211 4823 3266 4869 et
3293 4815 3466 4885 Spiri—

1887 4904 1975 4950 tus
2005 4907 2242 4961 sanctus,
2272 4899 2518 4966 quamvis
2551 4897 2713 4950 Pater
2739 4898 2932 4954 Filium
2963 4905 3230 4971 genuerit,
3251 4912 3306 4958 et
3343 4905 3464 4960 ideo

1888 4986 2058 5042 Filius
2075 5004 2182 5043 non
2212 4989 2281 5043 sit
2299 4989 2391 5057 qui
2415 4989 2576 5044 Pater
2603 4991 3008 5062 est;Filiusque
3026 5010 3057 5048 a
3086 4995 3250 5050 Patre
3275 4995 3345 5049 sit
3374 5011 3466 5065 ge—

1888 5077 2054 5141 nitus,
2078 5087 2132 5132 et
2153 5077 2277 5134 ideo
2305 5079 2464 5134 Pater
2485 5096 2590 5135 non
2621 5082 2691 5136 sit
2731 5084 2820 5152 qui
2863 5083 3031 5138 Filius
3058 5094 3175 5148 est;
3231 5083 3466 5152 Spiritus

1891 5179 2108 5226 sanctus
2144 5187 2245 5225 nec
2274 5171 2434 5225 Pater
2449 5173 2536 5237 sit,
2562 5190 2665 5229 uec
2697 5176 2884 5240 Filius,
2922 5177 3013 5231 sed
3053 5183 3260 5230 tantum
3290 5175 3466 5232 Patris

1892 5267 1946 5313 et
1971 5259 2090 5314 Filii
2117 5255 2375 5329 Spiritus,
2405 5261 2551 5317 Patri
2575 5271 2630 5317 et
2650 5264 2789 5320 Filio
2817 5268 2979 5320 etiam
3015 5266 3130 5334 ipse
3153 5264 3462 5335 coaequalis,

1892 5357 1946 5403 et
1970 5351 2038 5404 ad
2065 5351 2341 5428 Trinitatis
2364 5351 2638 5420 pertinens
2676 5355 2958 5408 unitatem.
3000 5355 3068 5408 Et
3087 5356 3201 5409 haec
3231 5355 3467 5410 Trinitas

1893 5456 2031 5494 unus
2051 5447 2134 5494 est
2154 5441 2314 5505 Deus,
2337 5457 2402 5496 ex
2433 5456 2538 5510 quo
2570 5444 2750 5496 omnia
2779 5441 2898 5512 [per
2940 5457 3099 5511 quem
3147 5444 3326 5498 omnia
3349 5483 3368 5510 ,
3408 5445 3464 5497 in

1893 5547 1999 5602 quo
2039 5530 2280 5603 omnia],
2327 5533 2486 5587 beato
2518 5531 2682 5586 Paulo
2725 5531 2964 5601 apostolo
3007 5541 3295 5587 attestaute
3321 5571 3336 5597 ,
3371 5531 3462 5584 ubi

276 5664 300 5690 ι
339 5650 449 5713 AL,
467 5650 596 5717 Qua:
623 5653 694 5706 sit
721 5669 843 5706 vera
874 5649 1165 5719 ﬁdes?Al.,
1186 5648 1338 5714 Quod
1355 5649 1421 5701 sit
1450 5663 1608 5719 verus
1625 5646 1787 5712 Deus,
1829 5645 1986 5699 Pater
2013 5654 2060 5698 ct
2093 5641 2263 5697 Filius
2288 5653 2336 5698 et
2395 5642 2622 5714 Spiritus
2649 5653 2882 5708 sanctus,
2919 5653 2968 5696 et
2995 5653 3168 5697 tamen
3204 5642 3462 5696 distincti?

208 5720 342 5772 inter
364 5737 671 5782 sepersome
700 5717 897 5776 divina:
927 5730 1193 5775 materna:
1221 5729 1269 5773 et
1311 5717 1684 5772 coessentiales.
