  <div class='ocr_page' id='page_1' title='image "/cluster/home/n/w/nwhite01/storage/ocr_20150623/101/hvd.32044054759683/014.png"; bbox 0 0 3906 6186; ppageno 0'>
   <div class='ocr_carea' id='block_1_1' title="bbox 238 243 3479 310">
    <p class='ocr_par' dir='ltr' id='par_1_1' title="bbox 238 243 3479 310">
     <span class='ocr_line' id='line_1_1' title="bbox 238 243 3479 310; baseline 0.002 -7"><span class='ocrx_word' id='word_1_1' title='bbox 238 247 296 303; x_wconf 78' lang='lat' dir='ltr'><strong>i7</strong></span> <span class='ocrx_word' id='word_1_2' title='bbox 880 243 1297 303; x_wconf 74' lang='lat' dir='ltr'><strong>DOGMATICA.</strong></span> <span class='ocrx_word' id='word_1_3' title='bbox 1335 274 1406 286; x_wconf 87' lang='lat'><strong>—-</strong></span> <span class='ocrx_word' id='word_1_4' title='bbox 1444 246 1532 303; x_wconf 85' lang='lat' dir='ltr'><strong>DE</strong></span> <span class='ocrx_word' id='word_1_5' title='bbox 1569 245 1724 302; x_wconf 85' lang='lat' dir='ltr'><strong>FIDE</strong></span> <span class='ocrx_word' id='word_1_6' title='bbox 1763 245 1818 302; x_wconf 91' lang='lat' dir='ltr'><strong>S.</strong></span> <span class='ocrx_word' id='word_1_7' title='bbox 1863 245 2252 302; x_wconf 75' lang='lat' dir='ltr'><strong>TRINITATIS</strong></span> <span class='ocrx_word' id='word_1_8' title='bbox 2291 246 2469 302; x_wconf 76' lang='lat' dir='ltr'><strong>LIBRI</strong></span> <span class='ocrx_word' id='word_1_9' title='bbox 2509 248 2592 303; x_wconf 91' lang='lat' dir='ltr'><strong>III.</strong></span> <span class='ocrx_word' id='word_1_10' title='bbox 2633 251 2759 306; x_wconf 85' lang='lat' dir='ltr'><strong>LIB.</strong></span> <span class='ocrx_word' id='word_1_11' title='bbox 2802 253 2842 306; x_wconf 93' lang='lat' dir='ltr'><strong>I.</strong></span> <span class='ocrx_word' id='word_1_12' title='bbox 3419 257 3479 310; x_wconf 81' lang='lat' dir='ltr'><strong>IS</strong></span> 
     </span>
    </p>
   </div>
   <div class='ocr_carea' id='block_1_2' title="bbox 233 361 3475 441">
    <p class='ocr_par' dir='ltr' id='par_1_2' title="bbox 233 361 3475 441">
     <span class='ocr_line' id='line_1_2' title="bbox 233 361 3475 441; baseline 0.001 -18"><span class='ocrx_word' id='word_1_13' title='bbox 233 367 362 441; x_wconf 86' lang='lat' dir='ltr'><strong>quod</strong></span> <span class='ocrx_word' id='word_1_14' title='bbox 388 363 466 420; x_wconf 65' lang='lat' dir='ltr'><strong>illi</strong></span> <span class='ocrx_word' id='word_1_15' title='bbox 496 365 867 420; x_wconf 76' lang='lat' dir='ltr'><strong>communiter</strong></span> <span class='ocrx_word' id='word_1_16' title='bbox 889 366 1162 429; x_wconf 90' lang='lat' dir='ltr'><strong>dicuntur,</strong></span> <span class='ocrx_word' id='word_1_17' title='bbox 1191 380 1316 434; x_wconf 80' lang='lat' dir='ltr'><strong>quia</strong></span> <span class='ocrx_word' id='word_1_18' title='bbox 1351 374 1407 420; x_wconf 90' lang='lat' dir='ltr'><strong>et</strong></span> <span class='ocrx_word' id='word_1_19' title='bbox 1443 365 1604 420; x_wconf 89' lang='lat' dir='ltr'><strong>Pater</strong></span> <span class='ocrx_word' id='word_1_20' title='bbox 1634 363 1803 434; x_wconf 85' lang='lat' dir='ltr'><strong>Spiri-</strong></span> <span class='ocrx_word' id='word_1_21' title='bbox 1832 361 1880 421; x_wconf 78' lang='grc' dir='ltr'><strong>Δ</strong></span> <span class='ocrx_word' id='word_1_22' title='bbox 1906 369 2008 424; x_wconf 87' lang='lat' dir='ltr'><strong>est,</strong></span> <span class='ocrx_word' id='word_1_23' title='bbox 2028 363 2169 426; x_wconf 88' lang='lat' dir='ltr'><strong>quod</strong></span> <span class='ocrx_word' id='word_1_24' title='bbox 2192 361 2359 417; x_wconf 85' lang='lat' dir='ltr'><strong>Filius</strong></span> <span class='ocrx_word' id='word_1_25' title='bbox 2381 363 2685 435; x_wconf 80' lang='lat' dir='ltr'><strong>eil‘ulgentia</strong></span> <span class='ocrx_word' id='word_1_26' title='bbox 2705 375 2906 420; x_wconf 61' lang='lat' dir='ltr'><strong>aeterna</strong></span> <span class='ocrx_word' id='word_1_27' title='bbox 2931 366 3146 422; x_wconf 84' lang='lat' dir='ltr'><strong>luminis</strong></span> <span class='ocrx_word' id='word_1_28' title='bbox 3167 379 3248 422; x_wconf 84' lang='lat' dir='ltr'><strong>est</strong></span> <span class='ocrx_word' id='word_1_29' title='bbox 3268 373 3475 435; x_wconf 72' lang='lat' dir='ltr'><strong>:eterni,</strong></span> 
     </span>
    </p>
   </div>
   <div class='ocr_carea' id='block_1_3' title="bbox 235 453 1808 524">
    <p class='ocr_par' dir='ltr' id='par_1_3' title="bbox 235 453 1808 524">
     <span class='ocr_line' id='line_1_3' title="bbox 235 453 1808 524; baseline -0.001 -11"><span class='ocrx_word' id='word_1_30' title='bbox 235 471 334 522; x_wconf 88' lang='lat' dir='ltr'><strong>tus,</strong></span> <span class='ocrx_word' id='word_1_31' title='bbox 378 464 434 510; x_wconf 89' lang='lat' dir='ltr'><strong>et</strong></span> <span class='ocrx_word' id='word_1_32' title='bbox 460 455 641 510; x_wconf 78' lang='lat' dir='ltr'><strong>Filius</strong></span> <span class='ocrx_word' id='word_1_33' title='bbox 668 453 929 524; x_wconf 73' lang='lat' dir='ltr'><strong>Spiritus;</strong></span> <span class='ocrx_word' id='word_1_34' title='bbox 970 463 1024 509; x_wconf 89' lang='lat' dir='ltr'><strong>et</strong></span> <span class='ocrx_word' id='word_1_35' title='bbox 1049 454 1214 509; x_wconf 91' lang='lat' dir='ltr'><strong>Pater</strong></span> <span class='ocrx_word' id='word_1_36' title='bbox 1239 465 1488 520; x_wconf 90' lang='lat' dir='ltr'><strong>sanctus,</strong></span> <span class='ocrx_word' id='word_1_37' title='bbox 1536 466 1592 511; x_wconf 89' lang='lat' dir='ltr'><strong>et</strong></span> <span class='ocrx_word' id='word_1_38' title='bbox 1639 455 1808 511; x_wconf 90' lang='lat' dir='ltr'><strong>Filius</strong></span> 
     </span>
    </p>
   </div>
   <div class='ocr_carea' id='block_1_4' title="bbox 235 545 1801 616">
    <p class='ocr_par' dir='ltr' id='par_1_4' title="bbox 235 545 1801 616">
     <span class='ocr_line' id='line_1_4' title="bbox 235 545 1801 616; baseline -0.001 -13"><span class='ocrx_word' id='word_1_39' title='bbox 235 555 464 610; x_wconf 84' lang='lat' dir='ltr'><strong>sanctus,</strong></span> <span class='ocrx_word' id='word_1_40' title='bbox 515 552 672 600; x_wconf 82' lang='lat' dir='ltr'><strong>recte</strong></span> <span class='ocrx_word' id='word_1_41' title='bbox 710 545 931 599; x_wconf 91' lang='lat' dir='ltr'><strong>dicitur.</strong></span> <span class='ocrx_word' id='word_1_42' title='bbox 980 545 1122 616; x_wconf 82' lang='lat' dir='ltr'><strong>Ergo</strong></span> <span class='ocrx_word' id='word_1_43' title='bbox 1156 555 1217 600; x_wconf 90' lang='lat' dir='ltr'><strong>ut</strong></span> <span class='ocrx_word' id='word_1_44' title='bbox 1248 546 1554 601; x_wconf 88' lang='lat' dir='ltr'><strong>nominibus</strong></span> <span class='ocrx_word' id='word_1_45' title='bbox 1583 546 1801 615; x_wconf 78' lang='lat' dir='ltr'><strong>junctis,</strong></span> 
     </span>
    </p>
   </div>
   <div class='ocr_carea' id='block_1_5' title="bbox 235 636 1808 708">
    <p class='ocr_par' dir='ltr' id='par_1_5' title="bbox 235 636 1808 708">
     <span class='ocr_line' id='line_1_5' title="bbox 235 636 1808 708; baseline 0 -16"><span class='ocrx_word' id='word_1_46' title='bbox 235 654 339 708; x_wconf 69' lang='lat' dir='ltr'><strong>qua</strong></span> <span class='ocrx_word' id='word_1_47' title='bbox 359 637 663 706; x_wconf 74' lang='lat' dir='ltr'><strong>separatim</strong></span> <span class='ocrx_word' id='word_1_48' title='bbox 689 636 908 704; x_wconf 84' lang='lat' dir='ltr'><strong>utrique</strong></span> <span class='ocrx_word' id='word_1_49' title='bbox 933 651 1177 705; x_wconf 69' lang='lat' dir='ltr'><strong>persona:</strong></span> <span class='ocrx_word' id='word_1_50' title='bbox 1201 638 1525 694; x_wconf 84' lang='lat' dir='ltr'><strong>conveniunt</strong></span> <span class='ocrx_word' id='word_1_51' title='bbox 1549 679 1564 703; x_wconf 95' lang='lat'><strong>,</strong></span> <span class='ocrx_word' id='word_1_52' title='bbox 1606 639 1808 692; x_wconf 86' lang='lat' dir='ltr'><strong>utrius-</strong></span> 
     </span>
    </p>
   </div>
   <div class='ocr_carea' id='block_1_6' title="bbox 238 728 1806 801">
    <p class='ocr_par' dir='ltr' id='par_1_6' title="bbox 238 728 1806 801">
     <span class='ocr_line' id='line_1_6' title="bbox 238 728 1806 801; baseline 0.001 -18"><span class='ocrx_word' id='word_1_53' title='bbox 238 745 325 801; x_wconf 86' lang='lat' dir='ltr'><strong>que</strong></span> <span class='ocrx_word' id='word_1_54' title='bbox 346 729 667 784; x_wconf 87' lang='lat' dir='ltr'><strong>communio</strong></span> <span class='ocrx_word' id='word_1_55' title='bbox 694 729 914 799; x_wconf 84' lang='lat' dir='ltr'><strong>proprie</strong></span> <span class='ocrx_word' id='word_1_56' title='bbox 943 728 1292 798; x_wconf 76' lang='lat' dir='ltr'><strong>significetur,</strong></span> <span class='ocrx_word' id='word_1_57' title='bbox 1321 740 1547 783; x_wconf 79' lang='lat' dir='ltr'><strong>vocatur</strong></span> <span class='ocrx_word' id='word_1_58' title='bbox 1573 728 1806 798; x_wconf 88' lang='lat' dir='ltr'><strong>Spiritus</strong></span> 
     </span>
    </p>
   </div>
   <div class='ocr_carea' id='block_1_7' title="bbox 238 819 1801 889">
    <p class='ocr_par' dir='ltr' id='par_1_7' title="bbox 238 819 1801 889">
     <span class='ocr_line' id='line_1_7' title="bbox 238 819 1801 889; baseline -0.001 -14"><span class='ocrx_word' id='word_1_59' title='bbox 238 831 451 884; x_wconf 82' lang='lat' dir='ltr'><strong>sanctus,</strong></span> <span class='ocrx_word' id='word_1_60' title='bbox 489 821 587 889; x_wconf 85' lang='lat' dir='ltr'><strong>qui</strong></span> <span class='ocrx_word' id='word_1_61' title='bbox 631 829 716 875; x_wconf 90' lang='lat' dir='ltr'><strong>est</strong></span> <span class='ocrx_word' id='word_1_62' title='bbox 753 820 915 874; x_wconf 86' lang='lat' dir='ltr'><strong>tertia</strong></span> <span class='ocrx_word' id='word_1_63' title='bbox 957 821 1011 873; x_wconf 94' lang='lat' dir='ltr'><strong>in</strong></span> <span class='ocrx_word' id='word_1_64' title='bbox 1039 828 1226 874; x_wconf 90' lang='lat' dir='ltr'><strong>sancta</strong></span> <span class='ocrx_word' id='word_1_65' title='bbox 1256 819 1522 874; x_wconf 89' lang='lat' dir='ltr'><strong>Trinitate</strong></span> <span class='ocrx_word' id='word_1_66' title='bbox 1547 835 1801 889; x_wconf 87' lang='lat' dir='ltr'><strong>persona,</strong></span> 
     </span>
    </p>
   </div>
   <div class='ocr_carea' id='block_1_8' title="bbox 239 909 1805 980">
    <p class='ocr_par' dir='ltr' id='par_1_8' title="bbox 239 909 1805 980">
     <span class='ocr_line' id='line_1_8' title="bbox 239 909 1805 980; baseline -0.001 -13"><span class='ocrx_word' id='word_1_67' title='bbox 239 911 362 967; x_wconf 74' lang='lat' dir='ltr'><strong>Patri</strong></span> <span class='ocrx_word' id='word_1_68' title='bbox 386 920 440 966; x_wconf 86' lang='lat' dir='ltr'><strong>et</strong></span> <span class='ocrx_word' id='word_1_69' title='bbox 467 911 615 966; x_wconf 82' lang='lat' dir='ltr'><strong>Filio</strong></span> <span class='ocrx_word' id='word_1_70' title='bbox 640 926 738 980; x_wconf 90' lang='lat' dir='ltr'><strong>per</strong></span> <span class='ocrx_word' id='word_1_71' title='bbox 762 911 944 966; x_wconf 87' lang='lat' dir='ltr'><strong>omnia</strong></span> <span class='ocrx_word' id='word_1_72' title='bbox 973 909 1212 978; x_wconf 73' lang='lat' dir='ltr'><strong>mqualis,</strong></span> <span class='ocrx_word' id='word_1_73' title='bbox 1243 917 1544 965; x_wconf 69' lang='lat' dir='ltr'><strong>coaeternus</strong></span> <span class='ocrx_word' id='word_1_74' title='bbox 1582 920 1636 965; x_wconf 89' lang='lat' dir='ltr'><strong>et</strong></span> <span class='ocrx_word' id='word_1_75' title='bbox 1677 927 1805 968; x_wconf 91' lang='lat' dir='ltr'><strong>con-</strong></span> 
     </span>
    </p>
   </div>
   <div class='ocr_carea' id='block_1_9' title="bbox 239 1001 1799 1069">
    <p class='ocr_par' dir='ltr' id='par_1_9' title="bbox 239 1001 1799 1069">
     <span class='ocr_line' id='line_1_9' title="bbox 239 1001 1799 1069; baseline 0.001 -12"><span class='ocrx_word' id='word_1_76' title='bbox 239 1003 612 1057; x_wconf 80' lang='lat' dir='ltr'><strong>substantialis.</strong></span> <span class='ocrx_word' id='word_1_77' title='bbox 659 1002 726 1056; x_wconf 88' lang='lat' dir='ltr'><strong>Et</strong></span> <span class='ocrx_word' id='word_1_78' title='bbox 751 1002 868 1056; x_wconf 78' lang='lat' dir='ltr'><strong>haec</strong></span> <span class='ocrx_word' id='word_1_79' title='bbox 897 1001 1134 1055; x_wconf 86' lang='lat' dir='ltr'><strong>Trinitas</strong></span> <span class='ocrx_word' id='word_1_80' title='bbox 1161 1016 1300 1055; x_wconf 89' lang='lat' dir='ltr'><strong>unus</strong></span> <span class='ocrx_word' id='word_1_81' title='bbox 1331 1011 1416 1057; x_wconf 89' lang='lat' dir='ltr'><strong>est</strong></span> <span class='ocrx_word' id='word_1_82' title='bbox 1442 1002 1601 1067; x_wconf 90' lang='lat' dir='ltr'><strong>Deus,</strong></span> <span class='ocrx_word' id='word_1_83' title='bbox 1635 1003 1799 1069; x_wconf 92' lang='lat' dir='ltr'><strong>solus,</strong></span> 
     </span>
    </p>
   </div>
   <div class='ocr_carea' id='block_1_10' title="bbox 238 1091 1800 1162">
    <p class='ocr_par' dir='ltr' id='par_1_10' title="bbox 238 1091 1800 1162">
     <span class='ocr_line' id='line_1_10' title="bbox 238 1091 1800 1162; baseline 0.001 -16"><span class='ocrx_word' id='word_1_84' title='bbox 238 1092 408 1155; x_wconf 88' lang='lat' dir='ltr'><strong>bonus,</strong></span> <span class='ocrx_word' id='word_1_85' title='bbox 433 1107 690 1162; x_wconf 89' lang='lat' dir='ltr'><strong>magnus,</strong></span> <span class='ocrx_word' id='word_1_86' title='bbox 718 1099 979 1157; x_wconf 67' lang='lat' dir='ltr'><strong>aeternus,</strong></span> <span class='ocrx_word' id='word_1_87' title='bbox 1005 1091 1363 1159; x_wconf 74' lang='lat' dir='ltr'><strong>omnipbtens.</strong></span> <span class='ocrx_word' id='word_1_88' title='bbox 1400 1091 1519 1161; x_wconf 84' lang='lat' dir='ltr'><strong>Ipse</strong></span> <span class='ocrx_word' id='word_1_89' title='bbox 1549 1093 1651 1148; x_wconf 89' lang='lat' dir='ltr'><strong>sibi</strong></span> <span class='ocrx_word' id='word_1_90' title='bbox 1678 1095 1800 1148; x_wconf 90' lang='lat' dir='ltr'><strong>uni-</strong></span> 
     </span>
    </p>
   </div>
   <div class='ocr_carea' id='block_1_11' title="bbox 242 1181 1802 1253">
    <p class='ocr_par' dir='ltr' id='par_1_11' title="bbox 242 1181 1802 1253">
     <span class='ocr_line' id='line_1_11' title="bbox 242 1181 1802 1253; baseline 0.001 -15"><span class='ocrx_word' id='word_1_91' title='bbox 242 1193 334 1247; x_wconf 83' lang='lat' dir='ltr'><strong>tas.</strong></span> <span class='ocrx_word' id='word_1_92' title='bbox 374 1185 583 1247; x_wconf 89' lang='lat' dir='ltr'><strong>deitas,</strong></span> <span class='ocrx_word' id='word_1_93' title='bbox 627 1183 972 1253; x_wconf 87' lang='lat' dir='ltr'><strong>magnitudo,</strong></span> <span class='ocrx_word' id='word_1_94' title='bbox 1012 1181 1252 1245; x_wconf 80' lang='lat' dir='ltr'><strong>bonitas,</strong></span> <span class='ocrx_word' id='word_1_95' title='bbox 1283 1183 1702 1252; x_wconf 91' lang='lat' dir='ltr'><strong>omnipotentia,</strong></span> <span class='ocrx_word' id='word_1_96' title='bbox 1747 1194 1802 1240; x_wconf 88' lang='lat' dir='ltr'><strong>et</strong></span> 
     </span>
    </p>
   </div>
   <div class='ocr_carea' id='block_1_12' title="bbox 241 1269 1802 1340">
    <p class='ocr_par' dir='ltr' id='par_1_12' title="bbox 241 1269 1802 1340">
     <span class='ocr_line' id='line_1_12' title="bbox 241 1269 1802 1340; baseline 0.003 -17"><span class='ocrx_word' id='word_1_97' title='bbox 241 1271 473 1340; x_wconf 84' lang='lat' dir='ltr'><strong>quidquid</strong></span> <span class='ocrx_word' id='word_1_98' title='bbox 521 1272 598 1326; x_wconf 90' lang='lat' dir='ltr'><strong>ad</strong></span> <span class='ocrx_word' id='word_1_99' title='bbox 641 1286 702 1325; x_wconf 90' lang='lat' dir='ltr'><strong>se</strong></span> <span class='ocrx_word' id='word_1_100' title='bbox 747 1269 1177 1325; x_wconf 88' lang='lat' dir='ltr'><strong>substantialiter</strong></span> <span class='ocrx_word' id='word_1_101' title='bbox 1201 1270 1416 1325; x_wconf 90' lang='lat' dir='ltr'><strong>dicitur.</strong></span> <span class='ocrx_word' id='word_1_102' title='bbox 1467 1270 1584 1326; x_wconf 87' lang='lat' dir='ltr'><strong>Non</strong></span> <span class='ocrx_word' id='word_1_103' title='bbox 1625 1273 1701 1326; x_wconf 90' lang='lat' dir='ltr'><strong>ita</strong></span> <span class='ocrx_word' id='word_1_104' title='bbox 1746 1273 1802 1328; x_wconf 86' lang='lat' dir='ltr'><strong>in</strong></span> 
     </span>
    </p>
   </div>
   <div class='ocr_carea' id='block_1_13' title="bbox 242 1359 1794 1428">
    <p class='ocr_par' dir='ltr' id='par_1_13' title="bbox 242 1359 1794 1428">
     <span class='ocr_line' id='line_1_13' title="bbox 242 1359 1794 1428; baseline 0.001 -14"><span class='ocrx_word' id='word_1_105' title='bbox 242 1360 456 1414; x_wconf 77' lang='lat' dir='ltr'><strong>relativis</strong></span> <span class='ocrx_word' id='word_1_106' title='bbox 479 1359 764 1414; x_wconf 77' lang='lat' dir='ltr'><strong>vocabulis</strong></span> <span class='ocrx_word' id='word_1_107' title='bbox 791 1359 1198 1428; x_wconf 89' lang='lat' dir='ltr'><strong>intelligendum</strong></span> <span class='ocrx_word' id='word_1_108' title='bbox 1242 1366 1326 1414; x_wconf 92' lang='lat' dir='ltr'><strong>est</strong></span> <span class='ocrx_word' id='word_1_109' title='bbox 1360 1360 1445 1414; x_wconf 86' lang='lat' dir='ltr'><strong>vel</strong></span> <span class='ocrx_word' id='word_1_110' title='bbox 1472 1361 1794 1427; x_wconf 90' lang='lat' dir='ltr'><strong>dicendum;</strong></span> 
     </span>
    </p>
   </div>
   <div class='ocr_carea' id='block_1_14' title="bbox 242 1446 1798 1516">
    <p class='ocr_par' dir='ltr' id='par_1_14' title="bbox 242 1446 1798 1516">
     <span class='ocr_line' id='line_1_14' title="bbox 242 1446 1798 1516; baseline 0.005 -18"><span class='ocrx_word' id='word_1_111' title='bbox 242 1449 351 1516; x_wconf 86' lang='lat' dir='ltr'><strong>quia</strong></span> <span class='ocrx_word' id='word_1_112' title='bbox 375 1448 474 1502; x_wconf 90' lang='lat' dir='ltr'><strong>dici</strong></span> <span class='ocrx_word' id='word_1_113' title='bbox 503 1463 615 1501; x_wconf 91' lang='lat' dir='ltr'><strong>non</strong></span> <span class='ocrx_word' id='word_1_114' title='bbox 642 1455 842 1516; x_wconf 86' lang='lat' dir='ltr'><strong>potest,</strong></span> <span class='ocrx_word' id='word_1_115' title='bbox 868 1447 1029 1502; x_wconf 88' lang='lat' dir='ltr'><strong>Pater</strong></span> <span class='ocrx_word' id='word_1_116' title='bbox 1055 1447 1156 1501; x_wconf 89' lang='lat' dir='ltr'><strong>sibi</strong></span> <span class='ocrx_word' id='word_1_117' title='bbox 1184 1446 1363 1514; x_wconf 88' lang='lat' dir='ltr'><strong>Pater,</strong></span> <span class='ocrx_word' id='word_1_118' title='bbox 1393 1449 1477 1503; x_wconf 84' lang='lat' dir='ltr'><strong>vel</strong></span> <span class='ocrx_word' id='word_1_119' title='bbox 1501 1449 1670 1504; x_wconf 89' lang='lat' dir='ltr'><strong>Filius</strong></span> <span class='ocrx_word' id='word_1_120' title='bbox 1696 1451 1798 1506; x_wconf 89' lang='lat' dir='ltr'><strong>sibi</strong></span> 
     </span>
    </p>
   </div>
   <div class='ocr_carea' id='block_1_15' title="bbox 242 1536 1799 1608">
    <p class='ocr_par' dir='ltr' id='par_1_15' title="bbox 242 1536 1799 1608">
     <span class='ocr_line' id='line_1_15' title="bbox 242 1536 1799 1608; baseline 0.001 -14"><span class='ocrx_word' id='word_1_121' title='bbox 242 1538 408 1602; x_wconf 80' lang='lat' dir='ltr'><strong>Filius,</strong></span> <span class='ocrx_word' id='word_1_122' title='bbox 428 1539 511 1592; x_wconf 78' lang='lat' dir='ltr'><strong>vel</strong></span> <span class='ocrx_word' id='word_1_123' title='bbox 532 1538 776 1608; x_wconf 89' lang='lat' dir='ltr'><strong>Spiritus</strong></span> <span class='ocrx_word' id='word_1_124' title='bbox 796 1548 1017 1593; x_wconf 90' lang='lat' dir='ltr'><strong>sanctus</strong></span> <span class='ocrx_word' id='word_1_125' title='bbox 1043 1537 1146 1592; x_wconf 90' lang='lat' dir='ltr'><strong>sibi</strong></span> <span class='ocrx_word' id='word_1_126' title='bbox 1169 1536 1403 1607; x_wconf 89' lang='lat' dir='ltr'><strong>Spiritus</strong></span> <span class='ocrx_word' id='word_1_127' title='bbox 1428 1549 1676 1606; x_wconf 89' lang='lat' dir='ltr'><strong>sanctus;</strong></span> <span class='ocrx_word' id='word_1_128' title='bbox 1705 1543 1799 1597; x_wconf 91' lang='lat' dir='ltr'><strong>sed</strong></span> 
     </span>
    </p>
   </div>
   <div class='ocr_carea' id='block_1_16' title="bbox 242 1625 1800 1698">
    <p class='ocr_par' dir='ltr' id='par_1_16' title="bbox 242 1625 1800 1698">
     <span class='ocr_line' id='line_1_16' title="bbox 242 1625 1800 1698; baseline 0.004 -18"><span class='ocrx_word' id='word_1_129' title='bbox 242 1625 345 1681; x_wconf 69' lang='lat' dir='ltr'><strong>haec</strong></span> <span class='ocrx_word' id='word_1_130' title='bbox 366 1626 590 1680; x_wconf 81' lang='lat' dir='ltr'><strong>relativa</strong></span> <span class='ocrx_word' id='word_1_131' title='bbox 616 1627 880 1682; x_wconf 84' lang='lat' dir='ltr'><strong>vocabula</strong></span> <span class='ocrx_word' id='word_1_132' title='bbox 909 1627 977 1681; x_wconf 93' lang='lat' dir='ltr'><strong>ad</strong></span> <span class='ocrx_word' id='word_1_133' title='bbox 1002 1625 1160 1681; x_wconf 82' lang='lat' dir='ltr'><strong>aliam</strong></span> <span class='ocrx_word' id='word_1_134' title='bbox 1196 1629 1382 1698; x_wconf 86' lang='lat' dir='ltr'><strong>procul</strong></span> <span class='ocrx_word' id='word_1_135' title='bbox 1417 1629 1578 1684; x_wconf 91' lang='lat' dir='ltr'><strong>dubio</strong></span> <span class='ocrx_word' id='word_1_136' title='bbox 1614 1645 1800 1698; x_wconf 88' lang='lat' dir='ltr'><strong>perso-</strong></span> 
     </span>
    </p>
   </div>
   <div class='ocr_carea' id='block_1_17' title="bbox 242 1717 812 1773">
    <p class='ocr_par' dir='ltr' id='par_1_17' title="bbox 242 1717 812 1773">
     <span class='ocr_line' id='line_1_17' title="bbox 242 1717 812 1773; baseline -0.002 -1"><span class='ocrx_word' id='word_1_137' title='bbox 242 1733 359 1772; x_wconf 87' lang='lat' dir='ltr'><strong>nam</strong></span> <span class='ocrx_word' id='word_1_138' title='bbox 385 1717 570 1773; x_wconf 80' lang='lat' dir='ltr'><strong>referri</strong></span> <span class='ocrx_word' id='word_1_139' title='bbox 597 1719 812 1773; x_wconf 87' lang='lat' dir='ltr'><strong>debent.</strong></span> 
     </span>
    </p>
   </div>
   <div class='ocr_carea' id='block_1_18' title="bbox 421 1851 1595 1925">
    <p class='ocr_par' dir='ltr' id='par_1_18' title="bbox 421 1851 1595 1925">
     <span class='ocr_line' id='line_1_18' title="bbox 421 1851 1595 1925; baseline 0 -17"><span class='ocrx_word' id='word_1_140' title='bbox 421 1851 640 1910; x_wconf 84' lang='lat' dir='ltr'><strong>CAPUT</strong></span> <span class='ocrx_word' id='word_1_141' title='bbox 679 1851 746 1909; x_wconf 92' lang='lat' dir='ltr'><strong>VI</strong></span> <span class='ocrx_word' id='word_1_142' title='bbox 777 1852 948 1924; x_wconf 79' lang='lat' dir='ltr'><strong>(EDIT.</strong></span> <span class='ocrx_word' id='word_1_143' title='bbox 973 1869 1091 1908; x_wconf 54' lang='lat' dir='ltr'><strong>car.</strong></span> <span class='ocrx_word' id='word_1_144' title='bbox 1113 1870 1224 1920; x_wconf 85' lang='lat' dir='ltr'><strong>vn;</strong></span> <span class='ocrx_word' id='word_1_145' title='bbox 1259 1871 1311 1909; x_wconf 73' lang='lat' dir='ltr'><strong>IN</strong></span> <span class='ocrx_word' id='word_1_146' title='bbox 1343 1871 1426 1911; x_wconf 76' lang='lat' dir='ltr'><strong>us.</strong></span> <span class='ocrx_word' id='word_1_147' title='bbox 1453 1856 1595 1925; x_wconf 86' lang='lat' dir='ltr'><strong>vm).</strong></span> 
     </span>
    </p>
   </div>
   <div class='ocr_carea' id='block_1_19' title="bbox 242 1966 1796 2034">
    <p class='ocr_par' dir='ltr' id='par_1_19' title="bbox 242 1966 1796 2034">
     <span class='ocr_line' id='line_1_19' title="bbox 242 1966 1796 2034; baseline 0.001 -14"><span class='ocrx_word' id='word_1_148' title='bbox 242 1978 264 2006; x_wconf 78' lang='grc' dir='ltr'>ι</span> <span class='ocrx_word' id='word_1_149' title='bbox 285 1966 414 2033; x_wconf 74' lang='lat' dir='ltr'><strong>Quid</strong></span> <span class='ocrx_word' id='word_1_150' title='bbox 441 1967 506 2021; x_wconf 85' lang='lat' dir='ltr'><strong>de</strong></span> <span class='ocrx_word' id='word_1_151' title='bbox 534 1967 692 2020; x_wconf 87' lang='lat' dir='ltr'><strong>Patre</strong></span> <span class='ocrx_word' id='word_1_152' title='bbox 723 1977 771 2020; x_wconf 88' lang='lat' dir='ltr'><strong>et</strong></span> <span class='ocrx_word' id='word_1_153' title='bbox 801 1966 945 2020; x_wconf 83' lang='lat' dir='ltr'><strong>Filio</strong></span> <span class='ocrx_word' id='word_1_154' title='bbox 980 1968 1262 2021; x_wconf 82' lang='lat' dir='ltr'><strong>secundum</strong></span> <span class='ocrx_word' id='word_1_155' title='bbox 1296 1969 1639 2023; x_wconf 74' lang='lat' dir='ltr'><strong>substantiam</strong></span> <span class='ocrx_word' id='word_1_156' title='bbox 1659 2010 1674 2034; x_wconf 90' lang='lat'><strong>,</strong></span> <span class='ocrx_word' id='word_1_157' title='bbox 1721 1970 1796 2025; x_wconf 82' lang='lat' dir='ltr'><strong>vel</strong></span> 
     </span>
    </p>
   </div>
   <div class='ocr_carea' id='block_1_20' title="bbox 504 2036 1504 2111">
    <p class='ocr_par' dir='ltr' id='par_1_20' title="bbox 504 2036 1504 2111">
     <span class='ocr_line' id='line_1_20' title="bbox 504 2036 1504 2111; baseline 0.001 -20"><span class='ocrx_word' id='word_1_158' title='bbox 504 2037 783 2092; x_wconf 83' lang='lat' dir='ltr'><strong>secundum</strong></span> <span class='ocrx_word' id='word_1_159' title='bbox 811 2036 1117 2091; x_wconf 83' lang='lat' dir='ltr'><strong>relationem</strong></span> <span class='ocrx_word' id='word_1_160' title='bbox 1146 2039 1250 2091; x_wconf 86' lang='lat' dir='ltr'><strong>dici</strong></span> <span class='ocrx_word' id='word_1_161' title='bbox 1275 2039 1455 2111; x_wconf 79' lang='lat' dir='ltr'><strong>debeat</strong></span> <span class='ocrx_word' id='word_1_162' title='bbox 1479 2039 1504 2091; x_wconf 83' lang='lat'><strong><em>?</em></strong></span> 
     </span>
    </p>
   </div>
   <div class='ocr_carea' id='block_1_21' title="bbox 297 2167 1794 2242">
    <p class='ocr_par' dir='ltr' id='par_1_21' title="bbox 297 2167 1794 2242">
     <span class='ocr_line' id='line_1_21' title="bbox 297 2167 1794 2242; baseline 0.001 -19"><span class='ocrx_word' id='word_1_163' title='bbox 297 2171 569 2240; x_wconf 84' lang='lat' dir='ltr'><strong>Quidquid</strong></span> <span class='ocrx_word' id='word_1_164' title='bbox 595 2186 720 2242; x_wconf 82' lang='lat' dir='ltr'><strong>ergo</strong></span> <span class='ocrx_word' id='word_1_165' title='bbox 747 2169 809 2224; x_wconf 88' lang='lat' dir='ltr'><strong>ad</strong></span> <span class='ocrx_word' id='word_1_166' title='bbox 838 2183 896 2224; x_wconf 91' lang='lat' dir='ltr'><strong>se</strong></span> <span class='ocrx_word' id='word_1_167' title='bbox 925 2171 1179 2224; x_wconf 90' lang='lat' dir='ltr'><strong>dicuntur</strong></span> <span class='ocrx_word' id='word_1_168' title='bbox 1206 2167 1369 2224; x_wconf 90' lang='lat' dir='ltr'><strong>Pater</strong></span> <span class='ocrx_word' id='word_1_169' title='bbox 1395 2177 1450 2224; x_wconf 90' lang='lat' dir='ltr'><strong>et</strong></span> <span class='ocrx_word' id='word_1_170' title='bbox 1473 2169 1663 2234; x_wconf 87' lang='lat' dir='ltr'><strong>Filius,</strong></span> <span class='ocrx_word' id='word_1_171' title='bbox 1689 2186 1794 2225; x_wconf 91' lang='lat' dir='ltr'><strong>non</strong></span> 
     </span>
    </p>
   </div>
   <div class='ocr_carea' id='block_1_22' title="bbox 235 2260 1798 2329">
    <p class='ocr_par' dir='ltr' id='par_1_22' title="bbox 235 2260 1798 2329">
     <span class='ocr_line' id='line_1_22' title="bbox 235 2260 1798 2329; baseline 0 -15"><span class='ocrx_word' id='word_1_172' title='bbox 235 2262 430 2316; x_wconf 89' lang='lat' dir='ltr'><strong>dicitur</strong></span> <span class='ocrx_word' id='word_1_173' title='bbox 458 2261 596 2315; x_wconf 81' lang='lat' dir='ltr'><strong>alter</strong></span> <span class='ocrx_word' id='word_1_174' title='bbox 617 2261 729 2315; x_wconf 87' lang='lat' dir='ltr'><strong>sine</strong></span> <span class='ocrx_word' id='word_1_175' title='bbox 754 2261 935 2324; x_wconf 88' lang='lat' dir='ltr'><strong>altero,</strong></span> <span class='ocrx_word' id='word_1_176' title='bbox 984 2260 1036 2314; x_wconf 92' lang='lat' dir='ltr'><strong>id</strong></span> <span class='ocrx_word' id='word_1_177' title='bbox 1079 2268 1198 2322; x_wconf 90' lang='lat' dir='ltr'><strong>est,</strong></span> <span class='ocrx_word' id='word_1_178' title='bbox 1250 2260 1510 2329; x_wconf 89' lang='lat' dir='ltr'><strong>quidquid</strong></span> <span class='ocrx_word' id='word_1_179' title='bbox 1546 2261 1798 2315; x_wconf 89' lang='lat' dir='ltr'><strong>dicuntur</strong></span> 
     </span>
    </p>
   </div>
   <div class='ocr_carea' id='block_1_23' title="bbox 233 2350 1798 2421">
    <p class='ocr_par' dir='ltr' id='par_1_23' title="bbox 233 2350 1798 2421">
     <span class='ocr_line' id='line_1_23' title="bbox 233 2350 1798 2421; baseline -0.002 -16"><span class='ocrx_word' id='word_1_180' title='bbox 233 2352 372 2421; x_wconf 85' lang='lat' dir='ltr'><strong>quod</strong></span> <span class='ocrx_word' id='word_1_181' title='bbox 403 2351 755 2404; x_wconf 86' lang='lat' dir='ltr'><strong>substantiam</strong></span> <span class='ocrx_word' id='word_1_182' title='bbox 781 2365 968 2404; x_wconf 91' lang='lat' dir='ltr'><strong>eorum</strong></span> <span class='ocrx_word' id='word_1_183' title='bbox 1002 2351 1286 2412; x_wconf 91' lang='lat' dir='ltr'><strong>ostendat,</strong></span> <span class='ocrx_word' id='word_1_184' title='bbox 1336 2350 1493 2403; x_wconf 77' lang='lat' dir='ltr'><strong>ambo</strong></span> <span class='ocrx_word' id='word_1_185' title='bbox 1525 2350 1682 2404; x_wconf 86' lang='lat' dir='ltr'><strong>simul</strong></span> <span class='ocrx_word' id='word_1_186' title='bbox 1718 2350 1798 2404; x_wconf 90' lang='lat' dir='ltr'><strong>di-</strong></span> 
     </span>
    </p>
   </div>
   <div class='ocr_carea' id='block_1_24' title="bbox 235 2439 1796 2509">
    <p class='ocr_par' dir='ltr' id='par_1_24' title="bbox 235 2439 1796 2509">
     <span class='ocr_line' id='line_1_24' title="bbox 235 2439 1796 2509; baseline -0.001 -14"><span class='ocrx_word' id='word_1_187' title='bbox 235 2449 438 2495; x_wconf 87' lang='lat' dir='ltr'><strong>cuntur.</strong></span> <span class='ocrx_word' id='word_1_188' title='bbox 469 2440 525 2494; x_wconf 90' lang='lat' dir='ltr'><strong>Si</strong></span> <span class='ocrx_word' id='word_1_189' title='bbox 551 2442 664 2495; x_wconf 58' lang='lat' dir='ltr'><strong>haec</strong></span> <span class='ocrx_word' id='word_1_190' title='bbox 690 2441 760 2494; x_wconf 89' lang='lat' dir='ltr'><strong>ita</strong></span> <span class='ocrx_word' id='word_1_191' title='bbox 786 2449 934 2503; x_wconf 92' lang='lat' dir='ltr'><strong>sunt,</strong></span> <span class='ocrx_word' id='word_1_192' title='bbox 951 2439 1063 2508; x_wconf 91' lang='lat' dir='ltr'><strong>jam</strong></span> <span class='ocrx_word' id='word_1_193' title='bbox 1090 2455 1218 2509; x_wconf 85' lang='lat' dir='ltr'><strong>ergo</strong></span> <span class='ocrx_word' id='word_1_194' title='bbox 1243 2454 1340 2494; x_wconf 92' lang='lat' dir='ltr'><strong>nec</strong></span> <span class='ocrx_word' id='word_1_195' title='bbox 1361 2439 1519 2493; x_wconf 88' lang='lat' dir='ltr'><strong>Pater</strong></span> <span class='ocrx_word' id='word_1_196' title='bbox 1543 2448 1628 2494; x_wconf 90' lang='lat' dir='ltr'><strong>est</strong></span> <span class='ocrx_word' id='word_1_197' title='bbox 1654 2440 1796 2494; x_wconf 90' lang='lat' dir='ltr'><strong>Deus</strong></span> 
     </span>
    </p>
   </div>
   <div class='ocr_carea' id='block_1_25' title="bbox 232 2531 1792 2595">
    <p class='ocr_par' dir='ltr' id='par_1_25' title="bbox 232 2531 1792 2595">
     <span class='ocr_line' id='line_1_25' title="bbox 232 2531 1792 2595; baseline -0.001 -9"><span class='ocrx_word' id='word_1_198' title='bbox 232 2535 336 2587; x_wconf 83' lang='lat' dir='ltr'><strong>sine</strong></span> <span class='ocrx_word' id='word_1_199' title='bbox 362 2532 518 2595; x_wconf 82' lang='lat' dir='ltr'><strong>Filio,</strong></span> <span class='ocrx_word' id='word_1_200' title='bbox 571 2547 670 2586; x_wconf 88' lang='lat' dir='ltr'><strong>nec</strong></span> <span class='ocrx_word' id='word_1_201' title='bbox 712 2531 882 2586; x_wconf 84' lang='lat' dir='ltr'><strong>Filius</strong></span> <span class='ocrx_word' id='word_1_202' title='bbox 914 2532 1056 2586; x_wconf 90' lang='lat' dir='ltr'><strong>Deus</strong></span> <span class='ocrx_word' id='word_1_203' title='bbox 1085 2531 1201 2585; x_wconf 91' lang='lat' dir='ltr'><strong>sine</strong></span> <span class='ocrx_word' id='word_1_204' title='bbox 1229 2531 1411 2595; x_wconf 88' lang='lat' dir='ltr'><strong>Patre,</strong></span> <span class='ocrx_word' id='word_1_205' title='bbox 1445 2531 1496 2584; x_wconf 92' lang='lat' dir='ltr'><strong>id</strong></span> <span class='ocrx_word' id='word_1_206' title='bbox 1521 2538 1638 2594; x_wconf 90' lang='lat' dir='ltr'><strong>est,</strong></span> <span class='ocrx_word' id='word_1_207' title='bbox 1686 2547 1792 2585; x_wconf 91' lang='lat' dir='ltr'><strong>non</strong></span> 
     </span>
    </p>
   </div>
   <div class='ocr_carea' id='block_1_26' title="bbox 233 2619 1788 2690">
    <p class='ocr_par' dir='ltr' id='par_1_26' title="bbox 233 2619 1788 2690">
     <span class='ocr_line' id='line_1_26' title="bbox 233 2619 1788 2690; baseline -0.002 -14"><span class='ocrx_word' id='word_1_208' title='bbox 233 2624 298 2676; x_wconf 76' lang='lat' dir='ltr'><strong>ita</strong></span> <span class='ocrx_word' id='word_1_209' title='bbox 324 2623 518 2677; x_wconf 87' lang='lat' dir='ltr'><strong>dicitur</strong></span> <span class='ocrx_word' id='word_1_210' title='bbox 545 2621 705 2676; x_wconf 90' lang='lat' dir='ltr'><strong>Pater</strong></span> <span class='ocrx_word' id='word_1_211' title='bbox 730 2622 873 2676; x_wconf 88' lang='lat' dir='ltr'><strong>Deus</strong></span> <span class='ocrx_word' id='word_1_212' title='bbox 893 2662 908 2686; x_wconf 91' lang='lat'><strong>,</strong></span> <span class='ocrx_word' id='word_1_213' title='bbox 958 2619 1111 2690; x_wconf 84' lang='lat' dir='ltr'><strong>quasi</strong></span> <span class='ocrx_word' id='word_1_214' title='bbox 1141 2619 1310 2674; x_wconf 87' lang='lat' dir='ltr'><strong>Filius</strong></span> <span class='ocrx_word' id='word_1_215' title='bbox 1347 2633 1451 2672; x_wconf 90' lang='lat' dir='ltr'><strong>nou</strong></span> <span class='ocrx_word' id='word_1_216' title='bbox 1499 2619 1569 2672; x_wconf 90' lang='lat' dir='ltr'><strong>sit</strong></span> <span class='ocrx_word' id='word_1_217' title='bbox 1613 2619 1788 2684; x_wconf 88' lang='lat' dir='ltr'><strong>Deus;</strong></span> 
     </span>
    </p>
   </div>
   <div class='ocr_carea' id='block_1_27' title="bbox 234 2709 1789 2780">
    <p class='ocr_par' dir='ltr' id='par_1_27' title="bbox 234 2709 1789 2780">
     <span class='ocr_line' id='line_1_27' title="bbox 234 2709 1789 2780; baseline -0.004 -10"><span class='ocrx_word' id='word_1_218' title='bbox 234 2731 321 2770; x_wconf 87' lang='lat' dir='ltr'><strong>nec</strong></span> <span class='ocrx_word' id='word_1_219' title='bbox 339 2713 501 2769; x_wconf 77' lang='lat' dir='ltr'><strong>Filius</strong></span> <span class='ocrx_word' id='word_1_220' title='bbox 527 2715 602 2768; x_wconf 90' lang='lat' dir='ltr'><strong>ila</strong></span> <span class='ocrx_word' id='word_1_221' title='bbox 627 2713 826 2767; x_wconf 89' lang='lat' dir='ltr'><strong>dicitur</strong></span> <span class='ocrx_word' id='word_1_222' title='bbox 844 2712 1008 2776; x_wconf 90' lang='lat' dir='ltr'><strong>Deus,</strong></span> <span class='ocrx_word' id='word_1_223' title='bbox 1034 2711 1187 2780; x_wconf 90' lang='lat' dir='ltr'><strong>quasi</strong></span> <span class='ocrx_word' id='word_1_224' title='bbox 1210 2709 1371 2763; x_wconf 87' lang='lat' dir='ltr'><strong>Pater</strong></span> <span class='ocrx_word' id='word_1_225' title='bbox 1395 2725 1498 2762; x_wconf 90' lang='lat' dir='ltr'><strong>non</strong></span> <span class='ocrx_word' id='word_1_226' title='bbox 1525 2709 1597 2763; x_wconf 92' lang='lat' dir='ltr'><strong>sit</strong></span> <span class='ocrx_word' id='word_1_227' title='bbox 1618 2709 1789 2775; x_wconf 89' lang='lat' dir='ltr'><strong>Deus;</strong></span> 
     </span>
    </p>
   </div>
   <div class='ocr_carea' id='block_1_28' title="bbox 233 2798 1790 2865">
    <p class='ocr_par' dir='ltr' id='par_1_28' title="bbox 233 2798 1790 2865">
     <span class='ocr_line' id='line_1_28' title="bbox 233 2798 1790 2865; baseline -0.004 -4"><span class='ocrx_word' id='word_1_228' title='bbox 233 2807 316 2861; x_wconf 85' lang='lat' dir='ltr'><strong>sed</strong></span> <span class='ocrx_word' id='word_1_229' title='bbox 343 2806 493 2860; x_wconf 91' lang='lat' dir='ltr'><strong>ambo</strong></span> <span class='ocrx_word' id='word_1_230' title='bbox 516 2803 678 2860; x_wconf 90' lang='lat' dir='ltr'><strong>simul</strong></span> <span class='ocrx_word' id='word_1_231' title='bbox 707 2805 868 2865; x_wconf 88' lang='lat' dir='ltr'><strong>Deus,</strong></span> <span class='ocrx_word' id='word_1_232' title='bbox 901 2802 1064 2856; x_wconf 86' lang='lat' dir='ltr'><strong>etiam</strong></span> <span class='ocrx_word' id='word_1_233' title='bbox 1091 2808 1143 2855; x_wconf 91' lang='lat' dir='ltr'><strong>et</strong></span> <span class='ocrx_word' id='word_1_234' title='bbox 1171 2815 1309 2854; x_wconf 90' lang='lat' dir='ltr'><strong>unus</strong></span> <span class='ocrx_word' id='word_1_235' title='bbox 1335 2800 1497 2854; x_wconf 90' lang='lat' dir='ltr'><strong>Deus.</strong></span> <span class='ocrx_word' id='word_1_236' title='bbox 1529 2798 1790 2864; x_wconf 86' lang='lat' dir='ltr'><strong>Quocirca</strong></span> 
     </span>
    </p>
   </div>
   <div class='ocr_carea' id='block_1_29' title="bbox 231 2888 1791 2967">
    <p class='ocr_par' dir='ltr' id='par_1_29' title="bbox 231 2888 1791 2967">
     <span class='ocr_line' id='line_1_29' title="bbox 231 2888 1791 2967; baseline -0.006 -15"><span class='ocrx_word' id='word_1_237' title='bbox 231 2897 468 2967; x_wconf 82' lang='lat' dir='ltr'><strong>quidquid</strong></span> <span class='ocrx_word' id='word_1_238' title='bbox 492 2894 791 2950; x_wconf 86' lang='lat' dir='ltr'><strong>secundum</strong></span> <span class='ocrx_word' id='word_1_239' title='bbox 813 2891 1175 2947; x_wconf 88' lang='lat' dir='ltr'><strong>substantiam</strong></span> <span class='ocrx_word' id='word_1_240' title='bbox 1195 2930 1210 2954; x_wconf 94' lang='lat'><strong>,</strong></span> <span class='ocrx_word' id='word_1_241' title='bbox 1234 2888 1320 2942; x_wconf 86' lang='lat' dir='ltr'><strong>vel</strong></span> <span class='ocrx_word' id='word_1_242' title='bbox 1346 2889 1698 2944; x_wconf 75' lang='lat' dir='ltr'><strong>reternitatem</strong></span> <span class='ocrx_word' id='word_1_243' title='bbox 1724 2888 1791 2943; x_wconf 89' lang='lat' dir='ltr'><strong>de</strong></span> 
     </span>
    </p>
   </div>
   <div class='ocr_carea' id='block_1_30' title="bbox 234 2979 1789 3056">
    <p class='ocr_par' dir='ltr' id='par_1_30' title="bbox 234 2979 1789 3056">
     <span class='ocr_line' id='line_1_30' title="bbox 234 2979 1789 3056; baseline -0.004 -16"><span class='ocrx_word' id='word_1_244' title='bbox 234 2988 305 3042; x_wconf 81' lang='lat' dir='ltr'><strong>eis</strong></span> <span class='ocrx_word' id='word_1_245' title='bbox 329 2986 426 3041; x_wconf 87' lang='lat' dir='ltr'><strong>dici</strong></span> <span class='ocrx_word' id='word_1_246' title='bbox 449 2994 657 3056; x_wconf 89' lang='lat' dir='ltr'><strong>potest,</strong></span> <span class='ocrx_word' id='word_1_247' title='bbox 701 2984 863 3038; x_wconf 90' lang='lat' dir='ltr'><strong>ambo</strong></span> <span class='ocrx_word' id='word_1_248' title='bbox 899 2981 1056 3037; x_wconf 87' lang='lat' dir='ltr'><strong>simul</strong></span> <span class='ocrx_word' id='word_1_249' title='bbox 1092 2987 1248 3046; x_wconf 91' lang='lat' dir='ltr'><strong>sunt;</strong></span> <span class='ocrx_word' id='word_1_250' title='bbox 1285 2980 1528 3050; x_wconf 88' lang='lat' dir='ltr'><strong>quamvis</strong></span> <span class='ocrx_word' id='word_1_251' title='bbox 1557 2980 1624 3035; x_wconf 90' lang='lat' dir='ltr'><strong>de</strong></span> <span class='ocrx_word' id='word_1_252' title='bbox 1653 2979 1789 3034; x_wconf 82' lang='lat' dir='ltr'><strong>Filio</strong></span> 
     </span>
    </p>
   </div>
   <div class='ocr_carea' id='block_1_31' title="bbox 234 3031 1912 3136">
    <p class='ocr_par' dir='ltr' id='par_1_31' title="bbox 234 3031 1912 3136">
     <span class='ocr_line' id='line_1_31' title="bbox 234 3031 1912 3136; baseline 0.003 -5"><span class='ocrx_word' id='word_1_253' title='bbox 234 3031 426 3132; x_wconf 50' lang='lat' dir='ltr'><strong>sua:</strong></span> <span class='ocrx_word' id='word_1_254' title='bbox 443 3031 683 3131; x_wconf 59' lang='grc' dir='ltr'><strong>ὖὲἷζῖε</strong></span> <span class='ocrx_word' id='word_1_255' title='bbox 701 3031 1056 3136; x_wconf 39' lang='lat' dir='ltr'><strong>Quid;</strong></span> <span class='ocrx_word' id='word_1_256' title='bbox 1075 3031 1786 3136; x_wconf 56' lang='lat' dir='ltr'><strong>ig&#39;iisrnz‘;;,;b;.im</strong></span> <span class='ocrx_word' id='word_1_257' title='bbox 1814 3031 1863 3097; x_wconf 74' lang='grc' dir='ltr'>ο</span> <span class='ocrx_word' id='word_1_258' title='bbox 1891 3037 1912 3136; x_wconf 59' lang='grc' dir='ltr'><strong>ξ</strong></span> 
     </span>
    </p>
   </div>
   <div class='ocr_carea' id='block_1_32' title="bbox 233 3163 1794 3248">
    <p class='ocr_par' dir='ltr' id='par_1_32' title="bbox 233 3163 1794 3248">
     <span class='ocr_line' id='line_1_32' title="bbox 233 3163 1794 3248; baseline -0.003 -24"><span class='ocrx_word' id='word_1_259' title='bbox 233 3168 374 3234; x_wconf 84' lang='lat' dir='ltr'><strong>Deus,</strong></span> <span class='ocrx_word' id='word_1_260' title='bbox 413 3168 574 3223; x_wconf 92' lang='lat' dir='ltr'><strong>ambo</strong></span> <span class='ocrx_word' id='word_1_261' title='bbox 615 3166 779 3222; x_wconf 90' lang='lat' dir='ltr'><strong>simul</strong></span> <span class='ocrx_word' id='word_1_262' title='bbox 817 3165 1036 3220; x_wconf 87' lang='lat' dir='ltr'><strong>lumen:</strong></span> <span class='ocrx_word' id='word_1_263' title='bbox 1074 3165 1170 3220; x_wconf 87' lang='lat' dir='ltr'><strong>sed</strong></span> <span class='ocrx_word' id='word_1_264' title='bbox 1213 3179 1321 3220; x_wconf 88' lang='lat' dir='ltr'><strong>non</strong></span> <span class='ocrx_word' id='word_1_265' title='bbox 1361 3163 1521 3218; x_wconf 83' lang='lat' dir='ltr'><strong>Pater</strong></span> <span class='ocrx_word' id='word_1_266' title='bbox 1548 3163 1690 3248; x_wconf 68' lang='lat' dir='ltr'><strong>Deus</strong></span> <span class='ocrx_word' id='word_1_267' title='bbox 1727 3164 1794 3220; x_wconf 91' lang='lat' dir='ltr'><strong>de</strong></span> 
     </span>
    </p>
   </div>
   <div class='ocr_carea' id='block_1_33' title="bbox 234 3253 1789 3329">
    <p class='ocr_par' dir='ltr' id='par_1_33' title="bbox 234 3253 1789 3329">
     <span class='ocr_line' id='line_1_33' title="bbox 234 3253 1789 3329; baseline -0.002 -16"><span class='ocrx_word' id='word_1_268' title='bbox 234 3256 344 3322; x_wconf 86' lang='lat' dir='ltr'><strong>Deo,</strong></span> <span class='ocrx_word' id='word_1_269' title='bbox 386 3273 484 3313; x_wconf 89' lang='lat' dir='ltr'><strong>nec</strong></span> <span class='ocrx_word' id='word_1_270' title='bbox 517 3257 699 3311; x_wconf 91' lang='lat' dir='ltr'><strong>lumen</strong></span> <span class='ocrx_word' id='word_1_271' title='bbox 727 3256 794 3310; x_wconf 91' lang='lat' dir='ltr'><strong>de</strong></span> <span class='ocrx_word' id='word_1_272' title='bbox 821 3254 1044 3319; x_wconf 90' lang='lat' dir='ltr'><strong>lumine,</strong></span> <span class='ocrx_word' id='word_1_273' title='bbox 1075 3255 1168 3310; x_wconf 89' lang='lat' dir='ltr'><strong>sed</strong></span> <span class='ocrx_word' id='word_1_274' title='bbox 1190 3253 1359 3309; x_wconf 85' lang='lat' dir='ltr'><strong>Filius</strong></span> <span class='ocrx_word' id='word_1_275' title='bbox 1385 3254 1528 3309; x_wconf 91' lang='lat' dir='ltr'><strong>Deus</strong></span> <span class='ocrx_word' id='word_1_276' title='bbox 1562 3255 1627 3329; x_wconf 90' lang='lat' dir='ltr'><strong>de</strong></span> <span class='ocrx_word' id='word_1_277' title='bbox 1659 3255 1789 3319; x_wconf 90' lang='lat' dir='ltr'><strong>Deo,</strong></span> 
     </span>
    </p>
   </div>
   <div class='ocr_carea' id='block_1_34' title="bbox 234 3341 1792 3412">
    <p class='ocr_par' dir='ltr' id='par_1_34' title="bbox 234 3341 1792 3412">
     <span class='ocr_line' id='line_1_34' title="bbox 234 3341 1792 3412; baseline -0.002 -11"><span class='ocrx_word' id='word_1_278' title='bbox 234 3356 279 3402; x_wconf 81' lang='lat' dir='ltr'><strong>et</strong></span> <span class='ocrx_word' id='word_1_279' title='bbox 303 3347 468 3401; x_wconf 89' lang='lat' dir='ltr'><strong>lumen</strong></span> <span class='ocrx_word' id='word_1_280' title='bbox 498 3348 565 3401; x_wconf 89' lang='lat' dir='ltr'><strong>de</strong></span> <span class='ocrx_word' id='word_1_281' title='bbox 594 3345 821 3400; x_wconf 90' lang='lat' dir='ltr'><strong>lumine.</strong></span> <span class='ocrx_word' id='word_1_282' title='bbox 859 3343 1033 3398; x_wconf 82' lang='lat' dir='ltr'><strong>Ambo</strong></span> <span class='ocrx_word' id='word_1_283' title='bbox 1057 3350 1236 3398; x_wconf 90' lang='lat' dir='ltr'><strong>tamen</strong></span> <span class='ocrx_word' id='word_1_284' title='bbox 1263 3341 1419 3398; x_wconf 84' lang='lat' dir='ltr'><strong>simul</strong></span> <span class='ocrx_word' id='word_1_285' title='bbox 1440 3383 1454 3407; x_wconf 96' lang='lat'><strong>,</strong></span> <span class='ocrx_word' id='word_1_286' title='bbox 1497 3351 1550 3396; x_wconf 85' lang='lat' dir='ltr'><strong>et</strong></span> <span class='ocrx_word' id='word_1_287' title='bbox 1580 3358 1792 3412; x_wconf 88' lang='lat' dir='ltr'><strong>semper</strong></span> 
     </span>
    </p>
   </div>
   <div class='ocr_carea' id='block_1_35' title="bbox 233 3431 1791 3510">
    <p class='ocr_par' dir='ltr' id='par_1_35' title="bbox 233 3431 1791 3510">
     <span class='ocr_line' id='line_1_35' title="bbox 233 3431 1791 3510; baseline -0.002 -21"><span class='ocrx_word' id='word_1_288' title='bbox 233 3437 369 3491; x_wconf 82' lang='lat' dir='ltr'><strong>simul</strong></span> <span class='ocrx_word' id='word_1_289' title='bbox 405 3437 538 3510; x_wconf 57' lang='grc' dir='ltr'><strong>[ΑΛ.</strong></span> <span class='ocrx_word' id='word_1_290' title='bbox 577 3434 730 3507; x_wconf 89' lang='lat' dir='ltr'><strong>sunt]</strong></span> <span class='ocrx_word' id='word_1_291' title='bbox 775 3449 916 3489; x_wconf 90' lang='lat' dir='ltr'><strong>unus</strong></span> <span class='ocrx_word' id='word_1_292' title='bbox 961 3433 1104 3488; x_wconf 90' lang='lat' dir='ltr'><strong>Deus</strong></span> <span class='ocrx_word' id='word_1_293' title='bbox 1148 3441 1204 3489; x_wconf 91' lang='lat' dir='ltr'><strong>et</strong></span> <span class='ocrx_word' id='word_1_294' title='bbox 1243 3448 1412 3487; x_wconf 90' lang='lat' dir='ltr'><strong>unum</strong></span> <span class='ocrx_word' id='word_1_295' title='bbox 1444 3431 1650 3487; x_wconf 73' lang='lat' dir='ltr'><strong>lumen.</strong></span> <span class='ocrx_word' id='word_1_296' title='bbox 1701 3431 1791 3486; x_wconf 85' lang='lat' dir='ltr'><strong>Sic</strong></span> 
     </span>
    </p>
   </div>
   <div class='ocr_carea' id='block_1_36' title="bbox 232 3522 1789 3595">
    <p class='ocr_par' dir='ltr' id='par_1_36' title="bbox 232 3522 1789 3595">
     <span class='ocr_line' id='line_1_36' title="bbox 232 3522 1789 3595; baseline -0.003 -14"><span class='ocrx_word' id='word_1_297' title='bbox 232 3529 372 3583; x_wconf 83' lang='lat' dir='ltr'><strong>etiam</strong></span> <span class='ocrx_word' id='word_1_298' title='bbox 397 3536 453 3582; x_wconf 93' lang='lat' dir='ltr'><strong>et</strong></span> <span class='ocrx_word' id='word_1_299' title='bbox 478 3527 546 3582; x_wconf 90' lang='lat' dir='ltr'><strong>de</strong></span> <span class='ocrx_word' id='word_1_300' title='bbox 573 3527 698 3581; x_wconf 91' lang='lat' dir='ltr'><strong>aliis</strong></span> <span class='ocrx_word' id='word_1_301' title='bbox 725 3523 1173 3595; x_wconf 86' lang='lat' dir='ltr'><strong>appellationibus</strong></span> <span class='ocrx_word' id='word_1_302' title='bbox 1199 3539 1318 3593; x_wconf 67' lang='lat' dir='ltr'><strong>qua:</strong></span> <span class='ocrx_word' id='word_1_303' title='bbox 1349 3523 1641 3578; x_wconf 87' lang='lat' dir='ltr'><strong>secundum</strong></span> <span class='ocrx_word' id='word_1_304' title='bbox 1667 3522 1789 3578; x_wconf 82' lang='lat' dir='ltr'><strong>sub-</strong></span> 
     </span>
    </p>
   </div>
   <div class='ocr_carea' id='block_1_37' title="bbox 231 3614 1784 3686">
    <p class='ocr_par' dir='ltr' id='par_1_37' title="bbox 231 3614 1784 3686">
     <span class='ocr_line' id='line_1_37' title="bbox 231 3614 1784 3686; baseline -0.002 -13"><span class='ocrx_word' id='word_1_305' title='bbox 231 3619 461 3673; x_wconf 76' lang='lat' dir='ltr'><strong>stantiam</strong></span> <span class='ocrx_word' id='word_1_306' title='bbox 490 3619 769 3681; x_wconf 88' lang='lat' dir='ltr'><strong>dicuntur,</strong></span> <span class='ocrx_word' id='word_1_307' title='bbox 819 3617 874 3670; x_wconf 93' lang='lat' dir='ltr'><strong>id</strong></span> <span class='ocrx_word' id='word_1_308' title='bbox 917 3625 1032 3682; x_wconf 89' lang='lat' dir='ltr'><strong>est,</strong></span> <span class='ocrx_word' id='word_1_309' title='bbox 1079 3616 1222 3686; x_wconf 90' lang='lat' dir='ltr'><strong>quod</strong></span> <span class='ocrx_word' id='word_1_310' title='bbox 1257 3614 1416 3670; x_wconf 87' lang='lat' dir='ltr'><strong>simul</strong></span> <span class='ocrx_word' id='word_1_311' title='bbox 1443 3615 1602 3670; x_wconf 89' lang='lat' dir='ltr'><strong>ambo</strong></span> <span class='ocrx_word' id='word_1_312' title='bbox 1629 3623 1784 3680; x_wconf 89' lang='lat' dir='ltr'><strong>sunt,</strong></span> 
     </span>
    </p>
   </div>
   <div class='ocr_carea' id='block_1_38' title="bbox 229 3706 1788 3776">
    <p class='ocr_par' dir='ltr' id='par_1_38' title="bbox 229 3706 1788 3776">
     <span class='ocr_line' id='line_1_38' title="bbox 229 3706 1788 3776; baseline -0.001 -14"><span class='ocrx_word' id='word_1_313' title='bbox 229 3709 316 3763; x_wconf 86' lang='lat' dir='ltr'><strong>dici</strong></span> <span class='ocrx_word' id='word_1_314' title='bbox 344 3709 517 3773; x_wconf 88' lang='lat' dir='ltr'><strong>debet,</strong></span> <span class='ocrx_word' id='word_1_315' title='bbox 544 3716 607 3762; x_wconf 90' lang='lat' dir='ltr'><strong>ut</strong></span> <span class='ocrx_word' id='word_1_316' title='bbox 635 3707 999 3776; x_wconf 89' lang='lat' dir='ltr'><strong>omnipotens,</strong></span> <span class='ocrx_word' id='word_1_317' title='bbox 1028 3721 1276 3776; x_wconf 84' lang='lat' dir='ltr'><strong>magnus,</strong></span> <span class='ocrx_word' id='word_1_318' title='bbox 1326 3706 1518 3770; x_wconf 90' lang='lat' dir='ltr'><strong>bonus,</strong></span> <span class='ocrx_word' id='word_1_319' title='bbox 1552 3715 1788 3760; x_wconf 78' lang='lat' dir='ltr'><strong>:eternus</strong></span> 
     </span>
    </p>
   </div>
   <div class='ocr_carea' id='block_1_39' title="bbox 228 3796 1790 3869">
    <p class='ocr_par' dir='ltr' id='par_1_39' title="bbox 228 3796 1790 3869">
     <span class='ocr_line' id='line_1_39' title="bbox 228 3796 1790 3869; baseline 0.001 -18"><span class='ocrx_word' id='word_1_320' title='bbox 228 3807 272 3851; x_wconf 86' lang='lat' dir='ltr'><strong>et</strong></span> <span class='ocrx_word' id='word_1_321' title='bbox 294 3808 476 3853; x_wconf 71' lang='lat' dir='ltr'><strong>cetera</strong></span> <span class='ocrx_word' id='word_1_322' title='bbox 502 3813 627 3869; x_wconf 75' lang='lat' dir='ltr'><strong>qua:</strong></span> <span class='ocrx_word' id='word_1_323' title='bbox 656 3797 724 3852; x_wconf 91' lang='lat' dir='ltr'><strong>ad</strong></span> <span class='ocrx_word' id='word_1_324' title='bbox 754 3813 812 3852; x_wconf 87' lang='lat' dir='ltr'><strong>se</strong></span> <span class='ocrx_word' id='word_1_325' title='bbox 843 3798 1114 3852; x_wconf 91' lang='lat' dir='ltr'><strong>dicuntur.</strong></span> <span class='ocrx_word' id='word_1_326' title='bbox 1153 3796 1305 3862; x_wconf 86' lang='lat' dir='ltr'><strong>Quod</strong></span> <span class='ocrx_word' id='word_1_327' title='bbox 1341 3797 1384 3850; x_wconf 90' lang='lat' dir='ltr'><strong>si</strong></span> <span class='ocrx_word' id='word_1_328' title='bbox 1425 3796 1496 3850; x_wconf 89' lang='lat' dir='ltr'><strong>ita</strong></span> <span class='ocrx_word' id='word_1_329' title='bbox 1528 3805 1645 3863; x_wconf 90' lang='lat' dir='ltr'><strong>est,</strong></span> <span class='ocrx_word' id='word_1_330' title='bbox 1686 3797 1790 3852; x_wconf 91' lang='lat' dir='ltr'><strong>hoc</strong></span> 
     </span>
    </p>
   </div>
   <div class='ocr_carea' id='block_1_40' title="bbox 225 3885 1786 3958">
    <p class='ocr_par' dir='ltr' id='par_1_40' title="bbox 225 3885 1786 3958">
     <span class='ocr_line' id='line_1_40' title="bbox 225 3885 1786 3958; baseline 0 -15"><span class='ocrx_word' id='word_1_331' title='bbox 225 3889 376 3944; x_wconf 83' lang='lat' dir='ltr'><strong>solum</strong></span> <span class='ocrx_word' id='word_1_332' title='bbox 421 3889 489 3944; x_wconf 87' lang='lat' dir='ltr'><strong>de</strong></span> <span class='ocrx_word' id='word_1_333' title='bbox 534 3890 618 3943; x_wconf 87' lang='lat' dir='ltr'><strong>eis</strong></span> <span class='ocrx_word' id='word_1_334' title='bbox 665 3888 772 3943; x_wconf 87' lang='lat' dir='ltr'><strong>diei</strong></span> <span class='ocrx_word' id='word_1_335' title='bbox 819 3903 925 3941; x_wconf 91' lang='lat' dir='ltr'><strong>non</strong></span> <span class='ocrx_word' id='word_1_336' title='bbox 957 3894 1173 3956; x_wconf 90' lang='lat' dir='ltr'><strong>potest:</strong></span> <span class='ocrx_word' id='word_1_337' title='bbox 1215 3886 1348 3939; x_wconf 85' lang='lat' dir='ltr'><strong>illud</strong></span> <span class='ocrx_word' id='word_1_338' title='bbox 1381 3887 1444 3940; x_wconf 88' lang='lat' dir='ltr'><strong>de</strong></span> <span class='ocrx_word' id='word_1_339' title='bbox 1478 3885 1592 3952; x_wconf 86' lang='lat' dir='ltr'><strong>illo,</strong></span> <span class='ocrx_word' id='word_1_340' title='bbox 1641 3888 1786 3958; x_wconf 88' lang='lat' dir='ltr'><strong>quod</strong></span> 
     </span>
    </p>
   </div>
   <div class='ocr_carea' id='block_1_41' title="bbox 222 3977 1786 4042">
    <p class='ocr_par' dir='ltr' id='par_1_41' title="bbox 222 3977 1786 4042">
     <span class='ocr_line' id='line_1_41' title="bbox 222 3977 1786 4042; baseline 0 -8"><span class='ocrx_word' id='word_1_341' title='bbox 222 3981 364 4034; x_wconf 80' lang='lat' dir='ltr'><strong>simul</strong></span> <span class='ocrx_word' id='word_1_342' title='bbox 399 3981 562 4035; x_wconf 89' lang='lat' dir='ltr'><strong>ambo</strong></span> <span class='ocrx_word' id='word_1_343' title='bbox 588 3987 744 4042; x_wconf 88' lang='lat' dir='ltr'><strong>sunt;</strong></span> <span class='ocrx_word' id='word_1_344' title='bbox 798 3979 937 4032; x_wconf 88' lang='lat' dir='ltr'><strong>sicut</strong></span> <span class='ocrx_word' id='word_1_345' title='bbox 966 3977 1199 4032; x_wconf 87' lang='lat' dir='ltr'><strong>Verbum</strong></span> <span class='ocrx_word' id='word_1_346' title='bbox 1245 3977 1311 4031; x_wconf 92' lang='lat' dir='ltr'><strong>de</strong></span> <span class='ocrx_word' id='word_1_347' title='bbox 1340 3977 1515 4032; x_wconf 86' lang='lat' dir='ltr'><strong>Verbo</strong></span> <span class='ocrx_word' id='word_1_348' title='bbox 1544 3978 1649 4032; x_wconf 89' lang='lat' dir='ltr'><strong>dici</strong></span> <span class='ocrx_word' id='word_1_349' title='bbox 1681 3995 1786 4034; x_wconf 91' lang='lat' dir='ltr'><strong>non</strong></span> 
     </span>
    </p>
   </div>
   <div class='ocr_carea' id='block_1_42' title="bbox 217 4067 1787 4140">
    <p class='ocr_par' dir='ltr' id='par_1_42' title="bbox 217 4067 1787 4140">
     <span class='ocr_line' id='line_1_42' title="bbox 217 4067 1787 4140; baseline -0.001 -14"><span class='ocrx_word' id='word_1_350' title='bbox 217 4080 422 4140; x_wconf 86' lang='lat' dir='ltr'><strong>potest,</strong></span> <span class='ocrx_word' id='word_1_351' title='bbox 469 4071 595 4140; x_wconf 89' lang='lat' dir='ltr'><strong>quia</strong></span> <span class='ocrx_word' id='word_1_352' title='bbox 642 4085 748 4124; x_wconf 91' lang='lat' dir='ltr'><strong>non</strong></span> <span class='ocrx_word' id='word_1_353' title='bbox 793 4068 955 4123; x_wconf 90' lang='lat' dir='ltr'><strong>simul</strong></span> <span class='ocrx_word' id='word_1_354' title='bbox 996 4067 1154 4122; x_wconf 90' lang='lat' dir='ltr'><strong>ambo</strong></span> <span class='ocrx_word' id='word_1_355' title='bbox 1184 4067 1419 4122; x_wconf 90' lang='lat' dir='ltr'><strong>Verbum</strong></span> <span class='ocrx_word' id='word_1_356' title='bbox 1445 4107 1459 4132; x_wconf 94' lang='lat'><strong>,</strong></span> <span class='ocrx_word' id='word_1_357' title='bbox 1508 4069 1601 4123; x_wconf 91' lang='lat' dir='ltr'><strong>sed</strong></span> <span class='ocrx_word' id='word_1_358' title='bbox 1642 4069 1787 4124; x_wconf 90' lang='lat' dir='ltr'><strong>solus</strong></span> 
     </span>
    </p>
   </div>
   <div class='ocr_carea' id='block_1_43' title="bbox 217 4158 1786 4231">
    <p class='ocr_par' dir='ltr' id='par_1_43' title="bbox 217 4158 1786 4231">
     <span class='ocr_line' id='line_1_43' title="bbox 217 4158 1786 4231; baseline -0.001 -16"><span class='ocrx_word' id='word_1_359' title='bbox 217 4161 408 4226; x_wconf 75' lang='lat' dir='ltr'><strong>Filius;</strong></span> <span class='ocrx_word' id='word_1_360' title='bbox 446 4178 544 4216; x_wconf 87' lang='lat' dir='ltr'><strong>nec</strong></span> <span class='ocrx_word' id='word_1_361' title='bbox 574 4163 750 4231; x_wconf 89' lang='lat' dir='ltr'><strong>imago</strong></span> <span class='ocrx_word' id='word_1_362' title='bbox 777 4160 845 4214; x_wconf 88' lang='lat' dir='ltr'><strong>de</strong></span> <span class='ocrx_word' id='word_1_363' title='bbox 871 4159 1125 4228; x_wconf 83' lang='lat' dir='ltr'><strong>imagine,</strong></span> <span class='ocrx_word' id='word_1_364' title='bbox 1156 4158 1282 4227; x_wconf 90' lang='lat' dir='ltr'><strong>quia</strong></span> <span class='ocrx_word' id='word_1_365' title='bbox 1306 4174 1411 4212; x_wconf 90' lang='lat' dir='ltr'><strong>non</strong></span> <span class='ocrx_word' id='word_1_366' title='bbox 1440 4158 1598 4212; x_wconf 91' lang='lat' dir='ltr'><strong>simul</strong></span> <span class='ocrx_word' id='word_1_367' title='bbox 1627 4160 1786 4214; x_wconf 92' lang='lat' dir='ltr'><strong>ambo</strong></span> 
     </span>
    </p>
   </div>
   <div class='ocr_carea' id='block_1_44' title="bbox 211 4249 1782 4322">
    <p class='ocr_par' dir='ltr' id='par_1_44' title="bbox 211 4249 1782 4322">
     <span class='ocr_line' id='line_1_44' title="bbox 211 4249 1782 4322; baseline 0 -16"><span class='ocrx_word' id='word_1_368' title='bbox 211 4252 409 4322; x_wconf 87' lang='lat' dir='ltr'><strong>imago,</strong></span> <span class='ocrx_word' id='word_1_369' title='bbox 454 4253 546 4307; x_wconf 87' lang='lat' dir='ltr'><strong>sed</strong></span> <span class='ocrx_word' id='word_1_370' title='bbox 588 4253 732 4307; x_wconf 89' lang='lat' dir='ltr'><strong>solus</strong></span> <span class='ocrx_word' id='word_1_371' title='bbox 759 4252 930 4306; x_wconf 87' lang='lat' dir='ltr'><strong>Filius</strong></span> <span class='ocrx_word' id='word_1_372' title='bbox 966 4251 1172 4322; x_wconf 80' lang='lat' dir='ltr'><strong>imago;</strong></span> <span class='ocrx_word' id='word_1_373' title='bbox 1211 4266 1312 4305; x_wconf 89' lang='lat' dir='ltr'><strong>nec</strong></span> <span class='ocrx_word' id='word_1_374' title='bbox 1342 4249 1508 4306; x_wconf 88' lang='lat' dir='ltr'><strong>Filius</strong></span> <span class='ocrx_word' id='word_1_375' title='bbox 1534 4250 1600 4304; x_wconf 90' lang='lat' dir='ltr'><strong>de</strong></span> <span class='ocrx_word' id='word_1_376' title='bbox 1623 4250 1782 4316; x_wconf 88' lang='lat' dir='ltr'><strong>Filio,</strong></span> 
     </span>
    </p>
   </div>
   <div class='ocr_carea' id='block_1_45' title="bbox 1908 452 3475 530">
    <p class='ocr_par' dir='ltr' id='par_1_45' title="bbox 1908 452 3475 530">
     <span class='ocr_line' id='line_1_45' title="bbox 1908 452 3475 530; baseline 0.008 -25"><span class='ocrx_word' id='word_1_377' title='bbox 1908 453 2050 506; x_wconf 88' lang='lat' dir='ltr'><strong>sicut</strong></span> <span class='ocrx_word' id='word_1_378' title='bbox 2093 453 2266 524; x_wconf 88' lang='lat' dir='ltr'><strong>imago</strong></span> <span class='ocrx_word' id='word_1_379' title='bbox 2306 457 2645 525; x_wconf 81' lang='lat' dir='ltr'><strong>sempiternae</strong></span> <span class='ocrx_word' id='word_1_380' title='bbox 2680 458 2994 512; x_wconf 77' lang='lat' dir='ltr'><strong>substantia:</strong></span> <span class='ocrx_word' id='word_1_381' title='bbox 3035 452 3356 530; x_wconf 85' lang='lat' dir='ltr'><strong>sempiterna</strong></span> <span class='ocrx_word' id='word_1_382' title='bbox 3397 473 3475 518; x_wconf 83' lang='lat' dir='ltr'><strong>est</strong></span> 
     </span>
    </p>
   </div>
   <div class='ocr_carea' id='block_1_46' title="bbox 1908 559 2102 612">
    <p class='ocr_par' dir='ltr' id='par_1_46' title="bbox 1908 559 2102 612">
     <span class='ocr_line' id='line_1_46' title="bbox 1908 559 2102 612; baseline -0.005 -15"><span class='ocrx_word' id='word_1_383' title='bbox 1908 559 2102 612; x_wconf 79' lang='lat' dir='ltr'><strong>imago.</strong></span> 
     </span>
    </p>
   </div>
   <div class='ocr_carea' id='block_1_47' title="bbox 2105 655 3272 732">
    <p class='ocr_par' dir='ltr' id='par_1_47' title="bbox 2105 655 3272 732">
     <span class='ocr_line' id='line_1_47' title="bbox 2105 655 3272 732; baseline 0.004 -22"><span class='ocrx_word' id='word_1_384' title='bbox 2105 655 2332 712; x_wconf 76' lang='lat' dir='ltr'><strong>CAPUT</strong></span> <span class='ocrx_word' id='word_1_385' title='bbox 2373 658 2459 713; x_wconf 77' lang='lat' dir='ltr'><strong>VII</strong></span> <span class='ocrx_word' id='word_1_386' title='bbox 2489 659 2657 730; x_wconf 72' lang='lat' dir='ltr'><strong>(amr.</strong></span> <span class='ocrx_word' id='word_1_387' title='bbox 2684 677 2801 715; x_wconf 59' lang='lat' dir='ltr'><strong>car.</strong></span> <span class='ocrx_word' id='word_1_388' title='bbox 2826 678 2952 728; x_wconf 81' lang='lat' dir='ltr'><strong>VIII;</strong></span> <span class='ocrx_word' id='word_1_389' title='bbox 2983 679 3035 717; x_wconf 74' lang='lat' dir='ltr'><strong>IN</strong></span> <span class='ocrx_word' id='word_1_390' title='bbox 3062 678 3146 718; x_wconf 75' lang='lat' dir='ltr'><strong>us.</strong></span> <span class='ocrx_word' id='word_1_391' title='bbox 3173 661 3272 732; x_wconf 74' lang='lat' dir='ltr'><strong>xx).</strong></span> 
     </span>
    </p>
   </div>
   <div class='ocr_carea' id='block_1_48' title="bbox 1906 765 3476 845">
    <p class='ocr_par' dir='ltr' id='par_1_48' title="bbox 1906 765 3476 845">
     <span class='ocr_line' id='line_1_48' title="bbox 1906 765 3476 845; baseline 0.007 -26"><span class='ocrx_word' id='word_1_392' title='bbox 1906 765 2058 831; x_wconf 90' lang='lat' dir='ltr'><strong>Quod</strong></span> <span class='ocrx_word' id='word_1_393' title='bbox 2095 785 2394 845; x_wconf 70' lang='lat' dir='ltr'><strong>necessario</strong></span> <span class='ocrx_word' id='word_1_394' title='bbox 2420 770 2934 845; x_wconf 73' lang='lat' dir='ltr'><strong>diseerneudumsit,</strong></span> <span class='ocrx_word' id='word_1_395' title='bbox 2973 775 3099 845; x_wconf 86' lang='lat' dir='ltr'><strong>quid</strong></span> <span class='ocrx_word' id='word_1_396' title='bbox 3128 775 3192 828; x_wconf 89' lang='lat' dir='ltr'><strong>de</strong></span> <span class='ocrx_word' id='word_1_397' title='bbox 3217 775 3325 830; x_wconf 86' lang='lat' dir='ltr'><strong>Deo</strong></span> <span class='ocrx_word' id='word_1_398' title='bbox 3351 776 3476 830; x_wconf 79' lang='lat' dir='ltr'><strong>sub-</strong></span> 
     </span>
    </p>
   </div>
   <div class='ocr_carea' id='block_1_49' title="bbox 2159 838 3212 910">
    <p class='ocr_par' dir='ltr' id='par_1_49' title="bbox 2159 838 3212 910">
     <span class='ocr_line' id='line_1_49' title="bbox 2159 838 3212 910; baseline 0.009 -21"><span class='ocrx_word' id='word_1_399' title='bbox 2159 838 2476 892; x_wconf 85' lang='lat' dir='ltr'><strong>stantialiter</strong></span> <span class='ocrx_word' id='word_1_400' title='bbox 2500 840 2575 894; x_wconf 83' lang='lat' dir='ltr'><strong>vel</strong></span> <span class='ocrx_word' id='word_1_401' title='bbox 2600 843 2724 910; x_wconf 86' lang='lat' dir='ltr'><strong>quid</strong></span> <span class='ocrx_word' id='word_1_402' title='bbox 2757 843 2964 898; x_wconf 83' lang='lat' dir='ltr'><strong>relative</strong></span> <span class='ocrx_word' id='word_1_403' title='bbox 2986 838 3212 898; x_wconf 71' lang='lat' dir='ltr'><strong>dicatur.</strong></span> 
     </span>
    </p>
   </div>
   <div class='ocr_carea' id='block_1_50' title="bbox 1973 944 3476 1022">
    <p class='ocr_par' dir='ltr' id='par_1_50' title="bbox 1973 944 3476 1022">
     <span class='ocr_line' id='line_1_50' title="bbox 1973 944 3476 1022; baseline 0.008 -26"><span class='ocrx_word' id='word_1_404' title='bbox 1973 944 2211 1015; x_wconf 78' lang='lat' dir='ltr'><strong>Exempli</strong></span> <span class='ocrx_word' id='word_1_405' title='bbox 2242 948 2446 1016; x_wconf 89' lang='lat' dir='ltr'><strong>gratia,</strong></span> <span class='ocrx_word' id='word_1_406' title='bbox 2477 949 2522 1003; x_wconf 92' lang='lat' dir='ltr'><strong>si</strong></span> <span class='ocrx_word' id='word_1_407' title='bbox 2553 951 2750 1018; x_wconf 71' lang='lat' dir='ltr'><strong>quaeris</strong></span> <span class='ocrx_word' id='word_1_408' title='bbox 2775 953 2901 1020; x_wconf 92' lang='lat' dir='ltr'><strong>quid</strong></span> <span class='ocrx_word' id='word_1_409' title='bbox 2933 953 3004 1008; x_wconf 89' lang='lat' dir='ltr'><strong>sit</strong></span> <span class='ocrx_word' id='word_1_410' title='bbox 3032 952 3303 1008; x_wconf 86' lang='lat' dir='ltr'><strong>Abraham</strong></span> <span class='ocrx_word' id='word_1_411' title='bbox 3322 952 3476 1022; x_wconf 80' lang='lat' dir='ltr'><strong>juxta</strong></span> 
     </span>
    </p>
   </div>
   <div class='ocr_carea' id='block_1_51' title="bbox 1903 1033 3476 1112">
    <p class='ocr_par' dir='ltr' id='par_1_51' title="bbox 1903 1033 3476 1112">
     <span class='ocr_line' id='line_1_51' title="bbox 1903 1033 3476 1112; baseline 0.009 -27"><span class='ocrx_word' id='word_1_412' title='bbox 1903 1033 2280 1100; x_wconf 87' lang='lat' dir='ltr'><strong>substantiam,</strong></span> <span class='ocrx_word' id='word_1_413' title='bbox 2305 1040 2677 1106; x_wconf 88' lang='lat' dir='ltr'><strong>respondetur,</strong></span> <span class='ocrx_word' id='word_1_414' title='bbox 2700 1042 2880 1096; x_wconf 91' lang='lat' dir='ltr'><strong>homo.</strong></span> <span class='ocrx_word' id='word_1_415' title='bbox 2913 1041 2971 1096; x_wconf 89' lang='lat' dir='ltr'><strong>Si</strong></span> <span class='ocrx_word' id='word_1_416' title='bbox 2996 1045 3192 1112; x_wconf 62' lang='lat' dir='ltr'><strong>quaeris</strong></span> <span class='ocrx_word' id='word_1_417' title='bbox 3217 1045 3281 1100; x_wconf 86' lang='lat' dir='ltr'><strong>de</strong></span> <span class='ocrx_word' id='word_1_418' title='bbox 3304 1045 3476 1100; x_wconf 83' lang='lat' dir='ltr'><strong>Abra-</strong></span> 
     </span>
    </p>
   </div>
   <div class='ocr_carea' id='block_1_52' title="bbox 1900 1121 3544 1203">
    <p class='ocr_par' dir='ltr' id='par_1_52' title="bbox 1900 1121 3544 1203">
     <span class='ocr_line' id='line_1_52' title="bbox 1900 1121 3544 1203; baseline 0.01 -29"><span class='ocrx_word' id='word_1_419' title='bbox 1900 1121 2049 1187; x_wconf 85' lang='lat' dir='ltr'><strong>ham,</strong></span> <span class='ocrx_word' id='word_1_420' title='bbox 2075 1138 2171 1177; x_wconf 93' lang='lat' dir='ltr'><strong>cur</strong></span> <span class='ocrx_word' id='word_1_421' title='bbox 2205 1134 2360 1194; x_wconf 89' lang='lat' dir='ltr'><strong>pater</strong></span> <span class='ocrx_word' id='word_1_422' title='bbox 2387 1128 2477 1192; x_wconf 86' lang='lat' dir='ltr'><strong>sit,</strong></span> <span class='ocrx_word' id='word_1_423' title='bbox 2503 1129 2726 1184; x_wconf 87' lang='lat' dir='ltr'><strong>relative</strong></span> <span class='ocrx_word' id='word_1_424' title='bbox 2753 1133 3123 1202; x_wconf 89' lang='lat' dir='ltr'><strong>respondetur,</strong></span> <span class='ocrx_word' id='word_1_425' title='bbox 3155 1135 3278 1203; x_wconf 91' lang='lat' dir='ltr'><strong>quia</strong></span> <span class='ocrx_word' id='word_1_426' title='bbox 3307 1135 3476 1190; x_wconf 86' lang='lat' dir='ltr'><strong>tilium</strong></span> <span class='ocrx_word' id='word_1_427' title='bbox 3539 1197 3544 1202; x_wconf 92' lang='lat'><strong>_</strong></span> 
     </span>
    </p>
   </div>
   <div class='ocr_carea' id='block_1_53' title="bbox 1900 1211 3474 1288">
    <p class='ocr_par' dir='ltr' id='par_1_53' title="bbox 1900 1211 3474 1288">
     <span class='ocr_line' id='line_1_53' title="bbox 1900 1211 3474 1288; baseline 0.008 -22"><span class='ocrx_word' id='word_1_428' title='bbox 1900 1211 2065 1267; x_wconf 88' lang='lat' dir='ltr'><strong>habet</strong></span> <span class='ocrx_word' id='word_1_429' title='bbox 2088 1213 2256 1268; x_wconf 84' lang='lat' dir='ltr'><strong>Isaac.</strong></span> <span class='ocrx_word' id='word_1_430' title='bbox 2305 1215 2363 1271; x_wconf 91' lang='lat' dir='ltr'><strong>Si</strong></span> <span class='ocrx_word' id='word_1_431' title='bbox 2387 1219 2584 1286; x_wconf 76' lang='lat' dir='ltr'><strong>quaeris</strong></span> <span class='ocrx_word' id='word_1_432' title='bbox 2613 1220 2678 1275; x_wconf 91' lang='lat' dir='ltr'><strong>de</strong></span> <span class='ocrx_word' id='word_1_433' title='bbox 2704 1221 2870 1285; x_wconf 88' lang='lat' dir='ltr'><strong>Isaac,</strong></span> <span class='ocrx_word' id='word_1_434' title='bbox 2911 1238 3010 1277; x_wconf 91' lang='lat' dir='ltr'><strong>cur</strong></span> <span class='ocrx_word' id='word_1_435' title='bbox 3033 1225 3103 1278; x_wconf 91' lang='lat' dir='ltr'><strong>sit</strong></span> <span class='ocrx_word' id='word_1_436' title='bbox 3130 1223 3293 1288; x_wconf 83' lang='lat' dir='ltr'><strong>ﬁlius,</strong></span> <span class='ocrx_word' id='word_1_437' title='bbox 3331 1225 3474 1280; x_wconf 90' lang='lat' dir='ltr'><strong>rela-</strong></span> 
     </span>
    </p>
   </div>
   <div class='ocr_carea' id='block_1_54' title="bbox 1899 1301 3524 1386">
    <p class='ocr_par' dir='ltr' id='par_1_54' title="bbox 1899 1301 3524 1386">
     <span class='ocr_line' id='line_1_54' title="bbox 1899 1301 3524 1386; baseline 0.009 -31"><span class='ocrx_word' id='word_1_438' title='bbox 1899 1301 2008 1356; x_wconf 85' lang='lat' dir='ltr'><strong>tive</strong></span> <span class='ocrx_word' id='word_1_439' title='bbox 2021 1304 2182 1373; x_wconf 79' lang='lat'><strong>710</strong></span> <span class='ocrx_word' id='word_1_440' title='bbox 2199 1307 2570 1376; x_wconf 89' lang='lat' dir='ltr'><strong>respondetur,</strong></span> <span class='ocrx_word' id='word_1_441' title='bbox 2587 1311 2713 1378; x_wconf 91' lang='lat' dir='ltr'><strong>quia</strong></span> <span class='ocrx_word' id='word_1_442' title='bbox 2730 1321 2937 1381; x_wconf 88' lang='lat' dir='ltr'><strong>patrem</strong></span> <span class='ocrx_word' id='word_1_443' title='bbox 2954 1314 3115 1367; x_wconf 88' lang='lat' dir='ltr'><strong>habet</strong></span> <span class='ocrx_word' id='word_1_444' title='bbox 3132 1313 3472 1386; x_wconf 80' lang='lat' dir='ltr'><strong>[Abraham].</strong></span> <span class='ocrx_word' id='word_1_445' title='bbox 3517 1377 3524 1386; x_wconf 48' lang='grc'><strong><em>,</em></strong></span> 
     </span>
    </p>
   </div>
   <div class='ocr_carea' id='block_1_55' title="bbox 1899 1390 3479 1469">
    <p class='ocr_par' dir='ltr' id='par_1_55' title="bbox 1899 1390 3479 1469">
     <span class='ocr_line' id='line_1_55' title="bbox 1899 1390 3479 1469; baseline 0.006 -22"><span class='ocrx_word' id='word_1_446' title='bbox 1899 1390 2086 1448; x_wconf 88' lang='lat' dir='ltr'><strong>Omnis</strong></span> <span class='ocrx_word' id='word_1_447' title='bbox 2113 1409 2243 1449; x_wconf 90' lang='lat' dir='ltr'><strong>vero</strong></span> <span class='ocrx_word' id='word_1_448' title='bbox 2270 1395 2462 1451; x_wconf 83' lang='lat' dir='ltr'><strong>relatio</strong></span> <span class='ocrx_word' id='word_1_449' title='bbox 2489 1398 2557 1452; x_wconf 88' lang='lat' dir='ltr'><strong>ad</strong></span> <span class='ocrx_word' id='word_1_450' title='bbox 2585 1399 2729 1453; x_wconf 89' lang='lat' dir='ltr'><strong>aliud</strong></span> <span class='ocrx_word' id='word_1_451' title='bbox 2753 1401 2952 1469; x_wconf 90' lang='lat' dir='ltr'><strong>aliquid</strong></span> <span class='ocrx_word' id='word_1_452' title='bbox 2981 1402 3232 1456; x_wconf 78' lang='lat' dir='ltr'><strong>refertur.</strong></span> <span class='ocrx_word' id='word_1_453' title='bbox 3273 1401 3340 1456; x_wconf 86' lang='lat' dir='ltr'><strong>Et</strong></span> <span class='ocrx_word' id='word_1_454' title='bbox 3361 1402 3479 1459; x_wconf 71' lang='lat' dir='ltr'><strong>hazc</strong></span> 
     </span>
    </p>
   </div>
   <div class='ocr_carea' id='block_1_56' title="bbox 1898 1487 3479 1562">
    <p class='ocr_par' dir='ltr' id='par_1_56' title="bbox 1898 1487 3479 1562">
     <span class='ocr_line' id='line_1_56' title="bbox 1898 1487 3479 1562; baseline 0.008 -24"><span class='ocrx_word' id='word_1_455' title='bbox 1898 1487 2083 1557; x_wconf 86' lang='lat' dir='ltr'><strong>regula</strong></span> <span class='ocrx_word' id='word_1_456' title='bbox 2113 1489 2388 1544; x_wconf 87' lang='lat' dir='ltr'><strong>relationis</strong></span> <span class='ocrx_word' id='word_1_457' title='bbox 2417 1491 2469 1544; x_wconf 88' lang='lat' dir='ltr'><strong>in</strong></span> <span class='ocrx_word' id='word_1_458' title='bbox 2499 1494 2742 1562; x_wconf 84' lang='lat' dir='ltr'><strong>personis</strong></span> <span class='ocrx_word' id='word_1_459' title='bbox 2777 1504 2978 1550; x_wconf 64' lang='lat' dir='ltr'><strong>sanctae</strong></span> <span class='ocrx_word' id='word_1_460' title='bbox 3003 1497 3282 1551; x_wconf 87' lang='lat' dir='ltr'><strong>Trinitatis</strong></span> <span class='ocrx_word' id='word_1_461' title='bbox 3320 1498 3479 1551; x_wconf 84' lang='lat' dir='ltr'><strong>intel-</strong></span> 
     </span>
    </p>
   </div>
   <div class='ocr_carea' id='block_1_57' title="bbox 1898 1574 3479 1652">
    <p class='ocr_par' dir='ltr' id='par_1_57' title="bbox 1898 1574 3479 1652">
     <span class='ocr_line' id='line_1_57' title="bbox 1898 1574 3479 1652; baseline 0.008 -24"><span class='ocrx_word' id='word_1_462' title='bbox 1898 1574 2112 1646; x_wconf 90' lang='lat' dir='ltr'><strong>ligenda</strong></span> <span class='ocrx_word' id='word_1_463' title='bbox 2138 1586 2238 1632; x_wconf 89' lang='lat' dir='ltr'><strong>est.</strong></span> <span class='ocrx_word' id='word_1_464' title='bbox 2292 1577 2348 1632; x_wconf 92' lang='lat' dir='ltr'><strong>Si</strong></span> <span class='ocrx_word' id='word_1_465' title='bbox 2378 1595 2509 1650; x_wconf 83' lang='lat' dir='ltr'><strong>ergo</strong></span> <span class='ocrx_word' id='word_1_466' title='bbox 2537 1581 2899 1652; x_wconf 84' lang='lat' dir='ltr'><strong>interrogatus</strong></span> <span class='ocrx_word' id='word_1_467' title='bbox 2931 1582 3096 1638; x_wconf 85' lang='lat' dir='ltr'><strong>fueris</strong></span> <span class='ocrx_word' id='word_1_468' title='bbox 3124 1583 3189 1638; x_wconf 80' lang='lat' dir='ltr'><strong>de</strong></span> <span class='ocrx_word' id='word_1_469' title='bbox 3219 1585 3346 1647; x_wconf 85' lang='lat' dir='ltr'><strong>Deo,</strong></span> <span class='ocrx_word' id='word_1_470' title='bbox 3380 1601 3479 1640; x_wconf 90' lang='lat' dir='ltr'><strong>cur</strong></span> 
     </span>
    </p>
   </div>
   <div class='ocr_carea' id='block_1_58' title="bbox 1823 1664 3472 1762">
    <p class='ocr_par' dir='ltr' id='par_1_58' title="bbox 1823 1664 3472 1762">
     <span class='ocr_line' id='line_1_58' title="bbox 1823 1664 3472 1762; baseline 0.005 -45"><span class='ocrx_word' id='word_1_471' title='bbox 1823 1701 1872 1762; x_wconf 73' lang='grc' dir='ltr'>Β</span> <span class='ocrx_word' id='word_1_472' title='bbox 1898 1664 2109 1762; x_wconf 69' lang='lat' dir='ltr'><strong>dicatur</strong></span> <span class='ocrx_word' id='word_1_473' title='bbox 2131 1666 2313 1732; x_wconf 88' lang='lat' dir='ltr'><strong>Pater,</strong></span> <span class='ocrx_word' id='word_1_474' title='bbox 2355 1669 2577 1725; x_wconf 88' lang='lat' dir='ltr'><strong>relative</strong></span> <span class='ocrx_word' id='word_1_475' title='bbox 2605 1672 2887 1740; x_wconf 88' lang='lat' dir='ltr'><strong>responde,</strong></span> <span class='ocrx_word' id='word_1_476' title='bbox 2915 1673 3041 1742; x_wconf 87' lang='lat' dir='ltr'><strong>quia</strong></span> <span class='ocrx_word' id='word_1_477' title='bbox 3068 1672 3262 1728; x_wconf 88' lang='lat' dir='ltr'><strong>Filium</strong></span> <span class='ocrx_word' id='word_1_478' title='bbox 3292 1675 3472 1729; x_wconf 85' lang='lat' dir='ltr'><strong>habet.</strong></span> 
     </span>
    </p>
   </div>
   <div class='ocr_carea' id='block_1_59' title="bbox 1896 1757 3477 1832">
    <p class='ocr_par' dir='ltr' id='par_1_59' title="bbox 1896 1757 3477 1832">
     <span class='ocr_line' id='line_1_59' title="bbox 1896 1757 3477 1832; baseline 0.007 -23"><span class='ocrx_word' id='word_1_479' title='bbox 1896 1757 1974 1811; x_wconf 84' lang='lat' dir='ltr'><strong>Ita</strong></span> <span class='ocrx_word' id='word_1_480' title='bbox 2017 1758 2178 1812; x_wconf 89' lang='lat' dir='ltr'><strong>etiam</strong></span> <span class='ocrx_word' id='word_1_481' title='bbox 2221 1767 2277 1812; x_wconf 92' lang='lat' dir='ltr'><strong>et</strong></span> <span class='ocrx_word' id='word_1_482' title='bbox 2316 1761 2382 1814; x_wconf 89' lang='lat' dir='ltr'><strong>de</strong></span> <span class='ocrx_word' id='word_1_483' title='bbox 2411 1760 2549 1816; x_wconf 91' lang='lat' dir='ltr'><strong>Filio</strong></span> <span class='ocrx_word' id='word_1_484' title='bbox 2592 1763 2816 1818; x_wconf 86' lang='lat' dir='ltr'><strong>relative</strong></span> <span class='ocrx_word' id='word_1_485' title='bbox 2858 1764 3150 1832; x_wconf 90' lang='lat' dir='ltr'><strong>responde,</strong></span> <span class='ocrx_word' id='word_1_486' title='bbox 3196 1763 3316 1819; x_wconf 91' lang='lat' dir='ltr'><strong>ideo</strong></span> <span class='ocrx_word' id='word_1_487' title='bbox 3356 1781 3477 1820; x_wconf 88' lang='lat' dir='ltr'><strong>esse</strong></span> 
     </span>
    </p>
   </div>
   <div class='ocr_carea' id='block_1_60' title="bbox 1895 1847 3477 1924">
    <p class='ocr_par' dir='ltr' id='par_1_60' title="bbox 1895 1847 3477 1924">
     <span class='ocr_line' id='line_1_60' title="bbox 1895 1847 3477 1924; baseline 0.006 -23"><span class='ocrx_word' id='word_1_488' title='bbox 1895 1847 2092 1902; x_wconf 88' lang='lat' dir='ltr'><strong>Filium</strong></span> <span class='ocrx_word' id='word_1_489' title='bbox 2119 1849 2244 1918; x_wconf 88' lang='lat' dir='ltr'><strong>quia</strong></span> <span class='ocrx_word' id='word_1_490' title='bbox 2275 1851 2471 1906; x_wconf 86' lang='lat' dir='ltr'><strong>habeat</strong></span> <span class='ocrx_word' id='word_1_491' title='bbox 2496 1851 2732 1907; x_wconf 86' lang='lat' dir='ltr'><strong>Patrem.</strong></span> <span class='ocrx_word' id='word_1_492' title='bbox 2786 1854 2843 1907; x_wconf 91' lang='lat' dir='ltr'><strong>Si</strong></span> <span class='ocrx_word' id='word_1_493' title='bbox 2877 1869 3006 1924; x_wconf 88' lang='lat' dir='ltr'><strong>ergo</strong></span> <span class='ocrx_word' id='word_1_494' title='bbox 3039 1855 3240 1909; x_wconf 89' lang='lat' dir='ltr'><strong>dictum</strong></span> <span class='ocrx_word' id='word_1_495' title='bbox 3271 1854 3336 1910; x_wconf 91' lang='lat' dir='ltr'><strong>de</strong></span> <span class='ocrx_word' id='word_1_496' title='bbox 3367 1856 3477 1910; x_wconf 88' lang='lat' dir='ltr'><strong>Deo</strong></span> 
     </span>
    </p>
   </div>
   <div class='ocr_carea' id='block_1_61' title="bbox 1896 1938 3477 2014">
    <p class='ocr_par' dir='ltr' id='par_1_61' title="bbox 1896 1938 3477 2014">
     <span class='ocr_line' id='line_1_61' title="bbox 1896 1938 3477 2014; baseline 0.006 -22"><span class='ocrx_word' id='word_1_497' title='bbox 1896 1939 1993 1992; x_wconf 90' lang='lat' dir='ltr'><strong>tibi</strong></span> <span class='ocrx_word' id='word_1_498' title='bbox 2022 1938 2219 2004; x_wconf 81' lang='lat' dir='ltr'><strong>fuerit,</strong></span> <span class='ocrx_word' id='word_1_499' title='bbox 2255 1944 2524 2010; x_wconf 92' lang='lat' dir='ltr'><strong>quomodo</strong></span> <span class='ocrx_word' id='word_1_500' title='bbox 2561 1942 2722 1998; x_wconf 87' lang='lat' dir='ltr'><strong>Pater</strong></span> <span class='ocrx_word' id='word_1_501' title='bbox 2748 1945 2850 1999; x_wconf 91' lang='lat' dir='ltr'><strong>hoc</strong></span> <span class='ocrx_word' id='word_1_502' title='bbox 2879 1955 2962 2000; x_wconf 89' lang='lat' dir='ltr'><strong>est</strong></span> <span class='ocrx_word' id='word_1_503' title='bbox 2991 1947 3133 2014; x_wconf 89' lang='lat' dir='ltr'><strong>quod</strong></span> <span class='ocrx_word' id='word_1_504' title='bbox 3161 1947 3352 2012; x_wconf 90' lang='lat' dir='ltr'><strong>Filius,</strong></span> <span class='ocrx_word' id='word_1_505' title='bbox 3385 1957 3477 2002; x_wconf 90' lang='lat' dir='ltr'><strong>aut</strong></span> 
     </span>
    </p>
   </div>
   <div class='ocr_carea' id='block_1_62' title="bbox 1894 2027 3476 2104">
    <p class='ocr_par' dir='ltr' id='par_1_62' title="bbox 1894 2027 3476 2104">
     <span class='ocr_line' id='line_1_62' title="bbox 1894 2027 3476 2104; baseline 0.008 -23"><span class='ocrx_word' id='word_1_506' title='bbox 1894 2027 2066 2084; x_wconf 88' lang='lat' dir='ltr'><strong>Filius</strong></span> <span class='ocrx_word' id='word_1_507' title='bbox 2089 2030 2191 2086; x_wconf 90' lang='lat' dir='ltr'><strong>hoc</strong></span> <span class='ocrx_word' id='word_1_508' title='bbox 2220 2041 2304 2086; x_wconf 88' lang='lat' dir='ltr'><strong>est</strong></span> <span class='ocrx_word' id='word_1_509' title='bbox 2329 2033 2471 2101; x_wconf 90' lang='lat' dir='ltr'><strong>quod</strong></span> <span class='ocrx_word' id='word_1_510' title='bbox 2499 2035 2689 2088; x_wconf 88' lang='lat' dir='ltr'><strong>Pater:</strong></span> <span class='ocrx_word' id='word_1_511' title='bbox 2723 2036 3008 2104; x_wconf 81' lang='lat' dir='ltr'><strong>responde,</strong></span> <span class='ocrx_word' id='word_1_512' title='bbox 3031 2038 3323 2092; x_wconf 90' lang='lat' dir='ltr'><strong>secundum</strong></span> <span class='ocrx_word' id='word_1_513' title='bbox 3351 2039 3476 2093; x_wconf 90' lang='lat' dir='ltr'><strong>sub-</strong></span> 
     </span>
    </p>
   </div>
   <div class='ocr_carea' id='block_1_63' title="bbox 1893 2121 3475 2197">
    <p class='ocr_par' dir='ltr' id='par_1_63' title="bbox 1893 2121 3475 2197">
     <span class='ocr_line' id='line_1_63' title="bbox 1893 2121 3475 2197; baseline 0.006 -25"><span class='ocrx_word' id='word_1_514' title='bbox 1893 2121 2150 2175; x_wconf 85' lang='lat' dir='ltr'><strong>stantiam</strong></span> <span class='ocrx_word' id='word_1_515' title='bbox 2183 2122 2286 2177; x_wconf 79' lang='lat' dir='ltr'><strong>lioc</strong></span> <span class='ocrx_word' id='word_1_516' title='bbox 2324 2133 2409 2177; x_wconf 91' lang='lat' dir='ltr'><strong>est</strong></span> <span class='ocrx_word' id='word_1_517' title='bbox 2449 2123 2617 2178; x_wconf 88' lang='lat' dir='ltr'><strong>Filius</strong></span> <span class='ocrx_word' id='word_1_518' title='bbox 2659 2125 2801 2194; x_wconf 90' lang='lat' dir='ltr'><strong>quod</strong></span> <span class='ocrx_word' id='word_1_519' title='bbox 2830 2126 3022 2190; x_wconf 89' lang='lat' dir='ltr'><strong>Pater;</strong></span> <span class='ocrx_word' id='word_1_520' title='bbox 3059 2135 3113 2180; x_wconf 92' lang='lat' dir='ltr'><strong>et</strong></span> <span class='ocrx_word' id='word_1_521' title='bbox 3143 2127 3302 2182; x_wconf 89' lang='lat' dir='ltr'><strong>Pater</strong></span> <span class='ocrx_word' id='word_1_522' title='bbox 3331 2128 3475 2197; x_wconf 86' lang='lat' dir='ltr'><strong>quod</strong></span> 
     </span>
    </p>
   </div>
   <div class='ocr_carea' id='block_1_64' title="bbox 1894 2210 3471 2281">
    <p class='ocr_par' dir='ltr' id='par_1_64' title="bbox 1894 2210 3471 2281">
     <span class='ocr_line' id='line_1_64' title="bbox 1894 2210 3471 2281; baseline 0.006 -17"><span class='ocrx_word' id='word_1_523' title='bbox 1894 2210 2082 2274; x_wconf 92' lang='lat' dir='ltr'><strong>Filius,</strong></span> <span class='ocrx_word' id='word_1_524' title='bbox 2115 2213 2241 2281; x_wconf 83' lang='lat' dir='ltr'><strong>quia</strong></span> <span class='ocrx_word' id='word_1_525' title='bbox 2271 2229 2412 2268; x_wconf 90' lang='lat' dir='ltr'><strong>unus</strong></span> <span class='ocrx_word' id='word_1_526' title='bbox 2447 2224 2529 2268; x_wconf 91' lang='lat' dir='ltr'><strong>est</strong></span> <span class='ocrx_word' id='word_1_527' title='bbox 2559 2216 2725 2280; x_wconf 88' lang='lat' dir='ltr'><strong>Deus,</strong></span> <span class='ocrx_word' id='word_1_528' title='bbox 2768 2225 2824 2270; x_wconf 87' lang='lat' dir='ltr'><strong>et</strong></span> <span class='ocrx_word' id='word_1_529' title='bbox 2849 2233 2952 2270; x_wconf 89' lang='lat' dir='ltr'><strong>una</strong></span> <span class='ocrx_word' id='word_1_530' title='bbox 2986 2219 3284 2272; x_wconf 86' lang='lat' dir='ltr'><strong>substantia</strong></span> <span class='ocrx_word' id='word_1_531' title='bbox 3311 2219 3471 2273; x_wconf 84' lang='lat' dir='ltr'><strong>Pater</strong></span> 
     </span>
    </p>
   </div>
   <div class='ocr_carea' id='block_1_65' title="bbox 1895 2302 3464 2362">
    <p class='ocr_par' dir='ltr' id='par_1_65' title="bbox 1895 2302 3464 2362">
     <span class='ocr_line' id='line_1_65' title="bbox 1895 2302 3464 2362; baseline 0.004 -6"><span class='ocrx_word' id='word_1_532' title='bbox 1895 2309 1948 2356; x_wconf 91' lang='lat' dir='ltr'><strong>et</strong></span> <span class='ocrx_word' id='word_1_533' title='bbox 1975 2302 2164 2358; x_wconf 83' lang='lat' dir='ltr'><strong>Filius.</strong></span> <span class='ocrx_word' id='word_1_534' title='bbox 2213 2302 2295 2358; x_wconf 79' lang='lat' dir='ltr'><strong>Ad</strong></span> <span class='ocrx_word' id='word_1_535' title='bbox 2327 2319 2384 2358; x_wconf 87' lang='lat' dir='ltr'><strong>se</strong></span> <span class='ocrx_word' id='word_1_536' title='bbox 2419 2305 2562 2359; x_wconf 88' lang='lat' dir='ltr'><strong>enim</strong></span> <span class='ocrx_word' id='word_1_537' title='bbox 2594 2305 2737 2361; x_wconf 90' lang='lat' dir='ltr'><strong>Deus</strong></span> <span class='ocrx_word' id='word_1_538' title='bbox 2779 2309 3205 2362; x_wconf 86' lang='lat' dir='ltr'><strong>substantialiter</strong></span> <span class='ocrx_word' id='word_1_539' title='bbox 3231 2309 3464 2362; x_wconf 90' lang='lat' dir='ltr'><strong>dicitur:</strong></span> 
     </span>
    </p>
   </div>
   <div class='ocr_carea' id='block_1_66' title="bbox 1894 2393 3468 2458">
    <p class='ocr_par' dir='ltr' id='par_1_66' title="bbox 1894 2393 3468 2458">
     <span class='ocr_line' id='line_1_66' title="bbox 1894 2393 3468 2458; baseline 0.005 -12"><span class='ocrx_word' id='word_1_540' title='bbox 1894 2393 2055 2448; x_wconf 89' lang='lat' dir='ltr'><strong>Pater</strong></span> <span class='ocrx_word' id='word_1_541' title='bbox 2083 2395 2150 2449; x_wconf 87' lang='lat' dir='ltr'><strong>ad</strong></span> <span class='ocrx_word' id='word_1_542' title='bbox 2175 2395 2399 2458; x_wconf 89' lang='lat' dir='ltr'><strong>Filium,</strong></span> <span class='ocrx_word' id='word_1_543' title='bbox 2430 2396 2514 2450; x_wconf 90' lang='lat' dir='ltr'><strong>vel</strong></span> <span class='ocrx_word' id='word_1_544' title='bbox 2544 2395 2713 2451; x_wconf 82' lang='lat' dir='ltr'><strong>Filius</strong></span> <span class='ocrx_word' id='word_1_545' title='bbox 2739 2399 2805 2451; x_wconf 91' lang='lat' dir='ltr'><strong>ad</strong></span> <span class='ocrx_word' id='word_1_546' title='bbox 2830 2398 3048 2453; x_wconf 88' lang='lat' dir='ltr'><strong>Patrem</strong></span> <span class='ocrx_word' id='word_1_547' title='bbox 3081 2400 3304 2455; x_wconf 88' lang='lat' dir='ltr'><strong>relative</strong></span> <span class='ocrx_word' id='word_1_548' title='bbox 3333 2399 3468 2456; x_wconf 89' lang='lat' dir='ltr'><strong>dici-</strong></span> 
     </span>
    </p>
   </div>
   <div class='ocr_carea' id='block_1_67' title="bbox 1895 2487 3469 2564">
    <p class='ocr_par' dir='ltr' id='par_1_67' title="bbox 1895 2487 3469 2564">
     <span class='ocr_line' id='line_1_67' title="bbox 1895 2487 3469 2564; baseline 0.006 -24"><span class='ocrx_word' id='word_1_549' title='bbox 1895 2496 2001 2541; x_wconf 91' lang='lat' dir='ltr'><strong>tur.</strong></span> <span class='ocrx_word' id='word_1_550' title='bbox 2049 2487 2208 2543; x_wconf 81' lang='lat' dir='ltr'><strong>Juxta</strong></span> <span class='ocrx_word' id='word_1_551' title='bbox 2234 2504 2480 2559; x_wconf 76' lang='lat' dir='ltr'><strong>personze</strong></span> <span class='ocrx_word' id='word_1_552' title='bbox 2509 2491 2889 2560; x_wconf 89' lang='lat' dir='ltr'><strong>proprietatem</strong></span> <span class='ocrx_word' id='word_1_553' title='bbox 2921 2508 3026 2547; x_wconf 93' lang='lat' dir='ltr'><strong>non</strong></span> <span class='ocrx_word' id='word_1_554' title='bbox 3058 2504 3142 2548; x_wconf 90' lang='lat' dir='ltr'><strong>est</strong></span> <span class='ocrx_word' id='word_1_555' title='bbox 3165 2493 3346 2561; x_wconf 90' lang='lat' dir='ltr'><strong>Pater,</strong></span> <span class='ocrx_word' id='word_1_556' title='bbox 3378 2497 3469 2564; x_wconf 88' lang='lat' dir='ltr'><strong>qui</strong></span> 
     </span>
    </p>
   </div>
   <div class='ocr_carea' id='block_1_68' title="bbox 1895 2576 3470 2648">
    <p class='ocr_par' dir='ltr' id='par_1_68' title="bbox 1895 2576 3470 2648">
     <span class='ocr_line' id='line_1_68' title="bbox 1895 2576 3470 2648; baseline 0.004 -17"><span class='ocrx_word' id='word_1_557' title='bbox 1895 2576 2095 2643; x_wconf 86' lang='lat' dir='ltr'><strong>Filius;</strong></span> <span class='ocrx_word' id='word_1_558' title='bbox 2130 2593 2230 2633; x_wconf 90' lang='lat' dir='ltr'><strong>nec</strong></span> <span class='ocrx_word' id='word_1_559' title='bbox 2257 2579 2450 2643; x_wconf 90' lang='lat' dir='ltr'><strong>Filius,</strong></span> <span class='ocrx_word' id='word_1_560' title='bbox 2482 2579 2575 2648; x_wconf 91' lang='lat' dir='ltr'><strong>qui</strong></span> <span class='ocrx_word' id='word_1_561' title='bbox 2607 2578 2784 2633; x_wconf 89' lang='lat' dir='ltr'><strong>Pater.</strong></span> <span class='ocrx_word' id='word_1_562' title='bbox 2814 2579 2973 2634; x_wconf 79' lang='lat' dir='ltr'><strong>Juxta</strong></span> <span class='ocrx_word' id='word_1_563' title='bbox 3001 2583 3316 2637; x_wconf 76' lang='lat' dir='ltr'><strong>substantiae</strong></span> <span class='ocrx_word' id='word_1_564' title='bbox 3346 2584 3470 2636; x_wconf 91' lang='lat' dir='ltr'><strong>uni-</strong></span> 
     </span>
    </p>
   </div>
   <div class='ocr_carea' id='block_1_69' title="bbox 1894 2667 3474 2736">
    <p class='ocr_par' dir='ltr' id='par_1_69' title="bbox 1894 2667 3474 2736">
     <span class='ocr_line' id='line_1_69' title="bbox 1894 2667 3474 2736; baseline 0.004 -17"><span class='ocrx_word' id='word_1_565' title='bbox 1894 2675 2084 2731; x_wconf 91' lang='lat' dir='ltr'><strong>tatem,</strong></span> <span class='ocrx_word' id='word_1_566' title='bbox 2114 2667 2216 2722; x_wconf 92' lang='lat' dir='ltr'><strong>hoc</strong></span> <span class='ocrx_word' id='word_1_567' title='bbox 2241 2675 2324 2722; x_wconf 88' lang='lat' dir='ltr'><strong>est</strong></span> <span class='ocrx_word' id='word_1_568' title='bbox 2351 2667 2515 2721; x_wconf 88' lang='lat' dir='ltr'><strong>Pater</strong></span> <span class='ocrx_word' id='word_1_569' title='bbox 2539 2669 2682 2736; x_wconf 90' lang='lat' dir='ltr'><strong>quod</strong></span> <span class='ocrx_word' id='word_1_570' title='bbox 2711 2668 2903 2735; x_wconf 86' lang='lat' dir='ltr'><strong>Filius,</strong></span> <span class='ocrx_word' id='word_1_571' title='bbox 2947 2671 3000 2724; x_wconf 90' lang='lat' dir='ltr'><strong>id</strong></span> <span class='ocrx_word' id='word_1_572' title='bbox 3029 2679 3130 2734; x_wconf 87' lang='lat' dir='ltr'><strong>est,</strong></span> <span class='ocrx_word' id='word_1_573' title='bbox 3163 2687 3304 2726; x_wconf 91' lang='lat' dir='ltr'><strong>unus</strong></span> <span class='ocrx_word' id='word_1_574' title='bbox 3331 2671 3474 2726; x_wconf 88' lang='lat' dir='ltr'><strong>Deus</strong></span> 
     </span>
    </p>
   </div>
   <div class='ocr_carea' id='block_1_70' title="bbox 1893 2755 3472 2830">
    <p class='ocr_par' dir='ltr' id='par_1_70' title="bbox 1893 2755 3472 2830">
     <span class='ocr_line' id='line_1_70' title="bbox 1893 2755 3472 2830; baseline 0.007 -22"><span class='ocrx_word' id='word_1_575' title='bbox 1893 2756 2251 2824; x_wconf 89' lang='lat' dir='ltr'><strong>omnipotens.</strong></span> <span class='ocrx_word' id='word_1_576' title='bbox 2283 2755 2552 2826; x_wconf 87' lang='lat' dir='ltr'><strong>Quidquid</strong></span> <span class='ocrx_word' id='word_1_577' title='bbox 2577 2773 2706 2828; x_wconf 90' lang='lat' dir='ltr'><strong>ergo</strong></span> <span class='ocrx_word' id='word_1_578' title='bbox 2731 2760 2805 2814; x_wconf 85' lang='lat' dir='ltr'><strong>ad</strong></span> <span class='ocrx_word' id='word_1_579' title='bbox 2826 2761 3061 2830; x_wconf 88' lang='lat' dir='ltr'><strong>seipsum</strong></span> <span class='ocrx_word' id='word_1_580' title='bbox 3088 2762 3284 2817; x_wconf 86' lang='lat' dir='ltr'><strong>dicitur</strong></span> <span class='ocrx_word' id='word_1_581' title='bbox 3308 2763 3472 2828; x_wconf 92' lang='lat' dir='ltr'><strong>Deus,</strong></span> 
     </span>
    </p>
   </div>
   <div class='ocr_carea' id='block_1_71' title="bbox 1892 2845 3475 2924">
    <p class='ocr_par' dir='ltr' id='par_1_71' title="bbox 1892 2845 3475 2924">
     <span class='ocr_line' id='line_1_71' title="bbox 1892 2845 3475 2924; baseline 0.007 -27"><span class='ocrx_word' id='word_1_582' title='bbox 1892 2855 1947 2899; x_wconf 78' lang='lat' dir='ltr'><strong>et</strong></span> <span class='ocrx_word' id='word_1_583' title='bbox 1970 2845 2037 2899; x_wconf 90' lang='lat' dir='ltr'><strong>de</strong></span> <span class='ocrx_word' id='word_1_584' title='bbox 2064 2845 2290 2916; x_wconf 79' lang='lat' dir='ltr'><strong>singulis</strong></span> <span class='ocrx_word' id='word_1_585' title='bbox 2315 2848 2563 2916; x_wconf 83' lang='lat' dir='ltr'><strong>personis</strong></span> <span class='ocrx_word' id='word_1_586' title='bbox 2593 2849 2810 2914; x_wconf 89' lang='lat' dir='ltr'><strong>dicitur,</strong></span> <span class='ocrx_word' id='word_1_587' title='bbox 2841 2850 3008 2905; x_wconf 89' lang='lat' dir='ltr'><strong>Patre</strong></span> <span class='ocrx_word' id='word_1_588' title='bbox 3033 2860 3088 2906; x_wconf 91' lang='lat' dir='ltr'><strong>et</strong></span> <span class='ocrx_word' id='word_1_589' title='bbox 3115 2852 3251 2906; x_wconf 87' lang='lat' dir='ltr'><strong>Filio</strong></span> <span class='ocrx_word' id='word_1_590' title='bbox 3276 2861 3330 2907; x_wconf 90' lang='lat' dir='ltr'><strong>et</strong></span> <span class='ocrx_word' id='word_1_591' title='bbox 3354 2853 3475 2924; x_wconf 86' lang='lat' dir='ltr'><strong>Spi-</strong></span> 
     </span>
    </p>
   </div>
   <div class='ocr_carea' id='block_1_72' title="bbox 1890 2937 3473 3013">
    <p class='ocr_par' dir='ltr' id='par_1_72' title="bbox 1890 2937 3473 3013">
     <span class='ocr_line' id='line_1_72' title="bbox 1890 2937 3473 3013; baseline 0.006 -23"><span class='ocrx_word' id='word_1_592' title='bbox 1890 2937 2000 2991; x_wconf 88' lang='lat' dir='ltr'><strong>ritu</strong></span> <span class='ocrx_word' id='word_1_593' title='bbox 2029 2946 2250 3004; x_wconf 82' lang='lat' dir='ltr'><strong>sancto;</strong></span> <span class='ocrx_word' id='word_1_594' title='bbox 2291 2947 2345 2993; x_wconf 88' lang='lat' dir='ltr'><strong>et</strong></span> <span class='ocrx_word' id='word_1_595' title='bbox 2371 2939 2529 2994; x_wconf 89' lang='lat' dir='ltr'><strong>simul</strong></span> <span class='ocrx_word' id='word_1_596' title='bbox 2559 2941 2624 2995; x_wconf 92' lang='lat' dir='ltr'><strong>de</strong></span> <span class='ocrx_word' id='word_1_597' title='bbox 2651 2941 2766 3010; x_wconf 89' lang='lat' dir='ltr'><strong>ipsa</strong></span> <span class='ocrx_word' id='word_1_598' title='bbox 2797 2941 3084 3009; x_wconf 90' lang='lat' dir='ltr'><strong>Trinitate,</strong></span> <span class='ocrx_word' id='word_1_599' title='bbox 3113 2961 3220 2999; x_wconf 88' lang='lat' dir='ltr'><strong>non</strong></span> <span class='ocrx_word' id='word_1_600' title='bbox 3251 2945 3473 3013; x_wconf 86' lang='lat' dir='ltr'><strong>plurali-</strong></span> 
     </span>
    </p>
   </div>
   <div class='ocr_carea' id='block_1_73' title="bbox 1914 3031 3472 3107">
    <p class='ocr_par' dir='ltr' id='par_1_73' title="bbox 1914 3031 3472 3107">
     <span class='ocr_line' id='line_1_73' title="bbox 1914 3031 3472 3107; baseline 0.005 -23"><span class='ocrx_word' id='word_1_601' title='bbox 1914 3045 1994 3095; x_wconf 89' lang='lat' dir='ltr'><strong>er,</strong></span> <span class='ocrx_word' id='word_1_602' title='bbox 2027 3031 2121 3086; x_wconf 90' lang='lat' dir='ltr'><strong>sed</strong></span> <span class='ocrx_word' id='word_1_603' title='bbox 2151 3031 2492 3102; x_wconf 83' lang='lat' dir='ltr'><strong>singulariter</strong></span> <span class='ocrx_word' id='word_1_604' title='bbox 2517 3033 2802 3088; x_wconf 90' lang='lat' dir='ltr'><strong>dicendum</strong></span> <span class='ocrx_word' id='word_1_605' title='bbox 2831 3043 2932 3089; x_wconf 85' lang='lat' dir='ltr'><strong>est.</strong></span> <span class='ocrx_word' id='word_1_606' title='bbox 2981 3034 3246 3102; x_wconf 87' lang='lat' dir='ltr'><strong>Quoniam</strong></span> <span class='ocrx_word' id='word_1_607' title='bbox 3275 3037 3472 3107; x_wconf 90' lang='lat' dir='ltr'><strong>quippe</strong></span> 
     </span>
    </p>
   </div>
   <div class='ocr_carea' id='block_1_74' title="bbox 1896 3118 3473 3194">
    <p class='ocr_par' dir='ltr' id='par_1_74' title="bbox 1896 3118 3473 3194">
     <span class='ocr_line' id='line_1_74' title="bbox 1896 3118 3473 3194; baseline 0.003 -21"><span class='ocrx_word' id='word_1_608' title='bbox 1896 3133 2002 3173; x_wconf 89' lang='lat' dir='ltr'><strong>non</strong></span> <span class='ocrx_word' id='word_1_609' title='bbox 2032 3118 2176 3174; x_wconf 86' lang='lat' dir='ltr'><strong>aliud</strong></span> <span class='ocrx_word' id='word_1_610' title='bbox 2203 3128 2287 3174; x_wconf 89' lang='lat' dir='ltr'><strong>est</strong></span> <span class='ocrx_word' id='word_1_611' title='bbox 2315 3120 2424 3175; x_wconf 87' lang='lat' dir='ltr'><strong>Deo</strong></span> <span class='ocrx_word' id='word_1_612' title='bbox 2453 3135 2592 3187; x_wconf 89' lang='lat' dir='ltr'><strong>esse,</strong></span> <span class='ocrx_word' id='word_1_613' title='bbox 2631 3131 2687 3175; x_wconf 90' lang='lat' dir='ltr'><strong>et</strong></span> <span class='ocrx_word' id='word_1_614' title='bbox 2723 3121 2866 3177; x_wconf 89' lang='lat' dir='ltr'><strong>aliud</strong></span> <span class='ocrx_word' id='word_1_615' title='bbox 2905 3139 3158 3194; x_wconf 90' lang='lat' dir='ltr'><strong>magnum</strong></span> <span class='ocrx_word' id='word_1_616' title='bbox 3185 3138 3342 3190; x_wconf 89' lang='lat' dir='ltr'><strong>esse;</strong></span> <span class='ocrx_word' id='word_1_617' title='bbox 3388 3125 3473 3180; x_wconf 85' lang='lat' dir='ltr'><strong>vel</strong></span> 
     </span>
    </p>
   </div>
   <div class='ocr_carea' id='block_1_75' title="bbox 1894 3210 3476 3278">
    <p class='ocr_par' dir='ltr' id='par_1_75' title="bbox 1894 3210 3476 3278">
     <span class='ocr_line' id='line_1_75' title="bbox 1894 3210 3476 3278; baseline 0.003 -14"><span class='ocrx_word' id='word_1_618' title='bbox 1894 3210 2039 3264; x_wconf 86' lang='lat' dir='ltr'><strong>aliud</strong></span> <span class='ocrx_word' id='word_1_619' title='bbox 2067 3225 2209 3275; x_wconf 90' lang='lat' dir='ltr'><strong>esse,</strong></span> <span class='ocrx_word' id='word_1_620' title='bbox 2247 3219 2302 3266; x_wconf 87' lang='lat' dir='ltr'><strong>et</strong></span> <span class='ocrx_word' id='word_1_621' title='bbox 2333 3211 2477 3266; x_wconf 91' lang='lat' dir='ltr'><strong>aliud</strong></span> <span class='ocrx_word' id='word_1_622' title='bbox 2504 3213 2704 3267; x_wconf 90' lang='lat' dir='ltr'><strong>bonum</strong></span> <span class='ocrx_word' id='word_1_623' title='bbox 2733 3227 2888 3278; x_wconf 92' lang='lat' dir='ltr'><strong>esse;</strong></span> <span class='ocrx_word' id='word_1_624' title='bbox 2938 3213 3032 3268; x_wconf 91' lang='lat' dir='ltr'><strong>sed</strong></span> <span class='ocrx_word' id='word_1_625' title='bbox 3071 3214 3176 3268; x_wconf 93' lang='lat' dir='ltr'><strong>hoc</strong></span> <span class='ocrx_word' id='word_1_626' title='bbox 3213 3214 3358 3268; x_wconf 92' lang='lat' dir='ltr'><strong>idem</strong></span> <span class='ocrx_word' id='word_1_627' title='bbox 3395 3215 3476 3269; x_wconf 76' lang='lat' dir='ltr'><strong>illi</strong></span> 
     </span>
    </p>
   </div>
   <div class='ocr_carea' id='block_1_76' title="bbox 1892 3308 3470 3374">
    <p class='ocr_par' dir='ltr' id='par_1_76' title="bbox 1892 3308 3470 3374">
     <span class='ocr_line' id='line_1_76' title="bbox 1892 3308 3470 3374; baseline 0.001 -16"><span class='ocrx_word' id='word_1_628' title='bbox 1892 3311 1974 3358; x_wconf 91' lang='lat' dir='ltr'><strong>est</strong></span> <span class='ocrx_word' id='word_1_629' title='bbox 2002 3311 2057 3358; x_wconf 90' lang='lat' dir='ltr'><strong>et</strong></span> <span class='ocrx_word' id='word_1_630' title='bbox 2082 3317 2226 3368; x_wconf 91' lang='lat' dir='ltr'><strong>esse,</strong></span> <span class='ocrx_word' id='word_1_631' title='bbox 2254 3311 2309 3358; x_wconf 93' lang='lat' dir='ltr'><strong>et</strong></span> <span class='ocrx_word' id='word_1_632' title='bbox 2336 3319 2588 3374; x_wconf 89' lang='lat' dir='ltr'><strong>magnum</strong></span> <span class='ocrx_word' id='word_1_633' title='bbox 2614 3319 2755 3370; x_wconf 91' lang='lat' dir='ltr'><strong>esse,</strong></span> <span class='ocrx_word' id='word_1_634' title='bbox 2779 3311 2834 3359; x_wconf 90' lang='lat' dir='ltr'><strong>et</strong></span> <span class='ocrx_word' id='word_1_635' title='bbox 2855 3319 2997 3370; x_wconf 89' lang='lat' dir='ltr'><strong>esse,</strong></span> <span class='ocrx_word' id='word_1_636' title='bbox 3015 3314 3067 3360; x_wconf 93' lang='lat' dir='ltr'><strong>et</strong></span> <span class='ocrx_word' id='word_1_637' title='bbox 3095 3308 3296 3362; x_wconf 91' lang='lat' dir='ltr'><strong>bonum</strong></span> <span class='ocrx_word' id='word_1_638' title='bbox 3326 3321 3470 3364; x_wconf 91' lang='lat' dir='ltr'><strong>esse.</strong></span> 
     </span>
    </p>
   </div>
   <div class='ocr_carea' id='block_1_77' title="bbox 1891 3393 3473 3464">
    <p class='ocr_par' dir='ltr' id='par_1_77' title="bbox 1891 3393 3473 3464">
     <span class='ocr_line' id='line_1_77' title="bbox 1891 3393 3473 3464; baseline 0.004 -16"><span class='ocrx_word' id='word_1_639' title='bbox 1891 3393 2185 3464; x_wconf 85' lang='lat' dir='ltr'><strong>Propterea</strong></span> <span class='ocrx_word' id='word_1_640' title='bbox 2215 3395 2355 3450; x_wconf 89' lang='lat' dir='ltr'><strong>sicut</strong></span> <span class='ocrx_word' id='word_1_641' title='bbox 2381 3410 2488 3450; x_wconf 91' lang='lat' dir='ltr'><strong>non</strong></span> <span class='ocrx_word' id='word_1_642' title='bbox 2516 3395 2744 3450; x_wconf 92' lang='lat' dir='ltr'><strong>dicimus</strong></span> <span class='ocrx_word' id='word_1_643' title='bbox 2771 3404 2883 3452; x_wconf 87' lang='lat' dir='ltr'><strong>tres</strong></span> <span class='ocrx_word' id='word_1_644' title='bbox 2918 3398 3080 3462; x_wconf 90' lang='lat' dir='ltr'><strong>deos,</strong></span> <span class='ocrx_word' id='word_1_645' title='bbox 3122 3414 3222 3454; x_wconf 85' lang='lat' dir='ltr'><strong>nec</strong></span> <span class='ocrx_word' id='word_1_646' title='bbox 3251 3407 3362 3455; x_wconf 85' lang='lat' dir='ltr'><strong>tres</strong></span> <span class='ocrx_word' id='word_1_647' title='bbox 3389 3414 3473 3456; x_wconf 88' lang='lat' dir='ltr'><strong>es-</strong></span> 
     </span>
    </p>
   </div>
   <div class='ocr_carea' id='block_1_78' title="bbox 1891 3488 3472 3559">
    <p class='ocr_par' dir='ltr' id='par_1_78' title="bbox 1891 3488 3472 3559">
     <span class='ocr_line' id='line_1_78' title="bbox 1891 3488 3472 3559; baseline 0.005 -18"><span class='ocrx_word' id='word_1_648' title='bbox 1891 3488 2115 3554; x_wconf 90' lang='lat' dir='ltr'><strong>sentias,</strong></span> <span class='ocrx_word' id='word_1_649' title='bbox 2147 3488 2226 3542; x_wconf 88' lang='lat' dir='ltr'><strong>sic</strong></span> <span class='ocrx_word' id='word_1_650' title='bbox 2258 3503 2362 3542; x_wconf 92' lang='lat' dir='ltr'><strong>non</strong></span> <span class='ocrx_word' id='word_1_651' title='bbox 2393 3488 2624 3543; x_wconf 92' lang='lat' dir='ltr'><strong>dicimus</strong></span> <span class='ocrx_word' id='word_1_652' title='bbox 2653 3497 2764 3544; x_wconf 91' lang='lat' dir='ltr'><strong>tres</strong></span> <span class='ocrx_word' id='word_1_653' title='bbox 2792 3489 3208 3559; x_wconf 84' lang='lat' dir='ltr'><strong>magnitudines,</strong></span> <span class='ocrx_word' id='word_1_654' title='bbox 3237 3507 3334 3547; x_wconf 90' lang='lat' dir='ltr'><strong>nec</strong></span> <span class='ocrx_word' id='word_1_655' title='bbox 3363 3501 3472 3549; x_wconf 91' lang='lat' dir='ltr'><strong>tres</strong></span> 
     </span>
    </p>
   </div>
   <div class='ocr_carea' id='block_1_79' title="bbox 1887 3580 3468 3646">
    <p class='ocr_par' dir='ltr' id='par_1_79' title="bbox 1887 3580 3468 3646">
     <span class='ocr_line' id='line_1_79' title="bbox 1887 3580 3468 3646; baseline 0.001 -11"><span class='ocrx_word' id='word_1_656' title='bbox 1887 3581 2185 3636; x_wconf 82' lang='lat' dir='ltr'><strong>bonitates:</strong></span> <span class='ocrx_word' id='word_1_657' title='bbox 2209 3580 2302 3635; x_wconf 90' lang='lat' dir='ltr'><strong>sed</strong></span> <span class='ocrx_word' id='word_1_658' title='bbox 2323 3595 2487 3633; x_wconf 92' lang='lat' dir='ltr'><strong>unum</strong></span> <span class='ocrx_word' id='word_1_659' title='bbox 2510 3580 2700 3645; x_wconf 90' lang='lat' dir='ltr'><strong>Deum,</strong></span> <span class='ocrx_word' id='word_1_660' title='bbox 2719 3596 2883 3634; x_wconf 90' lang='lat' dir='ltr'><strong>unam</strong></span> <span class='ocrx_word' id='word_1_661' title='bbox 2905 3582 3216 3646; x_wconf 86' lang='lat' dir='ltr'><strong>essentiam,</strong></span> <span class='ocrx_word' id='word_1_662' title='bbox 3235 3589 3289 3636; x_wconf 91' lang='lat' dir='ltr'><strong>et</strong></span> <span class='ocrx_word' id='word_1_663' title='bbox 3307 3597 3468 3637; x_wconf 84' lang='lat' dir='ltr'><strong>unam</strong></span> 
     </span>
    </p>
   </div>
   <div class='ocr_carea' id='block_1_80' title="bbox 1888 3674 2947 3746">
    <p class='ocr_par' dir='ltr' id='par_1_80' title="bbox 1888 3674 2947 3746">
     <span class='ocr_line' id='line_1_80' title="bbox 1888 3674 2947 3746; baseline -0.003 -15"><span class='ocrx_word' id='word_1_664' title='bbox 1888 3676 2334 3746; x_wconf 90' lang='lat' dir='ltr'><strong>magnitudinem,</strong></span> <span class='ocrx_word' id='word_1_665' title='bbox 2360 3682 2415 3729; x_wconf 89' lang='lat' dir='ltr'><strong>et</strong></span> <span class='ocrx_word' id='word_1_666' title='bbox 2442 3689 2606 3729; x_wconf 91' lang='lat' dir='ltr'><strong>unam</strong></span> <span class='ocrx_word' id='word_1_667' title='bbox 2631 3674 2947 3729; x_wconf 79' lang='lat' dir='ltr'><strong>bonitatem.</strong></span> 
     </span>
    </p>
   </div>
   <div class='ocr_carea' id='block_1_81' title="bbox 2117 3808 3239 3882">
    <p class='ocr_par' dir='ltr' id='par_1_81' title="bbox 2117 3808 3239 3882">
     <span class='ocr_line' id='line_1_81' title="bbox 2117 3808 3239 3882; baseline -0.004 -16"><span class='ocrx_word' id='word_1_668' title='bbox 2117 3809 2344 3866; x_wconf 83' lang='lat' dir='ltr'><strong>CAPUT</strong></span> <span class='ocrx_word' id='word_1_669' title='bbox 2381 3808 2491 3864; x_wconf 86' lang='lat' dir='ltr'><strong>VIII</strong></span> <span class='ocrx_word' id='word_1_670' title='bbox 2521 3809 2690 3882; x_wconf 69' lang='lat' dir='ltr'><strong>(non.</strong></span> <span class='ocrx_word' id='word_1_671' title='bbox 2717 3825 2835 3863; x_wconf 52' lang='lat' dir='ltr'><strong>cui.</strong></span> <span class='ocrx_word' id='word_1_672' title='bbox 2861 3824 2948 3873; x_wconf 83' lang='lat' dir='ltr'><strong>Ix;</strong></span> <span class='ocrx_word' id='word_1_673' title='bbox 2979 3825 3028 3863; x_wconf 70' lang='lat' dir='ltr'><strong>IN</strong></span> <span class='ocrx_word' id='word_1_674' title='bbox 3054 3825 3136 3864; x_wconf 78' lang='lat' dir='ltr'><strong>us.</strong></span> <span class='ocrx_word' id='word_1_675' title='bbox 3163 3809 3239 3880; x_wconf 71' lang='grc' dir='ltr'><strong>χ).</strong></span> 
     </span>
    </p>
   </div>
   <div class='ocr_carea' id='block_1_82' title="bbox 1890 3917 3470 3990">
    <p class='ocr_par' dir='ltr' id='par_1_82' title="bbox 1890 3917 3470 3990">
     <span class='ocr_line' id='line_1_82' title="bbox 1890 3917 3470 3990; baseline -0.004 -13"><span class='ocrx_word' id='word_1_676' title='bbox 1890 3922 2044 3989; x_wconf 88' lang='lat' dir='ltr'><strong>Quod</strong></span> <span class='ocrx_word' id='word_1_677' title='bbox 2071 3938 2172 3976; x_wconf 83' lang='lat' dir='ltr'><strong>non</strong></span> <span class='ocrx_word' id='word_1_678' title='bbox 2201 3923 2265 3974; x_wconf 87' lang='lat' dir='ltr'><strong>sit</strong></span> <span class='ocrx_word' id='word_1_679' title='bbox 2291 3921 2466 3990; x_wconf 85' lang='lat' dir='ltr'><strong>majus</strong></span> <span class='ocrx_word' id='word_1_680' title='bbox 2493 3919 2692 3990; x_wconf 87' lang='lat' dir='ltr'><strong>aliquid</strong></span> <span class='ocrx_word' id='word_1_681' title='bbox 2716 3919 2878 3972; x_wconf 89' lang='lat' dir='ltr'><strong>Pater</strong></span> <span class='ocrx_word' id='word_1_682' title='bbox 2902 3928 2948 3972; x_wconf 89' lang='lat' dir='ltr'><strong>et</strong></span> <span class='ocrx_word' id='word_1_683' title='bbox 2975 3917 3020 3970; x_wconf 86' lang='lat' dir='ltr'><strong><em>F</em></strong></span> <span class='ocrx_word' id='word_1_684' title='bbox 3023 3919 3143 3990; x_wconf 81' lang='lat' dir='ltr'><strong>ilius</strong></span> <span class='ocrx_word' id='word_1_685' title='bbox 3167 3929 3215 3972; x_wconf 88' lang='lat' dir='ltr'><strong>et</strong></span> <span class='ocrx_word' id='word_1_686' title='bbox 3241 3919 3470 3988; x_wconf 77' lang='lat' dir='ltr'><strong>Spiritus</strong></span> 
     </span>
    </p>
   </div>
   <div class='ocr_carea' id='block_1_83' title="bbox 1957 3989 3470 4060">
    <p class='ocr_par' dir='ltr' id='par_1_83' title="bbox 1957 3989 3470 4060">
     <span class='ocr_line' id='line_1_83' title="bbox 1957 3989 3470 4060; baseline -0.003 -13"><span class='ocrx_word' id='word_1_687' title='bbox 1957 4001 2169 4047; x_wconf 81' lang='lat' dir='ltr'><strong>sanctus</strong></span> <span class='ocrx_word' id='word_1_688' title='bbox 2200 3990 2356 4044; x_wconf 81' lang='lat' dir='ltr'><strong>simul</strong></span> <span class='ocrx_word' id='word_1_689' title='bbox 2376 3989 2539 4055; x_wconf 79' lang='lat' dir='ltr'><strong>dicti,</strong></span> <span class='ocrx_word' id='word_1_690' title='bbox 2577 3989 2736 4060; x_wconf 85' lang='lat' dir='ltr'><strong>quam</strong></span> <span class='ocrx_word' id='word_1_691' title='bbox 2788 3989 3130 4057; x_wconf 78' lang='lat' dir='ltr'><strong>unaquwlibet</strong></span> <span class='ocrx_word' id='word_1_692' title='bbox 3157 4004 3378 4057; x_wconf 83' lang='lat' dir='ltr'><strong>persona</strong></span> <span class='ocrx_word' id='word_1_693' title='bbox 3406 4004 3470 4042; x_wconf 79' lang='lat' dir='ltr'><strong>ea:</strong></span> 
     </span>
    </p>
   </div>
   <div class='ocr_carea' id='block_1_84' title="bbox 1957 4079 2051 4115">
    <p class='ocr_par' dir='ltr' id='par_1_84' title="bbox 1957 4079 2051 4115">
     <span class='ocr_line' id='line_1_84' title="bbox 1957 4079 2051 4115; baseline -0.011 0"><span class='ocrx_word' id='word_1_694' title='bbox 1957 4079 2051 4115; x_wconf 79' lang='lat' dir='ltr'><strong>eis.</strong></span> 
     </span>
    </p>
   </div>
   <div class='ocr_carea' id='block_1_85' title="bbox 1955 4165 3466 4242">
    <p class='ocr_par' dir='ltr' id='par_1_85' title="bbox 1955 4165 3466 4242">
     <span class='ocr_line' id='line_1_85' title="bbox 1955 4165 3466 4242; baseline -0.005 -17"><span class='ocrx_word' id='word_1_695' title='bbox 1955 4170 2170 4241; x_wconf 79' lang='lat' dir='ltr'><strong>Absque</strong></span> <span class='ocrx_word' id='word_1_696' title='bbox 2188 4169 2334 4224; x_wconf 92' lang='lat' dir='ltr'><strong>omni</strong></span> <span class='ocrx_word' id='word_1_697' title='bbox 2359 4167 2564 4224; x_wconf 90' lang='lat' dir='ltr'><strong>scilicet</strong></span> <span class='ocrx_word' id='word_1_698' title='bbox 2587 4165 2917 4221; x_wconf 88' lang='lat' dir='ltr'><strong>dubitatione</strong></span> <span class='ocrx_word' id='word_1_699' title='bbox 2937 4165 3083 4220; x_wconf 90' lang='lat' dir='ltr'><strong>credi</strong></span> <span class='ocrx_word' id='word_1_700' title='bbox 3104 4166 3466 4242; x_wconf 81' lang='lat' dir='ltr'><strong>necessarium</strong></span> 
     </span>
    </p>
   </div>
   <div class='ocr_carea' id='block_1_86' title="bbox 1887 4255 3469 4329">
    <p class='ocr_par' dir='ltr' id='par_1_86' title="bbox 1887 4255 3469 4329">
     <span class='ocr_line' id='line_1_86' title="bbox 1887 4255 3469 4329; baseline -0.006 -12"><span class='ocrx_word' id='word_1_701' title='bbox 1887 4269 1971 4317; x_wconf 92' lang='lat' dir='ltr'><strong>est</strong></span> <span class='ocrx_word' id='word_1_702' title='bbox 1995 4262 2141 4329; x_wconf 87' lang='lat' dir='ltr'><strong>quod</strong></span> <span class='ocrx_word' id='word_1_703' title='bbox 2183 4261 2342 4315; x_wconf 88' lang='lat' dir='ltr'><strong>Pater</strong></span> <span class='ocrx_word' id='word_1_704' title='bbox 2368 4258 2558 4328; x_wconf 90' lang='lat' dir='ltr'><strong>plenus</strong></span> <span class='ocrx_word' id='word_1_705' title='bbox 2598 4267 2653 4311; x_wconf 91' lang='lat' dir='ltr'><strong>et</strong></span> <span class='ocrx_word' id='word_1_706' title='bbox 2693 4255 2965 4326; x_wconf 85' lang='lat' dir='ltr'><strong>perfectus</strong></span> <span class='ocrx_word' id='word_1_707' title='bbox 2993 4263 3078 4310; x_wconf 90' lang='lat' dir='ltr'><strong>est</strong></span> <span class='ocrx_word' id='word_1_708' title='bbox 3102 4255 3268 4321; x_wconf 89' lang='lat' dir='ltr'><strong>Deus,</strong></span> <span class='ocrx_word' id='word_1_709' title='bbox 3298 4255 3469 4310; x_wconf 86' lang='lat' dir='ltr'><strong>Filius</strong></span> 
     </span>
    </p>
   </div>
   <div class='ocr_carea' id='block_1_87' title="bbox 209 4339 3468 4440">
    <p class='ocr_par' dir='ltr' id='par_1_87' title="bbox 209 4339 3468 4440">
     <span class='ocr_line' id='line_1_87' title="bbox 209 4339 3468 4440; baseline -0.002 -35"><span class='ocrx_word' id='word_1_710' title='bbox 209 4343 336 4412; x_wconf 66' lang='lat' dir='ltr'><strong>(lilia</strong></span> <span class='ocrx_word' id='word_1_711' title='bbox 385 4358 496 4396; x_wconf 78' lang='lat' dir='ltr'><strong>non</strong></span> <span class='ocrx_word' id='word_1_712' title='bbox 541 4342 692 4396; x_wconf 70' lang='grc' dir='ltr'>δὶωιιι</span> <span class='ocrx_word' id='word_1_713' title='bbox 733 4343 895 4396; x_wconf 74' lang='lat' dir='ltr'><strong>ambo</strong></span> <span class='ocrx_word' id='word_1_714' title='bbox 941 4341 1137 4406; x_wconf 71' lang='lat' dir='ltr'><strong>Filius;</strong></span> <span class='ocrx_word' id='word_1_715' title='bbox 1181 4356 1281 4395; x_wconf 75' lang='lat' dir='ltr'><strong>nec</strong></span> <span class='ocrx_word' id='word_1_716' title='bbox 1307 4340 1469 4395; x_wconf 67' lang='grc' dir='ltr'><strong>Ρθῐει*</strong></span> <span class='ocrx_word' id='word_1_717' title='bbox 1495 4340 1562 4394; x_wconf 76' lang='lat' dir='ltr'><strong>de</strong></span> <span class='ocrx_word' id='word_1_718' title='bbox 1599 4339 1780 4404; x_wconf 65' lang='lat' dir='ltr'><strong>Patre.</strong></span> <span class='ocrx_word' id='word_1_719' title='bbox 1816 4381 1862 4440; x_wconf 70' lang='grc' dir='ltr'>ο</span> <span class='ocrx_word' id='word_1_720' title='bbox 1884 4348 2075 4418; x_wconf 83' lang='lat' dir='ltr'><strong>plenus</strong></span> <span class='ocrx_word' id='word_1_721' title='bbox 2103 4356 2157 4402; x_wconf 90' lang='lat' dir='ltr'><strong>et</strong></span> <span class='ocrx_word' id='word_1_722' title='bbox 2179 4347 2450 4416; x_wconf 83' lang='lat' dir='ltr'><strong>perfectus</strong></span> <span class='ocrx_word' id='word_1_723' title='bbox 2475 4355 2560 4401; x_wconf 90' lang='lat' dir='ltr'><strong>est</strong></span> <span class='ocrx_word' id='word_1_724' title='bbox 2583 4347 2748 4411; x_wconf 89' lang='lat' dir='ltr'><strong>Deus,</strong></span> <span class='ocrx_word' id='word_1_725' title='bbox 2777 4345 3010 4415; x_wconf 87' lang='lat' dir='ltr'><strong>Spiritus</strong></span> <span class='ocrx_word' id='word_1_726' title='bbox 3037 4353 3254 4400; x_wconf 87' lang='lat' dir='ltr'><strong>sanctus</strong></span> <span class='ocrx_word' id='word_1_727' title='bbox 3279 4345 3468 4413; x_wconf 85' lang='lat' dir='ltr'><strong>plenus</strong></span> 
     </span>
    </p>
   </div>
   <div class='ocr_carea' id='block_1_88' title="bbox 208 4432 3468 4509">
    <p class='ocr_par' dir='ltr' id='par_1_88' title="bbox 208 4432 3468 4509">
     <span class='ocr_line' id='line_1_88' title="bbox 208 4432 3468 4509; baseline 0.001 -23"><span class='ocrx_word' id='word_1_728' title='bbox 208 4437 331 4505; x_wconf 88' lang='lat' dir='ltr'><strong>quia</strong></span> <span class='ocrx_word' id='word_1_729' title='bbox 359 4451 470 4490; x_wconf 91' lang='lat' dir='ltr'><strong>non</strong></span> <span class='ocrx_word' id='word_1_730' title='bbox 497 4435 647 4489; x_wconf 86' lang='lat' dir='ltr'><strong>simul</strong></span> <span class='ocrx_word' id='word_1_731' title='bbox 672 4435 833 4490; x_wconf 91' lang='lat' dir='ltr'><strong>ambo</strong></span> <span class='ocrx_word' id='word_1_732' title='bbox 857 4434 1019 4488; x_wconf 87' lang='lat' dir='ltr'><strong>Pater</strong></span> <span class='ocrx_word' id='word_1_733' title='bbox 1044 4433 1123 4506; x_wconf 89' lang='lat' dir='ltr'><strong>[et</strong></span> <span class='ocrx_word' id='word_1_734' title='bbox 1141 4433 1262 4489; x_wconf 84' lang='lat' dir='ltr'><strong>ideo</strong></span> <span class='ocrx_word' id='word_1_735' title='bbox 1281 4433 1423 4502; x_wconf 90' lang='lat' dir='ltr'><strong>quod</strong></span> <span class='ocrx_word' id='word_1_736' title='bbox 1444 4432 1782 4502; x_wconf 86' lang='lat' dir='ltr'><strong>Evangelista</strong></span> <span class='ocrx_word' id='word_1_737' title='bbox 1816 4432 1852 4440; x_wconf 65' lang='grc'><strong>⁷</strong></span> <span class='ocrx_word' id='word_1_738' title='bbox 1885 4447 1940 4493; x_wconf 91' lang='lat' dir='ltr'><strong>et</strong></span> <span class='ocrx_word' id='word_1_739' title='bbox 1964 4438 2237 4509; x_wconf 83' lang='lat' dir='ltr'><strong>perfectus</strong></span> <span class='ocrx_word' id='word_1_740' title='bbox 2266 4448 2350 4492; x_wconf 87' lang='lat' dir='ltr'><strong>est</strong></span> <span class='ocrx_word' id='word_1_741' title='bbox 2375 4438 2515 4492; x_wconf 90' lang='lat' dir='ltr'><strong>Deus</strong></span> <span class='ocrx_word' id='word_1_742' title='bbox 2542 4457 2552 4490; x_wconf 95' lang='lat'>:</span> <span class='ocrx_word' id='word_1_743' title='bbox 2589 4452 2695 4491; x_wconf 89' lang='lat' dir='ltr'><strong>non</strong></span> <span class='ocrx_word' id='word_1_744' title='bbox 2725 4447 2903 4491; x_wconf 90' lang='lat' dir='ltr'><strong>tamen</strong></span> <span class='ocrx_word' id='word_1_745' title='bbox 2945 4447 3055 4491; x_wconf 92' lang='lat' dir='ltr'><strong>tres</strong></span> <span class='ocrx_word' id='word_1_746' title='bbox 3085 4437 3188 4500; x_wconf 89' lang='lat' dir='ltr'><strong>dii,</strong></span> <span class='ocrx_word' id='word_1_747' title='bbox 3225 4435 3387 4489; x_wconf 90' lang='lat' dir='ltr'><strong>Pater</strong></span> <span class='ocrx_word' id='word_1_748' title='bbox 3412 4445 3468 4489; x_wconf 89' lang='lat' dir='ltr'><strong>et</strong></span> 
     </span>
    </p>
   </div>
   <div class='ocr_carea' id='block_1_89' title="bbox 208 4521 1785 4594">
    <p class='ocr_par' dir='ltr' id='par_1_89' title="bbox 208 4521 1785 4594">
     <span class='ocr_line' id='line_1_89' title="bbox 208 4521 1785 4594; baseline 0 -16"><span class='ocrx_word' id='word_1_749' title='bbox 208 4527 314 4579; x_wconf 89' lang='lat' dir='ltr'><strong>ait:</strong></span> <span class='ocrx_word' id='word_1_750' title='bbox 351 4525 422 4578; x_wconf 81' lang='lat' dir='ltr'><strong>Et</strong></span> <span class='ocrx_word' id='word_1_751' title='bbox 450 4525 654 4578; x_wconf 81' lang='lat' dir='ltr'><strong>rerbum</strong></span> <span class='ocrx_word' id='word_1_752' title='bbox 681 4533 793 4578; x_wconf 85' lang='lat' dir='ltr'><strong>erat</strong></span> <span class='ocrx_word' id='word_1_753' title='bbox 820 4523 961 4594; x_wconf 82' lang='lat' dir='ltr'><strong>apud</strong></span> <span class='ocrx_word' id='word_1_754' title='bbox 989 4523 1186 4588; x_wconf 83' lang='lat' dir='ltr'><strong>Deum;</strong></span> <span class='ocrx_word' id='word_1_755' title='bbox 1222 4521 1450 4577; x_wconf 88' lang='lat' dir='ltr'><strong>multum</strong></span> <span class='ocrx_word' id='word_1_756' title='bbox 1479 4529 1595 4588; x_wconf 88' lang='lat' dir='ltr'><strong>est,</strong></span> <span class='ocrx_word' id='word_1_757' title='bbox 1620 4530 1680 4577; x_wconf 91' lang='lat' dir='ltr'><strong>ut</strong></span> <span class='ocrx_word' id='word_1_758' title='bbox 1707 4523 1785 4578; x_wconf 89' lang='lat' dir='ltr'><strong>sic</strong></span> 
     </span>
    </p>
   </div>
   <div class='ocr_carea' id='block_1_90' title="bbox 206 4611 1788 4685">
    <p class='ocr_par' dir='ltr' id='par_1_90' title="bbox 206 4611 1788 4685">
     <span class='ocr_line' id='line_1_90' title="bbox 206 4611 1788 4685; baseline -0.003 -15"><span class='ocrx_word' id='word_1_759' title='bbox 206 4616 564 4685; x_wconf 81' lang='lat' dir='ltr'><strong>intelligatur;</strong></span> <span class='ocrx_word' id='word_1_760' title='bbox 599 4613 867 4679; x_wconf 86' lang='lat' dir='ltr'><strong>Verbum,</strong></span> <span class='ocrx_word' id='word_1_761' title='bbox 913 4614 1056 4683; x_wconf 89' lang='lat' dir='ltr'><strong>quod</strong></span> <span class='ocrx_word' id='word_1_762' title='bbox 1089 4613 1237 4668; x_wconf 91' lang='lat' dir='ltr'><strong>solus</strong></span> <span class='ocrx_word' id='word_1_763' title='bbox 1283 4620 1367 4666; x_wconf 91' lang='lat' dir='ltr'><strong>est</strong></span> <span class='ocrx_word' id='word_1_764' title='bbox 1412 4611 1617 4677; x_wconf 87' lang='lat' dir='ltr'><strong>Filius,</strong></span> <span class='ocrx_word' id='word_1_765' title='bbox 1669 4619 1788 4667; x_wconf 88' lang='lat' dir='ltr'><strong>erat</strong></span> 
     </span>
    </p>
   </div>
   <div class='ocr_carea' id='block_1_91' title="bbox 206 4701 1786 4778">
    <p class='ocr_par' dir='ltr' id='par_1_91' title="bbox 206 4701 1786 4778">
     <span class='ocr_line' id='line_1_91' title="bbox 206 4701 1786 4778; baseline -0.001 -18"><span class='ocrx_word' id='word_1_766' title='bbox 206 4709 337 4778; x_wconf 83' lang='lat' dir='ltr'><strong>apud</strong></span> <span class='ocrx_word' id='word_1_767' title='bbox 383 4707 582 4770; x_wconf 90' lang='lat' dir='ltr'><strong>Deum,</strong></span> <span class='ocrx_word' id='word_1_768' title='bbox 627 4705 769 4775; x_wconf 89' lang='lat' dir='ltr'><strong>quod</strong></span> <span class='ocrx_word' id='word_1_769' title='bbox 809 4720 914 4759; x_wconf 93' lang='lat' dir='ltr'><strong>non</strong></span> <span class='ocrx_word' id='word_1_770' title='bbox 943 4703 1068 4776; x_wconf 80' lang='lat' dir='ltr'><strong>(Ms.</strong></span> <span class='ocrx_word' id='word_1_771' title='bbox 1099 4703 1281 4768; x_wconf 85' lang='lat' dir='ltr'><strong>Vind.,</strong></span> <span class='ocrx_word' id='word_1_772' title='bbox 1310 4719 1417 4758; x_wconf 90' lang='lat' dir='ltr'><strong>non</strong></span> <span class='ocrx_word' id='word_1_773' title='bbox 1445 4701 1609 4773; x_wconf 89' lang='lat' dir='ltr'><strong>quod)</strong></span> <span class='ocrx_word' id='word_1_774' title='bbox 1639 4703 1786 4758; x_wconf 90' lang='lat' dir='ltr'><strong>solus</strong></span> 
     </span>
    </p>
   </div>
   <div class='ocr_carea' id='block_1_92' title="bbox 204 4793 1784 4866">
    <p class='ocr_par' dir='ltr' id='par_1_92' title="bbox 204 4793 1784 4866">
     <span class='ocr_line' id='line_1_92' title="bbox 204 4793 1784 4866; baseline -0.001 -15"><span class='ocrx_word' id='word_1_775' title='bbox 204 4806 280 4851; x_wconf 86' lang='lat' dir='ltr'><strong>est</strong></span> <span class='ocrx_word' id='word_1_776' title='bbox 310 4793 530 4866; x_wconf 86' lang='lat' dir='ltr'><strong>Pater],</strong></span> <span class='ocrx_word' id='word_1_777' title='bbox 553 4795 648 4849; x_wconf 90' lang='lat' dir='ltr'><strong>sed</strong></span> <span class='ocrx_word' id='word_1_778' title='bbox 690 4795 852 4849; x_wconf 88' lang='lat' dir='ltr'><strong>Pater</strong></span> <span class='ocrx_word' id='word_1_779' title='bbox 879 4802 934 4848; x_wconf 91' lang='lat' dir='ltr'><strong>et</strong></span> <span class='ocrx_word' id='word_1_780' title='bbox 960 4793 1128 4848; x_wconf 86' lang='lat' dir='ltr'><strong>Filius</strong></span> <span class='ocrx_word' id='word_1_781' title='bbox 1166 4793 1327 4848; x_wconf 91' lang='lat' dir='ltr'><strong>simul</strong></span> <span class='ocrx_word' id='word_1_782' title='bbox 1364 4793 1526 4848; x_wconf 92' lang='lat' dir='ltr'><strong>Deus.</strong></span> <span class='ocrx_word' id='word_1_783' title='bbox 1575 4793 1634 4848; x_wconf 91' lang='lat' dir='ltr'><strong>In</strong></span> <span class='ocrx_word' id='word_1_784' title='bbox 1676 4809 1784 4863; x_wconf 94' lang='lat' dir='ltr'><strong>quo</strong></span> 
     </span>
    </p>
   </div>
   <div class='ocr_carea' id='block_1_93' title="bbox 202 4883 1780 4958">
    <p class='ocr_par' dir='ltr' id='par_1_93' title="bbox 202 4883 1780 4958">
     <span class='ocr_line' id='line_1_93' title="bbox 202 4883 1780 4958; baseline -0.002 -16"><span class='ocrx_word' id='word_1_785' title='bbox 202 4888 438 4958; x_wconf 74' lang='lat' dir='ltr'><strong>perfecte</strong></span> <span class='ocrx_word' id='word_1_786' title='bbox 463 4885 797 4954; x_wconf 88' lang='lat' dir='ltr'><strong>intelligitur,</strong></span> <span class='ocrx_word' id='word_1_787' title='bbox 821 4885 963 4955; x_wconf 90' lang='lat' dir='ltr'><strong>quod</strong></span> <span class='ocrx_word' id='word_1_788' title='bbox 987 4900 1091 4938; x_wconf 96' lang='lat' dir='ltr'><strong>non</strong></span> <span class='ocrx_word' id='word_1_789' title='bbox 1119 4884 1397 4954; x_wconf 66' lang='lat' dir='ltr'><strong>praecessit</strong></span> <span class='ocrx_word' id='word_1_790' title='bbox 1417 4883 1627 4954; x_wconf 84' lang='lat' dir='ltr'><strong>genitor</strong></span> <span class='ocrx_word' id='word_1_791' title='bbox 1653 4883 1780 4938; x_wconf 92' lang='lat' dir='ltr'><strong>illud</strong></span> 
     </span>
    </p>
   </div>
   <div class='ocr_carea' id='block_1_94' title="bbox 203 4973 1779 5049">
    <p class='ocr_par' dir='ltr' id='par_1_94' title="bbox 203 4973 1779 5049">
     <span class='ocr_line' id='line_1_94' title="bbox 203 4973 1779 5049; baseline -0.005 -14"><span class='ocrx_word' id='word_1_792' title='bbox 203 4980 336 5048; x_wconf 80' lang='lat' dir='ltr'><strong>quod</strong></span> <span class='ocrx_word' id='word_1_793' title='bbox 369 4978 598 5049; x_wconf 89' lang='lat' dir='ltr'><strong>genuit;</strong></span> <span class='ocrx_word' id='word_1_794' title='bbox 639 4986 692 5032; x_wconf 92' lang='lat' dir='ltr'><strong>et</strong></span> <span class='ocrx_word' id='word_1_795' title='bbox 717 4978 860 5047; x_wconf 90' lang='lat' dir='ltr'><strong>quod</strong></span> <span class='ocrx_word' id='word_1_796' title='bbox 891 4977 1004 5047; x_wconf 90' lang='lat' dir='ltr'><strong>ipse</strong></span> <span class='ocrx_word' id='word_1_797' title='bbox 1032 4977 1085 5030; x_wconf 91' lang='lat' dir='ltr'><strong>in</strong></span> <span class='ocrx_word' id='word_1_798' title='bbox 1117 4975 1407 5046; x_wconf 85' lang='lat' dir='ltr'><strong>Evangelio</strong></span> <span class='ocrx_word' id='word_1_799' title='bbox 1437 4975 1513 5028; x_wconf 91' lang='lat' dir='ltr'><strong>ait</strong></span> <span class='ocrx_word' id='word_1_800' title='bbox 1539 4989 1554 5027; x_wconf 87' lang='lat'><strong>:</strong></span> <span class='ocrx_word' id='word_1_801' title='bbox 1595 4973 1705 5044; x_wconf 86' lang='lat' dir='ltr'><strong>Ego</strong></span> <span class='ocrx_word' id='word_1_802' title='bbox 1732 4983 1779 5028; x_wconf 90' lang='lat' dir='ltr'><strong>et</strong></span> 
     </span>
    </p>
   </div>
   <div class='ocr_carea' id='block_1_95' title="bbox 200 5065 1778 5140">
    <p class='ocr_par' dir='ltr' id='par_1_95' title="bbox 200 5065 1778 5140">
     <span class='ocr_line' id='line_1_95' title="bbox 200 5065 1778 5140; baseline -0.001 -18"><span class='ocrx_word' id='word_1_803' title='bbox 200 5068 362 5125; x_wconf 77' lang='lat' dir='ltr'><strong>Pater</strong></span> <span class='ocrx_word' id='word_1_804' title='bbox 388 5085 554 5123; x_wconf 72' lang='lat' dir='ltr'><strong>unum</strong></span> <span class='ocrx_word' id='word_1_805' title='bbox 588 5086 765 5123; x_wconf 78' lang='lat' dir='ltr'><strong>sumus</strong></span> <span class='ocrx_word' id='word_1_806' title='bbox 793 5068 974 5140; x_wconf 85' lang='lat' dir='ltr'><strong>(Joan.</strong></span> <span class='ocrx_word' id='word_1_807' title='bbox 1005 5085 1060 5132; x_wconf 73' lang='grc' dir='ltr'><strong>ι,</strong></span> <span class='ocrx_word' id='word_1_808' title='bbox 1088 5067 1200 5137; x_wconf 78' lang='grc'><strong>50).</strong></span> <span class='ocrx_word' id='word_1_809' title='bbox 1244 5065 1417 5120; x_wconf 85' lang='lat' dir='ltr'><strong>Unum</strong></span> <span class='ocrx_word' id='word_1_810' title='bbox 1444 5083 1647 5129; x_wconf 85' lang='lat' dir='ltr'><strong>sumus,</strong></span> <span class='ocrx_word' id='word_1_811' title='bbox 1681 5067 1778 5129; x_wconf 85' lang='lat' dir='ltr'><strong>ait,</strong></span> 
     </span>
    </p>
   </div>
   <div class='ocr_carea' id='block_1_96' title="bbox 198 5157 1778 5233">
    <p class='ocr_par' dir='ltr' id='par_1_96' title="bbox 198 5157 1778 5233">
     <span class='ocr_line' id='line_1_96' title="bbox 198 5157 1778 5233; baseline -0.006 -15"><span class='ocrx_word' id='word_1_812' title='bbox 198 5164 244 5218; x_wconf 90' lang='lat' dir='ltr'><strong>id</strong></span> <span class='ocrx_word' id='word_1_813' title='bbox 268 5173 379 5227; x_wconf 85' lang='lat' dir='ltr'><strong>est,</strong></span> <span class='ocrx_word' id='word_1_814' title='bbox 409 5161 556 5233; x_wconf 88' lang='lat' dir='ltr'><strong>quod</strong></span> <span class='ocrx_word' id='word_1_815' title='bbox 585 5163 694 5228; x_wconf 92' lang='lat' dir='ltr'><strong>ille,</strong></span> <span class='ocrx_word' id='word_1_816' title='bbox 732 5163 836 5216; x_wconf 91' lang='lat' dir='ltr'><strong>hoc</strong></span> <span class='ocrx_word' id='word_1_817' title='bbox 882 5169 938 5215; x_wconf 90' lang='lat' dir='ltr'><strong>et</strong></span> <span class='ocrx_word' id='word_1_818' title='bbox 981 5176 1081 5231; x_wconf 86' lang='lat' dir='ltr'><strong>ego</strong></span> <span class='ocrx_word' id='word_1_819' title='bbox 1129 5158 1420 5214; x_wconf 90' lang='lat' dir='ltr'><strong>secundum</strong></span> <span class='ocrx_word' id='word_1_820' title='bbox 1464 5157 1778 5220; x_wconf 88' lang='lat' dir='ltr'><strong>essentiam,</strong></span> 
     </span>
    </p>
   </div>
   <div class='ocr_carea' id='block_1_97' title="bbox 196 5245 1783 5323">
    <p class='ocr_par' dir='ltr' id='par_1_97' title="bbox 196 5245 1783 5323">
     <span class='ocr_line' id='line_1_97' title="bbox 196 5245 1783 5323; baseline -0.007 -13"><span class='ocrx_word' id='word_1_821' title='bbox 196 5272 296 5310; x_wconf 90' lang='lat' dir='ltr'><strong>non</strong></span> <span class='ocrx_word' id='word_1_822' title='bbox 326 5255 631 5310; x_wconf 83' lang='lat' dir='ltr'><strong>secundum</strong></span> <span class='ocrx_word' id='word_1_823' title='bbox 664 5253 948 5309; x_wconf 89' lang='lat' dir='ltr'><strong>relativum</strong></span> <span class='ocrx_word' id='word_1_824' title='bbox 973 5249 1107 5323; x_wconf 85' lang='lat' dir='ltr'><strong>[At.,</strong></span> <span class='ocrx_word' id='word_1_825' title='bbox 1132 5247 1493 5318; x_wconf 89' lang='lat' dir='ltr'><strong>relationem].</strong></span> <span class='ocrx_word' id='word_1_826' title='bbox 1525 5245 1678 5312; x_wconf 89' lang='lat' dir='ltr'><strong>Quod</strong></span> <span class='ocrx_word' id='word_1_827' title='bbox 1704 5246 1783 5300; x_wconf 83' lang='lat' dir='ltr'><strong>di—</strong></span> 
     </span>
    </p>
   </div>
   <div class='ocr_carea' id='block_1_98' title="bbox 193 5337 1782 5408">
    <p class='ocr_par' dir='ltr' id='par_1_98' title="bbox 193 5337 1782 5408">
     <span class='ocr_line' id='line_1_98' title="bbox 193 5337 1782 5408; baseline -0.007 -7"><span class='ocrx_word' id='word_1_828' title='bbox 193 5348 370 5401; x_wconf 80' lang='lat' dir='ltr'><strong>cimus</strong></span> <span class='ocrx_word' id='word_1_829' title='bbox 391 5345 575 5400; x_wconf 88' lang='lat' dir='ltr'><strong>lumen</strong></span> <span class='ocrx_word' id='word_1_830' title='bbox 603 5345 670 5399; x_wconf 90' lang='lat' dir='ltr'><strong>de</strong></span> <span class='ocrx_word' id='word_1_831' title='bbox 699 5343 924 5408; x_wconf 88' lang='lat' dir='ltr'><strong>lumine,</strong></span> <span class='ocrx_word' id='word_1_832' title='bbox 951 5358 1056 5397; x_wconf 87' lang='lat' dir='ltr'><strong>nun</strong></span> <span class='ocrx_word' id='word_1_833' title='bbox 1081 5342 1187 5396; x_wconf 92' lang='lat' dir='ltr'><strong>duo</strong></span> <span class='ocrx_word' id='word_1_834' title='bbox 1214 5340 1412 5393; x_wconf 90' lang='lat' dir='ltr'><strong>lumina</strong></span> <span class='ocrx_word' id='word_1_835' title='bbox 1441 5337 1782 5407; x_wconf 88' lang='lat' dir='ltr'><strong>intelligenda</strong></span> 
     </span>
    </p>
   </div>
   <div class='ocr_carea' id='block_1_99' title="bbox 192 5429 1782 5506">
    <p class='ocr_par' dir='ltr' id='par_1_99' title="bbox 192 5429 1782 5506">
     <span class='ocr_line' id='line_1_99' title="bbox 192 5429 1782 5506; baseline -0.007 -13"><span class='ocrx_word' id='word_1_836' title='bbox 192 5448 351 5499; x_wconf 79' lang='lat' dir='ltr'><strong>sunt,</strong></span> <span class='ocrx_word' id='word_1_837' title='bbox 381 5437 467 5490; x_wconf 78' lang='lat' dir='ltr'><strong>vel</strong></span> <span class='ocrx_word' id='word_1_838' title='bbox 510 5437 782 5506; x_wconf 86' lang='lat' dir='ltr'><strong>separatio</strong></span> <span class='ocrx_word' id='word_1_839' title='bbox 825 5435 1074 5498; x_wconf 86' lang='lat' dir='ltr'><strong>luminis;</strong></span> <span class='ocrx_word' id='word_1_840' title='bbox 1125 5432 1219 5487; x_wconf 85' lang='lat' dir='ltr'><strong>sed</strong></span> <span class='ocrx_word' id='word_1_841' title='bbox 1267 5431 1340 5485; x_wconf 89' lang='lat' dir='ltr'><strong>ita</strong></span> <span class='ocrx_word' id='word_1_842' title='bbox 1385 5429 1782 5498; x_wconf 86' lang='lat' dir='ltr'><strong>intelligendum</strong></span> 
     </span>
    </p>
   </div>
   <div class='ocr_carea' id='block_1_100' title="bbox 1888 4525 3468 4596">
    <p class='ocr_par' dir='ltr' id='par_1_100' title="bbox 1888 4525 3468 4596">
     <span class='ocr_line' id='line_1_100' title="bbox 1888 4525 3468 4596; baseline -0.003 -13"><span class='ocrx_word' id='word_1_843' title='bbox 1888 4529 2080 4594; x_wconf 85' lang='lat' dir='ltr'><strong>Filius,</strong></span> <span class='ocrx_word' id='word_1_844' title='bbox 2111 4536 2166 4582; x_wconf 90' lang='lat' dir='ltr'><strong>et</strong></span> <span class='ocrx_word' id='word_1_845' title='bbox 2201 4527 2436 4596; x_wconf 83' lang='lat' dir='ltr'><strong>Spiritus</strong></span> <span class='ocrx_word' id='word_1_846' title='bbox 2468 4537 2704 4590; x_wconf 90' lang='lat' dir='ltr'><strong>sanctus,</strong></span> <span class='ocrx_word' id='word_1_847' title='bbox 2737 4527 2829 4580; x_wconf 90' lang='lat' dir='ltr'><strong>sed</strong></span> <span class='ocrx_word' id='word_1_848' title='bbox 2858 4542 2998 4580; x_wconf 90' lang='lat' dir='ltr'><strong>unus</strong></span> <span class='ocrx_word' id='word_1_849' title='bbox 3029 4526 3169 4579; x_wconf 93' lang='lat' dir='ltr'><strong>Deus</strong></span> <span class='ocrx_word' id='word_1_850' title='bbox 3194 4525 3384 4594; x_wconf 89' lang='lat' dir='ltr'><strong>plenus</strong></span> <span class='ocrx_word' id='word_1_851' title='bbox 3412 4535 3468 4579; x_wconf 90' lang='lat' dir='ltr'><strong>et</strong></span> 
     </span>
    </p>
   </div>
   <div class='ocr_carea' id='block_1_101' title="bbox 1880 4615 3460 4693">
    <p class='ocr_par' dir='ltr' id='par_1_101' title="bbox 1880 4615 3460 4693">
     <span class='ocr_line' id='line_1_101' title="bbox 1880 4615 3460 4693; baseline -0.001 -20"><span class='ocrx_word' id='word_1_852' title='bbox 1880 4618 2178 4693; x_wconf 82' lang='lat' dir='ltr'><strong>perfectus.</strong></span> <span class='ocrx_word' id='word_1_853' title='bbox 2214 4617 2324 4673; x_wconf 80' lang='lat' dir='ltr'><strong>Nec</strong></span> <span class='ocrx_word' id='word_1_854' title='bbox 2353 4619 2553 4687; x_wconf 90' lang='lat' dir='ltr'><strong>aliquid</strong></span> <span class='ocrx_word' id='word_1_855' title='bbox 2580 4619 2753 4687; x_wconf 83' lang='lat' dir='ltr'><strong>majus</strong></span> <span class='ocrx_word' id='word_1_856' title='bbox 2784 4625 2892 4670; x_wconf 88' lang='lat' dir='ltr'><strong>tres</strong></span> <span class='ocrx_word' id='word_1_857' title='bbox 2917 4615 3074 4670; x_wconf 91' lang='lat' dir='ltr'><strong>simul</strong></span> <span class='ocrx_word' id='word_1_858' title='bbox 3104 4617 3252 4680; x_wconf 89' lang='lat' dir='ltr'><strong>dicti,</strong></span> <span class='ocrx_word' id='word_1_859' title='bbox 3280 4616 3460 4684; x_wconf 85' lang='lat' dir='ltr'><strong>Pater,</strong></span> 
     </span>
    </p>
   </div>
   <div class='ocr_carea' id='block_1_102' title="bbox 1874 4707 3459 4778">
    <p class='ocr_par' dir='ltr' id='par_1_102' title="bbox 1874 4707 3459 4778">
     <span class='ocr_line' id='line_1_102' title="bbox 1874 4707 3459 4778; baseline 0 -15"><span class='ocrx_word' id='word_1_860' title='bbox 1874 4717 1940 4763; x_wconf 73' lang='lat' dir='ltr'><strong>et</strong></span> <span class='ocrx_word' id='word_1_861' title='bbox 1965 4709 2154 4774; x_wconf 89' lang='lat' dir='ltr'><strong>Filius,</strong></span> <span class='ocrx_word' id='word_1_862' title='bbox 2199 4716 2254 4764; x_wconf 90' lang='lat' dir='ltr'><strong>et</strong></span> <span class='ocrx_word' id='word_1_863' title='bbox 2297 4707 2529 4778; x_wconf 88' lang='lat' dir='ltr'><strong>Spiritus</strong></span> <span class='ocrx_word' id='word_1_864' title='bbox 2556 4717 2796 4768; x_wconf 88' lang='lat' dir='ltr'><strong>sanctus,</strong></span> <span class='ocrx_word' id='word_1_865' title='bbox 2838 4721 3000 4774; x_wconf 90' lang='lat' dir='ltr'><strong>quam</strong></span> <span class='ocrx_word' id='word_1_866' title='bbox 3042 4707 3459 4776; x_wconf 88' lang='lat' dir='ltr'><strong>unusquislibet.</strong></span> 
     </span>
    </p>
   </div>
   <div class='ocr_carea' id='block_1_103' title="bbox 1883 4794 3458 4868">
    <p class='ocr_par' dir='ltr' id='par_1_103' title="bbox 1883 4794 3458 4868">
     <span class='ocr_line' id='line_1_103' title="bbox 1883 4794 3458 4868; baseline 0.001 -16"><span class='ocrx_word' id='word_1_867' title='bbox 1883 4800 1969 4854; x_wconf 85' lang='lat' dir='ltr'><strong>vel</strong></span> <span class='ocrx_word' id='word_1_868' title='bbox 2017 4797 2199 4863; x_wconf 87' lang='lat' dir='ltr'><strong>Pater,</strong></span> <span class='ocrx_word' id='word_1_869' title='bbox 2250 4799 2333 4853; x_wconf 82' lang='lat' dir='ltr'><strong>vel</strong></span> <span class='ocrx_word' id='word_1_870' title='bbox 2381 4797 2566 4861; x_wconf 89' lang='lat' dir='ltr'><strong>Filius,</strong></span> <span class='ocrx_word' id='word_1_871' title='bbox 2616 4795 2697 4849; x_wconf 88' lang='lat' dir='ltr'><strong>vel</strong></span> <span class='ocrx_word' id='word_1_872' title='bbox 2747 4794 2981 4863; x_wconf 89' lang='lat' dir='ltr'><strong>Spiritus</strong></span> <span class='ocrx_word' id='word_1_873' title='bbox 3027 4806 3286 4862; x_wconf 85' lang='lat' dir='ltr'><strong>sanctus;</strong></span> <span class='ocrx_word' id='word_1_874' title='bbox 3335 4800 3458 4868; x_wconf 90' lang='lat' dir='ltr'><strong>quia</strong></span> 
     </span>
    </p>
   </div>
   <div class='ocr_carea' id='block_1_104' title="bbox 1881 4888 3457 4960">
    <p class='ocr_par' dir='ltr' id='par_1_104' title="bbox 1881 4888 3457 4960">
     <span class='ocr_line' id='line_1_104' title="bbox 1881 4888 3457 4960; baseline -0.003 -15"><span class='ocrx_word' id='word_1_875' title='bbox 1881 4891 2070 4945; x_wconf 87' lang='lat' dir='ltr'><strong>eadem</strong></span> <span class='ocrx_word' id='word_1_876' title='bbox 2102 4890 2412 4960; x_wconf 82' lang='lat' dir='ltr'><strong>magnitudo</strong></span> <span class='ocrx_word' id='word_1_877' title='bbox 2439 4897 2520 4942; x_wconf 89' lang='lat' dir='ltr'><strong>est</strong></span> <span class='ocrx_word' id='word_1_878' title='bbox 2564 4888 2618 4940; x_wconf 87' lang='lat' dir='ltr'><strong>in</strong></span> <span class='ocrx_word' id='word_1_879' title='bbox 2663 4901 2985 4956; x_wconf 87' lang='lat' dir='ltr'><strong>unaquaque</strong></span> <span class='ocrx_word' id='word_1_880' title='bbox 3025 4902 3255 4956; x_wconf 89' lang='lat' dir='ltr'><strong>persona</strong></span> <span class='ocrx_word' id='word_1_881' title='bbox 3296 4889 3457 4943; x_wconf 87' lang='lat' dir='ltr'><strong>semel</strong></span> 
     </span>
    </p>
   </div>
   <div class='ocr_carea' id='block_1_105' title="bbox 1881 4965 3456 5047">
    <p class='ocr_par' dir='ltr' id='par_1_105' title="bbox 1881 4965 3456 5047">
     <span class='ocr_line' id='line_1_105' title="bbox 1881 4965 3456 5047; baseline -0.004 -13"><span class='ocrx_word' id='word_1_882' title='bbox 1881 4979 2040 5041; x_wconf 89' lang='lat' dir='ltr'><strong>dicta,</strong></span> <span class='ocrx_word' id='word_1_883' title='bbox 2060 4994 2178 5047; x_wconf 77' lang='lat' dir='ltr'><strong>quae</strong></span> <span class='ocrx_word' id='word_1_884' title='bbox 2197 4987 2281 5033; x_wconf 90' lang='lat' dir='ltr'><strong>est</strong></span> <span class='ocrx_word' id='word_1_885' title='bbox 2300 4978 2352 5030; x_wconf 91' lang='lat' dir='ltr'><strong>in</strong></span> <span class='ocrx_word' id='word_1_886' title='bbox 2377 4976 2549 5029; x_wconf 89' lang='lat' dir='ltr'><strong>tribus</strong></span> <span class='ocrx_word' id='word_1_887' title='bbox 2565 4976 2811 5046; x_wconf 89' lang='lat' dir='ltr'><strong>personis</strong></span> <span class='ocrx_word' id='word_1_888' title='bbox 2830 4976 2986 5031; x_wconf 90' lang='lat' dir='ltr'><strong>simul</strong></span> <span class='ocrx_word' id='word_1_889' title='bbox 3010 4965 3318 5032; x_wconf 48' lang='lat' dir='ltr'><strong>nominatis:</strong></span> <span class='ocrx_word' id='word_1_890' title='bbox 3343 4977 3456 5030; x_wconf 83' lang='lat' dir='ltr'><strong>Non</strong></span> 
     </span>
    </p>
   </div>
   <div class='ocr_carea' id='block_1_106' title="bbox 1882 5067 3459 5138">
    <p class='ocr_par' dir='ltr' id='par_1_106' title="bbox 1882 5067 3459 5138">
     <span class='ocr_line' id='line_1_106' title="bbox 1882 5067 3459 5138; baseline -0.001 -14"><span class='ocrx_word' id='word_1_891' title='bbox 1882 5071 1956 5124; x_wconf 87' lang='lat' dir='ltr'><strong>ita</strong></span> <span class='ocrx_word' id='word_1_892' title='bbox 1985 5070 2214 5124; x_wconf 90' lang='lat' dir='ltr'><strong>dicimus</strong></span> <span class='ocrx_word' id='word_1_893' title='bbox 2247 5070 2299 5122; x_wconf 92' lang='lat' dir='ltr'><strong>iu</strong></span> <span class='ocrx_word' id='word_1_894' title='bbox 2330 5067 2638 5123; x_wconf 90' lang='lat' dir='ltr'><strong>hominibus</strong></span> <span class='ocrx_word' id='word_1_895' title='bbox 2667 5068 2782 5123; x_wconf 85' lang='lat' dir='ltr'><strong>ﬁeri</strong></span> <span class='ocrx_word' id='word_1_896' title='bbox 2817 5085 3005 5138; x_wconf 88' lang='lat' dir='ltr'><strong>posse;</strong></span> <span class='ocrx_word' id='word_1_897' title='bbox 3045 5070 3315 5123; x_wconf 80' lang='lat' dir='ltr'><strong>Abraham</strong></span> <span class='ocrx_word' id='word_1_898' title='bbox 3346 5068 3459 5137; x_wconf 61' lang='lat' dir='ltr'><strong>plc«</strong></span> 
     </span>
    </p>
   </div>
   <div class='ocr_carea' id='block_1_107' title="bbox 1881 5157 3456 5226">
    <p class='ocr_par' dir='ltr' id='par_1_107' title="bbox 1881 5157 3456 5226">
     <span class='ocr_line' id='line_1_107' title="bbox 1881 5157 3456 5226; baseline 0 -13"><span class='ocrx_word' id='word_1_899' title='bbox 1881 5175 1983 5213; x_wconf 91' lang='lat' dir='ltr'><strong>nus</strong></span> <span class='ocrx_word' id='word_1_900' title='bbox 2009 5161 2193 5222; x_wconf 92' lang='lat' dir='ltr'><strong>homo,</strong></span> <span class='ocrx_word' id='word_1_901' title='bbox 2234 5158 2386 5212; x_wconf 90' lang='lat' dir='ltr'><strong>Isaac</strong></span> <span class='ocrx_word' id='word_1_902' title='bbox 2424 5157 2614 5226; x_wconf 92' lang='lat' dir='ltr'><strong>plenus</strong></span> <span class='ocrx_word' id='word_1_903' title='bbox 2657 5159 2838 5222; x_wconf 92' lang='lat' dir='ltr'><strong>homo,</strong></span> <span class='ocrx_word' id='word_1_904' title='bbox 2869 5157 3034 5212; x_wconf 83' lang='lat' dir='ltr'><strong>Jacob</strong></span> <span class='ocrx_word' id='word_1_905' title='bbox 3059 5157 3249 5226; x_wconf 87' lang='lat' dir='ltr'><strong>plenus</strong></span> <span class='ocrx_word' id='word_1_906' title='bbox 3275 5157 3456 5220; x_wconf 86' lang='lat' dir='ltr'><strong>homo,</strong></span> 
     </span>
    </p>
   </div>
   <div class='ocr_carea' id='block_1_108' title="bbox 1881 5246 3457 5314">
    <p class='ocr_par' dir='ltr' id='par_1_108' title="bbox 1881 5246 3457 5314">
     <span class='ocr_line' id='line_1_108' title="bbox 1881 5246 3457 5314; baseline -0.001 -12"><span class='ocrx_word' id='word_1_907' title='bbox 1881 5256 1937 5302; x_wconf 91' lang='lat' dir='ltr'><strong>et</strong></span> <span class='ocrx_word' id='word_1_908' title='bbox 1961 5249 2015 5302; x_wconf 91' lang='lat' dir='ltr'><strong>hi</strong></span> <span class='ocrx_word' id='word_1_909' title='bbox 2045 5263 2232 5301; x_wconf 86' lang='lat' dir='ltr'><strong>omnes</strong></span> <span class='ocrx_word' id='word_1_910' title='bbox 2261 5256 2390 5300; x_wconf 88' lang='lat' dir='ltr'><strong>sunt</strong></span> <span class='ocrx_word' id='word_1_911' title='bbox 2416 5247 2577 5302; x_wconf 90' lang='lat' dir='ltr'><strong>unius</strong></span> <span class='ocrx_word' id='word_1_912' title='bbox 2611 5248 2947 5311; x_wconf 75' lang='lat' dir='ltr'><strong>substantim,</strong></span> <span class='ocrx_word' id='word_1_913' title='bbox 2977 5255 3234 5314; x_wconf 89' lang='lat' dir='ltr'><strong>quantum</strong></span> <span class='ocrx_word' id='word_1_914' title='bbox 3263 5246 3330 5300; x_wconf 89' lang='lat' dir='ltr'><strong>ad</strong></span> <span class='ocrx_word' id='word_1_915' title='bbox 3361 5246 3457 5300; x_wconf 83' lang='lat' dir='ltr'><strong>hu-</strong></span> 
     </span>
    </p>
   </div>
   <div class='ocr_carea' id='block_1_109' title="bbox 1883 5334 3458 5404">
    <p class='ocr_par' dir='ltr' id='par_1_109' title="bbox 1883 5334 3458 5404">
     <span class='ocr_line' id='line_1_109' title="bbox 1883 5334 3458 5404; baseline -0.001 -14"><span class='ocrx_word' id='word_1_916' title='bbox 1883 5351 2097 5390; x_wconf 89' lang='lat' dir='ltr'><strong>manam</strong></span> <span class='ocrx_word' id='word_1_917' title='bbox 2126 5335 2356 5404; x_wconf 90' lang='lat' dir='ltr'><strong>pertinet</strong></span> <span class='ocrx_word' id='word_1_918' title='bbox 2387 5345 2673 5391; x_wconf 89' lang='lat' dir='ltr'><strong>naturam:</strong></span> <span class='ocrx_word' id='word_1_919' title='bbox 2712 5353 2817 5390; x_wconf 89' lang='lat' dir='ltr'><strong>non</strong></span> <span class='ocrx_word' id='word_1_920' title='bbox 2863 5345 3039 5388; x_wconf 90' lang='lat' dir='ltr'><strong>tamen</strong></span> <span class='ocrx_word' id='word_1_921' title='bbox 3082 5334 3136 5388; x_wconf 93' lang='lat' dir='ltr'><strong>hi</strong></span> <span class='ocrx_word' id='word_1_922' title='bbox 3180 5342 3289 5389; x_wconf 90' lang='lat' dir='ltr'><strong>tres</strong></span> <span class='ocrx_word' id='word_1_923' title='bbox 3333 5344 3458 5389; x_wconf 87' lang='lat' dir='ltr'><strong>sunt</strong></span> 
     </span>
    </p>
   </div>
   <div class='ocr_carea' id='block_1_110' title="bbox 1885 5423 3456 5494">
    <p class='ocr_par' dir='ltr' id='par_1_110' title="bbox 1885 5423 3456 5494">
     <span class='ocr_line' id='line_1_110' title="bbox 1885 5423 3456 5494; baseline -0.003 -12"><span class='ocrx_word' id='word_1_924' title='bbox 1885 5442 2023 5483; x_wconf 89' lang='lat' dir='ltr'><strong>unus</strong></span> <span class='ocrx_word' id='word_1_925' title='bbox 2050 5427 2231 5491; x_wconf 88' lang='lat' dir='ltr'><strong>homo,</strong></span> <span class='ocrx_word' id='word_1_926' title='bbox 2273 5425 2366 5481; x_wconf 90' lang='lat' dir='ltr'><strong>sed</strong></span> <span class='ocrx_word' id='word_1_927' title='bbox 2397 5434 2508 5482; x_wconf 86' lang='lat' dir='ltr'><strong>tres</strong></span> <span class='ocrx_word' id='word_1_928' title='bbox 2535 5425 2842 5482; x_wconf 92' lang='lat' dir='ltr'><strong>omnimodo</strong></span> <span class='ocrx_word' id='word_1_929' title='bbox 2869 5423 3142 5489; x_wconf 87' lang='lat' dir='ltr'><strong>homines;</strong></span> <span class='ocrx_word' id='word_1_930' title='bbox 3173 5433 3228 5479; x_wconf 90' lang='lat' dir='ltr'><strong>et</strong></span> <span class='ocrx_word' id='word_1_931' title='bbox 3253 5425 3456 5494; x_wconf 88' lang='lat' dir='ltr'><strong>aliquid</strong></span> 
     </span>
    </p>
   </div>
   <div class='ocr_carea' id='block_1_111' title="bbox 261 5530 3461 5612">
    <p class='ocr_par' dir='ltr' id='par_1_111' title="bbox 261 5530 3461 5612">
     <span class='ocr_line' id='line_1_111' title="bbox 261 5530 3461 5612; baseline -0.006 -7"><span class='ocrx_word' id='word_1_932' title='bbox 261 5567 284 5592; x_wconf 66' lang='grc' dir='ltr'><em>ι</em></span> <span class='ocrx_word' id='word_1_933' title='bbox 315 5551 425 5611; x_wconf 78' lang='lat' dir='ltr'><strong>AL,</strong></span> <span class='ocrx_word' id='word_1_934' title='bbox 450 5549 601 5612; x_wconf 83' lang='lat' dir='ltr'><strong>Quod</strong></span> <span class='ocrx_word' id='word_1_935' title='bbox 626 5566 732 5604; x_wconf 79' lang='lat' dir='ltr'><strong>non</strong></span> <span class='ocrx_word' id='word_1_936' title='bbox 755 5550 820 5604; x_wconf 84' lang='lat' dir='ltr'><strong>de</strong></span> <span class='ocrx_word' id='word_1_937' title='bbox 848 5547 1005 5600; x_wconf 83' lang='lat' dir='ltr'><strong>Patre</strong></span> <span class='ocrx_word' id='word_1_938' title='bbox 1032 5555 1078 5600; x_wconf 87' lang='lat' dir='ltr'><strong>et</strong></span> <span class='ocrx_word' id='word_1_939' title='bbox 1101 5543 1264 5609; x_wconf 79' lang='lat' dir='ltr'><strong>Filio,</strong></span> <span class='ocrx_word' id='word_1_940' title='bbox 1290 5543 1419 5598; x_wconf 89' lang='lat' dir='ltr'><strong>illud</strong></span> <span class='ocrx_word' id='word_1_941' title='bbox 1445 5543 1509 5596; x_wconf 91' lang='lat' dir='ltr'><strong>dc</strong></span> <span class='ocrx_word' id='word_1_942' title='bbox 1538 5540 1646 5603; x_wconf 90' lang='lat' dir='ltr'><strong>illo,</strong></span> <span class='ocrx_word' id='word_1_943' title='bbox 1672 5539 1775 5594; x_wconf 79' lang='lat' dir='ltr'><strong>dici</strong></span> <span class='ocrx_word' id='word_1_944' title='bbox 1812 5548 2043 5609; x_wconf 81' lang='lat' dir='ltr'><strong>possunt.</strong></span> <span class='ocrx_word' id='word_1_945' title='bbox 2095 5537 2243 5602; x_wconf 83' lang='lat' dir='ltr'><strong>Mss.,</strong></span> <span class='ocrx_word' id='word_1_946' title='bbox 2276 5535 2417 5602; x_wconf 86' lang='lat' dir='ltr'><strong>Quid</strong></span> <span class='ocrx_word' id='word_1_947' title='bbox 2479 5536 2614 5589; x_wconf 75' lang='lat' dir='ltr'><strong>enim</strong></span> <span class='ocrx_word' id='word_1_948' title='bbox 2674 5533 2738 5587; x_wconf 89' lang='lat' dir='ltr'><strong>de</strong></span> <span class='ocrx_word' id='word_1_949' title='bbox 2771 5530 2930 5588; x_wconf 83' lang='lat' dir='ltr'><strong>Patre</strong></span> <span class='ocrx_word' id='word_1_950' title='bbox 2959 5543 3005 5588; x_wconf 87' lang='lat' dir='ltr'><strong>et</strong></span> <span class='ocrx_word' id='word_1_951' title='bbox 3035 5531 3194 5599; x_wconf 83' lang='lat' dir='ltr'><strong>Filio,</strong></span> <span class='ocrx_word' id='word_1_952' title='bbox 3234 5533 3360 5589; x_wconf 87' lang='lat' dir='ltr'><strong>illud</strong></span> <span class='ocrx_word' id='word_1_953' title='bbox 3390 5532 3461 5588; x_wconf 70' lang='lat' dir='ltr'><strong>de</strong></span> 
     </span>
    </p>
   </div>
   <div class='ocr_carea' id='block_1_112' title="bbox 189 5621 643 5688">
    <p class='ocr_par' dir='ltr' id='par_1_112' title="bbox 189 5621 643 5688">
     <span class='ocr_line' id='line_1_112' title="bbox 189 5621 643 5688; baseline -0.02 -9"><span class='ocrx_word' id='word_1_954' title='bbox 189 5625 306 5687; x_wconf 70' lang='lat' dir='ltr'><strong>lito,</strong></span> <span class='ocrx_word' id='word_1_955' title='bbox 329 5621 436 5673; x_wconf 83' lang='lat' dir='ltr'><strong>dici</strong></span> <span class='ocrx_word' id='word_1_956' title='bbox 463 5621 643 5688; x_wconf 71' lang='lat' dir='ltr'><strong>possit.</strong></span> 
     </span>
    </p>
   </div>
  </div>
