3906 6186
363 189 429 242 10
1188 187 1249 241 Β.
1287 187 1349 240 F.
1389 186 1614 241 ALBINI
1654 185 1784 241 SEU
1824 184 1928 238 ALl

2033 184 2098 238 Nl
2135 185 2420 244 OPERUM
2453 186 2632 242 PARS
2665 185 2751 242 IlI.
3539 186 3610 240 20

363 319 536 374 majus
564 303 618 358 in
647 302 821 358 tribus
846 301 1202 373 cognoscitur,
1248 317 1410 371 quam
1453 301 1508 355 in
1549 299 1787 370 quolibet
1821 313 1929 353 uno
1957 301 2002 359 Α
2030 308 2134 367 ter,
2165 310 2219 354 et
2247 301 2412 356 Filius
2447 301 2594 357 solus
2619 302 2810 366 Filius,
2853 307 2908 354 et
2949 300 3183 371 Spiritus
3213 309 3434 358 sanctus
3462 301 3610 359 soluti

362 409 567 450 eorum.
617 393 749 448 Item
777 393 1048 447 Abraham
1079 407 1217 445 unus
1244 393 1426 456 homo,
1469 406 1576 444 non
1617 395 1797 443 tamen
1823 397 1934 443 tres

362 498 606 552 persona
642 483 695 536 iu
726 497 810 547 eo,
845 482 982 537 sicut
1012 483 1069 535 in
1093 498 1199 535 uno
1225 481 1335 535 Deo
1376 490 1487 534 tres
1527 489 1652 532 sunt
1691 494 1934 547 persona:

360 576 535 646 plena:
575 583 631 630 et
669 574 953 644 perfectae;
1004 578 1097 629 sed
1141 590 1248 627 una
1288 587 1516 643 persona
1547 572 1601 626 in
1625 571 1929 635 Abraham,

361 670 500 724 sicut
528 669 582 722 in
607 683 714 722 uno
740 667 875 721 solet
897 667 1113 721 homine
1140 681 1280 722 esse.

607 778 832 834 CAPUT
867 778 940 831 ιιι
972 777 1139 848 (amr.
1165 792 1281 831 cn.
1303 791 1367 839 x;
1397 791 1449 829 tu
1475 789 1557 829 us.
1583 775 1684 844 ιιι).

469 869 621 936 Quod
650 868 779 922 nihil
803 869 1086 922 secundum
1112 867 1351 920 accidens
1385 867 1439 918 in
1465 865 1574 918 Deo
1599 865 1822 918 dicatur.

330 961 334 971 I
431 982 490 1036 In
518 983 626 1037 Deo
654 993 831 1038 autem
861 982 995 1036 nihil
1023 982 1238 1052 quidem
1265 979 1555 1034 secundum
1581 977 1829 1034 accidens
1853 974 1937 1032 di-

364 1072 524 1136 citur,
567 1072 691 1140 quia
731 1072 865 1126 nihil
906 1073 961 1125 in
1003 1087 1068 1126 eo
1109 1071 1241 1142 [Al.,
1271 1072 1326 1124 in
1355 1069 1486 1140 Deo]
1531 1068 1788 1124 mutabile
1827 1073 1930 1122 est.

363 1159 472 1213 Nec
514 1168 692 1214 tamen
736 1175 895 1215 omne
942 1161 1085 1228 quod
1129 1161 1196 1215 de
1239 1160 1351 1214 Deo
1394 1159 1613 1225 dicitur,
1642 1158 1935 1214 secundum

360 1249 718 1302 substantiam
763 1249 995 1316 dicitur,
1055 1259 1117 1303 ut
1161 1250 1216 1303 in
1264 1249 1632 1319 superioribus
1677 1248 1931 1302 diximus.

360 1337 613 1404 Quamvis
640 1339 784 1394 enim
811 1340 1020 1394 dicatur
1046 1339 1208 1394 Pater
1237 1340 1302 1393 ad
1331 1339 1525 1393 Filium
1543 1379 1557 1403 ,
1589 1347 1644 1392 et
1669 1338 1838 1393 Filius
1865 1339 1936 1393 ad

356 1428 573 1483 Patrem
595 1431 887 1484 secundum
909 1430 977 1483 ad
1000 1430 1219 1500 aliquid,
1244 1444 1350 1483 non
1376 1438 1457 1483 est
1484 1437 1662 1484 tamen
1685 1429 1934 1483 accidens

356 1516 505 1571 Patri
529 1519 746 1574 Patrem
770 1528 912 1584 esse;
941 1521 1026 1574 vel
1056 1519 1191 1574 Filio
1219 1521 1413 1574 Filium
1439 1536 1576 1585 esse,
1611 1522 1738 1590 quia
1763 1529 1816 1575 et
1844 1519 1934 1574 ille

356 1623 568 1676 semper
594 1608 777 1674 Pater,
817 1617 871 1662 et
906 1609 994 1663 ille
1023 1623 1235 1678 semper
1259 1609 1459 1676 Filius;
1505 1611 1631 1679 quia
1659 1611 1931 1666 teternitas
1963 1641 2008 1700 Β

355 1707 410 1752 et
439 1698 951 1753 incommutabilitas
978 1707 1137 1769 negat
1161 1699 1459 1753 accidentis
1485 1699 1708 1768 alicujus
1738 1699 1792 1752 in
1821 1699 1931 1755 Deo

353 1785 794 1850 instabilitatcm;
833 1788 959 1854 quia
988 1803 1146 1842 omne
1173 1789 1423 1842 accidens
1463 1789 1758 1842 secundum
1790 1797 1928 1841 tem-

355 1893 456 1946 pus
489 1877 574 1932 vel
615 1893 763 1942 esse,
801 1878 886 1932 vel
929 1894 1034 1932 non
1075 1894 1195 1933 esse
1227 1887 1438 1950 potest,
1479 1879 1563 1932 vel
1603 1879 1807 1948 potuit,
1845 1879 1931 1933 vel

353 1971 514 2024 etiam
559 1972 790 2041 poterit;
837 1971 961 2040 quia
1007 1971 1169 2025 Pater
1195 1987 1469 2042 nunquam
1511 1988 1615 2025 non
1656 1972 1836 2036 Pater,
1877 1980 1931 2025 et

353 2060 522 2116 Filius
549 2077 820 2131 nunquam
846 2077 954 2114 non
977 2061 1174 2126 Filius;
1204 2077 1302 2117 nec
1325 2063 1490 2130 cmpit
1514 2078 1746 2131 unquam
1773 2063 1931 2136 Pater

354 2169 475 2208 esse
496 2153 672 2215 Pater,
702 2170 800 2208 nec
826 2153 994 2207 Filius
1021 2169 1141 2208 esse
1165 2154 1354 2207 Filius.
1387 2154 1538 2220 Quod
1567 2155 1612 2207 si
1643 2140 1930 2222 aliquando

354 2247 606 2313 coepisset
631 2245 792 2298 Pater
820 2243 982 2296 Pater
1009 2258 1148 2307 esse,
1176 2243 1258 2296 vel
1289 2243 1455 2297 Filius
1484 2242 1650 2295 Filius
1681 2256 1820 2306 esse,
1846 2242 1929 2295 vel

352 2335 622 2390 desineret
647 2348 766 2388 esse
795 2333 938 2402 quod
973 2341 1125 2396 erat,
1171 2333 1466 2385 secundum
1507 2332 1755 2385 accidens
1788 2331 1932 2385 dice-

351 2434 504 2480 retur
530 2426 712 2488 Pater,
741 2423 826 2477 vel
867 2423 1052 2477 Filius.
1101 2421 1157 2475 Si
1189 2437 1316 2476 vero
1355 2423 1498 2489 quod
1539 2421 1737 2474 dicitur
1765 2421 1930 2480 Pater

352 2517 419 2569 ad
445 2515 680 2583 seipsum
707 2514 997 2576 diceretur,
1025 2528 1132 2566 non
1157 2513 1224 2565 ad
1249 2511 1463 2573 Filium,
1491 2519 1546 2564 et
1571 2511 1709 2579 quod
1735 2512 1931 2566 dicitur

352 2608 521 2661 Filius
553 2606 618 2659 ad
649 2606 882 2674 seipsum
910 2604 1202 2669 diceretur,
1237 2619 1341 2658 non
1366 2605 1438 2673 ad
1465 2603 1705 2667 Patrem,
1734 2619 1928 2658 secun-

351 2701 479 2752 dum
520 2698 674 2766 711
718 2697 1072 2750 substantiam
1121 2696 1428 2750 diceretur:
1481 2695 1573 2749 sed
1620 2694 1780 2748 Pater
1821 2710 1928 2748 non

351 2786 548 2840 dicitur
573 2785 753 2846 Pater,
782 2783 886 2838 nisi
915 2800 981 2839 ex
1007 2799 1071 2838 eo
1099 2784 1241 2852 quod
1269 2793 1354 2838 est
1381 2785 1429 2837 ei
1456 2783 1654 2847 Filius;
1684 2791 1738 2836 et
1762 2782 1928 2836 Filius

349 2891 458 2930 non
485 2875 680 2929 dicitur
706 2874 894 2938 Filius,
938 2874 1041 2928 nisi
1082 2890 1148 2929 ex
1188 2889 1252 2929 eo
1282 2875 1422 2942 quod
1466 2873 1628 2928 habet
1671 2873 1924 2938 Patrem;

349 2982 458 3022 non
487 2966 784 3023 secundum
810 2965 1199 3030 substantiam,
1240 2972 1300 3018 ut
1336 2964 1538 3017 dictum
1575 2971 1658 3018 est
1691 2963 1745 3016 in
1775 2963 1922 3032 prio-

349 3059 521 3122 ribus,
552 3057 677 3128 quia
713 3072 819 3110 non
855 3057 1082 3125 quisque
1105 3071 1292 3110 eorum
1325 3055 1392 3110 ad
1422 3056 1654 3124 seipsum
1677 3096 1691 3119 ,
1731 3055 1824 3110 sed
1855 3055 1924 3108 ad

347 3147 618 3212 invicem,
671 3155 832 3216 atque
882 3146 1199 3200 alterutrum
1249 3147 1350 3200 ista
1398 3147 1690 3209 dicuntur;
1750 3160 1924 3216 neque

348 3239 643 3292 secundum
685 3237 958 3302 accidens,
1004 3238 1129 3307 quia
1171 3245 1225 3292 et
1264 3237 1406 3307 quod
1443 3238 1638 3292 dicitur
1664 3237 1842 3302 Pater,
1872 3247 1925 3292 et

352 3327 495 3396 quod
524 3327 721 3381 dicitur
748 3326 950 3392 Filius,
994 3334 1254 3382 astet-num
1295 3336 1456 3396 atque
1485 3327 1923 3382 incommutabile

353 3425 436 3471 est
461 3417 557 3470 eis.

659 3527 884 3582 CAPUT
923 3527 970 3580 X
1003 3525 1169 3599 (EDIT.
1195 3545 1280 3590 XI;
1307 3545 1360 3582 ιιι
1386 3544 1469 3582 us.
1492 3529 1614 3598 xu).

353 3615 504 3681 Quod
535 3632 637 3670 non
665 3618 731 3670 sit
759 3616 1017 3670 diversum
1046 3618 1100 3669 in
1129 3616 1444 3677 substantia,
1480 3617 1691 3671 Patrem
1719 3618 1795 3673 vel
1823 3619 1922 3673 Fi-

806 3685 934 3738 lium
961 3685 1066 3739 dici
1095 3685 1224 3756 [Al.,
1253 3687 1466 3759 dicere].

423 3794 677 3861 Quamvis
717 3794 853 3849 alius
892 3795 961 3848 sit
1001 3795 1161 3850 Pater
1201 3805 1255 3850 et
1297 3798 1432 3852 alius
1458 3799 1658 3865 Filius,
1703 3816 1812 3855 non
1840 3809 1924 3856 est

351 3894 532 3939 tamen
563 3885 775 3939 diversa
803 3885 1103 3940 substantia
1132 3885 1328 3950 Patris,
1371 3900 1426 3943 et
1451 3889 1594 3944 Filii.
1641 3890 1778 3956 Quia
1819 3892 1924 3946 hoc

348 3991 457 4029 non
488 3975 780 4029 secundum
809 3975 1162 4029 substantiam
1192 3977 1460 4040 dicuntur,
1504 3979 1598 4032 sed
1628 3979 1922 4034 secundum

350 4065 636 4118 relativum
664 4064 795 4136 [Al.,
823 4066 1195 4139 relationem];
1241 4069 1381 4137 quod
1422 4077 1599 4124 tamen
1639 4071 1922 4126 relativum

350 4169 458 4208 non
483 4163 565 4208 est
587 4155 855 4221 accidens,
878 4157 1003 4225 quia
1031 4172 1137 4210 non
1165 4164 1246 4212 est
1274 4159 1548 4213 mutabile.
1583 4159 1716 4215 Cum
1744 4162 1926 4232 itaque

353 4252 535 4299 tantus
584 4244 729 4298 solus
773 4253 856 4299 est
904 4245 1084 4309 Pater,
1119 4247 1203 4300 vel
1247 4249 1393 4303 solus
1421 4249 1608 4316 Filius,
1653 4252 1736 4307 vel
1779 4254 1924 4309 solus

353 4335 586 4404 Spiritus
609 4341 846 4400 sanctus,
877 4344 1108 4404 quantus
1132 4343 1215 4390 est
1239 4338 1417 4401 simul,
1444 4341 1625 4405 Pater,
1652 4351 1706 4396 et
1733 4321 1932 4410 Filius,

353 4436 408 4480 ct
437 4426 672 4497 Spiritus
701 4434 941 4492 sanctus,
978 4425 1122 4480 nullo
1151 4428 1308 4482 ntodo
1335 4430 1528 4498 triplex
1558 4431 1816 4486 dicendus
1843 4443 1926 4489 est

354 4517 516 4582 Deus,
541 4518 665 4588 quia
693 4533 799 4572 non
824 4526 907 4573 est
933 4533 1039 4588 quo
1065 4529 1274 4573 crescat
1302 4520 1389 4573 illa
1416 4520 1676 4589 perfectio
1703 4539 1926 4581 summm

357 4606 655 4662 Trinitatis.
704 4608 981 4663 Perfectus
1016 4617 1195 4662 autem
1235 4610 1345 4663 sive
1370 4609 1552 4676 Pater,
1597 4613 1709 4666 sive
1733 4613 1930 4681 Filius,

356 4692 470 4750 sive
498 4695 734 4764 Spiritus
761 4707 1015 4764 sanctus;
1062 4707 1117 4754 et
1155 4697 1426 4769 perfectus
1467 4700 1610 4755 Deus
1645 4702 1824 4769 Pater,
1873 4716 1930 4760 et

354 4785 545 4851 Filius,
567 4796 621 4840 et
641 4786 874 4854 Spiritus
898 4797 1143 4844 sanctus:
1172 4791 1290 4846 ideo
1311 4790 1546 4845 Trinitas
1567 4793 1744 4862 potius
1765 4809 1926 4864 quam

359 4875 556 4948 triplex
580 4875 803 4932 dicenda
828 4886 926 4931 est.

623 4988 846 5045 CAPUT
882 4990 954 5045 XI
991 4990 1159 5062 (EDIT.
1183 5010 1290 5060 xu;
1323 5013 1374 5050 tu
1401 5012 1483 5052 us.
1507 4996 1648 5068 xm).

365 5083 494 5150 Qua:
533 5083 637 5140 sint
676 5081 885 5155 propria
925 5083 1201 5164 unicuique
1239 5103 1472 5156 persona:
1505 5090 1560 5141 in
1593 5099 1775 5144 sancta
1808 5089 1927 5143 Tri-

1053 5163 1232 5208 nitate.

430 5262 642 5317 Habent
663 5264 845 5336 itaque
869 5264 1090 5336 singulze
1115 5265 1169 5319 in
1195 5274 1378 5321 sancta
1403 5267 1666 5324 Triuitate
1691 5285 1930 5340 persona

365 5353 566 5424 aliquid
605 5357 881 5424 proprium
903 5397 918 5422 ,
969 5372 1077 5427 quo
1120 5356 1462 5426 inseparabili
1491 5359 1798 5428 atqualitate
1834 5361 1932 5414 ali-

365 5459 527 5513 quam
556 5444 612 5500 in
642 5458 700 5500 se
728 5447 1014 5501 ostendant
1039 5449 1438 5520 pr0prietatem.
1467 5449 1628 5506 Pater
1657 5452 1800 5508 solus
1829 5453 1930 5507 Pa-

439 5588 462 5614 α
487 5572 686 5630 [Encas
716 5575 885 5631 Paris.
914 5591 974 5633 ca
1002 5595 1119 5650 qum
1145 5589 1442 5650 sequuntur
1465 5583 1616 5650 citat,
1645 5601 1761 5655 cap.
1792 5586 1860 5641 80

2038 390 2164 461 [est]
2187 390 2420 460 Spiritus
2449 401 2685 446 sanctus.
2718 392 2784 446 Et
2804 390 2965 446 Pater
2990 393 3092 446 hoc
3118 392 3284 448 habet
3309 393 3612 463 proprium,

2035 484 2176 552 quod
2201 500 2263 538 ex
2294 485 2541 540 omnibus
2565 501 2684 554 qua:
2710 492 2853 548 sunt,
2881 483 3028 543 solus
3051 493 3136 539 est
3162 486 3255 554 qui
3283 485 3352 540 ab
3377 485 3484 540 alio
3505 501 3615 541 non

1985 647 1990 652 ζ
2034 583 2152 628 est:
2202 591 2264 629 ac
2306 591 2404 643 per
2432 577 2535 630 hoc
2578 576 2723 630 solus
2764 584 2848 629 est
2891 576 2948 628 in
2991 577 3331 645 paternitatis
3357 591 3613 646 persona,

2035 679 2141 718 non
2191 664 2381 736 [solus]
2435 666 2487 718 in
2538 665 2754 719 deitatis
2799 666 3056 719 essentia.
3113 666 3436 737 Unigenitus
3482 683 3616 722 vero

2033 755 2201 810 Filius
2232 756 2323 809 Dei
2352 757 2452 810 hoc
2479 757 2640 810 habet
2666 757 2960 824 pr0prium,
2997 757 3140 826 quod
3167 773 3233 811 ex
3261 759 3394 822 solo,
3426 760 3479 812 id
3505 767 3616 824 est,

2033 846 2194 899 Patre
2238 845 2766 900 consubstantialiter
2793 853 2849 899 et
2878 846 3306 900 coessentialiter
3334 847 3480 901 solus
3517 863 3615 918 ge-

2035 937 2181 991 nitus
2208 945 2319 1001 est;
2377 945 2431 991 et
2475 937 2529 991 in
2575 938 2678 991 hoc
2724 943 2808 990 est
2853 951 3098 1005 personae
3137 951 3250 989 sua:
3289 938 3612 1005 proprietas.

2035 1025 2268 1096 Spiritus
2306 1035 2524 1082 sanctus
2566 1027 2748 1096 itaque
2790 1027 2894 1081 hoc
2937 1026 3100 1080 habet
3129 1028 3437 1096 proprium,
3469 1029 3612 1097 quod

2033 1134 2098 1173 ex
2123 1119 2284 1172 Patre
2310 1128 2366 1173 et
2387 1119 2522 1172 Filio
2546 1118 2822 1188 aequaliter
2844 1119 3117 1187 procedit;
3149 1127 3205 1173 et
3225 1126 3308 1172 est
3332 1119 3612 1174 amborum

2036 1207 2289 1278 Spiritus,
2319 1208 2666 1278 ejusdemque
2691 1209 3006 1265 substantia:
3045 1217 3103 1263 et
3139 1210 3458 1263 azternitatis
3487 1225 3609 1264 cum

2031 1299 2192 1354 Patre
2219 1309 2273 1354 et
2299 1300 2458 1354 Filio.
2491 1314 2515 1341 α
2543 1300 2650 1355 Sed
2678 1302 2790 1355 haec
2821 1302 2923 1354 tria
2949 1316 3075 1355 vere
3103 1302 3268 1355 etiam
3307 1302 3414 1355 tria
3452 1311 3577 1356 sunt
3595 1343 3610 1364 ,

2034 1391 2482 1463 ineliabiliterque
2511 1395 2614 1448 tria
2640 1434 2655 1459 ,
2705 1404 2760 1448 et
2786 1394 3148 1449 essentialiter
3179 1394 3310 1458 tria,
3361 1393 3614 1448 habentia

2032 1483 2390 1551 proprietates
2415 1499 2561 1539 suas.
2597 1484 2664 1538 Et
2692 1486 2807 1539 haec
2831 1485 2934 1538 tria
2964 1499 3150 1550 unum,
3178 1492 3235 1540 et
3255 1499 3382 1540 vere
3409 1501 3609 1548 unum;

2033 1576 2211 1630 ethoc
2233 1591 2396 1630 unum
2423 1585 2552 1640 tres,
2583 1575 2678 1630 sed
2703 1591 2809 1630 non
2832 1584 2944 1631 tres
2971 1576 3179 1641 Patres,
3211 1592 3310 1631 nec
3337 1584 3445 1633 tres
3464 1578 3612 1642 Filii,

2033 1681 2133 1721 nec
2175 1674 2286 1722 tres
2331 1667 2566 1736 Spiritus
2607 1669 2812 1732 sancti;
2863 1669 2957 1723 sed
3005 1677 3115 1724 tres
3157 1684 3434 1737 personae,
3472 1685 3615 1725 unus

2031 1753 2212 1820 Pater,
2235 1773 2373 1810 unus
2397 1756 2586 1820 Filius,
2610 1772 2749 1810 unus
2773 1757 3008 1826 Spiritus
3029 1765 3270 1812 sanctus.
3305 1757 3372 1810 Et
3395 1757 3448 1811 hi
3477 1765 3609 1822 tres,

2030 1845 2085 1898 id
2112 1854 2214 1909 est,
2263 1845 2439 1909 Pater,
2487 1854 2543 1900 et
2580 1846 2770 1911 Filius,
2812 1854 2867 1901 et
2909 1846 3142 1916 Spiritus
3170 1855 3413 1910 sanctus,
3444 1861 3614 1900 unum

2030 1944 2157 1988 sunt
2184 1936 2240 1988 in
2268 1945 2480 2000 natura,
2505 1937 2916 2004 omnipotentia,
2947 1944 2999 1991 et
3024 1937 3345 1991 aeternitate.
3379 1935 3483 1991 Sed
3508 1937 3614 1991 hoc

2031 2023 2194 2077 etiam
2237 2033 2399 2092 atque
2437 2025 2601 2079 etiam
2642 2025 2870 2080 ﬁrmiter
2899 2026 3188 2079 tenendum
3217 2034 3333 2091 est,
3379 2025 3514 2080 nihil
3557 2026 3614 2079 in

2031 2123 2217 2168 sancta
2248 2115 2533 2179 Trinitate,
2569 2117 2636 2171 ad
2665 2132 2724 2172 se
2753 2117 2979 2182 dictum,
3007 2118 3203 2186 plurali
3235 2133 3458 2172 numero
3485 2131 3608 2172 esse

2031 2203 2345 2268 dicendum;
2389 2207 2515 2274 quia
2553 2207 2779 2276 simplex
2815 2208 2904 2261 illa
2937 2223 3159 2262 summa:
3188 2208 3482 2263 divinitatis
3508 2223 3611 2263 na-

2032 2301 2154 2348 tura
2183 2295 2442 2364 singulari
2471 2313 2700 2351 nuniero
2725 2298 2996 2366 designari
3025 2299 3212 2363 debet,
3235 2313 3361 2352 .non
3399 2298 3610 2367 plurali.

2031 2383 2110 2438 Ac
2134 2383 2254 2439 ideo
2282 2399 2380 2440 nec
2406 2393 2518 2440 tres
2554 2386 2716 2451 deos,
2762 2403 2862 2442 nec
2900 2397 3010 2442 tres
3039 2389 3461 2457 omnipotentes,
3507 2403 3609 2444 nec

2032 2481 2144 2526 tres
2171 2472 2340 2528 bonos
2365 2515 2380 2539 ,
2432 2490 2530 2530 nec
2558 2484 2670 2530 tres
2697 2491 2947 2546 magnos,
2991 2493 3092 2532 nec
3120 2486 3232 2532 tres
3261 2480 3524 2534 essentias
3555 2480 3611 2534 in

2032 2559 2143 2616 Deo
2169 2563 2347 2617 dicere
2374 2562 2456 2617 fas
2483 2572 2584 2618 est.
2636 2565 2769 2620 Cum
2797 2567 2942 2619 enim
2969 2568 3326 2634 personaliter
3360 2568 3497 2622 alius
3537 2569 3612 2624 sit

2032 2653 2211 2719 Pater,
2241 2655 2378 2708 alius
2398 2655 2587 2721 Filius,
2615 2656 2750 2710 alius
2772 2655 3006 2726 Spiritus
3031 2667 3280 2723 sanctus;
3320 2659 3404 2712 his
3431 2667 3611 2714 tamen

2031 2758 2198 2796 unum
2243 2751 2326 2796 est
2367 2752 2574 2798 natura:
2618 2760 2846 2810 nomen,
2895 2748 3040 2815 quod
3079 2747 3278 2801 dicitur
3313 2748 3486 2812 Deus,
3526 2752 3612 2804 vel

2031 2834 2360 2899 substantia,
2390 2835 2476 2888 vel
2505 2837 2768 2901 essentia,
2805 2837 2890 2891 vel
2933 2839 3355 2907 omnipotentia,
3393 2841 3474 2894 vel
3509 2841 3612 2895 alia

2032 2922 2236 2986 multa,
2289 2939 2408 2992 qua:
2454 2925 2903 2993 substantialiter,
2955 2943 3064 2982 non
3112 2928 3335 2984 relative
3381 2931 3447 2985 de
3498 2930 3608 2984 Deo

1953 2981 1998 3041 θ’
2027 3013 2299 3067 dicuntur.

2201 3121 2428 3177 CAPUT
2463 3123 2555 3176 XII
2589 3123 2755 3195 (EDIT.
2781 3141 2898 3180 cui.
2929 3142 3060 3192 xui;
3099 3145 3152 3182 ιιι
3181 3144 3266 3183 us.
3289 3128 3427 3197 χιιι).

2062 3210 2215 3275 Quod
2251 3211 2492 3280 quadam
2537 3231 2694 3294 opera
2737 3227 2933 3296 sancta:
2961 3216 3231 3298 Trinitatis
3266 3219 3582 3288 quibusdam

2412 3299 2645 3352 personis
2673 3302 2880 3354 proprie
2906 3297 3232 3341 conveniunt.

2094 3374 2462 3428 indubitanter
2483 3375 2748 3443 siquidem
2771 3377 2991 3432 credere
3013 3377 3271 3435 debemus
3291 3380 3462 3448 ipsam
3484 3396 3609 3436 san-

2024 3472 2166 3519 ctam
2190 3463 2510 3519 Trinitatem
2539 3480 2658 3520 esse
2686 3468 3060 3534 inseparabilis
3084 3470 3401 3525 substantia
3444 3481 3610 3542 atque

2023 3554 2304 3619 essentite,
2341 3556 2878 3626 inseparabiliterque
2905 3561 3116 3627 operari
3148 3561 3408 3631 quidquid
3438 3579 3468 3616 a
3497 3565 3612 3618 sin-

2023 3646 2161 3716 gulis
2189 3647 2433 3715 personis
2462 3647 2688 3717 legimus
2716 3659 2998 3718 Operatum
3027 3666 3167 3707 esse.
3203 3652 3462 3719 Quamvis
3489 3670 3606 3709 cer.

2023 3735 2293 3790 tissimum
2325 3737 2395 3790 sit
2431 3737 2651 3792 Patrem
2694 3755 2814 3794 esse
2849 3741 3021 3795 solum
3075 3743 3166 3811 qui
3196 3744 3368 3798 dixit:
3402 3745 3506 3798 Hic
3534 3754 3609 3798 est

2023 3824 2197 3880 Filius
2233 3843 2378 3880 meus
2409 3827 2657 3886 dilectus.
2698 3830 2752 3882 in
2781 3848 2881 3898 quo
2911 3833 3038 3885 mihi
3073 3834 3363 3903 complacui
3391 3836 3604 3905 (Matth.

2023 3930 2110 3980 ιιι,
2134 3914 2256 3987 17);
2291 3924 2346 3970 et
2372 3916 2570 3973 Filium
2601 3919 2760 3986 712
2789 3934 2909 3974 esse
2937 3923 3112 3976 solum
3140 3937 3302 3992 super
3325 3941 3486 3994 quem
3517 3929 3605 3983 illa

2022 4021 2126 4061 vox
2155 4005 2366 4078 [solius]
2397 4007 2574 4061 Patris
2599 4010 2795 4073 sonuit,
2822 4012 3037 4079 quando
3066 4013 3120 4067 in
3146 4011 3380 4068 Jordane
3408 4032 3606 4072 secun-

2027 4098 2154 4152 dum
2187 4099 2458 4153 hominem
2488 4100 2792 4169 baptizatus
2821 4111 2932 4167 est,
2959 4103 3098 4158 idem
3129 4106 3435 4176 unigenitus
3459 4109 3608 4163 Deus

2025 4186 2117 4255 qui
2147 4201 2366 4241 carnem
2399 4186 2546 4242 solus
2576 4189 2800 4258 accepit.
2847 4190 2913 4243 Et
2941 4190 3198 4261 Spiritum
3231 4203 3478 4250 sanctum
3506 4197 3608 4250 Pa-

2027 4277 2128 4330 tris
2156 4286 2212 4331 et
2235 4276 2357 4330 Filii
2384 4277 2554 4332 solum
2581 4295 2720 4344 esse,
2752 4281 2844 4349 qui
2874 4282 2928 4367 in
2957 4284 3134 4350 specie
3163 4285 3423 4341 columba:
3449 4304 3608 4357 super

2026 4369 2273 4422 eumdem
2298 4369 2629 4440 baptizatum
2658 4371 3034 4425 ascendentem
3067 4374 3132 4426 de
3159 4389 3298 4442 aqua
3327 4375 3607 4432 descendit

2028 4455 2241 4526 (Matth.
2271 4473 2354 4522 ιιι,
2386 4458 2494 4528 16),
2543 4467 2598 4512 et
2642 4459 3086 4528 quinquagesimo
3131 4463 3217 4516 die
3252 4474 3377 4532 post
3422 4482 3606 4521 resur-

2027 4546 2325 4600 rectionem
2363 4545 2564 4601 Christi
2615 4547 2797 4601 tideles
2845 4549 2900 4601 in
2948 4565 3054 4604 uno
3098 4550 3217 4606 loco
3261 4556 3503 4621 positos,
3553 4558 3607 4612 in

2030 4632 2332 4704 linguarum
2390 4637 2668 4705 ignearuut
2722 4638 2927 4691 visione
2983 4641 3308 4705 adveniens,
3380 4646 3608 4715 replevit

2026 4725 2225 4796 (Actor.
2255 4743 2318 4791 ιι,
2354 4727 2387 4781 3
2415 4735 2461 4781 et
2487 4726 2564 4798 4).
2597 4725 2746 4781 Illam
2781 4735 2958 4782 tamen
2985 4729 3262 4786 verissime
3286 4748 3472 4788 vocem
3501 4750 3605 4803 qua

2033 4817 2180 4872 solus
2210 4818 2424 4872 locutus
2463 4827 2547 4871 est
2592 4817 2733 4872 Deus
2761 4819 2943 4883 Pater,
2985 4827 3040 4872 et
3079 4819 3225 4874 illam
3254 4837 3469 4877 carnem
3499 4839 3604 4892 qua

2034 4910 2179 4964 solus
2223 4910 2386 4965 homo
2426 4908 2601 4964 factus
2646 4918 2728 4965 est
2774 4909 3100 4980 [unigenitus
3133 4911 3320 4984 Deus],
3362 4922 3419 4968 et
3460 4914 3606 4968 illam

2034 5002 2335 5056 columbam
2385 5003 2441 5057 in
2491 5002 2642 5071 cujus
2683 5005 2861 5072 specie
2905 5005 3138 5072 Spiritus
3181 5017 3400 5063 sanctus
3445 5025 3608 5079 super

2035 5093 2310 5148 Christum
2339 5095 2646 5163 descendit,
2693 5096 2918 5165 illasque
2945 5096 3154 5166 linguas
3179 5097 3364 5169 igneas
3394 5101 3446 5155 in
3475 5116 3607 5170 qua-

2034 5200 2154 5238 rum
2198 5184 2405 5240 visione
2453 5184 2635 5240 ﬁdeles
2681 5202 2788 5239 uno
2830 5185 2947 5240 loco
2988 5189 3310 5245 constitutos
3343 5189 3602 5257 replevit,

2032 5289 2192 5344 opera
2223 5289 2341 5328 esse
2368 5276 2532 5330 totius
2557 5285 2755 5330 sancite
2778 5276 3079 5346 Trinitatis,
3100 5280 3151 5335 id
3178 5288 3280 5344 est,
3301 5280 3458 5335 unius
3487 5280 3600 5344 Dei,

2033 5367 2124 5436 qui
2154 5366 2281 5423 fecit
2307 5368 2362 5422 in
2391 5368 2542 5448 qualis
2579 5376 2633 5422 et
2671 5368 2911 5426 in-terra
2943 5372 3173 5429 visibilia
3201 5381 3256 5427 et
3281 5370 3603 5440 invisibilia,

2033 5460 2313 5517 verissime
2339 5455 2667 5516 credendum
2693 5468 2796 5517 est.
