3906 6186
296 240 360 294 21
950 225 1364 284 ΒΟΟΜΑΤΙΟΑ.
1404 252 1473 266 -·
1512 225 1598 280 DE
1632 224 1786 278 FIDE
1824 224 1881 277 S.

1993 221 2317 276 iiNlTATlS
2353 222 2530 277 LIBRI
2570 223 2653 311 ill.
2692 223 2816 277 LIB.
2852 225 2894 279 1.
3486 224 3561 283 23

496 341 729 398 CAPUT
768 339 879 395 XIII
909 340 1078 409 (amr.
1101 354 1219 393 car.
1243 352 1363 401 xxv;
1394 351 1446 390 1N
1471 349 1557 389 us.
1582 336 1695 404 xv).

303 436 462 505 Quod
497 444 685 490 sancta
723 430 952 505 Trinitas
988 445 1091 481 non
1127 428 1193 505 sit
1227 423 1532 505 separabilis
1566 424 1623 476 in
1659 432 1846 475 natura
1868 462 1883 486 ,

755 516 846 552 nec
875 500 928 552 in
954 498 1189 567 personis
1215 494 1454 549 dicenda.

370 620 521 675 Deus
562 630 692 685 ergo
731 629 829 683 per
862 610 1281 666 immensitatem
1324 615 1531 662 natura:
1570 621 1681 661 suae
1721 612 1885 659 totam

305 723 615 772 creaturam
636 722 791 763 suam
809 713 866 760 et
893 703 1082 772 implet
1100 710 1155 756 et
1175 701 1447 765 continet;
1478 715 1541 753 ac
1565 713 1662 767 per
1680 699 1784 753 hoc
1807 704 1888 751 to-

305 814 440 866 tum,
464 799 729 872 quidquid
752 805 859 863 est,
887 795 1076 865 implet
1098 793 1276 855 Pater,
1303 800 1474 846 totum
1500 790 1685 853 Filius,
1715 798 1889 843 totum

305 892 545 961 Spiritus
581 895 823 943 sanctus.
871 883 1214 952 Quapropter
1242 880 1417 952 [Mss.,
1447 879 1581 948 Quia
1607 878 1790 950 Pater]
1833 887 1888 933 et

303 982 475 1036 Filius
502 986 560 1034 et
587 976 824 1046 Spiritus
850 982 1074 1029 sanctus
1100 969 1422 1025 naturaliter
1446 984 1585 1023 unus
1611 975 1694 1025 est
1723 967 1883 1022 Deus.

302 1070 684 1142 inseparabilis
712 1068 875 1139 igitur
899 1072 1107 1120 natura:
1136 1062 1316 1117 unitas
1338 1076 1445 1115 non
1470 1068 1646 1129 potest
1673 1074 1890 1129 separa-

303 1161 443 1217 biles
476 1161 681 1214 habere
714 1170 996 1228 personas.
1045 1152 1171 1207 Haec
1196 1165 1326 1206 vero
1359 1165 1582 1205 summa:
1610 1149 1890 1204 Trinitatis

306 1262 469 1322 atque
500 1251 788 1306 individua:
811 1247 1041 1303 unitatis
1065 1252 1281 1309 natura,
1304 1258 1424 1313 quae
1447 1242 1561 1297 sola
1583 1249 1666 1297 est
1692 1241 1890 1310 ubique

306 1353 443 1407 tota,
475 1343 617 1399 sicut
643 1341 844 1411 ubique
868 1335 1287 1407 inseparabilem
1313 1335 1476 1390 habet
1504 1334 1767 1388 unitatem
1794 1348 1892 1386 na-

306 1444 445 1490 tura:
461 1434 549 1490 vel
567 1433 773 1504 operis,
792 1431 873 1486 sic
899 1428 1295 1499 separationem
1316 1442 1424 1481 non
1445 1434 1624 1497 potest
1651 1425 1891 1494 recipere

304 1540 685 1596 personarum.
731 1521 1091 1579 Nominantur
1116 1518 1333 1588 quidem
1371 1517 1474 1571 illae
1510 1530 1753 1586 persona:
1789 1514 1888 1568 ali-

306 1614 529 1683 quando
556 1610 807 1682 singulae;
843 1608 939 1663 sed
967 1608 1043 1661 ita
1071 1623 1130 1663 se
1154 1606 1323 1661 voluit
1349 1605 1462 1677 ipsa
1486 1605 1631 1660 Deus
1652 1604 1890 1659 Trinitas

1914 338 1959 393 Α
1990 329 2055 383 de
2099 345 2205 398 quo
2250 330 2384 385 dicis
2429 332 2725 402 ingenitus,
2771 332 3124 403 signiﬁcatur.
3173 335 3581 408 Pater‘itaque

1986 423 2279 476 secundum
2308 422 2751 486 aliirmationem;
2788 424 3055 494 ingenitus
3083 428 3374 481 secundum
3397 429 3577 499 713.

1984 512 2326 581 negationem
2371 512 2583 567 dicitur.
2643 511 2881 583 Negatur
2926 513 3107 583 itaque
3155 515 3395 583 genitum
3439 532 3556 570 esse

1985 617 2133 665 eum,
2166 602 2231 657 de
2259 616 2366 671 quo
2394 601 2483 657 hic
2509 600 2638 674 [Al.,
2672 601 2797 673 hoc]
2829 602 3057 669 dicitur;
3107 619 3206 659 nec
3242 613 3421 670 tamen
3459 606 3560 660 ali-

1960 690 2111 760 quid
2141 706 2265 746 eum
2306 691 2554 762 genuisse
2591 690 2942 762 signiﬁcatur,
2975 693 3101 746 dum
3129 694 3325 748 dicitur
3351 696 3558 764 ingeni-

1986 789 2093 835 tus.
2116 780 2331 834 Patrem
2355 780 2536 848 itaque
2557 780 2682 834 dum
2705 780 2954 844 dicimus,
2975 780 3339 851 signiﬁcamus
3360 782 3555 838 Filium

1986 885 2107 925 eum
2138 869 2402 938 genuisse,
2436 869 2561 938 quia
2591 868 2760 923 Filius
2786 869 3004 939 pmprie
3033 870 3151 927 ideo
3180 873 3392 943 genitus
3415 872 3553 928 dici-

1986 968 2095 1025 tur,
2119 960 2243 1029 quia
2269 960 2483 1014 Patrem
2510 960 2672 1014 habet
2691 960 2781 1029 qui
2804 976 2925 1015 cum
2948 962 3151 1031 genuit.
3174 960 3281 1017 Sed
3302 978 3407 1018 non
3432 961 3560 1035 [est]

1988 1054 2127 1107 inter
2152 1052 2365 1105 Patrem
2394 1060 2448 1105 et
2475 1050 2895 1114 Filiumgdivisio
2924 1052 3009 1107 vel
3035 1053 3245 1118 scissio,
3272 1054 3399 1123 quia
3424 1055 3562 1108 alter

1988 1146 2041 1198 in
2070 1143 2243 1199 altero
2268 1151 2382 1208 est,
2415 1143 2556 1197 sicut
2584 1143 2638 1196 in
2673 1143 2962 1213 Evangelio
2991 1143 3221 1214 legimus
3249 1146 3421 1214 ipsum
3448 1146 3557 1201 Do-

1989 1236 2194 1290 minum
2237 1235 2541 1289 dicentem:
2582 1234 2694 1305 Ego
2740 1236 2797 1288 in
2840 1233 3024 1299 Patre,
3075 1246 3123 1289 et
3173 1234 3336 1290 Pater
3380 1238 3435 1291 in
3483 1254 3564 1293 me

1991 1327 2171 1397 (Joan.
2198 1343 2310 1394 xw,
2344 1327 2454 1397 10).
2512 1326 2663 1383 Unus
2708 1328 2776 1382 ab
2821 1343 2927 1382 uno
2970 1330 3203 1398 genitus,
3234 1329 3504 1399 perfectus
3532 1347 3563 1386 a

1989 1415 2251 1485 perfecto,
2295 1417 2577 1487 plenitudo
2603 1416 2899 1472 divinitatis
2929 1418 2984 1472 in
3011 1426 3268 1487 utroque,
3308 1420 3385 1474 nil
3412 1420 3565 1475 diffe-

1990 1526 2119 1566 rens
2149 1511 2286 1565 alter
2310 1512 2379 1566 ab
2408 1510 2601 1576 altero,
2630 1511 2753 1578 quia
2781 1510 2891 1563 vita
2918 1527 2949 1565 a
2974 1512 3187 1566 vivente
3216 1510 3348 1582 [AI.,
3376 1528 3406 1565 a
3432 1511 3565 1584 vita]

1991 1610 2091 1666 est,
2122 1602 2294 1656 Filius
2318 1619 2349 1656 a
2375 1603 2564 1668 Patre;
2600 1602 2739 1657 sicut
2769 1603 2881 1672 ipse
2907 1603 2982 1657 ait
3006 1621 3021 1655 :
3055 1602 3202 1657 Sicut
3231 1602 3396 1657 Pater
3419 1604 3569 1660 habet

306 1680 723 1775 inseparabilem
750 1702 1042 1757 ostendere
1070 1700 1126 1754 in
1158 1699 1423 1769 personis,
1470 1705 1531 1752 ut
1568 1697 1773 1752 nullum
1815 1696 1886 1749 ibi
1925 1680 1963 1736 Β
1989 1692 2147 1745 vitam
2182 1692 2237 1745 in
2265 1694 2559 1763 semetipso,
2599 1693 2674 1746 sic
2702 1690 2841 1744 dedit
2871 1700 2917 1744 et
2946 1690 3087 1745 Filio
3117 1692 3275 1746 vitam
3301 1692 3490 1747 habere
3514 1693 3569 1746 in

306 1814 515 1853 nomen
537 1797 605 1851 sit
634 1796 684 1849 in
708 1795 954 1865 qualibet
976 1806 1228 1863 persona,
1256 1791 1398 1862 quod
1421 1791 1488 1846 ad
1512 1790 1672 1844 aliam
1699 1804 1890 1844 secun—

311 1886 445 1941 dum
480 1885 757 1940 relationis
786 1883 1024 1953 regulam
1055 1898 1161 1937 non
1191 1881 1483 1937 referretur
1510 1880 1641 1952 [Al.,
1672 1896 1778 1935 non
1806 1894 1890 1934 re-

305 1973 568 2045 feratur],
590 1975 731 2028 sicut
756 1972 919 2026 Pater
938 1971 1007 2025 ad
1029 1970 1243 2034 Filium,
1264 1969 1348 2023 vel
1371 1969 1542 2024 Filius
1565 1969 1631 2023 ad
1652 1968 1887 2031 Patrem,

304 2065 398 2119 vel
439 2064 673 2133 Spiritus
701 2071 920 2119 sanctus
946 2062 1014 2115 ad
1040 2061 1256 2115 Patrem
1294 2068 1350 2114 et
1388 2059 1585 2114 Filium
1610 2057 1890 2113 verissime

310 2154 580 2209 refertur.
627 2155 706 2208 Ea
728 2170 854 2209 vero
878 2138 1099 2208 nomina
1127 2167 1247 2221 qua:
1275 2151 1654 2216 substantiam,
1682 2150 1767 2204 vel
1796 2165 1891 2218 po-

306 2248 581 2310 tentiam,
606 2246 692 2300 vei
718 2248 992 2301 essentiam
1023 2244 1120 2300 Dei
1149 2243 1487 2314 signiﬁcant,
1518 2242 1603 2296 vel
1632 2241 1892 2311 quidquid

304 2335 546 2405 proprie
573 2335 640 2388 ad
669 2350 726 2388 se
749 2335 933 2389 dicitur
962 2334 1126 2397 Deus,
1157 2332 1409 2387 omnibus
1436 2331 1680 2400 personis
1709 2345 1892 2399 atqua-

303 2428 447 2482 liter
476 2427 829 2491 conveniunt,
872 2434 931 2481 ut
966 2426 1111 2480 Deus
1141 2439 1382 2492 magnus,
1414 2423 1608 2485 bonus,
1634 2434 1888 2485 aeternus,

306 2519 679 2585 omnipotens,
710 2526 761 2570 et
784 2517 962 2571 omnia
994 2532 1112 2585 quae
1140 2514 1456 2569 naturaliter
1480 2514 1545 2567 de
1568 2512 1679 2566 Deo
1705 2512 1893 2567 dicun-

309 2614 422 2659 tur.
468 2606 585 2660 Non
614 2612 697 2661 est
727 2605 891 2675 igitur
918 2604 1133 2674 aliquod
1160 2612 1364 2658 nature
1392 2617 1589 2657 nomen
1619 2600 1751 2672 [Al.,
1781 2617 1889 2656 non

309 2706 493 2768 potest
516 2698 682 2768 igitur
705 2695 858 2767 dici],
878 2697 1021 2765 quod
1044 2695 1122 2750 sic
1142 2693 1290 2749 Patri
1313 2692 1601 2748 convenire
1621 2692 1810 2760 possit,
1832 2698 1894 2745 ut

312 2798 407 2841 aut
445 2787 583 2841 Filio
628 2794 723 2841 aut
762 2786 992 2856 Spiritui
1032 2793 1217 2840 sancto
1246 2781 1569 2856 [mqualiter]
1604 2781 1892 2837 convenire

312 2888 565 2949 nequeat.
611 2878 826 2933 Dicitur
855 2877 1001 2931 enim
1036 2876 1197 2930 Pater
1223 2874 1545 2930 naturaliter
1579 2873 1750 2937 Deus,
1798 2873 1894 2928 sed

315 2970 632 3025 naturaliter
652 2978 735 3024 est
762 2969 906 3023 Deus
931 2975 986 3021 et
1008 2965 1196 3029 Filius,
1221 2965 1542 3019 naturaliter
1561 2972 1643 3019 est
1670 2963 1815 3018 Deus
1837 2969 1892 3017 et

316 3062 547 3132 Spiritus
572 3068 812 3116 sanctus.
852 3059 961 3113 Nec
988 3067 1163 3112 tamen
1189 3065 1300 3113 tres
1332 3057 1425 3120 dii,
1454 3057 1549 3111 sed
1572 3070 1712 3109 unus
1734 3061 1892 3108 natu-

317 3149 506 3204 raliter
532 3150 695 3213 Deus,
735 3147 921 3211 Pater,
960 3152 1015 3200 et
1050 3145 1239 3210 Filius,
1278 3154 1332 3199 et
1372 3144 1608 3213 Spiritus
1650 3150 1887 3197 sanctus.

312 3240 514 3296 idcirco
542 3236 926 3309 inseparabilis
963 3242 1269 3297 estsancta
1298 3235 1534 3289 Trinitas
1563 3235 1617 3288 in
1647 3234 1893 3302 personis

321 3347 479 3385 sensu
506 3330 875 3399 intelligenda,
906 3328 1151 3397 quamvis
1180 3328 1235 3381 in
1260 3342 1392 3381 voce
1417 3327 1736 3397 separabilia
1758 3326 1889 3398 [Al.,

318 3420 720 3492 inseparabilia]
752 3421 950 3475 habeat
979 3419 1195 3473 nomina
1213 3459 1231 3483 ,
1268 3420 1392 3488 quia
1420 3419 1679 3487 pluralem
1708 3434 1895 3474 nume-

318 3528 431 3565 rum
464 3513 519 3564 in
547 3519 756 3564 natura:
783 3509 1087 3563 nominibus
1113 3509 1419 3564 nullatenus
1445 3510 1657 3579 recipit.
1700 3511 1757 3564 in
1791 3511 1895 3566 hoc

320 3602 618 3656 ostenditur
642 3615 906 3669 personas
932 3615 1038 3654 non
1063 3610 1221 3669 posse
1247 3600 1412 3655 dividi
1434 3600 1487 3654 in
1510 3609 1693 3655 sancta
1718 3601 1895 3656 Trini-

324 3702 446 3757 tate,
472 3694 603 3762 quia
629 3692 915 3762 cujuslibet
941 3706 1187 3760 personae
1213 3706 1408 3745 nomen
1432 3706 1644 3761 semper
1667 3692 1733 3746 ad
1763 3692 1895 3747 alte-

324 3800 437 3837 ram
483 3784 710 3853 respicit
751 3798 1061 3852 personam.
1120 3782 1178 3837 Si
1228 3781 1445 3836 Patrem
1482 3782 1652 3848 dicis,
1700 3781 1893 3838 Filium

324 3875 593 3936 ostendis;
630 3875 677 3929 si
707 3873 902 3927 Filium
938 3873 1215 3939 nominas,
1257 3871 1470 3927 Patrem
1498 3873 1798 3942 praedicas;
1848 3874 1893 3928 si

320 3965 580 4036 Spiritum
629 3973 877 4020 sanctum
920 3964 1187 4034 appellas,
1224 3963 1450 4032 alicujus
1482 3977 1600 4017 esse
1633 3961 1893 4032 Spiritum

317 4072 541 4112 necesse
570 4065 655 4110 est
684 4055 973 4123 intelligas,
1002 4054 1055 4109 id
1082 4064 1183 4119 est,
1217 4053 1395 4107 Patris
1437 4060 1491 4107 et
1517 4051 1659 4107 Filii.
1696 4053 1765 4106 Et
1792 4053 1896 4107 hoc

317 4147 644 4217 regulariter
673 4155 862 4200 tenere
884 4144 1144 4199 debemus
1173 4144 1314 4213 quod
1341 4143 1522 4198 omnia
1552 4150 1759 4197 natum
1784 4141 1893 4213 [di—

318 4233 482 4307 vinat]
515 4235 731 4289 nomina
760 4235 845 4289 vel
874 4234 1142 4299 essentizc,
1172 4234 1309 4288 sicut
1331 4234 1384 4287 in
1404 4248 1508 4287 una
1533 4248 1758 4302 persona
1785 4232 1897 4286 sin-

1915 3021 1962 3082 C

1986 1784 2259 1849 semetipso
2284 1783 2463 1855 (Joan.
2487 1800 2537 1846 v,
2567 1783 2692 1855 26);
2730 1782 2783 1837 id
2809 1790 2914 1847 est,
2948 1782 3109 1838 talem
3138 1784 3322 1851 genuit
3348 1784 3568 1849 Filium,

1987 1873 2081 1940 qui
2108 1873 2274 1926 vitam
2302 1874 2524 1928 haberet
2554 1874 2609 1927 in
2644 1874 2954 1943 semetipso.
2986 1886 3010 1913 α
3038 1873 3273 1942 Spiritus
3301 1875 3568 1944 siquidem

1989 1974 2207 2019 sanctus
2246 1982 2346 2021 nec
2373 1967 2664 2037 ingenitus,
2705 1983 2805 2022 nec
2833 1968 3044 2037 genitus
3089 1968 3286 2023 alicubi
3332 1969 3564 2024 dicitur:

1989 2069 2055 2109 ne
2085 2055 2129 2109 si
2172 2055 2446 2125 ingenitus
2480 2058 2751 2112 diceretur
2781 2057 2921 2112 sicut
2948 2057 3129 2123 Pater,
3162 2058 3267 2113 duo
3291 2058 3483 2114 Patres
3514 2060 3577 2114 in

1990 2154 2174 2199 saneta
2203 2146 2467 2201 Trinitate
2497 2148 2958 2217 intelligerentur;
2994 2157 3087 2202 aut
3111 2148 3158 2202 si
3186 2149 3399 2219 genitus
3425 2149 3569 2203 dice-

1992 2246 2143 2290 retur
2169 2239 2308 2291 sicnt
2333 2238 2523 2302 Filius,
2552 2240 2657 2294 duo
2688 2240 2874 2292 itidem
2918 2239 3041 2293 Filii
3090 2241 3142 2293 in
3191 2240 3379 2293 eadem
3426 2240 3571 2294 testi-

1991 2335 2270 2380 marentur
2315 2342 2434 2381 esse
2484 2335 2665 2383 sancta
2708 2329 3006 2393 Trinitate;
3056 2330 3151 2383 sed
3196 2330 3567 2385 tantummodo

1991 2415 2286 2485 procedere
2313 2417 2377 2470 de
2405 2416 2565 2470 Patre
2602 2425 2658 2471 et
2682 2417 2844 2482 Filio,
2874 2417 3019 2471 salva
3049 2417 3152 2471 ﬁde
3180 2417 3437 2473 dicendus
3464 2426 3565 2474 est.

1992 2500 2093 2570 Qui
2125 2513 2304 2559 tamen
2338 2522 2444 2560 non
2489 2506 2556 2561 de
2598 2506 2759 2561 Patre
2800 2507 3044 2576 procedit
3084 2508 3137 2560 in
3165 2507 3381 2572 Filium,
3407 2515 3461 2563 et
3505 2509 3570 2564 de

1990 2594 2129 2649 Filio
2166 2596 2409 2664 procedit
2454 2596 2521 2650 ad
2565 2596 3008 2650 sanctiﬁcandam
3039 2606 3382 2663 creaturam,
3431 2598 3571 2654 sicut

1992 2686 2212 2755 quidam
2240 2685 2377 2740 male
2400 2686 2761 2757 intelligentes
2784 2688 3108 2742 credendum
3132 2704 3250 2743 esse
3269 2690 3529 2758 putabant
3552 2708 3566 2743 :

1991 2775 2087 2831 sed
2113 2775 2271 2829 simul
2298 2776 2363 2831 de
2389 2785 2619 2846 utroque
2645 2778 2921 2847 procedit,
2949 2778 3074 2846 quia
3104 2777 3263 2833 Pater
3290 2778 3449 2834 talem
3478 2793 3571 2849 ge-
3670 2810 3673 2815 -

1992 2868 2111 2922 nuit
2132 2868 2349 2934 Filium,
2378 2878 2439 2923 ut
2463 2870 2914 2938 quemadmodum
2941 2869 3009 2924 de
3036 2884 3115 2935 se,
3136 2869 3212 2924 ita
3237 2870 3302 2925 de
3325 2869 3417 2925 illo
3438 2884 3572 2940 quo-

1996 2976 2100 3031 que
2126 2962 2385 3031 procedat
2410 2960 2645 3030 Spiritus
2672 2970 2910 3016 sanctus.

2136 3075 2361 3131 CAPUT
2390 3076 2484 3131 XV
2518 3076 2686 3146 (amr.
2717 3093 2834 3132 CAP.
2873 3093 2991 3141 xvt;
3031 3093 3082 3131 nt
3112 3093 3222 3132 uss.
3255 3078 3411 3147 xvu).

1998 3168 2270 3234 Quomodo
2315 3168 2666 3237 intelligenda:
2711 3170 2816 3221 sint
2864 3169 3147 3221 locutiones
3196 3169 3571 3237 prwdicamen-

2564 3247 2737 3291 torum
2766 3238 2830 3291 de
2861 3237 2993 3291 Deo.

2065 3330 2257 3383 Decem
2307 3335 2434 3382 sunt
2477 3343 2678 3398 genera
2723 3329 2972 3383 humana:
3019 3328 3326 3392 locutionis,
3379 3330 3573 3399 quibus

1946 3485 1954 3491 ,
1997 3419 2242 3475 homines
2274 3434 2399 3473 suos
2428 3435 2620 3473 sensus
2651 3420 2826 3473 solent
2867 3420 3007 3474 inter
3038 3435 3095 3473 se
3123 3420 3371 3475 conferre
3398 3439 3410 3474 :
3460 3436 3566 3476 non

1995 3511 2062 3565 de
2090 3510 2195 3564 illis
2242 3511 2364 3565 dico
2391 3526 2527 3580 quas
2563 3511 2902 3581 grammatici
2950 3519 3133 3581 partes
3183 3514 3447 3568 orationis
3482 3529 3576 3568 vo-

1994 3610 2149 3666 cant;
2178 3601 2272 3657 sed
2295 3600 2362 3655 de
2401 3601 2509 3656 illis
2533 3617 2669 3671 quas
2698 3602 3002 3673 philosophi
3030 3602 3214 3658 Graece
3238 3605 3572 3675 categorias;

1993 3690 2184 3746 Latine
2217 3692 2635 3762 przcdicamenta
2665 3693 2935 3762 appellare
2975 3693 3170 3748 solent.
3201 3693 3331 3761 Qua:
3359 3696 3572 3764 quidem

1995 3783 2064 3836 ab
2086 3784 2166 3837 eis
2195 3784 2274 3838 sic
2297 3768 2682 3837 nominantur:
2711 3782 3042 3845 Substantia,
3079 3786 3369 3855 quantitas,
3399 3786 3574 3855 quali-

1996 3882 2101 3937 tas,
2128 3873 2199 3927 ad
2221 3872 2442 3944 aliquid,
2489 3872 2634 3943 quod
2672 3888 2840 3944 genus
2868 3874 3153 3929 locutionis
3181 3875 3465 3928 relativum
3496 3875 3578 3928 dio

1996 3964 2169 4017 citur:
2197 3964 2327 4017 item
2352 3963 2578 4026 habitus,
2604 3964 2756 4028 situs,
2789 3973 3006 4033 tempus,
3033 3962 3197 4025 locus,
3216 3964 3410 4031 facere,
3438 3964 3567 4032 pati.

1995 4053 2087 4109 Ha:
2124 4063 2252 4109 sunt
2278 4054 2444 4124 igitur
2481 4069 2657 4109 causae
2693 4053 2982 4108 locutionis
3026 4060 3245 4107 uostmn.
3291 4053 3398 4106 Aut
3424 4052 3569 4106 enim

1995 4145 2061 4200 de
2085 4145 2381 4200 substantia
2407 4144 2690 4214 cujuslibet
2712 4144 2790 4198 rei
2815 4144 3120 4214 loquimur;
3154 4143 3236 4198 vel
3260 4143 3330 4198 de
3349 4143 3568 4213 quanti-

1994 4239 2124 4295 tate,
2174 4233 2230 4286 id
2270 4240 2374 4296 est,
2419 4231 2820 4302 magnitudine;
2860 4240 2954 4287 aut
2994 4234 3158 4288 etiam
3196 4234 3262 4289 de
3293 4234 3569 4304 qualitate,

294 4324 693 4403 ‘gulariter,sic
712 4325 874 4379 etiam
895 4323 950 4377 in
973 4324 1144 4378 tribus
1163 4338 1375 4393 semper
1393 4323 1650 4393 singulari
1672 4337 1895 4376 numero
1927 4322 2053 4423 Din
2090 4337 2199 4393 quo
2244 4338 2440 4394 genere
2490 4324 2779 4380 locutionis
2828 4325 2997 4380 bonos
3047 4325 3279 4380 dicimus
3327 4326 3417 4394 qui
3446 4325 3573 4378 boni

316 4418 423 4470 dici
447 4417 667 4471 debere.
700 4416 759 4470 Si
785 4415 907 4485 quis
926 4430 1055 4471 vero
1078 4416 1255 4469 minus
1279 4414 1331 4469 in
1354 4414 1549 4468 talibus
1570 4414 1895 4468 exercitatus

318 4507 452 4579 [est]
485 4506 758 4578 mysteriis
792 4521 1017 4560 summa;
1042 4505 1321 4560 Trinitatis
1343 4545 1356 4568 ,
1404 4504 1545 4558 votis
1589 4511 1711 4574 agat
1753 4504 1895 4573 apud

318 4596 491 4651 Deum
516 4604 579 4649 ut
598 4595 855 4666 intelligat
879 4610 997 4664 quae
1018 4595 1113 4650 Dei
1134 4603 1274 4655 sunt,
1297 4609 1405 4648 non
1428 4608 1637 4648 mecum
1664 4608 1898 4663 conque-

318 4692 473 4737 retur
501 4682 638 4754 [Al.,
667 4681 922 4753 querelis]
955 4682 1097 4751 quod
1125 4697 1188 4735 ea
1217 4681 1409 4751 scripsi
1437 4696 1557 4751 quae
1589 4681 1648 4735 in
1678 4690 1897 4736 sancto-

318 4790 443 4827 rum
469 4774 632 4828 dictis
658 4775 937 4828 doctorum
964 4773 1231 4843 legebam.
1277 4780 1285 4789 ‘

502 4884 729 4938 CAPUT
768 4884 885 4940 XIV
910 4884 1080 4955 (EDIT.
1101 4898 1220 4938 car.
1243 4899 1341 4949 xv;
1372 4900 1424 4938 ιη
1448 4900 1561 4940 uss.
1582 4884 1721 4956 1w).

325 4972 474 5045 Quid
502 4974 574 5026 sit
610 4975 745 5045 inter
766 4975 1052 5045 ingenitum
1096 4984 1143 5028 et
1184 4972 1417 5040 Patrem,
1462 4984 1510 5028 et
1553 4975 1692 5045 quod
1726 4974 1901 5031 Filius

392 5043 541 5096 solus
588 5044 655 5123 sit
699 5046 922 5112 genitus,
960 5044 1190 5115 Spiritus
1226 5055 1437 5099 sanctus
1483 5043 1575 5098 nec
1618 5045 1900 5116 ingenitus,

396 5129 492 5165 nec
517 5122 741 5182 genitus.
1636 5136 1637 5141 η

396 5223 688 5279 Sciendum
711 5232 796 5279 est
815 5224 959 5293 quod
977 5239 1087 5279 non
1108 5239 1204 5296 per
1224 5224 1405 5280 omnia
1424 5224 1565 5280 idem
1585 5233 1669 5280 est
1686 5225 1902 5282 Patrem

321 5316 513 5372 dicere
536 5324 589 5371 et
615 5317 947 5389 ingenitum;
980 5318 1105 5387 quia
1130 5318 1231 5373 etsi
1258 5316 1453 5371 Filium
1476 5332 1582 5373 non
1608 5318 1904 5389 genuisset,

2001 4420 2155 4478 sunt;
2184 4421 2279 4467 aut
2302 4428 2432 4469 vero
2456 4414 2524 4469 ad
2549 4413 2769 4484 aliquid,
2799 4415 2852 4469 id
2881 4423 2981 4481 est,
3006 4415 3131 4470 dum
3157 4430 3400 4485 persona:
3429 4429 3575 4481 quae-

1998 4503 2131 4559 libet
2157 4505 2299 4559 inter
2323 4519 2382 4558 se
2422 4503 2793 4570 conferuntur,
2821 4513 2881 4559 ut
2907 4506 3157 4560 dominus
3198 4521 3307 4559 non
3350 4504 3570 4571 dicitur,

2000 4595 2104 4649 nisi
2131 4610 2318 4649 servus
2362 4595 2707 4665 intelligatur,
2749 4610 2849 4649 nec
2890 4596 3082 4648 iterum
3111 4609 3319 4659 servus,
3358 4596 3462 4650 nisi
3491 4610 3575 4650 re-

2003 4688 2195 4757 spiciat
2219 4688 2287 4742 ad
2319 4688 2626 4751 dominum;
2657 4688 2784 4740 item
2817 4687 2882 4740 de
2905 4686 3090 4740 habitu
3123 4687 3310 4752 animi,
3338 4687 3423 4742 vel
3448 4704 3573 4743 cor-

2005 4775 2183 4844 poris;
2231 4782 2326 4830 aut
2351 4775 2419 4831 de
2456 4776 2584 4837 situ,
2618 4774 2672 4826 in
2721 4787 2828 4840 quo
2859 4773 3231 4830 consideratur
3279 4784 3440 4839 stare,
3484 4792 3572 4832 se—

2005 4864 2154 4929 dere,
2179 4865 2392 4935 jacere;
2416 4868 2482 4921 de
2500 4865 2618 4919 loco
2645 4869 2700 4917 et
2719 4869 2978 4931 tempore,
3000 4865 3053 4919 id
3074 4874 3180 4932 est,
3208 4867 3362 4936 quid,
3386 4868 3439 4921 in
3466 4882 3573 4936 quo

2003 4952 2144 5019 loco,
2175 4954 2259 5009 vel
2310 4963 2550 5023 tempore
2588 4952 2711 5018 ﬁat;
2742 4952 2875 5007 item
2912 4955 3035 5023 quis
3078 4956 3206 5025 quid
3257 4955 3438 5019 faciat,
3486 4955 3572 5008 vel

2007 5045 2136 5114 quid
2171 5044 2425 5111 patiatur,
2470 5058 2610 5112 szepe
2660 5042 2869 5112 loquela
2924 5052 3113 5100 nostra
3168 5044 3420 5098 ostendit.
3474 5042 3573 5098 His

1994 5150 2139 5206 .ergo
2178 5135 2429 5190 omnibus
2464 5134 2639 5190 modis
2682 5136 2819 5191 solet
2845 5145 3031 5192 sancta
3076 5135 3351 5203 Scriptura
3375 5135 3440 5189 dc
3465 5134 3577 5190 Deo

2008 5228 2175 5298 loqui,
2204 5228 2300 5283 sed
2319 5227 2476 5281 aliter
2498 5229 2737 5298 proprie,
2768 5229 2926 5284 aliter
2946 5227 3278 5292 translative,
3308 5226 3466 5281 aliter
3488 5242 3570 5283 re-

2005 5317 2187 5374 lative.
2217 5316 2437 5387 Proprie
2459 5316 2600 5373 Deus
2644 5318 2842 5373 dicitur
2868 5315 3170 5373 substantia
3199 5329 3325 5381 una,
3366 5332 3575 5372 summa

320 5405 463 5459 nihil
500 5406 809 5476 prohiberet
835 5423 960 5463 eum
988 5407 1096 5461 dici
1129 5406 1427 5478 ingenitum
1457 5424 1471 5459 :
1498 5405 1649 5476 'quia
1676 5407 1800 5462 dum
1827 5409 1907 5462 di-
2006 5415 2063 5461 et
2084 5405 2384 5471 ineifabiiis,
2424 5422 2544 5476 quae
2586 5423 2797 5477 semper
2820 5407 2959 5460 idem
2998 5412 3081 5460 est
3119 5405 3265 5475 quod
3306 5412 3418 5470 est;
3469 5418 3577 5473 qua

318 5496 474 5549 citur
498 5496 789 5567 ingenitus,
825 5513 937 5552 non
966 5496 1095 5565 quid
1126 5498 1226 5561 sit,
1267 5498 1362 5553 sed
1393 5498 1525 5568 quid
1552 5514 1658 5553 non
1692 5497 1763 5553 sit
1796 5498 1903 5563 ille,

2011 5496 2143 5568 [Al.,
2177 5496 2285 5569 cui]
2312 5498 2445 5553 nihil
2482 5498 2729 5553 accidens
2764 5496 2849 5552 vel
2879 5497 3124 5554 recidens
3145 5497 3323 5555 inesse
3348 5496 3568 5567 poterit.

398 5617 428 5645 ι
464 5605 544 5661 Ea
565 5622 684 5678 quae
709 5614 1016 5679 sequuntur
1061 5605 1221 5661 citata
1250 5616 1374 5661 sunt
1401 5606 1471 5663 ab
1510 5606 1686 5663 Enea
1720 5606 1893 5663 Paris.
1933 5622 2051 5678 cap.
2083 5606 2171 5662 8i.
