3906 6186
369 213 438 270 13
1207 213 1262 266 Β.
1303 213 1364 266 F.
1404 211 1629 269 ΔΙ.Βωί
1669 215 1798 272 SEU
1838 217 2110 275 ALCUINI
2147 223 2427 281 OPERUM
2463 225 2646 285 PARS
2679 227 2763 284 Ill.
3538 240 3606 300 24

366 348 487 400 quae
515 344 725 401 semper
757 336 842 386 est
871 329 1015 400 quod
1044 338 1142 392 est,
1170 330 1295 399 quia
1318 345 1532 400 semper
1557 332 1926 386 immutabilis.
1963 340 2006 394 Α
2033 338 2270 407 deﬁcient
2317 339 2489 411 (Psal.
2538 358 2623 408 σι,
2667 343 2778 414 28),
2829 347 2973 415 quod
3019 349 3086 403 ad
3136 359 3375 421 tempus;
3429 365 3504 422 et,
3538 359 3602 416 Si

362 423 497 478 Item
530 421 673 477 Deus
716 437 944 492 magnus
985 421 1198 487 dicitur,
1244 437 1350 476 non
1402 422 1507 475 alia
1541 422 1928 492 magnitudine,

362 513 466 568 nisi
510 513 636 582 quia
682 511 810 583 [Al.,
860 510 988 583 qua]
1016 511 1128 581 ipse
1157 526 1382 582 magnus
1408 519 1574 587 estet
1612 512 1924 566 immensus.

360 600 438 654 Ea
467 601 632 670 igitur
656 601 1023 671 magnitudine
1058 616 1284 670 magnus
1309 611 1416 663 est,
1449 616 1554 670 qua
1585 601 1699 670 ipse
1727 610 1810 655 est
1839 617 1930 655 ea-

360 691 486 747 dem
507 693 848 762 magnitudo;
883 701 939 749 et
958 709 1021 748 ea
1061 693 1303 748 bonitate
1344 695 1517 748 bonus
1553 703 1654 758 est,
1683 711 1789 765 qua
1815 695 1928 765 ipse

357 791 441 836 est
461 780 736 854 [bonitas].
763 783 871 838 Nec
893 783 1004 838 Deo
1031 784 1173 838 aliud
1199 793 1282 839 est
1305 799 1447 849 esse,
1493 784 1637 839 aliud
1673 801 1926 854 magnum

355 889 496 940 esse,
527 875 672 930 aliud
697 877 894 931 bonum
917 891 1067 942 esse;
1105 878 1198 932 sed
1225 863 1290 932 ἑο
1310 892 1414 946 quo
1440 886 1540 942 est,
1571 894 1798 948 magnus
1821 888 1922 944 est,

354 975 410 1021 et
437 968 609 1024 bonus
641 976 743 1022 est.
779 968 901 1023 l‘deo
927 984 1026 1023 nec
1048 979 1157 1024 tres
1183 969 1527 1032 substantias,
1554 985 1654 1024 nec
1679 979 1790 1024 tres
1813 986 1925 1024 ma-

354 1074 506 1128 gnos,
546 1075 646 1113 nec
680 1067 792 1114 tres
832 1061 1002 1114 bonos
1047 1061 1115 1115 de
1160 1061 1269 1114 Deo
1297 1047 1477 1114 dicere
1524 1061 1606 1116 fas
1632 1070 1730 1116 est.
1770 1062 1922 1128 Quod

354 1156 531 1202 autem
571 1147 742 1216 facere
770 1148 984 1213 dicitur,
1015 1149 1084 1202 de
1111 1149 1220 1204 Deo
1246 1151 1526 1206 verissime
1571 1153 1787 1217 dicitur,
1827 1169 1924 1222 per

353 1251 510 1304 quem
548 1237 728 1290 omnia
768 1236 910 1291 facta
937 1247 1062 1292 sunt
1090 1255 1208 1309 qua:
1236 1247 1379 1305 sunt,
1411 1240 1638 1296 Domino
1662 1242 1916 1298 dicente:

352 1326 514 1379 Pater
564 1344 704 1381 meus
746 1344 908 1398 usque
955 1330 1108 1383 modo
1159 1341 1435 1401 operatur,
1489 1343 1536 1386 et
1592 1350 1684 1403 ego
1738 1351 1922 1403 operor

352 1413 532 1484 (Joan.
564 1431 616 1479 v,
650 1416 756 1487 l7).
790 1418 914 1474 Haec
952 1419 1166 1488 proprie
1207 1421 1261 1474 in
1292 1422 1722 1491 praedicamentis
1759 1438 1920 1492 supra

350 1503 640 1558 nominatis
665 1505 730 1560 de
764 1505 876 1561 Deo
900 1507 1180 1574 dicuntur;
1211 1509 1254 1564 si
1283 1519 1461 1565 tamen
1491 1512 1556 1566 de
1583 1511 1673 1564 illo
1705 1512 1920 1580 proprie

349 1595 553 1664 aliquid
590 1596 696 1652 dici
721 1612 816 1652 ore
858 1599 1091 1654 hominis
1117 1608 1313 1669 potest.
1345 1602 1587 1657 Relative
1633 1603 1813 1672 itaque
1851 1605 1916 1658 de

2034 429 2311 484 ascendere
2349 432 2405 484 in
2449 432 2651 498 caelum,
2695 443 2750 488 tu
2783 436 2854 489 ibi
2898 454 2952 492 es
3001 438 3172 510 (Psal.
3206 458 3481 514 cxxxvut,
3509 451 3598 521 8),

2030 519 2171 585 quod
2215 519 2281 573 ad
2321 520 2494 575 locum
2523 524 2776 590 pertinet.
2809 525 3017 582 Dicitur
3043 540 3097 584 et
3126 533 3191 586 de
3219 533 3348 601 Deo,
3382 519 3602 594 Paenitet

2029 625 2109 661 me
2136 609 2394 663 hominem
2421 611 2602 680 fecisse
2627 612 2778 683 (Gen.
2818 632 2868 670 vt
2890 659 2904 683 ,
2936 618 3018 689 7);
3053 621 3136 676 vel
3177 624 3342 678 etiam
3372 643 3386 680 :
3438 627 3602 701 716

2029 701 2282 758 Laboravi
2327 710 2604 762 sustinens.
2665 710 2849 782 Neque
2885 716 3026 770 enim
3054 719 3256 789 aliquid
3291 722 3433 778 Deus
3461 728 3602 796 pati-

2027 799 2134 858 tur,
2160 804 2418 886 quantum
2462 799 2529 851 ad
2555 799 2647 852 Dei
2685 799 2814 871 [Αι.,
2857 805 2995 877 ejus]
3026 811 3379 868 substantiam
3428 819 3599 886 perti-

2025 889 2116 934 net
2143 901 2154 934 :
2188 885 2312 952 quia
2347 885 2476 956 [Al.,
2505 887 2632 960 qua]
2684 889 2826 947 Deus
2857 903 2960 960 est,
2989 899 3116 966 quia
3146 885 3600 963 incommutabilis

2022 980 2077 1024 et
2103 972 2451 1042 impassibilis
2480 979 2778 1034 substantia
2801 992 2913 1048 est;
2953 986 3080 1040 dum
3105 990 3229 1045 alia:
3256 1008 3444 1050 omnes
3471 999 3598 1052 sub-

2022 1064 2232 1119 stantia:
2278 1067 2495 1134 capiunt
2541 1067 2875 1138 accidentia,
2920 1077 3116 1143 quibus
3163 1081 3216 1133 in
3255 1085 3336 1138 eis
3382 1085 3476 1141 ﬁat
3513 1091 3596 1143 vel

2021 1169 2236 1224 magna,
2261 1156 2346 1208 vel
2376 1172 2706 1228 quaecunque
2729 1159 2858 1231 [AI.,
2886 1169 3320 1243 quantacunque]
3342 1177 3588 1230 mutatio.

2021 1242 2131 1296 Deo
2157 1252 2336 1297 autem
2364 1245 2626 1314 ejusmodi
2655 1248 2856 1317 aliquid
2885 1253 3131 1310 accidere
3167 1273 3273 1312 non
3303 1242 3506 1329 potest,
3537 1273 3594 1319 et

2021 1332 2140 1387 ideo
2168 1333 2281 1387 sola
2316 1342 2398 1389 est
2424 1335 2875 1395 incommutabilis
2900 1344 3199 1402 substantia
3229 1351 3312 1405 vel
3334 1356 3588 1420 essentia,

2020 1438 2136 1492 quae
2159 1423 2300 1478 Deus
2319 1434 2419 1480 est.
2443 1425 2540 1481 Cui
2566 1429 2805 1496 profecto
2832 1433 3003 1500 ipsum
3025 1451 3162 1504 esse,
3192 1443 3331 1497 unde
3359 1449 3587 1501 essentia

2020 1514 2292 1569 nominata
2333 1524 2436 1581 est,
2482 1519 2714 1574 maxime
2741 1537 2804 1576 ac
2833 1525 3112 1582 verissime
3157 1535 3453 1600 competit:
3499 1540 3585 1592 cui

2019 1604 2119 1657 soli
2160 1604 2290 1658 illud
2326 1607 2528 1674 optime
2570 1613 2815 1679 congruit
2849 1629 3066 1682 nomen,
3095 1633 3202 1688 quo
3243 1620 3372 1692 [Αι.,
3419 1627 3585 1697 quod]

347 1679 458 1736 Deo
480 1683 682 1739 dicitur
698 1685 858 1742 Pater
885 1696 939 1741 et
957 1688 1145 1754 Filius,
1177 1699 1230 1744 et
1251 1689 1483 1760 Spiritus
1507 1701 1747 1758 sanctus,
1779 1693 1916 1748 sicut
1945 1683 1991 1742 Β
2019 1692 2190 1748 Graeci
2210 1694 2394 1748 dicunt
2415 1698 2498 1763 ὥν,
2515 1697 2689 1754 Latini
2717 1711 2811 1768 est,
2841 1704 2979 1758 sicut
3014 1679 3302 1776 Apostolus
3327 1679 3404 1768 ait
3427 1679 3586 1769 ε⁸

344 1786 507 1842 supra
537 1775 872 1833 abundanter
900 1779 1200 1836 docuimus.
1232 1781 1380 1838 Situs
1406 1799 1554 1849 vero,
1596 1798 1652 1840 et
1671 1787 1910 1851 habitus,

343 1871 398 1916 et
425 1862 563 1929 loca,
591 1872 646 1920 et
671 1875 933 1936 tempora,
973 1877 1028 1923 et
1051 1871 1162 1939 pati
1193 1887 1298 1925 non
1337 1873 1574 1942 proprie,
1604 1875 1697 1929 sed
1731 1883 1910 1930 trans-

342 1953 504 2010 lative
529 1971 626 2026 per
667 1958 1045 2016 similitudines
1091 1963 1348 2018 dicuntur
1389 1965 1444 2020 in
1499 1965 1639 2030 Deo;
1691 1982 1817 2021 nam
1856 1976 1912 2022 et

340 2045 520 2098 sedere
543 2063 700 2117 super
728 2047 987 2104 Cherubin
1013 2051 1210 2106 dicitur
1237 2053 1408 2124 (Psat.
1438 2071 1620 2120 Lnix,
1657 2049 1742 2128 2),.
1769 2058 1908 2126 quod

339 2135 409 2188 ad
454 2137 645 2203 situm;
687 2147 743 2194 et
767 2140 1010 2211 abyssum
1036 2153 1285 2215 tanquam
1314 2147 1665 2201 vestimentum
1692 2150 1910 2203 amictus

342 2222 516 2292 (Psal.
545 2243 671 2291 CIII,
721 2228 796 2301 6),
842 2232 986 2300 quod
1021 2234 1088 2286 ad
1127 2234 1400 2301 habitum;
1446 2244 1520 2300 et,
1552 2239 1676 2290 anni
1703 2239 1778 2290 tui
1805 2256 1906 2292 non

2043 1792 2126 1838 est
2148 1785 2202 1838 in
2229 1785 2319 1839 illo
2341 1795 2414 1840 est
2443 1795 2649 1855 etnon,
2674 1793 2768 1847 sed
2798 1802 2882 1848 est
2916 1795 2970 1849 in
3012 1797 3102 1852 illo
3147 1810 3241 1853 est.
3297 1801 3418 1858 Jam
3454 1822 3592 1862 vero

2017 1873 2149 1946 [Al.,
2180 1877 2254 1930 Ea
2293 1877 2444 1950 vero]
2473 1881 2774 1937 sublimitas
2815 1885 2974 1955 hujus
3000 1894 3106 1942 tam
3134 1892 3314 1946 ardua:
3343 1893 3587 1963 disputa-

2015 1967 2175 2020 tionis
2208 1968 2476 2036 respirare
2512 1970 2900 2040 aliquantulum
2915 1978 3207 2034 dictantem
3230 1983 3502 2051 admonet,
3522 1996 3582 2040 ut

2013 2055 2252 2111 liberiori
2287 2073 2449 2113 sensu
2488 2075 2550 2114 ea
2591 2077 2710 2130 qua:
2747 2065 2940 2120 deinde
2976 2069 3200 2125 dicenda
3229 2082 3373 2139 sunt,
3406 2075 3583 2144 ingre-

2013 2146 2193 2202 diatur
2220 2148 2352 2220 [Αι.,
2392 2151 2779 2227 ingrediamur]
2815 2159 3123 2228 explanare.

2121 2243 2135 2252 ’1

346 2370 3575 2438 ———————————__——___..__________.________________

1607 2473 1840 2533 LIBER
1883 2473 2304 2538 SECUNDUS.

926 2649 1309 2710 PROLOGUS.

406 2759 594 2816 Omnis
620 2760 801 2832 itaque
831 2773 1140 2820 sanctorum
1189 2768 1482 2824 auctoritas
1515 2769 1773 2827 librorum
1799 2773 1903 2829 hoc

332 2849 610 2904 nobiscum
649 2851 778 2920 agit,
821 2861 882 2906 ut
910 2861 1052 2907 recte
1089 2855 1155 2909 de
1184 2855 1293 2910 Deo
1335 2858 1640 2923 credamus,
1671 2875 1902 2931 eumque

330 2944 444 2992 tota
471 2938 631 2991 animi
662 2939 955 2997 intentione
993 2956 1252 2998 amemus.
1285 2941 1392 2998 Sed
1421 2947 1616 3001 mentis
1655 2947 1902 3004 humana:
1925 2962 1974 3024 ς

328 3027 468 3090 visio
509 3028 739 3088 iiwalida
772 3042 854 3088 est
892 3035 960 3088 ad
996 3034 1355 3103 aspiciendam
1385 3034 1620 3109 [divinze]
1646 3038 1900 3108 majesta-

328 3127 403 3182 tis
426 3125 926 3182 excellentissimam
948 3125 1150 3191 lucem,
1176 3126 1280 3180 nisi
1301 3127 1511 3196 justitia
1536 3127 1658 3185 ﬁdei
1683 3138 1740 3188 et
1763 3131 1898 3186 dile-

235 3231 239 3233 ·
330 3216 546 3281 ctionis,
576 3215 754 3270 divina
787 3215 1017 3270 donante
1038 3216 1232 3286 gratia,
1259 3216 1558 3273 illustretur
1592 3220 1892 3289 Splendore.

331 3307 667 3376 Quapropter
711 3306 891 3360 divina
946 3307 1084 3360 votis
1139 3307 1388 3362 omnibus
1448 3309 1766 3376 postulanda
1814 3319 1901 3366 est

328 3397 521 3466 gratia,
579 3404 638 3450 ut
690 3398 975 3450 mundetur
1014 3397 1202 3451 oculus
1245 3398 1424 3453 cordis
1471 3401 1540 3454 ad
1583 3402 1894 3468 videndum,

327 3499 490 3553 quam
537 3485 753 3554 proprie
799 3485 1033 3540 Trinitas
1075 3486 1146 3540 sit
1173 3503 1328 3550 unus,
1373 3496 1427 3541 et
1469 3488 1614 3544 solus
1656 3500 1712 3544 et
1735 3507 1896 3547 verus

327 3575 500 3639 Deus;
530 3583 584 3628 et
623 3590 784 3643 quam
824 3583 968 3630 recte
1017 3574 1198 3641 Pater,
1249 3585 1303 3631 et
1352 3576 1520 3632 Filius
1565 3587 1620 3634 et
1663 3579 1896 3652 Spiritus

327 3671 565 3730 sanctus,
605 3664 766 3719 unius
799 3663 1142 3734 ejusdemque
1185 3667 1500 3723 substantiae
1525 3669 1609 3724 vel
1648 3675 1895 3729 essentia:

323 3751 556 3819 dicatur,
597 3754 865 3818 credatur,
902 3755 1246 3826 intelligatur.
1279 3756 1362 3814 Ad
1401 3759 1560 3830 hujus
1589 3765 1895 3819 sacratissi-

323 3859 426 3899 maa
444 3845 789 3901 beatitudinis
815 3846 1073 3901 visionem
1097 3863 1273 3914 nemo,
1301 3849 1404 3904 nisi
1428 3866 1526 3920 per
1554 3851 1711 3907 ﬁdem
1737 3870 1892 3909 mun-

325 3934 453 3990 dato
470 3935 653 4001 corde,
680 3937 946 4008 attingere
984 3938 1215 4008 poterit:
1246 3939 1456 3994 dicente
1491 3942 1604 4009 ipsa
1629 3943 1888 4010 Veritate,

322 4023 473 4078 Beati
517 4027 711 4080 mundo
757 4028 932 4092 corde,
987 4030 1235 4099 quoniam
1285 4031 1384 4100 ipsi
1431 4031 1596 4086 Deum
1650 4034 1893 4090 videbunt

321 4111 536 4181 (Matth.
565 4129 617 4180 v,
659 4116 735 4187 8).
780 4116 905 4172 Haec
937 4133 1065 4173 vero
1105 4120 1244 4174 visio
1281 4136 1388 4174 non
1417 4123 1720 4179 carnalibus
1749 4126 1893 4180 testi-

322 4201 517 4256 manda
539 4210 621 4258 est
662 4204 831 4260 oculis
871 4208 1018 4261 cerni
1057 4222 1242 4276 posse;
1273 4211 1367 4266 sed
1392 4199 1563 4280 puraa‘
1584 4215 1778 4269 mentis
1803 4216 1887 4270 in-

321 4290 458 4345 tuitu
487 4293 870 4349 consideranda
900 4305 1002 4361 est,
1049 4299 1344 4354 secundum
1388 4303 1530 4370 quod
1560 4305 1730 4359 sancti
1767 4305 1888 4375 Spi-
1917 4301 1966 4362 ο

323 4379 461 4434 ritus
500 4381 671 4452 gratia
700 4391 896 4438 nostrae
932 4387 1125 4442 mentis
1169 4389 1338 4444 aciem
1385 4388 1654 4448 illustrare
1695 4394 1886 4465 digna-

324 4471 488 4525 m”
822 4545 1047 4605 CAPUT
1085 4549 1370 4608 PRIMUM.

393 4654 546 4720 Quod
576 4658 713 4714 Deus
741 4662 972 4716 omnium
1000 4663 1065 4717 sit
1095 4681 1274 4731 causa,
1299 4682 1414 4735 quis
1439 4676 1579 4732 sunt,
1611 4676 1668 4722 ut
1690 4670 1816 4723 sint.

389 4748 588 4804 Eorum
628 4751 788 4821 igitur
808 4770 928 4824 quae
967 4765 1111 4823 sunt,
1159 4758 1243 4814 vel
1292 4757 1532 4824 fuerunt,
1571 4760 1659 4815 Vel
1705 4761 1887 4816 futura

322 4851 470 4908 sunt,
492 4858 655 4898 causa
684 4853 767 4898 est
795 4844 956 4914 Deus,
1001 4859 1056 4903 et
1079 4851 1292 4906 ‘horum
1339 4851 1494 4907 dator
1543 4861 1599 4906 et
1647 4862 1881 4909 creator.

233 4945 236 4950 ·
319 4931 385 4985 Et
407 4946 516 4986 non
543 4938 628 4985 est
657 4931 938 4987 dicendum
982 4935 1118 5006 [Αι.,
1144 4937 1366 5009 dicere],
1408 4941 1526 4996 haec
1562 4956 1682 4996 esse
1709 4943 1889 5011 ipsum

317 5021 448 5092 (AL,
477 5023 580 5077 hoc
607 5037 725 5077 esse
751 5022 948 5094 ipsum,
979 5026 1120 5093 quod
1160 5036 1287 5082 sunt
1315 5029 1448 5102 illa],
1488 5031 1684 5100 quibus
1717 5039 1776 5086 ut
1799 5047 1886 5086 es-

315 5118 438 5165 sent
464 5111 629 5167 dedit.
664 5110 773 5167 Nec
796 5112 952 5167 alicui
980 5122 1241 5171 creatum
1262 5127 1472 5186 partem
1501 5136 1610 5176 sua:
1636 5123 1884 5176 substan-

315 5199 406 5254 tiae
440 5201 605 5267 dedit,
652 5213 709 5260 et
733 5219 854 5261 cum
903 5204 1016 5275 ipse
1068 5205 1140 5260 sit
1185 5206 1552 5277 immutabilis,
1607 5212 1882 5268 mutabilia

316 5290 432 5345 sine
474 5292 557 5346 sui
602 5295 961 5352 mutabilitate
1003 5297 1225 5353 creavit.
1271 5298 1398 5354 Ideo
1447 5301 1500 5356 in
1547 5302 1638 5358 illo
1681 5304 1880 5373 hymno

314 5381 589 5447 laudabili,
620 5399 778 5453 quem
806 5396 1023 5456 peracta
1053 5403 1207 5446 coena
1231 5390 1456 5460 mystica
1501 5406 1682 5447 coram
1715 5393 1878 5449 disci-

315 5471 454 5542 pulis
489 5474 600 5529 suis
644 5475 699 5530 in
725 5476 936 5534 laudem
971 5479 1164 5546 Patris,
1212 5482 1306 5536 Dei
1350 5480 1483 5554 [Al.,
1519 5484 1680 5557 Deus]
1712 5487 1880 5542 Filius

228 5573 234 5581 '
316 5563 639 5633 decantavit,
672 5581 778 5622 non
811 5567 944 5622 dixit
975 5571 1038 5626 de
1070 5570 1311 5628 ﬁdelibus
1343 5573 1472 5639 suis,
1501 5583 1556 5629 ut
1589 5591 1753 5635 unum
1774 5577 1881 5632 sint

2003 2661 2414 2725 nobiscum,sed
2440 2670 2496 2716 ut
2522 2679 2681 2718 unum
2711 2666 2812 2719 sint
2839 2667 2895 2720 in
2917 2668 3062 2722 nobis
3085 2669 3262 2739 (Joan.
3295 2687 3426 2737 xvu,
3453 2674 3569 2744 21),

2001 2753 2127 2821 quia
2157 2753 2368 2808 diversa
2409 2755 2706 2810 substantia
2751 2768 2833 2812 est
2881 2761 3143 2814 creatoris
3188 2769 3242 2815 et
3288 2774 3568 2820 creaturae.

2002 2841 2114 2896 Nec
2142 2843 2304 2898 etiam
2329 2843 2462 2897 dixit
2489 2863 2502 2896 :
2553 2844 2666 2915 Ego
2698 2854 2752 2900 et
2779 2846 2878 2916 ipsi
2910 2864 3076 2903 unum
3105 2849 3355 2924 [sumus],
3386 2870 3575 2924 quam-

2005 2933 2087 2989 vis
2134 2950 2231 3004 per
2259 2935 2332 3000 id,
2358 2936 2501 3004 quod
2548 2936 2801 2992 Ecclesia:
2830 2948 2992 3008 caput
3019 2950 3102 2996 est
3141 2951 3196 2996 et
3238 2960 3432 3014 corpus
3460 2946 3574 3024 ejus

2003 3025 2266 3091 Ecclesia,
2293 3027 2461 3096 possit
2480 3027 2694 3083 dicere:
2729 3028 2840 3098 Ego
2871 3038 2924 3084 et
2955 3030 3076 3099 ipsi,
3107 3047 3211 3086 non
3249 3037 3438 3100 unum,
3475 3038 3569 3090 sed
3641 3072 3645 3075 -

2001 3133 2172 3182 unus;
2209 3119 2334 3188 quia
2363 3127 2524 3188 caput
2557 3127 2612 3174 et
2649 3135 2843 3189 corpus
2881 3136 3019 3175 unus
3057 3130 3138 3176 est
3160 3121 3436 3190 Christus;
3478 3128 3571 3181 sed

2002 3210 2334 3265 divinitatem
2361 3226 2512 3266 suam
2546 3213 3055 3268 consubstantialem
3084 3214 3232 3268 Patri
3261 3217 3572 3282 ostendens,

2001 3301 2126 3356 dum
2147 3302 2264 3355 ait:
2314 3299 2383 3354 Ut
2409 3303 2513 3355 sint
2556 3319 2736 3366 unum,
2783 3303 2916 3356 sicut
2957 3314 3004 3358 et
3048 3321 3140 3358 nos
3183 3322 3345 3360 unum
3390 3323 3571 3361 sumus

2000 3388 2163 3461 (Ibid.
2206 3390 2319 3460 25).
2349 3391 2474 3445 Vult
2503 3407 2632 3462 ergo
2675 3408 2793 3449 esse
2831 3411 2957 3450 suos
2983 3413 3168 3461 unum,
3197 3399 3290 3453 sed
3323 3399 3376 3454 in
3419 3401 3566 3470 ipso;

1997 3481 2124 3548 quia
2149 3481 2203 3535 in
2225 3496 2282 3535 se
2323 3481 2454 3550 ipsis
2478 3497 2583 3536 non
2609 3493 2849 3552 possunt,
2893 3484 3165 3540 dissociati
3197 3485 3285 3559 [ab
3315 3488 3566 3560 invicem]

1995 3585 2094 3639 per
2114 3570 2354 3624 diversas
2377 3571 2702 3627 voluntates.
2735 3573 2869 3628 Cum
2898 3576 3043 3629 enim
3072 3576 3141 3631 sit
3176 3586 3363 3633 sancta
3389 3579 3568 3633 Trini-

1995 3667 2079 3714 tas
2106 3672 2243 3714 unus
2265 3669 2319 3714 et
2352 3661 2496 3715 solus
2527 3661 2691 3728 Deus,
2724 3664 2777 3718 in
2822 3665 3122 3722 substantia
3164 3667 3331 3733 solus,
3361 3669 3416 3724 in
3443 3685 3567 3740 per-

1995 3748 2143 3803 sonis
2171 3749 2274 3803 tria
2299 3751 2566 3819 qumdam,
2597 3768 2720 3807 cum
2741 3754 2909 3810 multa
2937 3756 3106 3811 voluit
3133 3772 3275 3823 esse,
3303 3773 3408 3813 non
3439 3759 3565 3814 illud

1994 3853 2058 3894 ea
2084 3840 2249 3894 voluit
2278 3857 2399 3897 esse
2425 3844 2568 3911 quod
2595 3845 2684 3899 ille
2708 3846 2824 3914 ipse
2848 3855 2962 3911 est;
2991 3848 3116 3902 dum
3144 3864 3206 3903 ea
3248 3865 3368 3919 quas
3399 3851 3566 3904 voluit

1993 3943 2112 3982 esse
2144 3929 2406 4001 originem
2445 3931 2644 4000 habent
2670 3947 2684 3985 :
2715 3933 2788 3987 illi
2815 3935 3076 4003 siquidem
3111 3938 3225 3992 sine
3249 3939 3455 4008 origine
3482 3949 3564 3993 est

1991 4033 2130 4077 esse.

2611 4093 2837 4149 CAPUT
2873 4094 2934 4148 ll.

2344 4180 2499 4246 Quod
2537 4181 2678 4236 Deus
2715 4200 2872 4254 super
2909 4186 3083 4240 omnia
3118 4187 3205 4239 sit.

2061 4271 2227 4326 Deum
2274 4287 2435 4344 supra
2478 4290 2694 4330 omnem
2734 4276 3104 4344 existentiam,
3142 4293 3301 4347 supra
3343 4293 3557 4335 omnem

1988 4364 2179 4431 vitam,
2216 4381 2378 4436 supra
2406 4383 2621 4424 omnem
2665 4368 3076 4438 intelligentiam
3120 4371 3390 4425 credimus
3414 4385 3552 4427 esse.

1989 4455 2167 4512 Etille
2193 4467 2277 4512 est
2323 4474 2531 4513 summa
2578 4460 2882 4523 existentia,
2932 4476 3138 4515 summa
3185 4462 3554 4534 intelligentia,

1985 4563 2200 4604 summa
2225 4550 2358 4613 vita,
2391 4567 2421 4604 a
2451 4565 2557 4620 quo
2601 4550 2728 4622 [est]
2764 4553 2941 4606 omnis
2979 4553 3108 4616 vita,
3137 4554 3313 4609 omnis
3358 4556 3554 4611 intelli-

1987 4637 2164 4707 gentia
2209 4646 2264 4693 et
2309 4640 2484 4693 omnis
2529 4640 2834 4705 existentia,
2873 4642 2968 4697 Dei
3002 4643 3144 4697 enim
3190 4643 3330 4698 idem
3377 4646 3550 4714 ipsum

1985 4734 2090 4791 est,
2131 4737 2184 4783 et
2220 4730 2477 4798 potentia,
2525 4740 2582 4785 et
2622 4732 2939 4797 substantia,
2966 4742 3023 4787 et
3061 4733 3330 4800 divinitas,
3358 4744 3414 4791 et
3439 4738 3552 4792 hare

1985 4817 2164 4873 omnia
2191 4834 2378 4886 unum,
2412 4829 2467 4874 et
2489 4822 2590 4877 hoc
2615 4837 2780 4876 unum
2809 4823 3052 4893 simplex.

2493 4929 2652 5001 715
2690 4931 2913 4987 CAPUT
2942 4931 3027 4986 ιιι.

1986 5015 2139 5082 Quod
2166 5018 2350 5073 melius
2379 5020 2444 5073 sit
2473 5020 2537 5074 de
2564 5021 2672 5076 Deo
2703 5024 2926 5093 wqualia
2955 5026 3125 5080 dicere
3149 5043 3310 5098 quam
3333 5030 3545 5084 similia.

2054 5129 2129 5184 De
2159 5130 2252 5184 Dei
2292 5129 2427 5184 Filio
2461 5131 2648 5186 doctor
2681 5135 2927 5204 egregius
2963 5137 3152 5193 beatus
3185 5137 3382 5196 Paulus
3423 5157 3548 5211 apo-

1983 5221 2149 5278 stolus
2170 5220 2318 5283 dicit,
2347 5221 2477 5276 Cum
2504 5232 2631 5277 esset
2654 5225 2706 5278 in
2728 5225 2897 5293 [arma
2923 5226 3037 5285 Dei.
3071 5245 3172 5283 non
3200 5231 3434 5300 rapinam
3457 5247 3547 5282 ar-

1984 5311 2204 5364 bitratus
2227 5321 2302 5365 est
2329 5328 2438 5366 esse
2460 5329 2514 5367 se
2540 5313 2792 5384 a’qualem
2822 5314 2927 5369 Deo
2957 5316 3175 5389 (Philip.
3208 5335 3267 5383 ιι,
3297 5317 3370 5387 6).
3410 5316 3545 5371 Pro-

1983 5399 2105 5454 inde
2128 5399 2318 5454 melius
2336 5415 2454 5456 esse
2471 5401 2683 5456 videtur
2700 5404 3056 5475 aequalitatem
3079 5407 3144 5460 de
3162 5405 3352 5460 divinis
3369 5406 3548 5462 dicere

1981 5489 2223 5558 personis
2251 5504 2409 5560 quam
2445 5490 2850 5550 similitudinem
2871 5535 2885 5559 ,
2927 5509 3230 5565 quanquam
3260 5503 3549 5564 utrumque

1984 5576 2283 5631 inveniatur
2311 5591 2323 5630 :
2352 5576 2477 5646 quia
2503 5593 2606 5634 una
2635 5581 2884 5652 quaelibet
2909 5582 3223 5650 substantia,
3256 5584 3545 5639 secundum
