3906 6186
379 248 462 304 25
1036 245 1451 304 DOGMATICA.
1507 277 1559 288 —-
1596 247 1682 302 DE
1720 245 1869 302 FIDE
1909 242 1958 297 S.

2058 241 2400 299 RlNlTATlS
2439 245 2618 302 unm
2649 248 2734 303 ιιι.
2777 249 2904 304 LIB.
2946 250 3009 305 ιι.
3105 222 3114 231 ’
3565 250 3637 306 ιε

382 361 534 435 quod
570 359 870 417 substantia
903 368 1004 424 est,
1043 375 1152 415 non
1188 370 1270 416 est
1303 362 1425 425 alia,
1464 371 1524 417 ut
1559 363 1629 417 sit
1668 361 1858 417 similis
1901 356 1967 411 ad
1995 359 2044 417 Δ

381 455 575 511 aliam.
609 454 720 510 Nec
752 454 896 509 enim
929 453 985 507 in
1018 461 1204 509 sancta
1231 453 1493 510 Trinitate
1518 455 1814 510 substantia
1843 457 1965 509 sub-

383 545 604 600 stantia
628 543 820 598 similis
850 550 955 606 est,
986 543 1081 597 sed
1107 558 1248 608 una;
1282 553 1337 598 et
1364 544 1477 613 ipsa
1503 545 1691 598 eadem
1715 544 1965 598 substan-

387 637 464 690 tia
490 643 577 690 est
601 635 796 699 Patris,
833 642 889 689 et
918 634 1064 698 Filii,
1104 642 1159 688 et
1192 634 1426 704 Spiritus
1464 636 1655 690 sancti.
1695 634 1805 690 Nec
1843 645 1967 690 sunt

389 735 503 782 tres
540 726 857 782 substantia
900 724 1126 788 similes,
1169 724 1262 778 sed
1307 741 1413 778 una
1461 726 1622 778 trium
1665 724 1961 792 aqualiter.

382 816 500 871 Nec
524 815 690 870 Pater
707 813 846 868 Filio
871 813 1041 884 prior,
1071 827 1171 867 nec
1196 813 1364 868 Filius
1391 815 1548 869 Patre
1574 814 1862 882 posterior,
1899 813 1967 868 si-

381 916 481 963 cut
500 905 685 960 Ariani
714 903 1022 958 voluerunt.
1073 902 1208 956 Nam
1236 903 1510 957 Abraham
1548 911 1602 957 et
1632 903 1806 964 lsaac,
1843 903 1966 957 licet

381 997 551 1052 unius
587 996 696 1051 sint
734 994 1053 1049 substantia
1087 992 1381 1048 secundum
1431 992 1839 1055 humanitatem,
1885 1000 1966 1044 ta-

383 1103 512 1142 men
543 1087 817 1141 Abraham
845 1085 997 1154 prior
1019 1091 1102 1138 est
1127 1093 1387 1152 tempore,
1417 1091 1471 1138 et
1496 1083 1646 1138 lsaac
1672 1083 1962 1153 posterior.

383 1177 645 1246 Quamvis
665 1177 719 1232 hi
747 1177 859 1231 sint
881 1175 1073 1231 similis
1094 1175 1428 1238 substantia,
1456 1183 1634 1229 tamen
1662 1174 1750 1228 illa
1773 1175 1960 1229 simili-

384 1266 518 1320 tudo
547 1265 860 1319 substantia
887 1263 940 1318 in
970 1263 1080 1318 lilio
1107 1264 1257 1318 Isaac
1279 1265 1548 1333 posterior
1569 1273 1652 1319 est
1675 1272 1914 1333 tempore
1947 1281 1959 1316 :

383 1357 531 1426 quod
563 1356 781 1425 impium
807 1364 892 1410 est
927 1355 981 1409 in
1017 1356 1128 1409 Deo
1163 1356 1384 1410 credere
1423 1356 1625 1424 aliquid
1661 1357 1809 1425 prius
1845 1371 1964 1410 esse

382 1448 472 1501 vel
500 1445 786 1516 posterius,
813 1447 939 1515 quia
970 1461 1076 1500 non
1102 1461 1167 1500 ex
1197 1454 1437 1516 tempore
1470 1447 1611 1500 Deus
1645 1446 1807 1516 coepit
1843 1440 1964 1500 esse

381 1536 564 1599 Pater,
586 1537 678 1592 sed
699 1537 841 1591 sicut
856 1550 1071 1604 semper
1096 1536 1254 1599 Deus,
1282 1536 1354 1589 ita
1383 1551 1594 1606 semper
1613 1536 1792 1601 Pater,
1824 1551 1963 1591 sem-

383 1643 486 1697 per
512 1629 712 1682 habens
737 1627 957 1690 Filium,
990 1642 1147 1696 quem
1174 1627 1330 1681 simul
1357 1626 1484 1698 [Al.,
1515 1627 1710 1692 semel;
1736 1627 1844 1693 AL,
1874 1644 1959 1682 so-

381 1717 498 1790 lus]
519 1719 692 1789 genuit
718 1734 782 1772 ex
812 1733 908 1772 sua
932 1717 1192 1786 aqualem
1213 1718 1315 1773 sibi
1337 1727 1546 1772 natura.
1585 1719 1802 1772 Addunt
1824 1733 1958 1788 quo-

384 1825 496 1878 que
532 1807 787 1863 dialectici
833 1807 978 1876 quod
1021 1822 1182 1862 omne
1225 1808 1401 1862 simile
1440 1808 1747 1877 receptibile
1792 1809 1962 1878 possit

383 1915 506 1955 esse
551 1898 1020 1960 dissimilitudinis,
1071 1898 1209 1952 sicut
1255 1899 1359 1952 duo
1405 1898 1670 1962 homines,
1715 1899 1960 1966 quamvis

382 1992 579 2047 similis
605 1992 713 2046 sint
744 1991 1058 2046 substantia
1082 1989 1214 2061 [AI.,
1242 1990 1446 2045 similes
1474 1990 1583 2044 sint
1611 1988 1955 2062 substantia],

379 2087 675 2141 dissimiles
711 2095 889 2140 tamen
934 2092 1160 2154 possunt
1205 2100 1324 2140 esse
1369 2085 1653 2140 moribus:
1686 2085 1806 2139 ideo
1852 2099 1958 2137 non

378 2187 617 2248 possunt
641 2188 788 2232 recte
812 2193 903 2247 per
928 2177 1110 2232 omnia
1139 2177 1372 2247 aquales
1410 2178 1546 2242 dici;
1589 2184 1644 2231 et
1679 2185 1804 2230 sunt
1842 2177 1960 2231 dua

379 2269 714 2324 substantia
745 2269 797 2321 in
820 2271 894 2322 eis
928 2269 1133 2334 divisa,
1173 2268 1543 2336 unusquisque
1590 2267 1644 2320 in
1690 2282 1788 2320 sua
1834 2266 1960 2321 sub-

379 2358 588 2412 stantia
605 2358 794 2425 plenus
812 2358 984 2412 homo.
1022 2358 1081 2413 ln
1106 2358 1267 2413 Patre
1291 2373 1420 2413 vero
1439 2366 1495 2412 et
1517 2356 1654 2411 Filio
1679 2365 1733 2411 et
1754 2356 1958 2426 Spiritu

377 2456 589 2510 sancto,
641 2464 744 2502 non
788 2456 868 2502 est
913 2449 1104 2504 similis
1142 2450 1439 2504 substantia
1477 2448 1821 2510 substantia,
1865 2447 1959 2502 sed

381 2552 487 2590 una
526 2538 746 2606 aqualis
783 2554 879 2608 per
921 2541 1123 2603 omnia,
1171 2548 1226 2595 et
1273 2538 1394 2594 ideo
1431 2540 1721 2611 ὁμοούσιος,
1774 2539 1825 2594 id
1875 2551 1976 2593 εει

378 2627 544 2681 unius
565 2627 896 2692 substantia,
928 2645 1034 2683 non
1061 2629 1374 2700 ὃμοιούσιον,
1408 2629 1462 2684 id
1488 2637 1588 2692 est,
1618 2628 1809 2683 similis
1833 2628 1959 2683 sub-

379 2715 611 2781 stantia,
642 2717 779 2770 sicut
801 2717 1042 2772 haretici
1073 2718 1375 2773 voluerunt.

980 2827 1206 2883 CAPUT
1260 2828 1347 2882 IV.

665 2895 740 2950 De
775 2899 1124 2952 immensitate
1153 2899 1535 2968 omnipotentiae
1558 2897 1676 2952 Dei.

453 2986 717 3057 Quidquid
747 2987 800 3042 in
832 2995 1027 3042 natura
1050 2998 1418 3043 creaturarum
1449 2995 1552 3051 est,
1593 2995 1838 3042 creatura
1875 2993 1956 3040 est

381 3076 497 3145 Dei,
521 3078 671 3146 cujus
694 3080 1084 3148 omnipotentis
1109 3095 1171 3135 ea
1195 3081 1477 3152 gubernat,
1510 3081 1668 3150 regit,
1692 3089 1746 3134 et
1770 3079 1955 3149 implet

378 3185 498 3238 qua
517 3170 741 3224 creavit.
777 3170 885 3226 Nec
919 3171 1036 3225 ideo
1061 3171 1227 3225 Deum
1254 3171 1431 3225 omnia
1465 3170 1685 3239 implere
1705 3170 1951 3234 dicimus,

380 3267 432 3311 ut
455 3274 577 3312 eum
599 3260 931 3324 contineant,
961 3260 1053 3314 sed
1081 3268 1138 3313 ut
1160 3260 1270 3330 ipsa
1293 3261 1470 3329 potius
1491 3260 1867 3314 contineantur
1889 3258 1956 3312 ab

376 3361 461 3401 eo.
489 3346 600 3402 Nec
622 3349 985 3417 particulatim
1014 3349 1155 3403 Deus
1183 3349 1366 3418 implet
1390 3349 1598 3414 omnia;
1633 3362 1732 3403 nec
1758 3347 1955 3402 ullate-

377 3454 478 3494 nus
501 3439 579 3492 ita
599 3441 894 3508 putandum
919 3449 1000 3494 est
1025 3441 1079 3495 in
1105 3441 1356 3496 omnibus
1383 3457 1502 3496 esse
1523 3441 1711 3505 Deum,
1737 3450 1797 3494 ut
1825 3457 1958 3496 una-

379 3545 605 3600 quaque
648 3545 736 3586 rcs
769 3546 867 3600 per
905 3531 1326 3601 magnitudinem
1365 3532 1647 3600 positionis
1688 3530 1816 3603 [AI.,
1857 3547 1956 3600 pro

384 3621 753 3690 magnitudine
775 3621 1062 3692 portionis]
1091 3636 1200 3675 sua
1221 3622 1398 3692 capiat
1426 3637 1566 3684 eum,
1591 3621 1644 3675 id
1667 3628 1770 3685 est,
1787 3621 1958 3674 maxi-

381 3727 465 3765 ma
496 3713 690 3783 majus,
722 3713 944 3766 minima
992 3713 1356 3767 minus:dum
1393 3712 1465 3766 sit
1507 3703 1684 3782 potius
1730 3712 1844 3781 ipse
1876 3719 1958 3766 to-

381 3815 463 3857 tus
488 3803 543 3857 in
567 3804 842 3868 omnibus,
866 3804 978 3858 sive
1003 3804 1185 3858 omnia
1213 3805 1266 3858 in
1294 3805 1427 3873 ipso,
1451 3805 1602 3875 cujus
1621 3805 1956 3873 omnipoten-

380 3895 451 3947 tia
486 3896 670 3949 omnia
714 3894 1003 3950 concludit.
1042 3895 1153 3950 Nec
1196 3896 1454 3950 evadendi
1492 3896 1788 3965 potentiam
1839 3893 1956 3962 ejus

377 3985 496 4052 quis
524 3985 732 4038 aditum
758 3985 1000 4039 invenire
1024 3985 1255 4055 poterit;
1289 3985 1382 4055 qui
1409 3985 1553 4040 enim
1581 4000 1702 4039 eum
1732 3999 1836 4038 non
1861 3985 1956 4038 ha-

377 4076 469 4130 bet
495 4076 766 4144 placatum
789 4118 804 4142 ,
832 4091 1168 4146 nequaquam
1195 4076 1385 4132 evadet
1411 4078 1628 4132 iratum.
1677 4076 1955 4130 lmmcnsi-

377 4175 464 4220 tas
491 4167 686 4222 divina
709 4167 1092 4238 magnitudinis
1121 4168 1223 4222 ista
1247 4175 1350 4232 est,
1375 4175 1433 4222 ut
1451 4167 1810 4238 intelligamus
1830 4182 1952 4221 eum

378 4257 525 4310 intra
553 4258 754 4320 omnia,
778 4257 872 4312 sed
891 4273 996 4312 non
1020 4257 1311 4322 inclusum;
1336 4265 1490 4311 extra
1509 4258 1710 4322 omnia,
1733 4258 1827 4313 sed
1848 4273 1954 4312 non

2685 362 2910 418 CAPUT
2959 365 3022 416 V.

2065 471 2242 538 Quare
2274 471 2415 527 Deus
2445 473 2654 526 dicatur
2678 474 2844 543 magis
2871 474 2928 527 in
2965 472 3090 528 caelo
3124 473 3360 528 habitare
3391 492 3548 545 quam
3581 478 3637 530 in

2243 565 2257 576 '
2779 553 2939 596 terra.

2134 653 2285 720 Quod
2308 669 2436 708 vero
2457 654 2511 708 in
2539 653 2814 709 Dominica
2841 655 3085 710 oratione
3109 655 3322 721 dicitur,
3347 654 3510 710 Pater
3539 671 3637 709 no-

2062 754 2189 808 ster,
2218 745 2307 814 qui
2333 761 2386 798 es
2414 745 2468 797 in
2497 745 2636 798 caelis
2665 744 2876 816 (Matth.
2907 760 2982 809 γι,
3008 745 3095 815 9);
3124 745 3210 798 vel
3235 745 3379 813 quod
3412 745 3466 799 in
3489 743 3641 799 Psal-

2063 839 2166 892 mis
2186 837 2398 908 legitur,
2423 837 2504 890 Ad
2517 847 2564 890 te
2582 837 2741 891 levavi
2761 835 2935 891 oculos
2957 853 3114 901 meos,
3136 837 3225 905 qui
3247 836 3449 890 habitas
3468 837 3523 890 in
3544 851 3639 890 etz-

2064 931 2127 986 lis
2143 931 2312 1004 (Psal.
2336 947 2504 996 cxxn,
2524 931 2718 1002 l),non
2747 933 3097 1001 corporaliter
3112 931 3515 1002 intelligendum
3531 940 3636 996 est,

2066 1025 2160 1078 sed
2196 1023 2529 1091 spiritaliter,
2566 1022 2692 1090 quia
2721 1037 2827 1076 non
2865 1023 3036 1091 spatio
3065 1023 3303 1077 locorum
3333 1022 3639 1076 continetur

2063 1114 2224 1167 Deus.
2276 1113 2414 1167 Sunt
2448 1111 2590 1166 enim
2626 1110 2757 1183 [A!.,
2798 1111 2997 1182 autem]
3035 1113 3154 1167 cali
3190 1111 3638 1166 excellentissima

2065 1204 2278 1272 quidem
2302 1203 2485 1257 mundi
2509 1218 2757 1271 corpora,
2781 1219 2899 1272 qua
2925 1203 3086 1274 716
3115 1218 3220 1257 non
3247 1211 3472 1271 possunt
3497 1216 3634 1266 esse,

2063 1295 2166 1348 nisi
2192 1295 2245 1347 in
2272 1293 2390 1348 loco
2417 1308 2430 1346 :
2459 1293 2553 1348 sed
2583 1294 2627 1347 si
2658 1294 2710 1347 in
2750 1294 2922 1358 calis,
2961 1302 3217 1362 tanquam
3257 1295 3310 1347 in
3349 1293 3639 1362 superiori-

2062 1386 2163 1440 bus
2184 1385 2366 1439 mundi
2392 1386 2655 1454 partibus,
2681 1385 2830 1440 locus
2855 1385 2947 1438 Dei
2975 1399 3094 1439 esse
3117 1384 3369 1445 creditur,
3399 1382 3639 1437 melioris

2063 1477 2241 1531 meriti
2267 1485 2393 1531 sunt
2417 1491 2562 1541 aves,
2593 1492 2823 1546 quarum
2853 1476 2964 1542 vita
2987 1483 3068 1529 est
3098 1476 3206 1528 Deo
3232 1474 3478 1528 vicinior.
3519 1473 3636 1528 Non

2066 1576 2240 1620 autem
2272 1567 2530 1635 scriptum
2558 1575 2641 1621 est
2665 1585 2676 1619 :
2702 1566 2872 1635 Prope
2900 1574 2982 1619 est
3005 1566 3262 1620 Dominus
3289 1565 3516 1621 excelsis
3540 1565 3640 1620 ho-

1995 1694 2036 1752 Β
2067 1656 2318 1722 minibus,
2357 1665 2452 1710 aut
2476 1657 2555 1711 eis
2583 1656 2671 1726 qui
2702 1657 2754 1710 in
2783 1656 3055 1710 montibus
3079 1647 3352 1719 habitant;
3382 1655 3475 1710 sed
3504 1654 3640 1709 scri-

2062 1754 2211 1816 ptum
2245 1754 2330 1800 est
2361 1764 2374 1800 :
2405 1746 2576 1816 Prope
2615 1756 2688 1800 est
2723 1746 2979 1800 Dominus
3020 1747 3221 1800 obtritis
3267 1746 3419 1800 corde
3478 1744 3634 1817 (Isai.

2062 1851 2192 1899 Lvu,
2225 1835 2343 1906 15);
2379 1835 2520 1903 quod
2558 1837 2730 1904 magis
2755 1837 2988 1905 pertinet
3014 1836 3079 1890 ad
3114 1836 3488 1891 humilitatem.
3530 1835 3637 1891 Sed

2061 1925 2510 1992 quemadmodum
2537 1933 2681 1979 terra
2705 1926 3000 1994 appellatus
3027 1935 3109 1982 est
3136 1934 3404 1996 peccator,
3436 1942 3557 1980 cum
3583 1927 3636 1981 ei

2060 2016 2259 2070 dictum
2284 2022 2368 2070 est
2393 2035 2405 2069 :
2437 2014 2598 2069 Terra
2619 2032 2696 2080 es,
2729 2026 2774 2069 et
2802 2018 2857 2070 in
2887 2027 3078 2070 terram
3103 2017 3202 2070 ibis
3231 2013 3381 2086 (Gen.
3413 2032 3492 2079 ιιι,
3523 2015 3634 2085 l9),

2059 2104 2137 2158 sic
2165 2104 2358 2159 calum
2383 2102 2560 2171 justus
2584 2120 2614 2160 e
2643 2105 2916 2160 contrario
2941 2106 3042 2160 dici
3072 2113 3278 2174 potest;
3311 2103 3470 2173 justis
3493 2105 3637 2159 enim

2057 2192 2584 2262 diciturtTemplum
2631 2193 2723 2247 Dei
2768 2204 3007 2248 sanctum
3050 2206 3157 2260 est,
3201 2196 3338 2265 quod
3382 2197 3504 2249 estis
3551 2212 3637 2249 vos

2060 2267 2112 2338 (1
2141 2278 2262 2334 Cor.
2292 2297 2375 2345 ιιι,
2406 2281 2512 2351 l7).
2559 2282 2894 2352 Quapropter
2917 2284 2963 2338 si
3000 2285 3053 2336 in
3083 2285 3279 2355 templo
3306 2300 3402 2339 suo
3426 2285 3637 2339 habitat

2058 2373 2220 2439 Deus,
2254 2375 2379 2442 quia
2415 2377 2585 2430 sancti
2622 2376 2878 2445 templum
2905 2376 3024 2444 ejus
3059 2385 3203 2442 sunt,
3237 2385 3383 2431 recte
3416 2377 3635 2442 dicitur,

2056 2462 2146 2532 qui
2168 2479 2219 2515 es
2249 2462 2304 2516 in
2335 2462 2496 2527 catis,
2526 2464 2579 2518 id
2608 2473 2707 2531 est,
2747 2466 2800 2519 in
2829 2467 3059 2531 sanctis;
3096 2474 3151 2520 et
3186 2468 3635 2522 accommodatis-

2057 2553 2192 2606 sima
2221 2553 2323 2607 ista
2349 2554 2640 2609 similitudo
2667 2564 2769 2619 est,
2810 2565 2868 2609 ut
2904 2556 3220 2625 spiritaliter
3253 2565 3462 2610 tantum
3500 2558 3639 2612 inte—

2058 2659 2204 2699 resse
2230 2645 2477 2699 videatur
2514 2646 2653 2701 inter
2683 2644 2860 2712 justos
2903 2655 2957 2701 et
2997 2654 3348 2716 peccatores,-
3372 2654 3631 2717 quantum

2057 2733 2409 2802 corporaliter
2430 2735 2570 2789 inter
2591 2735 2784 2789 calum
2808 2743 2862 2789 et
2883 2744 3103 2790 terram.
3144 2734 3309 2804 Cujus
3333 2737 3410 2790 rei
3433 2736 3638 2804 signiﬁ-

2056 2821 2240 2875 canda
2265 2821 2436 2891 gratia
2457 2837 2580 2876 cum
2608 2821 2676 2876 ad
2705 2823 3002 2878 orationem
3025 2831 3250 2888 stamus,
3283 2824 3348 2877 ad
3369 2825 3635 2878 orientem

2057 2911 2420 2965 convertimus
2461 2926 2560 2966 nos
2605 2909 2750 2982 [Αι.,
2798 2912 3215 2990 convertimur],
3259 2915 3398 2967 unde
3440 2914 3636 2968 cmlum

1972 3005 2027 3096 ὀ
2059 3000 2250 3068 surgit,
2295 3007 2351 3053 et
2392 3000 2569 3054 lumen
2609 3000 2812 3066 oritur,
2860 3017 2967 3056 non
3007 3011 3262 3071 tanquam
3316 3002 3389 3055 ibi
3432 3004 3638 3058 habitet

2059 3091 2218 3155 Deus,
2263 3091 2418 3159 quasi
2463 3099 2686 3146 cateras
2737 3092 2919 3171 mundi
2961 3100 3144 3160 partes
3185 3093 3502 3158 deseruerit,
3543 3093 3637 3160 qui

2056 3186 2253 3255 ubique
2279 3200 2516 3255 prasens
2539 3193 2644 3250 est,
2682 3200 2789 3239 non
2820 3185 3058 3239 locorum
3092 3184 3299 3255 spatiis,
3341 3184 3434 3238 sed
3471 3185 3635 3254 maje-

2056 3279 2211 3333 statis
2235 3277 2474 3347 potentia
2505 3295 2516 3330 :
2547 3277 2641 3332 sed
2663 3285 2721 3331 ut
2743 3278 3097 3332 admoneatur
3124 3276 3335 3330 animus
3375 3277 3444 3331 ad
3476 3284 3634 3330 natu-

2055 3386 2170 3424 ram
2203 3368 2636 3424 excellentiorem
2665 3384 2722 3423 se
2748 3379 3063 3423 convertere
3083 3410 3097 3434 ,
3127 3367 3179 3422 id
3207 3377 3287 3422 est
3306 3407 3320 3431 ,
3349 3367 3413 3421 ad
3442 3367 3628 3430 Deum,

2055 3459 2148 3528 qui
2189 3465 2272 3512 est
2321 3457 2500 3511 lumen
2537 3471 2746 3521 verum,
2791 3456 3095 3510 illuminans
3134 3473 3336 3510 omnem
3373 3456 3632 3510 hominem

2054 3548 2335 3602 venientem
2381 3548 2435 3600 in
2480 3547 2617 3602 hunc
2657 3547 2910 3601 mundum
2956 3546 3135 3618 (Joan.
3186 3546 3257 3618 ι);
3301 3561 3423 3601 cum
3473 3547 3635 3600 homo

2055 3636 2230 3707 ipsum
2257 3651 2452 3704 corpus
2486 3651 2661 3700 suum,
2707 3636 2849 3706 quod
2883 3644 3152 3690 terrenum
3191 3644 3295 3701 est,
3339 3635 3404 3690 ad
3437 3651 3634 3706 corpus

2053 3723 2432 3788 excellentius,
2478 3724 2530 3779 id
2577 3732 2686 3787 εει,
2735 3724 2804 3778 ad
2849 3739 3044 3792 corpus
3084 3723 3300 3780 caeleste
3346 3725 3632 3779 convertit.

2054 3813 2186 3868 Nam
2210 3815 2254 3869 si
2278 3815 2471 3870 calum
2497 3816 2636 3869 istud
2661 3829 2999 3884 corporeum,
3015 3815 3155 3884 quod
3170 3814 3338 3870 oculis
3363 3815 3628 3880 videmus,

2054 3903 2476 3958 intellexerimus
2497 3919 2614 3958 esse
2646 3904 3032 3958 habitationem
3066 3904 3182 3970 Dei,
3223 3905 3514 3958 transitura
3553 3914 3635 3958 est

2053 3995 2312 4050 habitatio
2356 3995 2447 4048 Dei
2478 4010 2492 4048 :
2525 3995 2662 4061 Quia
2701 3994 2884 4047 calum
2929 4004 2976 4048 et
3011 4002 3149 4047 terra
3196 3993 3436 4047 transibit
3483 3992 3587 4065 [AL
3616 4034 3631 4057 ,

2052 4084 2367 4157 transibunt]
2409 4084 2622 4155 (Matth.
2652 4098 2801 4147 xxiv,
2825 4082 2938 4153 55).
2985 4083 3186 4137 Deinde
3232 4090 3518 4152 antequam
3557 4081 3636 4136 fa-

2054 4189 2199 4234 ceret
2227 4180 2369 4233 Deus
2391 4177 2583 4232 calum
2610 4183 2665 4231 et
2694 4184 2916 4240 terram,
2942 4176 3030 4229 ubi
3065 4175 3389 4231 habitabat?
3425 4174 3529 4230 Sed
3553 4173 3634 4228 di-

2053 4271 2127 4323 cit
2153 4268 2344 4336 aliquis
2371 4285 2383 4320 :
2410 4265 2476 4320 Et
2516 4274 2801 4334 antequam
2837 4264 3039 4320 laceret
3081 4266 3223 4322 Deus
3264 4274 3498 4329 sanctos,
3540 4265 3650 4338 ubi‘

376 4346 692 4412 exclusum;
718 4355 773 4402 et
801 4346 919 4402 ideo
957 4347 1293 4413 interiorem.
1330 4354 1392 4401 ιιι
1426 4346 1605 4400 omnia
1643 4346 1950 4412 contineat;
1985 4369 2034 4429 ι)
2059 4355 2487 4414 habitabat?Cui
2522 4355 2950 4426 respondendum
2990 4363 3090 4421 est,
3135 4357 3187 4410 in
3228 4372 3285 4410 se
3330 4354 3629 4418 habitabat,

378 4437 500 4491 ideo
533 4438 882 4501 exteriorem,
909 4444 970 4490 ut
997 4437 1472 4506 incircumscripta
1503 4435 1633 4508 [AI.,
1669 4436 1956 4490 incircum-

378 4526 607 4598 scripta]
630 4527 1011 4597 magnitudinis
1033 4544 1143 4582 sua
1165 4528 1524 4583 immensitate
1541 4528 1716 4583 omnia
1739 4527 1955 4583 conclu-

377 4618 488 4670 dat.
539 4615 647 4670 Per
673 4617 726 4671 id
753 4632 883 4688 ergo
919 4618 1063 4687 quod
1099 4618 1336 4672 exterior
1369 4626 1474 4683 est,
1504 4617 1804 4672 ostenditur
1837 4632 1955 4673 esse

379 4714 625 4769 creator;
654 4718 753 4774 per
779 4705 834 4760 id
855 4720 984 4760 vero
1013 4705 1154 4774 quod
1179 4706 1418 4772 interior,
1452 4706 1750 4776 gubernare
1775 4707 1954 4760 omnia

383 4798 800 4852 demonstratur.
844 4798 923 4854 Ac
962 4813 1030 4852 ne
1072 4814 1135 4854 ea
1173 4815 1292 4868 qua:
1321 4808 1501 4854 creata
1537 4810 1661 4856 sunt
1693 4803 1810 4857 sine
1847 4801 1954 4857 Deo

381 4898 581 4954 essent,
616 4888 758 4942 Deus
787 4891 924 4944 intra
952 4892 1131 4945 omnia
1157 4900 1270 4957 est;
1307 4906 1492 4946 verum
1517 4908 1582 4948 ne
1604 4902 1757 4948 extra
1789 4893 1954 4948 Deum

386 4989 588 5046 essent,
624 4981 766 5034 Deus
788 4982 1024 5036 exterior
1048 4992 1165 5047 est,
1187 4991 1248 5036 ut
1271 4983 1450 5036 omnia
1476 4983 1864 5038 concludantur
1887 4983 1955 5038 ab

386 5084 467 5132 eo,
498 5085 603 5124 non
627 5069 779 5125 locali
811 5071 1196 5142 magnitudine,
1225 5072 1315 5126 sed
1342 5073 1620 5142 potentiali
1646 5075 1951 5141 prasentia,

384 5162 506 5230 quia
534 5160 670 5234 [A1.,
689 5161 818 5232 qua]
841 5163 1039 5232 ubique
1058 5177 1294 5232 prasens
1313 5173 1414 5228 est,
1437 5171 1491 5218 et
1510 5165 1687 5218 omnia
1713 5165 1787 5218 illi
1819 5181 1957 5234 pra-

388 5249 554 5302 sentia
577 5267 593 5314 ;
627 5251 872 5320 quamvis
898 5251 1116 5321 quidam
1141 5252 1245 5307 hoc
1273 5253 1589 5321 intelligant,
1617 5254 1836 5323 quidam
1865 5272 1957 5310 ve-

386 5354 445 5392 ro
462 5354 568 5394 non
591 5339 917 5412 intelligant;
942 5356 1070 5396 nam
1091 5357 1232 5398 caeo
1257 5344 1336 5398 sol
1365 5344 1559 5398 absens
1582 5351 1680 5405 est,
1712 5347 1955 5413 quamvis

385 5429 455 5482 sit
480 5429 537 5482 in
559 5430 694 5496 sole,
723 5440 777 5487 et
814 5431 916 5487 soli
943 5447 1200 5502 prasens.
1249 5433 1357 5489 Sed
1393 5434 1461 5489 de
1499 5433 1693 5489 talibus
1734 5435 1801 5490 de
1845 5436 1954 5493 Deo

384 5519 544 5575 dictis
563 5521 695 5576 nihil
721 5523 958 5578 humana
987 5537 1164 5591 mens,
1184 5521 1371 5578 localis
1389 5523 1473 5578 vel
1495 5525 1804 5595 temporalis
1831 5542 1951 5582 mu-

384 5610 677 5678 tabilitatis,
713 5613 915 5687 lingere
942 5613 1029 5670 vel
1053 5615 1289 5686 cogitare
1316 5615 1490 5671 debet.

2058 4450 2199 4518 apud
2225 4464 2282 4503 se
2306 4446 2600 4510 habitabat,
2631 4454 2684 4501 et
2717 4447 2855 4515 apud
2881 4462 2939 4501 se
2961 4455 3043 4501 est
3064 4447 3224 4508 Deus,
3252 4455 3306 4499 et
3335 4445 3386 4497 in
3424 4459 3479 4498 se
3496 4431 3500 4442 ’
3517 4460 3632 4496 ma-

2055 4549 2166 4593 net.
2212 4537 2317 4592 Sed
2358 4538 2476 4591 ideo
2515 4536 2712 4591 dicitur
2736 4536 2788 4589 in
2818 4535 2968 4590 calis
3003 4535 3266 4598 habitare,
3297 4533 3422 4602 quia
3461 4531 3634 4601 major

2055 4629 2285 4699 cognitio
2310 4627 2443 4699 [.4l.,
2469 4625 2692 4698 agnitio]
2720 4634 2800 4680 est
2828 4626 2882 4678 in
2909 4624 3061 4679 caelis
3090 4623 3233 4677 illius
3272 4639 3492 4678 summa
3521 4641 3632 4680 ma-

2048 4719 2259 4790 jestatis
2280 4727 2334 4770 ει
2359 4715 2678 4771 εεεειιιίιεὶιι
2704 4713 2924 4782 angelis,
2958 4713 3041 4765 vel
3079 4713 3132 4766 in
3181 4713 3384 4768 sanctis
3421 4715 3628 4768 anima-

2053 4811 2155 4864 bus
2193 4815 2518 4867 sanctorum,
2551 4819 2710 4874 quam
2750 4804 2805 4856 in
2835 4811 2977 4856 terra
3005 4803 3368 4860 habitantibus
3403 4805 3629 4870 sanctis,

2054 4903 2270 4966 propter
2296 4895 2610 4963 gravitatem
2640 4889 2768 4962 [Αι.,
2811 4891 3227 4964 gravitudincm]
3271 4893 3502 4948 carnalis
3539 4893 3632 4946 ha-

2053 4984 2347 5046 bitationis,
2377 4998 2496 5052 qua
2524 4980 2613 5034 vix
2640 4981 2902 5049 permittit
2922 4982 3155 5035 animam
3179 4983 3244 5036 ad
3269 4997 3462 5050 purum
3491 4979 3628 5034 veri-

2054 5077 2181 5132 tatis
2226 5075 2403 5128 lumeu
2454 5071 2666 5125 avolarc
2715 5069 2855 5142 [Al.,
2897 5073 3132 5144 evolare]
3160 5090 3171 5124 :
3198 5072 3336 5126 sicut
3380 5070 3626 5125 dicitur:

2054 5164 2274 5235 Corpus,
2312 5162 2449 5233 quod
2481 5162 2851 5231 corrumpitur,
2887 5171 3136 5232 aggrauat
3174 5161 3425 5224 animam,
3458 5169 3507 5214 et
3537 5161 3627 5214 de.

2052 5254 2226 5324 primit
2261 5260 2466 5304 terrena
2511 5249 2819 5302 inhabitatio
2867 5265 3074 5303 sensum
3115 5247 3278 5301 multa
3316 5249 3628 5318 cogitantem

2055 5343 2206 5416 (Sap.
2239 5357 2316 5405 ix,
2348 5339 2456 5411 15).
2503 5339 2637 5394 Cum
2661 5338 2823 5409 igitur
2841 5346 3003 5393 exuta
3032 5338 3137 5392 erit
3159 5337 3339 5394 anima
3369 5339 3472 5394 hac
3488 5353 3630 5395 mor-

2056 5433 2144 5489 tali
2181 5431 2535 5495 habitatione,
2567 5438 2622 5484 et
2666 5443 2856 5484 sereno
2893 5427 3146 5482 reddetur
3183 5437 3466 5500 perpetuo,
3501 5438 3630 5485 tunc

2053 5521 2255 5578 videbit
2286 5520 2422 5575 facie
2459 5520 2526 5575 ad
2565 5517 2778 5580 faciem,
2814 5515 2956 5586 quod
2979 5531 3123 5571 nunc
3147 5533 3241 5587 per
3267 5517 3541 5588 speculum
3569 5517 3628 5573 in

2055 5615 2335 5685 anigmate
2361 5609 2662 5666 considerat
2695 5607 2746 5680 (Ι
2775 5605 2895 5662 Cor.
2921 5622 3038 5673 ιιιι,
3068 5607 3176 5679 12).
3253 5620 3279 5636 δ
