3952 6184
276 252 346 308 27
1118 250 1179 305 B.
1219 250 1280 304 F.
1321 247 1545 303 ALBINI
1582 228 1714 303 SEU
1753 244 2028 300 ALCUlNl
2065 243 2350 300 OPERUM
2384 242 2564 297 PARS
2599 241 2685 298 ΠΙ.
3463 241 3530 297 28

883 365 1109 422 CAPUT
1156 365 1223 420 Vl

284 479 535 545 Quamvis
573 478 802 531 humana
839 492 983 529 more
1017 474 1293 544 Scriptura
1329 472 1539 545 de_Deo
1575 471 1858 543 loquatur,

496 546 626 601 nihil
654 556 826 600 tamen
854 543 1273 599 commutationis
1299 544 1354 597 in
1388 543 1491 596 Deo
1516 558 1647 596 esse.

353 659 535 714 Sacrae
583 654 877 726 Scriptura:
925 655 992 709 ad
1034 655 1462 722 cognoscendum
1497 652 1664 706 Deum
1707 651 1863 705 nobis

282 752 543 806 divinitus
566 763 664 818 per
687 753 903 801 sanctos
924 744 1170 800 doctores
1194 742 1598 804 administratae,
1630 754 1661 793 a
1693 747 1865 793 terre-

285 858 355 897 no
380 849 435 895 et
461 841 696 893 humano
719 851 880 892 sensu
905 834 970 890 ad
1005 835 1244 889 divinum
1268 842 1322 888 et
1343 832 1617 888 caelestem
1642 845 1739 884 nos
1757 829 1864 883 eri-

283 940 490 1004 gentes,
518 944 687 1000 usque
716 928 783 983 ad
805 943 868 983 ea
897 927 1060 981 verba
1083 923 1496 987 descenderunt,
1538 922 1735 991 quibus
1771 922 1865 974 hn-

283 1038 444 1077 mana
472 1022 643 1076 utitur
669 1018 997 1075 consuetudo
1029 1034 1043 1070 :
1078 1015 1151 1069 ita
1186 1015 1348 1070 etiam
1376 1022 1437 1068 ut
1477 1012 1865 1069 commotiones

283 1113 533 1168 humanae
573 1109 790 1174 mentis,
831 1116 887 1163 et
927 1107 1236 1176 passiones,
1283 1105 1367 1159 vel
1407 1102 1717 1158 aﬁ‘ectiones
1753 1100 1864 1156 Deo

284 1203 617 1258 ascriberent
657 1197 792 1271 (AL,
840 1198 908 1252 de
948 1198 1059 1252 Deo
1100 1193 1442 1265 scriberent],
1485 1193 1625 1249 sicut
1666 1191 1862 1256 zelare,

285 1292 466 1356 irasci,
491 1291 838 1363 paenituisse;
870 1288 1071 1358 aliquid
1094 1303 1163 1343 ex
1189 1296 1432 1356 tempore
1455 1284 1591 1341 velle
1614 1284 1698 1338 vel
1721 1282 1864 1337 nolle

285 1386 455 1443 Deum
484 1381 792 1455 [dicerent],
822 1396 942 1451 qua;
964 1388 1089 1435 sunt
1111 1380 1360 1433 humana:
1386 1376 1581 1432 mentis
1601 1373 1867 1430 instabili-

283 1482 448 1539 tates,
476 1488 584 1527 non
613 1472 806 1527 divina:
824 1469 1128 1545 serenitatis
1147 1467 1566 1530 immutationes,
1589 1479 1709 1533 quae.
1732 1477 1868 1519 sem-

283 1577 384 1632 per
411 1562 553 1617 idem
578 1567 680 1615 est.
726 1559 879 1626 Quod
903 1573 1031 1628 ergo
1053 1558 1223 1612 Deum
1250 1554 1382 1627 [Al.,
1414 1552 1577 1625 Deus]
1605 1552 1765 1606 irasci
1794 1550 1869 1605 di-

283 1654 445 1718 citur,
471 1667 577 1707 non
600 1659 684 1706 est
701 1650 1029 1719 perturbatae
1050 1646 1247 1702 mentis
1272 1646 1458 1710 motio,
1489 1644 1617 1712 quia
1651 1642 1748 1696 Dei
1782 1640 1864 1694 ira

284 1759 393 1798 non
419 1750 501 1797 est
518 1741 786 1812 passibilis
807 1740 947 1795 sicut
966 1738 1217 1793 hominis.
1242 1737 1500 1792 Irascitur
1520 1736 1702 1803 itaque
1722 1734 1864 1788 Deus

284 1832 403 1887 sine
425 1831 604 1900 aliqua
626 1845 737 1885 sua:
760 1814 1021 1900 simplicis
1045 1835 1254 1882 natura:
1272 1826 1627 1897 passibilitate
1646 1823 1731 1879 vel
1751 1840 1868 1894 per-

285 1924 612 1985 turbatione,
655 1930 749 1975 ant
776 1921 938 1976 etiam
975 1920 1367 1976 immutatione.
1423 1919 1500 1973 De
1534 1932 1601 1972 eo
1634 1931 1868 1986 namque

284 2015 485 2070 dicitur
509 2032 521 2067 :
550 2013 628 2067 Tu
654 2022 828 2068 autem
855 2013 1076 2067 Domine
1103 2014 1373 2077 virtutum,
1412 2026 1530 2065 cum
1563 2006 1865 2080 tranquilli-

284 2110 391 2156 tate
406 2102 620 2171 judicas
650 2101 799 2172 (Sap.
835 2118 935 2165 xu,
977 2100 1062 2172 18)
1092 2101 1273 2169 :quod
1311 2109 1488 2154 autem
1522 2097 1870 2166 tranquillum

285 2199 388 2255 est,
416 2207 521 2245 non
545 2198 628 2246 est
649 2191 1042 2261 perturbatum.
1087 2189 1178 2244 Sic
1211 2189 1375 2243 etiam
1408 2197 1465 2241 et
1494 2186 1715 2240 humani
1748 2201 1872 2240 cor-

283 2284 435 2354 poris
462 2283 705 2337 membra
728 2282 838 2335 Deo
870 2281 1148 2336 ascribunt
1182 2276 1315 2348 [Al.,
1352 2273 1755 2346 ascribuntur];
1800 2274 1874 2330 si—

287 2382 381 2428 cut
406 2391 418 2404 ’
449 2372 644 2426 Manus
672 2381 778 2426 tua?
807 2370 1041 2437 fecerunt
1070 2386 1151 2423 me
1193 2365 1364 2438 (Psal.
1407 2381 1598 2429 cxvm,
1636 2364 1727 2435 78)
1763 2382 1776 2417 :
1807 2364 1874 2417 Et

287 2466 523 2519 iterum:
550 2460 842 2515 Ambulabo
870 2461 1007 2513 inter
1047 2476 1169 2523 eos;
1207 2467 1263 2513 et
1302 2459 1498 2513 iterum
1530 2474 1544 2509 :
1575 2453 1728 2508 Oculi
1765 2452 1875 2507 Do-

289 2554 420 2608 mini
441 2568 596 2622 super
605 2551 804 2620 justas,
828 2559 876 2602 et
897 2565 1050 2603 aures
1078 2548 1191 2617 ejus
1213 2549 1268 2601 in
1288 2561 1464 2616 preces
1485 2561 1664 2599 eorum
1693 2541 1867 2614 (Psal.

291 2661 488 2709 xum,
518 2642 603 2715 16)
632 2660 646 2696 :
674 2642 801 2698 dum
823 2640 1133 2695 omnimodo
1160 2637 1297 2693 nihil
1327 2637 1450 2702 tale,
1480 2636 1566 2691 vel
1595 2633 1875 2705 corporale

291 2736 359 2792 de
381 2735 492 2789 Deo
512 2748 665 2788 mens
684 2732 918 2786 humana
938 2737 1131 2799 putare
1153 2728 1332 2784 debet.
1358 2727 1491 2783 Tam
1514 2724 1651 2798 [Al.,
1669 2724 1877 2870 tamen]

291 2824 589 2870 clementer
635 2823 776 2870 Deus
823 2821 1072 2870 humanae
1117 2817 1388 2870 consuluit
1435 2817 1771 2870 inﬁrmitati.
1815 2832 1851 2870 u

291 2824 589 2880 clementer
635 2823 776 2876 Deus
823 2821 1072 2875 humanas
1117 2817 1388 2874 consuluit
1435 2817 1771 2883 inﬁrmitati,
1815 2832 1851 2870 u

291 2914 417 2984 quia
437 2928 580 2977 eum,
606 2912 747 2967 sicut
771 2919 877 2976 est,
906 2925 1014 2965 non
1033 2908 1303 2980 possimus
1325 2921 1617 2978 agnoscere
1636 2946 1651 2971 ,
1680 2911 1877 2959 nostra:

1877 363 1927 419 Α
1955 371 2066 420 rus,
2094 364 2152 412 et
2176 356 2369 422 bonus,
2403 365 2656 419 aeternus,
2688 354 3163 419 incommutabilis,
3194 354 3397 424 ubique
3417 365 3531 411 tcta

1961 453 2047 499 est
2086 445 2379 500 secundum
2416 444 2832 498 immensitateln
2881 452 3044 512 atque
3086 443 3531 512 omnipotentiam

1960 534 2283 598 naturalem,
2312 533 2557 602 quamvis
2579 548 2685 587 non
2708 532 2969 587 inhabitet
2992 533 3048 587 in
3075 533 3326 587 omnibus
3346 548 3528 588 secun-

1965 624 2095 679 dum
2118 625 2303 694 gratiae
2322 624 2645 694 largitatem.
2708 630 2717 633 ‘

2549 734 2776 791 CAPUT
2821 734 2929 789 Vill

1969 848 2122 914 Quod
2166 847 2308 903 Deus
2352 847 2505 903 aliter
2541 849 2597 901 in
2633 847 2828 929 sanctis
2868 848 2955 911 sit,
2993 845 3146 899 aliter
3183 847 3539 913 peccatoribus

2647 927 2842 987 prwstt.

2031 1033 2174 1088 Deus
2219 1047 2349 1103 ergo
2393 1031 2553 1086 bonis
2598 1037 2791 1084 natura
2837 1030 3177 1099 pr0pinquat,
3223 1036 3280 1083 et
3323 1029 3534 1096 gratia:

1963 1130 2181 1187 natura,
2208 1138 2311 1191 qua
2337 1137 2430 1177 eos
2458 1120 2587 1175 facit
2624 1120 2902 1186 homines;
2944 1120 3140 1190 gratia,
3180 1134 3285 1189 qua
3321 1120 3539 1173 eosdem

1963 1221 2276 1282 peccatores
2296 1210 2576 1281 justiﬁeat.
2609 1208 2854 1280 [Natura,
2885 1224 2988 1277 qua
3018 1224 3113 1263 eos
3141 1224 3207 1263 ex
3234 1209 3543 1264 hominibus

1966 1303 2113 1358 nasci
2138 1321 2152 1368 ;
2184 1303 2377 1373 gratia,
2408 1316 2514 1371 qua
2543 1302 2633 1355 dat
2659 1300 2739 1355 eis
2761 1308 3081 1370 potestatem
3107 1299 3243 1355 ﬁlios
3266 1300 3358 1353 Dei
3380 1297 3539 1370 ﬁeri].

1965 1393 2188 1457 Natura,
2216 1408 2321 1462 qua
2348 1391 2477 1446 facit
2497 1398 2556 1444 ut
2577 1390 2788 1455 vivant;
2828 1391 3022 1457 gratia,
3061 1405 3167 1459 qua
3200 1389 3328 1443 facit
3363 1399 3419 1443 ut
3456 1404 3544 1444 so-

1965 1482 2083 1537 brie
2114 1480 2276 1554 [juste
2308 1488 2363 1535 et
2396 1479 2506 1552 pie]
2548 1480 2749 1532 vivant.
2794 1479 3018 1544 Natura,
3055 1494 3157 1548 qua
3194 1493 3286 1532 eos
3323 1477 3450 1532 facit
3490 1478 3543 1531 in

1966 1573 2071 1628 hoc
2097 1572 2297 1625 mundo
2323 1586 2491 1641 parvo
2526 1578 2770 1639 tempore
2803 1584 3050 1634 manere;
3083 1571 3273 1639 gratia,
3311 1584 3414 1638 qua
3451 1583 3546 1623 eos

1967 1667 2097 1723 facit
2120 1668 2173 1721 in
2196 1666 2333 1722 caelo
2362 1666 2477 1720 sine
2502 1664 2606 1719 ﬁne
2630 1680 2875 1735 regnare.
2916 1664 2972 1717 In
3003 1664 3158 1718 malis
3183 1678 3311 1717 vero
3332 1662 3442 1717 sola
3466 1672 3549 1717 est

1967 1759 2063 1814 Dei
2106 1757 2442 1813 immensitas
2476 1763 2637 1825 atque
2678 1754 3064 1824 omnipotentis
3111 1754 3388 1815 naturalis,
3441 1768 3546 1822 qua

1966 1862 2061 1902 cos
2093 1846 2223 1901 facit
2248 1860 2391 1910 esse,
2420 1845 2622 1909 vivere,
2650 1851 2811 1912 atque
2833 1843 3054 1905 sentire,
3088 1842 3377 1896 rationales
3402 1857 3545 1908 esse,

1966 1937 2197 1994 liberum
2228 1952 2443 2007 quoque
2463 1937 2668 1992 habere
2695 1935 2985 1989 voluntatis
3011 1935 3324 1999 arbitrium;
3362 1935 3457 1989 sed
3483 1934 3550 1989 li-

1966 2029 2179 2095 berum,
2209 2044 2317 2083 non
2339 2028 2643 2082 liberatum.
2683 2026 2937 2080 Liberum
2957 2026 3100 2080 enim
3124 2026 3406 2080 arbitrium
3432 2039 3547 2079 ma-

1969 2130 2083 2186 net,
2108 2121 2271 2175 etiam
2300 2134 2443 2173 nunc
2463 2119 2515 2172 in
2542 2117 2851 2173 hominibus
2879 2115 3011 2187 [Al.,
3036 2115 3306 2187 omnibus]
3334 2131 3432 2185 per
3455 2131 3552 2168 na-

1970 2220 2146 2267 turam
2164 2253 2178 2274 ,
2210 2211 2354 2280 quod
2378 2210 2433 2263 in
2458 2209 2653 2278 quibus
2672 2208 2910 2261 voluerit
2937 2207 3078 2262 Deus
3097 2247 3111 2269 ,
3145 2207 3393 2276 dignatur
3422 2206 3552 2260 libe-

1972 2319 2096 2359 rare
2118 2319 2215 2373 per
2234 2303 2484 2373 gratiam,
2510 2314 2575 2353 ne
2603 2299 2798 2352 malam
2828 2298 3062 2352 habeant
3090 2297 3437 2351 voluntatem.
3463 2296 3542 2350 Ex

1972 2411 2080 2465 quo
2118 2394 2261 2447 enim
2304 2392 2511 2460 primus
2539 2390 2701 2442 homo
2738 2387 2908 2440 libero
2947 2386 3171 2439 arbitrio
3216 2386 3555 2440 venundatus

1971 2493 2056 2539 est
2088 2485 2189 2539 sub
2212 2489 2455 2552 peccato,
2493 2481 2613 2534 ideo
2637 2479 2778 2533 mala
2803 2478 2965 2547 coepit
2992 2492 3110 2531 esse
3135 2477 3357 2530 libertas
3382 2477 3556 2530 homi-

1972 2576 2077 2638 nis,
2107 2574 2232 2643 quia
2257 2571 2360 2641 ipsi
2384 2571 2553 2625 libero
2576 2568 2801 2622 arbitrio
2827 2568 3001 2622 ablata
3029 2574 3120 2638 est
3136 2566 3350 2619 bonitas
3370 2564 3556 2620 volun-

1973 2664 2121 2728 tatis,
2149 2677 2310 2733 quam
2336 2660 2529 2714 exinde
2556 2672 2713 2712 nemo
2743 2672 2775 2711 a
2805 2657 2980 2724 seipse
3002 2656 3203 2709 halere
3230 2654 3424 2723 potuit,
3451 2654 3554 2708 nisi

1975 2751 2146 2824 gratia
2189 2750 2383 2804 divinae
2415 2746 2798 2801 misericordia
2835 2745 3048 2815 adjutus
3084 2743 3391 2808 habuisset;
3438 2744 3555 2799 sine

1975 2842 2128 2912 cujus
2154 2838 2419 2908 adiutorio
2437 2837 2663 2892 liberum
2686 2836 2967 2891 arbitrium
2998 2849 3099 2889 nec
3121 2834 3359 2889 converti
3381 2843 3559 2903 potest

1977 2934 2045 2988 ad
2081 2933 2280 2997 Deum,
2306 2946 2408 2985 nec
2436 2928 2700 3000 proﬁcere
2734 2927 2788 2981 in
2826 2927 2955 2981 Deo.
3002 2925 3301 2994 Utrumque
3338 2926 3561 2981 credere

292 3002 582 3093 locutionis
613 3015 765 3055 more
796 3000 1035 3068 “ipsum
1066 2998 1226 3053 "oms
1248 2996 1512 3093 ἰξίδίωπί
1534 2995 1718 3093 velle"
1742 3007 1877 3063 qua"
1899 3028 1948 3092 ο
1979 2995 2273 3091 debemus,
2312 3029 2368 3076 et
2393 2995 2623 3093 gratiam
2650 3017 2776 3084 Dei,
2806 3025 2861 3073 et
2892 3017 3123 3072 liberum
3150 3017 3433 3071 arbitrium
3462 3017 3561 3071 ho-

296 3101 457 3148 tenus
483 3092 553 3147 ad
573 3106 670 3146 sua
700 3105 799 3160 per
834 3097 1022 3144 nostra
1058 3102 1159 3143 nos
1188 3086 1452 3152 traheret,
1489 3093 1545 3140 et
1583 3083 1709 3139 dum
1748 3097 1879 3137 con—

296 3182 569 3239 descendit
606 3197 703 3252 per
739 3181 996 3252 pietatem
1033 3186 1234 3236 nostra:
1268 3177 1587 3239 inﬁrmitati,
1629 3175 1881 3231 ascenda-

296 3285 420 3325 mus
451 3284 551 3324 nos
574 3282 672 3337 per
697 3268 1060 3337 intelligentiae
1088 3266 1382 3335 puritatem
1411 3266 1479 3319 ad
1509 3263 1656 3318 illum
1694 3277 1881 3319 secun-

300 3363 429 3418 dum
450 3375 562 3416 suae
580 3359 781 3414 donum
803 3358 1013 3427 gratim.
1402 3376 1411 3381 -

793 3468 953 3537 717
999 3463 1227 3521 CAPUT
1282 3464 1392 3521 vn.

408 3578 563 3646 Quod
585 3578 726 3634 Deus
761 3579 948 3649 ubique
970 3578 1037 3631 sit
1063 3585 1223 3642 totus,
1245 3583 1496 3646 potestate
1521 3573 1773 3629 naturali.

369 3690 485 3746 Hoc
509 3689 738 3744 maxime
767 3688 1063 3758 intelligere
1092 3687 1349 3742 debemus
1374 3694 1574 3740 sancte
1601 3683 1882 3743 Trinitatis

299 3797 464 3837 unam
492 3780 843 3850 eamdemque
867 3786 1115 3833 naturam
1136 3777 1210 3831 ita
1233 3784 1402 3831 totum
1428 3774 1669 3846 implere,
1691 3781 1752 3827 ut
1771 3789 1881 3828 non

299 3872 371 3927 sit
404 3870 607 3940 aliquid
641 3868 733 3924 ubi
772 3883 878 3923 non
923 3868 1012 3922 sit.
1064 3865 1219 3920 Sicut
1252 3865 1561 3920 acutissime
1592 3862 1880 3933 quemdam

300 3959 691 4026 Christianum,
727 3958 1043 4030 philosopho
1087 3957 1453 4026 interrogante
1491 3953 1584 4009 ubi
1619 3962 1703 4009 est
1743 3952 1882 4025 [Al.,

299 4048 465 4120 esset]
494 4048 660 4114 Deus,
684 4047 1027 4118 respondisse
1055 4045 1227 4101 fertur
1254 4064 1267 4099 :
1295 4046 1389 4101 Dic
1417 4053 1473 4099 tu
1505 4043 1674 4115 prius,
1702 4059 1735 4098 ο
1759 4042 1881 4113 phi-

300 4138 547 4208 losophe,
591 4137 684 4193 ubi
726 4154 831 4192 non
862 4138 952 4193 sit.
1004 4137 1140 4191 Tota
1177 4138 1358 4207 itaque
1394 4136 1648 4190 divinitas
1683 4134 1883 4203 ubique

300 4234 414 4280 tota
438 4233 542 4291 est,
572 4234 629 4280 et
652 4225 798 4280 nullo
821 4224 1127 4279 continetur
1147 4224 1282 4287 loco,
1310 4225 1434 4294 quia
1460 4240 1567 4279 non
1591 4233 1675 4279 est
1693 4221 1881 4278 localis

289 4316 485 4383 IDeus;
531 4326 645 4371 tota
691 4316 898 4371 scilicet
940 4316 995 4369 in
1039 4316 1369 4384 spiritalibus
1410 4324 1466 4370 et
1514 4314 1884 4384 corporalibus

1980 3111 2162 3167 minis.
2188 3108 2246 3164 Si
2274 3125 2402 3179 ergo
2436 3124 2543 3164 non
2571 3116 2655 3163 est
2678 3107 2775 3161 Dei
2809 3106 2997 3178 gratia,
3024 3106 3291 3175 quomodo
3320 3105 3561 3159 salvatur

1980 3203 2248 3258 mundus?
2282 3201 2350 3255 Et
2377 3201 2422 3256 si
2453 3216 2559 3255 non
2583 3208 2666 3255 est
2691 3200 2923 3255 liberum
2951 3198 3262 3265 arbitrium,
3291 3198 3560 3268 quomodo
3663 3197 3672 3205 ’

1973 3291 2305 3363 iudicabitur
2325 3292 2593 3347 mundus?

2587 3382 2814 3459 CAPUT
2857 3403 2950 3459 ιιι.

2322 3495 2396 3551 De
2421 3495 2715 3551 diuersitate
2737 3512 2917 3549 eorum
2943 3511 3061 3566 qua:
3082 3504 3222 3550 sunt.

2053 3611 2226 3667 Omne
2254 3608 2398 3678 quod
2425 3614 2540 3673 est,
2570 3614 2664 3661 aut
2692 3622 2902 3676 semper
2930 3606 3062 3673 fuit,
3091 3618 3147 3662 et
3174 3622 3280 3662 non
3311 3620 3429 3663 esse
3454 3622 3564 3664 cce-

1981 3701 2092 3771 pit;
2119 3707 2215 3755 aut
2233 3714 2343 3753 non
2365 3712 2580 3767 semper
2602 3697 2705 3752 fuit
2722 3739 2737 3763 ,
2762 3705 2818 3752 et
2840 3711 2961 3752 esse
2990 3699 3173 3767 cmpit.
3205 3699 3355 3765 Quod
3383 3700 3571 3770 itaque

1981 3808 2088 3847 non
2115 3790 2280 3859 etrapit
2306 3804 2448 3855 esse,
2475 3789 2568 3843 sed
2597 3803 2812 3859 semper
2836 3788 2968 3856 fuit,
2995 3792 3140 3847 solus
3164 3793 3306 3847 Deus
3335 3802 3438 3856 est,
3461 3792 3565 3846 Pa—

1983 3890 2084 3946 ter,
2122 3890 2176 3935 et
2206 3880 2411 3945 Filius,
2450 3887 2506 3934 et
2542 3877 2775 3949 Spiritus
2822 3890 3070 3947 sanctus;
3111 3885 3253 3951 quod
3290 3900 3419 3939 vero
3447 3900 3570 3940 esse

1982 3971 2166 4040 coepit,
2193 3971 2368 4025 omnis
2389 3976 2472 4024 est
2495 3976 2767 4024 creatura.
2790 3969 2914 4025 Ideo
2935 3971 2991 4024 in
3014 3987 3193 4026 rerum
3218 3975 3427 4027 naturis
3450 3975 3568 4030 haec

1982 4061 2088 4116 duo
2123 4068 2329 4115 tantum
2368 4067 2530 4127 sunt,
2570 4060 2626 4115 id
2671 4068 2754 4115 est
2794 4070 3027 4127 creator,
3053 4070 3109 4116 et
3144 4072 3413 4118 creatura.
3461 4066 3569 4121 Sed

1982 4149 2125 4219 quod
2150 4164 2363 4221 semper
2388 4150 2492 4205 fuit
2525 4159 2582 4206 et
2615 4165 2829 4220 semper
2853 4159 2966 4216 est,
3008 4160 3103 4207 aut
3140 4153 3435 4223 ingenitum
3463 4164 3564 4217 est,

1984 4253 2077 4301 aut
2103 4244 2372 4314 genitum;
2405 4251 2500 4299 aut
2538 4258 2639 4299 nec
2685 4243 3003 4315 ingenitum,
3050 4260 3150 4300 nec
3192 4247 3452 4316 genitum.
3501 4247 3568 4301 Et

1986 4345 2112 4394 sunt
2139 4338 2254 4393 haec
2288 4338 2391 4391 tria
2414 4336 2746 4392 atternaliter
2767 4337 2891 4391 tria.
2914 4349 2940 4377 ι
2968 4336 3121 4403 Quod
3146 4337 3441 4408 ingenitum
3464 4347 3565 4405 est,

302 4406 543 4476 singulis,
573 4413 627 4461 et
651 4413 760 4460 tota
782 4404 942 4459 simul
967 4404 1022 4458 in
1042 4404 1291 4459 omnibus
1313 4404 1595 4495 creaturis.
1645 4404 1757 4459 Nec
1786 4405 1881 4495 ad-
1910 4395 1957 4452 D
1982 4426 2146 4482 pater
2169 4436 2253 4481 es,
2280 4427 2456 4491 solus,
2487 4426 2612 4495 quia
2649 4442 2681 4479 a
2727 4426 2874 4480 nullo
2920 4395 3042 4480 es;
3085 4395 3250 4481 ham;
3283 4428 3426 4495 quod
3444 4395 3566 4484 νεώ

302 4496 411 4551 huc
438 4497 503 4551 de
525 4496 696 4568 gratia
719 4495 1009 4564 loquimur,
1035 4508 1140 4564 qua
1174 4507 1232 4546 se
1262 4492 1496 4562 gratuito
1526 4505 1748 4545 munere
1781 4492 1883 4546 mi-

303 4591 612 4646 sericordia:
637 4607 747 4646 sua:
773 4588 1042 4645 salvaudis
1070 4588 1375 4644 hominibus
1408 4589 1650 4658 prabet;
1689 4589 1784 4643 sed
1816 4589 1885 4643 de

305 4690 515 4743 natura,
543 4698 648 4751 qua
674 4684 815 4737 Deus
840 4682 1020 4736 omnia
1047 4696 1167 4750 quae
1192 4678 1339 4742 fecit,
1365 4687 1420 4734 et
1439 4678 1644 4748 implet,
1672 4687 1727 4735 et
1762 4694 1888 4733 con-

256 4804 257 4807 η
305 4771 461 4835 tinet,
506 4772 797 4825 secundum
831 4788 993 4841 quam
1039 4772 1210 4828 dicit:
1241 4769 1438 4826 Caelum
1482 4779 1530 4825 et
1568 4780 1763 4824 terram
1792 4788 1885 4842 ego

306 4859 496 4929 impleo
524 4858 659 4930 (Jer.
692 4875 850 4925 mn,
879 4860 991 4931 24).
1038 4862 1104 4916 Ει
1136 4862 1431 4916 secundum
1457 4876 1618 4930 quam
1647 4860 1748 4929 ipsi
1777 4861 1887 4916 Deo

308 4949 503 5004 beatus
534 4948 701 5002 David
726 4948 891 5003 dicit:
921 4948 1036 5014 Quo
1063 4950 1148 5004 ibo
1176 4968 1209 5005 a
1243 4948 1444 5020 Spiritu
1471 4959 1560 5004 tuo
1582 4965 1602 5004 :
1624 4958 1672 5004 et
1697 4967 1729 5003 a
1754 4949 1889 5018 facie

307 5050 400 5096 tua
424 5059 524 5113 qua
548 5042 749 5113 fugiam
772 5042 944 5112 (Psal.
967 5058 1228 5109 cxxxvm,
1244 5046 1335 5116 7)?
1359 5046 1427 5101 Et
1443 5046 1509 5101 de
1533 5045 1769 5110 Christo,
1795 5045 1889 5115 qui

309 5141 395 5188 est
417 5133 680 5203 sapientia
728 5133 842 5198 Dei,
882 5135 1082 5190 dicitur
1111 5155 1125 5190 :
1153 5136 1370 5206 Attingit
1410 5155 1442 5191 a
1480 5137 1585 5206 [ine
1624 5153 1784 5209 usque
1818 5136 1889 5191 ad

311 5222 471 5291 ﬁnem
502 5224 727 5292 fortiter,
749 5236 795 5280 et
820 5226 1046 5298 disponit
1070 5228 1246 5281 omnia
1266 5229 1490 5283 suaviter
1509 5228 1661 5299 (Sap.
1676 5243 1795 5294 vlu,
1810 5227 1885 5300 1).

311 5311 388 5366 De
411 5310 615 5382 Spiritu
643 5331 856 5387 quoque
883 5324 1069 5373 sancto
1100 5316 1380 5389 Scriptura
1405 5327 1594 5374 sancta
1617 5319 1695 5374 sic
1716 5318 1891 5390 loqui-

312 5408 440 5454 tur:
468 5400 603 5469 Quia
642 5403 873 5475 Spiritus
922 5407 1132 5462 Domini
1169 5407 1375 5480 replevit
1413 5409 1586 5464 orbem
1630 5420 1891 5465 terrarum

316 5485 466 5561 (δαν.
496 5506 538 5557 ι,
564 5491 640 5564 7).
688 5493 926 5553 Trinitas
954 5497 1157 5568 itaque,
1185 5514 1305 5571 quae
1329 5507 1413 5556 est
1439 5497 1581 5556 Deus
1607 5516 1768 5567 unus,
1795 5514 1889 5556 ve-

389 5613 418 5647 ι
452 5601 653 5665 Encas
679 5607 850 5667 Paris.
880 5626 997 5683 cap.
1026 5613 1113 5670 82.

1984 4516 2089 4570 nisi
2113 4531 2146 4569 a
2173 4515 2380 4583 seipse;
2417 4515 2559 4583 quod
2581 4514 2820 4584 genitum
2840 4522 2943 4578 est,
2972 4514 3141 4569 Filius
3166 4523 3269 4579 est,
3297 4517 3384 4570 cui
3407 4531 3439 4569 a
3467 4515 3571 4570 Pa-

1983 4612 2068 4659 tre
2094 4611 2177 4658 est
2199 4618 2320 4657 esse
2346 4602 2488 4671 quod
2515 4610 2630 4667 est;
2657 4603 2803 4672 quod
2845 4617 2973 4657 vero
3010 4618 3114 4659 nea:
3156 4604 3456 4673 ingenitum
3487 4616 3571 4660 est

1985 4710 2089 4751 nec
2113 4694 2375 4766 genitum,
2408 4693 2640 4763 Spiritus
2664 4702 2885 4749 sanctus
2908 4702 3013 4759 est,
3041 4695 3124 4749 cui
3155 4704 3240 4750 est
3265 4710 3386 4752 esse
3413 4712 3443 4750 a
3472 4696 3574 4750 Pa-

1989 4792 2075 4841 tre
2100 4793 2157 4840 et
2184 4783 2322 4839 Filio
2348 4784 2662 4855 procedere.
2689 4785 2758 4839 Et
2778 4786 2893 4840 haec
2922 4786 3026 4839 tria
3047 4785 3286 4841 Trinitas
3311 4796 3395 4841 est
3420 4803 3569 4853 vera,

1993 4873 2467 4930 consubstantialis
2484 4881 2542 4928 et
2562 4881 2848 4929 coaeterna.
2870 4874 3007 4941 Quia
3035 4875 3197 4945 igitur
3216 4877 3357 4931 aliud
3378 4884 3463 4932 est
3483 4893 3575 4948 ge-

1993 4965 2196 5031 nuisse,
2216 4978 2380 5034 quam
2404 4970 2590 5019 natum
2618 4979 2770 5029 esse;
2800 4963 2945 5019 aliud
2965 4972 3050 5019 est
3075 4966 3390 5034 procedere,
3409 4982 3573 5036 quam

1994 5056 2161 5127 718
2206 5053 2485 5124 genuisse,
2519 5053 2607 5111 vel
2646 5062 2830 5108 natum
2877 5068 2997 5110 esse
3044 5072 3058 5109 :
3110 5056 3455 5112 manifestum
3490 5066 3575 5112 est

1995 5145 2250 5216 quoniam
2279 5142 2413 5217 [Al.,
2438 5144 2730 5217 quomodo]
2752 5144 2891 5201 alius
2910 5154 2995 5201 est
3017 5146 3198 5213 Pater,
3223 5148 3359 5205 alius
3382 5149 3570 5215 Filius,

1995 5238 2132 5294 alius
2171 5237 2407 5308 Spiritus
2445 5246 2680 5295 sanctus.
2723 5239 2961 5295 Trinitas
2997 5240 3177 5313 itaque
3212 5243 3278 5296 ad
3313 5256 3575 5312 personas

1992 5332 2199 5396 Patris,
2225 5339 2284 5387 et
2310 5330 2468 5396 Filii,
2493 5340 2549 5386 et
2589 5329 2822 5401 Spiritus
2860 5333 3030 5388 sancti
3070 5333 3299 5388 refertur
3328 5349 3342 5384 :
3383 5332 3575 5388 Unitas

1993 5422 2063 5478 ad
2090 5430 2342 5477 naturam
2361 5429 2575 5477 aternm
2614 5421 2842 5477 Deitatis
2864 5424 3114 5494 pertinet.
3151 5422 3319 5478 Porro
3341 5422 3572 5494 plurima

1993 5512 2048 5568 in
2070 5512 2151 5568 eis
2174 5526 2295 5583 qtae
2330 5508 2471 5566 facta
2503 5520 2648 5578 sunt,
2678 5521 2733 5568 et
2760 5528 2828 5567 ex
2857 5522 3096 5582 tempore
3121 5520 3402 5583 eruperunt
3434 5511 3569 5588 [ΑΛ.
