3952 6184
387 256 463 313 29

1041 255 1458 316 DOGMATICA.
1498 291 1571 304 -ο
1605 262 1696 317 DE
1730 263 1889 321 FIDE
1924 263 1983 320 S.
2026 262 2418 321 TRINITATIS
2454 264 2635 320 LIBRI
2670 266 2759 323 ll].
2796 270 2924 325 LIB.
2962 272 3026 328 II.

3585 280 3657 339 50

384 367 533 440 quod
566 382 636 421 ex
678 374 921 436 tempore
964 367 1177 439 erepit],
1219 369 1476 426 distantia
1511 372 1781 428 invenitur
1820 388 1968 439 esse;
1996 377 2047 436 Α
2072 371 2200 442 quia
2241 370 2416 427 forma
2462 371 2560 426 Dei
2608 374 2817 444 accepit
2860 375 3091 433 formam
3141 381 3318 448 servi,
3366 392 3658 458 utrumque

385 476 515 518 ιω
542 458 791 528 quredam
813 471 881 511 ex
908 458 990 513 eis
1017 468 1139 512 sunt
1163 460 1457 529 spiritalia,
1490 464 1735 532 quaedam
1776 479 1970 533 corpo-

384 550 549 617 ralia;
592 549 842 619 quasdam
887 548 1212 615 invisibilia,
1259 551 1505 621 quaedam
1550 568 1678 608 vero
1718 553 1968 609 visibilia.

386 640 652 707 Quiddam
682 640 867 709 itaque
890 639 944 693 in
972 639 1053 694 eis
1078 638 1279 695 factum
1307 641 1522 707 dicitur,
1550 651 1608 698 et
1630 659 1734 698 non
1763 652 1969 711 natum,

382 739 448 784 ut
472 730 669 784 ccelum
687 769 703 795 ,
732 738 789 784 et
823 738 1002 794 terra,
1028 738 1083 782 et
1098 730 1271 784 multa
1300 730 1355 785 in
1378 732 1641 787 creaturis
1673 751 1686 786 :
1718 734 1969 803 quiddam

382 838 515 880 vero
541 822 747 877 factum
775 823 993 885 dicitur,
1021 830 1075 877 et
1103 831 1287 877 natum
1308 864 1324 890 ,
1352 826 1444 880 sed
1481 826 1885 891 insensibiliter,
1913 836 1973 882 ut

382 916 610 971 arbores
637 923 690 968 et
716 916 902 969 herbas
926 915 992 969 de
1019 922 1192 980 terra;
1225 917 1480 986 quiddam
1507 927 1589 973 est
1611 917 1810 974 factum
1829 960 1843 983 ,
1871 935 1969 974 na-

383 1014 606 1076 tumque
632 1005 983 1070 sensibiliter,
1011 1014 1072 1059 ut
1097 1006 1344 1062 homines
1367 1016 1422 1062 et
1450 1009 1722 1069 animalia.
1753 1010 1968 1079 Aliquid

379 1097 545 1150 etiam
580 1093 780 1149 factum
816 1104 928 1160 est,
968 1103 1024 1150 et
1058 1104 1275 1162 natum,
1313 1105 1369 1152 et
1404 1107 1685 1165 renatum,
1716 1108 1777 1154 ut
1808 1101 1968 1155 homo

376 1183 558 1239 factus
583 1199 614 1237 a
636 1184 767 1250 Deo,
793 1193 954 1241 natus
977 1202 1010 1240 a
1037 1186 1371 1255 parentibus,
1404 1198 1622 1244 renatus
1647 1192 1819 1260 gratia
1847 1191 1964 1258 Dei,

377 1278 681 1334 ministerio
715 1277 852 1350 [Αι.,
883 1280 937 1333 in
960 1278 1240 1351 mysterio]
1267 1280 1635 1351 baptismatis;
1668 1299 1787 1353 quas
1815 1298 1965 1354 rege-

377 1369 587 1423 neratio
625 1369 682 1423 in
715 1370 832 1425 solo
870 1370 1086 1424 homine
1115 1371 1404 1437 invenitur,
1436 1373 1530 1429 sed
1560 1389 1666 1429 non
1706 1374 1758 1427 in
1793 1375 1960 1429 omni.

378 1457 642 1525 Quiddam
664 1474 797 1514 vero
826 1460 879 1513 in
909 1460 992 1514 his
1016 1475 1138 1529 quae
1162 1459 1305 1515 facta
1335 1469 1477 1527 sunt,
1512 1464 1776 1519 rationale
1803 1473 1887 1519 est
1910 1472 1966 1520 et

376 1548 605 1604 mortale
624 1588 642 1613 ,
670 1556 731 1601 ut
755 1548 898 1603 idem
920 1549 1082 1604 homo
1114 1568 1126 1603 :
1156 1552 1251 1606 sed
1278 1552 1381 1606 hoc
1416 1552 1469 1608 in
1495 1553 1609 1607 solo
1635 1555 1883 1621 homine,
1907 1563 1965 1611 et
2046 1614 2053 1623 η

379 1639 437 1693 in
461 1640 604 1694 omni
642 1641 940 1711 reperitur;
987 1642 1241 1711 quiddam
1284 1659 1413 1722 vero
1454 1648 1713 1702 rationale
1750 1657 1957 1705 tantum

381 1740 490 1796 est,
520 1748 617 1787 non
646 1733 896 1798 mortale,
919 1742 979 1789 ut
1000 1735 1219 1804 angelus
1242 1755 1256 1790 :
1282 1744 1335 1792 et
1360 1739 1464 1793 hoc
1497 1739 1743 1795 similiter
1767 1742 1823 1796 in
1845 1743 1958 1798 sola
1986 1724 2049 1787 θ’

383 1820 612 1889 angelica
640 1830 835 1877 natura
863 1823 1153 1890 invenitur,
1183 1835 1238 1881 et
1265 1827 1318 1881 in
1345 1830 1520 1894 omni;
1554 1832 1647 1886 sed
1672 1847 1739 1886 ex
1773 1831 1877 1896 his,
1905 1833 1960 1888 id

376 1921 478 1978 est,
505 1913 730 1984 angelis,
763 1914 982 1983 quidam
1008 1924 1133 1971 sunt
1160 1920 1485 1975 aaternaliter
1512 1923 1718 1988 miseri,
1739 1924 1957 1992 quidam

369 2009 702 2065 aeternaliter
724 2011 898 2075 beati;
932 2012 1075 2068 sicut
1097 2013 1261 2068 etiam
1283 2015 1350 2071 de
1382 2016 1709 2084 hominibus,
1737 2020 1953 2087 quidam

370 2110 500 2155 sunt
541 2102 781 2171 pmnales
811 2111 1030 2173 propter
1062 2108 1255 2161 merita
1295 2108 1541 2174 malitias;
1569 2111 1786 2179 quidam
1826 2128 1955 2168 vero

367 2207 500 2247 cum
552 2194 790 2262 angelis,
837 2196 925 2264 qui
970 2212 1127 2252 suum
1171 2210 1521 2255 servaverunt
1559 2203 1952 2273 principatum,

364 2281 525 2337 beati
553 2284 874 2339 aetemaliter
898 2296 1055 2341 erunt
1085 2303 1184 2357 per
1208 2292 1436 2360 gratiam
1466 2292 1582 2347 Dei.
1622 2292 1725 2348 Sed
1761 2296 1845 2350 hae
1880 2295 1956 2350 di-

366 2374 661 2429 versitates
693 2385 1058 2433 creaturarum
1097 2391 1151 2435 et
1186 2384 1722 2451 commutabilitates,
1750 2388 1819 2441 ab
1845 2404 1952 2444 uno

367 2463 483 2518 solo
523 2473 577 2518 et
612 2466 1031 2524 incommutabili
1065 2472 1174 2526 Deo
1203 2481 1397 2528 creatae
1436 2485 1600 2541 sunt,
1639 2478 1729 2547 qui
1767 2480 1950 2535 omnia

368 2570 490 2624 quae
516 2566 643 2609 sunt
665 2557 718 2610 in
739 2558 876 2613 cmlo
896 2567 951 2613 et
970 2560 1024 2614 in
1046 2568 1215 2627 terra,
1241 2564 1443 2633 absque
1462 2566 1569 2620 ulla
1593 2568 1946 2635 dubitatione,

367 2644 512 2699 sicut
533 2646 731 2711 voluit,
770 2648 917 2726 fecit.
955 2649 1069 2706 Hoc
1105 2668 1320 2724 quoque
1349 2655 1625 2712 sciendum
1662 2666 1774 2725 est,
1804 2662 1948 2729 quod

368 2735 548 2790 omnis
573 2738 892 2803 substantia,
916 2755 1038 2809 quae
1061 2741 1203 2797 Deus
1228 2758 1336 2799 non
1361 2753 1464 2813 est,
1490 2756 1736 2803 creatura
1761 2758 1866 2817 est,
1891 2759 1948 2806 et

368 2839 491 2894 qua:
518 2836 763 2880 creatura
784 2844 893 2883 non
917 2838 1022 2895 est,
1052 2830 1194 2887 Deus
1219 2842 1321 2888 est.

973 2940 1217 2997 CAPUT
1252 2942 1319 2997 Χ.

2074 461 2251 529 Deus,
2290 470 2349 518 et
2381 471 2668 535 utrumque
2694 466 2887 533 homo;
2915 469 3010 524 sed
3040 478 3328 542 utrumque
3355 474 3497 533 Deus
3531 496 3658 550 pro—

2072 561 2194 624 pter
2220 553 2574 624 accipientem
2602 556 2796 625 Deum,
2815 567 3106 630 utrumque
3136 570 3315 618 autem
3344 564 3505 623 homo
3530 586 3658 640 pro-

2071 652 2192 713 pter
2214 654 2493 715 acceptum
2524 649 2819 705 hominem.
2851 650 2967 706 Non
2993 660 3170 708 tamen
3195 654 3284 711 illa
3314 662 3657 730 susceptione

2070 734 2299 789 alterum
2324 751 2512 791 eorum
2552 737 2605 791 in
2640 739 2868 794 alterum
2902 758 3218 799 conversum
3264 756 3425 816 atque
3474 759 3651 805 muta-

2072 832 2183 877 tum
2220 834 2333 891 est;
2366 842 2468 881 nec
2505 827 2757 885 divinitas
2792 832 2989 901 quippe
3025 834 3077 888 in
3112 845 3419 892 creaturam
3448 849 3655 897 mutata

2068 922 2170 979 est,
2200 924 2258 969 ut
2279 916 2562 972 desisteret
2591 934 2710 975 esse
2733 921 3015 988 divinitas;
3042 940 3141 979 nec
3163 933 3416 982 creatura
3436 929 3492 984 in
3517 930 3656 984 divi-

2066 1004 2329 1071 nitatem,
2361 1015 2419 1060 ut
2457 1007 2741 1064 desisteret
2777 1027 2897 1068 esse
2937 1023 3205 1070 creatura.
3248 1016 3427 1073 Unum
3470 1028 3651 1075 tamen

2065 1095 2259 1150 horum
2300 1097 2575 1154 miraculis
2615 1101 2838 1168 claruit;
2881 1104 3027 1160 aliud
3071 1108 3357 1163 succubuit
3392 1108 3648 1177 injuriis:

2066 1188 2159 1241 sed
2188 1187 2493 1244 nullatenus
2530 1190 2668 1246 alius
2695 1191 2797 1247 fuit
2827 1196 2918 1265 qui
2948 1196 3225 1253 miraculis
3260 1198 3481 1264 claruit,
3511 1200 3652 1257 alius

2064 1277 2157 1347 qui
2178 1278 2406 1369 .irpjuriis
2434 1277 2868 1370 .fatigatus_es.t.;.
2885 1287 3157 1370 sedimus
3190 1296 3353 1370 atque
3396 1289 3538 1345 idem
3593 1291 3650 1345 in

3482 1382 3647 1436 -εει-νε

2553 1448 2753 1530 math,"
2771 1453 2949 1522 anima
2978 1458 3032 1524 et
3057 1454 3408 1527 εἱλιτῖιένῖῶὶηο
3435 1471 3645 1541 plenus.

2280 1597 3307 1668 -«-.~~~I719csrur.sz...--
3405 1632 3423 1650 .

2063 1681 2271 1758 Utﬁtm"
2295 1681 2690 1761 dn'rﬁbtl‘risi‘i
2723 1707 2940 1789 plenam'
2977 1700 3169 1763 habeat
3204 1706 3493 1765 divinitatis
3532 1726 3647 1765 sum

2668 1788 3032 1848 cognitionem.

2129 1880 2473 1940 Conﬁdenter
2495 1886 2652 1957 plane
2688 1895 2744 1942 et
2786 1888 3153 1944 indubitanter
3170 1888 3400 1944 dicimus
3427 1891 3492 1945 de
3516 1904 3644 1945 san—

2057 1972 2161 2029 ctis
2181 1976 2406 2044 angelis,
2431 1985 2591 2046 atque
2616 1976 2924 2033 hominibus
2946 1980 3172 2044 sanctis,
3195 1995 3424 2049 quorum
3450 1996 3644 2049 quam-

2054 2063 2139 2117 vis
2184 2065 2437 2133 quislibet
2488 2082 2587 2137 per
2644 2068 2951 2137 adoptionis
3003 2070 3232 2140 gratiam
3280 2072 3634 2139 nuncupative

2055 2152 2197 2208 Deus
2226 2155 2456 2221 dicatur,
2497 2157 2641 2211 nulla
2666 2166 2845 2212 tamen
2893 2158 3104 2213 ratione
3133 2157 3275 2213 Deus
3297 2159 3632 2230 angelorum,

2055 2243 2140 2298 vel
2169 2244 2313 2300 Deus
2347 2257 2659 2302 sanctorum
2687 2247 3004 2302 naturaliter
3031 2248 3134 2302 dici
3181 2262 3361 2317 posse,
3406 2250 3546 2303 sicut
3573 2253 3639 2303 de

2053 2336 2271 2393 Christo
2307 2338 2505 2391 dicitur
2542 2336 2658 2406 :Et}
2685 2337 2901 2390 adorent
2953 2354 3071 2390 eum
3119 2354 3293 2391 omnes
3323 2336 3494 2408 angeli
3545 2337 3638 2391 Dei

2054 2425 2224 2499 (Psal.
2267 2443 2410 2491 xcvr,
2450 2425 2538 2497 8);
2590 2436 2665 2492 et,
2727 2425 2917 2480 Omnia
2955 2427 3224 2496 subjecisti
3272 2427 3366 2481 sub
3418 2426 3635 2497 pedibus

2050 2518 2165 2589 ejus
2218 2515 2403 2589 (Hebr.
2454 2534 2514 2580 ιι,
2544 2518 2607 2581 8;
2670 2515 2818 2571 Psal.
2849 2533 2967 2582 vm,
3011 2516 3087 2589 8).
3143 2518 3200 2571 In
3237 2533 3303 2573 eo
3341 2518 3484 2588 quod
3519 2518 3624 2582 ait,

2050 2610 2228 2664 omnia
2283 2609 2526 2680 subjecit,
2592 2609 2730 2664 nihil
2789 2610 2995 2665 dimisit
3044 2626 3151 2666 non
3202 2610 3500 2679 subjectum
3556 2612 3628 2666 ei.

2049 2698 2307 2766 Quamvis
2358 2699 2615 2769 quislibet
2649 2708 2868 2755 sanctus
2913 2700 3106 2757 divina:
3144 2703 3477 2758 habitatione
3505 2719 3629 2775 gra-

2047 2794 2138 2848 tiae
2168 2791 2298 2865 [Al.,
2329 2793 2681 2849 habitationis
2709 2794 2905 2866 gratia]
2925 2790 3239 2865 .‘praecipuus
3264 2803 3428 2861 esset,
3456 2795 3633 2851 nullus

2050 2893 2230 2938 tamen
2278 2899 2465 2938 eorum
2520 2883 2574 2937 in
2624 2900 2785 2938 unam
2840 2898 2961 2939 cum
3002 2882 3284 2939 divinitate
3338 2901 3628 2955 personam

2047 2972 2251 3028 electus
2303 2981 2406 3039 est,
2452 2972 2558 3028 nisi
2593 2972 2841 3028 Christus
2888 2973 3050 3038 Deus,
3096 2982 3151 3029 et
3199 2975 3381 3030 homo.
3434 2975 3628 3033 Anima

368 3047 525 3114 Quod
547 3049 786 3120 quantum
812 3050 1067 3131 mirabiiis
1096 3051 1234 3120 facta
1264 3063 1337 3107 est
1376 3054 1670 3124 conjunctio
1695 3059 1946 3112 creatoris
1972 3056 2018 3119 C
2050 3063 2268 3131 quippe,
2308 3071 2363 3118 et
2399 3077 2526 3118 caro
2554 3062 2773 3126 Christi,
2825 3078 2947 3117 cum
2980 3063 3156 3119 Verbo
3184 3082 3324 3121 unus
3356 3076 3441 3121 est
3469 3067 3627 3122 Chri-

950 3122 1018 3175 ad
1044 3131 1360 3176 creaturam.

431 3228 580 3283 Inter
600 3230 739 3284 hanc
766 3228 900 3301 [Al.,
923 3229 1138 3303 harum]
1162 3231 1367 3287 scilicet
1388 3241 1759 3291 creaturarum
1779 3237 1945 3293 mira-

359 3320 526 3376 bilem
552 3328 607 3374 et
631 3322 927 3390 speciosam
958 3321 1319 3394 [varietatem,
1342 3340 1407 3379 ex
1430 3325 1555 3397 qua]
1580 3326 1945 3396 pulcherrima

358 3409 688 3465 universitas
731 3410 1081 3465 [armatarum
1106 3420 1318 3468 constat
1348 3429 1550 3482 rerum,
1579 3417 1645 3472 de
1679 3434 1784 3488 qua
1814 3420 1945 3476 dici-

359 3509 453 3554 tur
490 3517 504 3551 :
536 3499 603 3553 Et
628 3510 776 3554 erant
814 3502 989 3555 omnia
1016 3501 1164 3558 valde
1203 3503 1337 3558 bona
1375 3502 1527 3576 (Gen.
1561 3524 1602 3573 1,
1631 3509 1743 3579 '51).
1774 3508 1942 3581 (Bona

357 3606 493 3669 vero
510 3633 524 3655 ,
547 3593 672 3661 quia
706 3608 736 3645 a
764 3593 904 3647 bono
932 3593 1146 3648 condita
1169 3603 1292 3649 sunt
1318 3605 1584 3664 creatore,
1607 3601 1700 3654 sed
1726 3617 1833 3656 non
1864 3604 1942 3658 sic

354 3683 500 3737 bona
540 3684 679 3737 sicut
707 3692 939 3749 creator,
966 3685 1058 3754 qui
1082 3686 1228 3741 solus
1249 3695 1332 3741 est
1359 3704 1628 3744 summum
1652 3699 1707 3745 et
1730 3692 1938 3747 incom-

355 3774 614 3828 mutabile
639 3774 862 3846 bonum)
891 3789 905 3830 :
932 3778 1091 3831 homo
1128 3778 1275 3832 solus
1301 3781 1367 3834 ad
1398 3781 1684 3852 imaginem
1710 3792 1765 3838 et
1789 3786 1942 3840 simi-

351 3864 636 3918 litudinem
661 3866 956 3920 conditoris
983 3876 1198 3922 creatus
1222 3884 1341 3923 esse
1365 3869 1578 3941 legitur,
1611 3881 1666 3927 ct
1692 3872 1939 3930 felicissi-

348 3968 480 4007 mus
523 3951 656 4024 [AL,
695 3954 1011 4027 felicissimi]
1055 3956 1230 4021 horti,
1268 3959 1358 4026 qui
1400 3961 1683 4028 paradisus
1717 3963 1935 4030 dicitur,

344 4041 630 4096 habitator
659 4043 1012 4109 constitutus,
1049 4044 1312 4115 uniusque
1340 4050 1708 4104 tantummodo
1732 4049 1938 4109 fructus

344 4128 531 4197 epulis
554 4129 883 4199 prohibitus,
908 4140 1175 4201 quatenus
1210 4142 1319 4188 tam
1354 4135 1527 4192 facilis
1560 4139 1937 4197 observatione

344 4218 628 4285 mandati,
655 4220 928 4275 caelestem
957 4230 1257 4277 mereretur
1278 4225 1667 4281 beatitudinem
1695 4246 1707 4280 :
1735 4230 1829 4283 sed
1854 4230 1937 4283 in-

340 4306 508 4362 vidia
537 4310 732 4363 ruentis
761 4311 937 4381 angeli
970 4312 1036 4366 de
1062 4312 1391 4369 beatitudine
1422 4331 1518 4370 sua
1537 4357 1552 4381 ,
1592 4317 1750 4386 hujus
1777 4336 1932 4374 man—

2045 3160 2180 3217 stus,
2231 3160 2286 3207 et
2313 3148 2455 3206 unus
2486 3152 2674 3205 Filius.
2729 3152 2995 3222 Perquam
3034 3168 3164 3207 vero
3199 3154 3392 3208 durum
3422 3164 3525 3222 est,
3573 3167 3629 3212 et

2045 3258 2078 3297 a
2103 3242 2333 3297 sanitate
2376 3241 2510 3314 [Al.,
2534 3240 2814 3314 ﬁrmitate]
2847 3241 2968 3296 fidei
3014 3241 3229 3312 penitus
3279 3242 3534 3309 alienum,
3565 3255 3626 3300 ut

2045 3334 2287 3389 dicamus
2313 3335 2548 3388 animam
2568 3333 2766 3388 Christi
2796 3348 2903 3388 non
2924 3333 3136 3404 plenam
3158 3349 3269 3389 sua:
3302 3332 3430 3407 [Al.,
3460 3334 3512 3389 in
3542 3333 3623 3408 se]

2044 3424 2261 3478 deitatis
2283 3424 2483 3479 habere
2510 3424 2779 3488 notitiam,
2813 3438 2940 3479 cum
2971 3439 3075 3493 qua
3108 3426 3428 3480 naturaliter
3455 3442 3619 3481 unam

2044 3517 2283 3571 creditur
2306 3517 2506 3571 habere
2561 3531 2871 3585 personam.
2924 3515 3074 3571 Unde
3102 3515 3338 3571 Joannes
3383 3516 3625 3586 Baptista

2042 3605 2258 3662 Christo
2285 3606 2628 3678 singulariter
2683 3622 2749 3661 ac
2771 3607 2887 3661 sine
2934 3621 3185 3662 mensura
3224 3607 3405 3661 datam
3452 3605 3624 3676 Spiri-

2043 3705 2128 3751 tus
2157 3696 2465 3766 largitatem
2508 3696 2642 3751 dixit
2672 3711 2687 3751 :
2721 3695 2844 3752 Non
2890 3698 3028 3751 enim
3069 3697 3138 3751 ad
3162 3714 3457 3751 mensuram
3502 3695 3623 3770 [ait]

2040 3788 2131 3842 dat
2152 3787 2293 3842 Deus
2313 3786 2565 3857 Spiritum
2589 3788 2768 3861 (Joan.
2788 3806 2872 3856 nr,
2899 3788 3013 3859 54).
3044 3790 3360 3845 llominibus
3377 3790 3444 3846 ad
3472 3806 3625 3846 men-

2040 3895 2221 3934 suram
2275 3880 2397 3945 dat;
2450 3881 2609 3935 unico
2662 3879 2799 3935 Filio
2853 3880 2919 3934 ad
2951 3896 3256 3935 mensuram
3292 3897 3400 3936 non
3449 3882 3621 3949 dedit,

2037 3970 2163 4039 quia
2189 3970 2363 4025 omnis
2390 3969 2664 4039 plenitudo
2719 3969 3014 4024 divinitatis
3045 3969 3098 4022 in
3128 3960 3194 4023 eo
3228 3968 3457 4023 habitat.
3503 3969 3623 4040 Ipse

2037 4069 2121 4115 est
2175 4060 2316 4115 enim
2346 4059 2437 4130 qui
2476 4058 2569 4112 dat
2604 4058 2826 4123 sanctis,
2870 4057 2984 4126 ipse
3031 4064 3114 4112 est
3150 4059 3240 4126 qui
3269 4059 3511 4129 accepit;
3566 4066 3622 4114 et

2037 4150 2162 4220 quia
2198 4159 2389 4219 potens
2408 4155 2492 4204 est
2547 4148 2613 4201 ad
2637 4162 2946 4202 mensuram
2976 4147 3126 4214 dare,
3154 4148 3273 4203 ideo
3300 4165 3406 4204 non
3433 4149 3622 4205 debuit

2037 4242 2104 4295 ad
2132 4253 2441 4294 mensuram
2468 4238 2736 4308 accipere.
2784 4237 2842 4292 In
2873 4237 3045 4293 forma
3068 4240 3212 4294 enim
3259 4240 3351 4295 Dei
3392 4254 3616 4295 manens

2037 4332 2299 4416 Spiritum
2328 4332 2447 4398 dat;
2509 4330 2736 4385 formam
2762 4331 2902 4385 servi
2930 4332 3201 4402 accipiens
3232 4332 3492 4404 Spiritum
3521 4348 3615 4388 ac-

339 4400 477 4455 dati
514 4408 868 4471 transgressor
891 4402 1111 4458 effectus
1139 4413 1251 4469 est,
1279 4415 1438 4475 atque
1472 4408 1526 4461 in
1552 4408 1711 4478 hujus
1734 4411 1930 4477 exsilii,
1962 4401 2009 4461 D
2034 4400 2176 4491 οέρίὶ
2204 4439 2216 4474 ;
2248 4421 2420 4490 ipsum
2445 4421 2611 4486 enim,
2661 4434 2819 4490 quem
2851 4420 2919 4474 ad
2947 4400 3396 4485 mensuram—dat,
3442 4428 3613 4476 totum

331 4491 501 4548 sicut
519 4492 869 4547 comminatus
888 4501 973 4547 est
989 4493 1037 4547 ei
1059 4502 1290 4560 creator,
1313 4512 1669 4554 aarumnosam
1700 4498 1938 4567 dejectus

325 4590 436 4638 est
460 4582 732 4636 miseriam
756 4624 770 4648 ,
798 4591 852 4638 et
882 4585 1075 4654 prenali
1101 4587 1290 4641 mortis
1309 4587 1616 4644 conditione
1643 4590 1936 4647 mulctatus

326 4670 511 4747 (Gen.
549 4675 631 4742 η).
668 4671 774 4728 Sed
810 4675 1130 4729 mitissimus
1167 4685 1395 4741 creator,
1443 4679 1632 4735 nolens
1669 4681 1932 4738 facturam

320 4763 603 4833 imaginis
630 4778 738 4817 suae
762 4765 1091 4819 mternaliter
1117 4768 1293 4835 perire
1312 4808 1325 4833 ,
1359 4769 1506 4823 misit
1542 4770 1737 4824 Filium
1774 4788 1931 4827 suum

319 4852 687 4925 unigenitum
722 4855 925 4921 Deum,
962 4873 1060 4926 per
1096 4873 1255 4927 quem
1290 4861 1492 4914 creavit
1530 4862 1833 4928 hominem,
1872 4872 1934 4919 ut

312 4960 440 5017 per
475 4945 726 4999 eumdem
755 4947 1133 5013 redimeretur,
1168 4963 1268 5018 per
1289 4965 1449 5018 quem
1468 4961 1683 5007 creatus
1702 4962 1803 5007 est.
1826 4952 1932 5021 Qui

309 5052 571 5096 camem
604 5053 672 5093 ex
713 5041 921 5110 virgine
962 5056 1277 5110 assumens,
1318 5045 1391 5100 ita
1440 5047 1687 5102 humanm
1722 5059 1930 5106 natura:

309 5133 619 5188 adornatus
636 5139 745 5197 est,
766 5140 829 5186 ut
854 5134 995 5189 idem
1022 5144 1165 5190 esset
1189 5136 1372 5202 homo,
1394 5137 1485 5206 qui
1506 5138 1667 5202 Deus,
1690 5149 1746 5195 et
1762 5141 1923 5208 Deus,

306 5225 424 5297 qui
462 5222 631 5277 homo
662 5241 677 5276 :
706 5224 833 5292 quia
866 5226 989 5281 talis
1012 5235 1130 5281 erat
1162 5227 1253 5281 illa
1290 5230 1577 5298 susceptio,
1607 5244 1725 5299 quae
1755 5229 1924 5286 Deum

302 5314 622 5372 hominem
650 5312 875 5383 faceret,
904 5325 959 5371 et
984 5319 1255 5373 hominem
1278 5319 1478 5386 Deum;
1509 5336 1609 5376 nec
1632 5322 1739 5377 ulla
1764 5331 1848 5378 est
1871 5324 1925 5379 in

299 5409 435 5462 hac
468 5405 706 5460 duarum
730 5408 1106 5477 conjunctione
1138 5419 1455 5467 naturarum
1475 5453 1490 5479 ,
1518 5413 1571 5469 id
1596 5420 1706 5480 est,
1734 5415 1924 5471 divini-

292 5500 470 5556 tatis
509 5505 675 5568 atque
708 5500 1095 5568 humanitatis,
1126 5504 1427 5574 personalis
1460 5508 1745 5577 separatio.
1782 5508 1923 5582 Ergo

385 5648 417 5677 ι
472 5631 688 5690 Encas
712 5634 887 5693 Paris.
915 5651 1034 5709 cap.
1060 5637 1149 5695 85.

2033 4511 2258 4579 accepit.
2308 4509 2391 4566 Ad
2418 4526 2723 4566 mensuram
2750 4511 2948 4580 quippe
2973 4512 3066 4564 dat
3092 4511 3274 4564 multis
3321 4509 3478 4576 ﬁliis;
3514 4511 3610 4566 sed
3668 4506 3673 4512 ’

2030 4616 2138 4655 non
2174 4600 2241 4654 ad
2296 4615 2606 4654 mensuram
2642 4600 2869 4671 accepit,
2919 4600 3011 4669 qui
3056 4599 3248 4654 unicus
3300 4607 3386 4655 est
3417 4600 3604 4666 Filius,

2029 4691 2155 4759 quia
2179 4691 2257 4746 sic
2279 4698 2361 4745 est
2382 4690 2705 4745 naturaliter
2732 4692 2894 4745 homo
2916 4705 3097 4754 verus,
3151 4698 3211 4744 ut
3232 4691 3370 4747 idem
3410 4692 3480 4748 sit
3510 4708 3610 4747 na-

2028 4780 2276 4835 turaliter
2321 4781 2484 4835 etiam
2519 4779 2658 4833 Deus
2685 4795 2865 4834 verus.
2900 4793 2927 4821 α
2956 4779 3013 4834 In
3053 4780 3269 4838 Christo
3294 4793 3475 4838 autem
3510 4799 3599 4839 se-

2032 4872 2262 4927 cundum
2291 4870 2568 4925 catholicae
2599 4867 2722 4922 ﬁdei
2765 4871 3071 4938 veritatem,
3117 4872 3171 4927 in
3221 4875 3426 4928 unitate
3479 4887 3605 4941 per-

2032 4976 2176 5016 senm
2202 4960 2358 5015 simul
2386 4965 2441 5013 et
2467 4958 2720 5012 deitatem
2744 4957 2995 5028 fatemur,
3021 4970 3077 5017 et
3110 4963 3343 5017 animam
3366 4962 3607 5015 rationa-

2032 5051 2137 5107 lem
2183 5059 2237 5107 et
2263 5064 2505 5106 carnem.
2554 5050 2612 5105 In
2638 5066 2745 5120 quo
2780 5060 2961 5109 tamen
2989 5054 3162 5110 deitas
3208 5054 3468 5124 Spiritum
3515 5068 3607 5109 ac—

2028 5144 2207 5215 cipere
2227 5157 2332 5197 non
2353 5142 2547 5213 potuit,
2576 5144 2703 5214 quia
2741 5147 3033 5201 secundum
3055 5148 3308 5202 deitatem
3343 5144 3526 5212 Pater,
3549 5155 3604 5203 et

2027 5233 2215 5302 Filius,
2237 5242 2292 5290 et
2321 5232 2553 5304 Spiritus
2577 5245 2798 5293 sanctus
2818 5253 2958 5292 unus
2993 5243 3078 5291 est
3128 5235 3289 5292 Deus.
3336 5236 3452 5293 Non
3473 5253 3604 5311 ergo

2027 5329 2201 5403 potuit
2250 5327 2509 5399 Spiritum
2562 5338 2806 5386 sanctum
2858 5330 3111 5386 divinitas
3157 5329 3282 5387 Filii
3330 5332 3600 5404 accipere,

2022 5434 2149 5478 cum
2188 5421 2303 5491 ipse
2328 5420 2562 5491 Spiritus
2581 5430 2799 5478 sanctus
2822 5421 2901 5476 sic
2923 5421 3183 5491 procedat
3206 5439 3239 5481 a
3284 5423 3424 5480 Filio
3458 5425 3603 5480 sicut

2024 5513 2266 5583 procedit
2293 5530 2324 5570 a
2351 5512 2533 5582 Patre,
2576 5521 2633 5572 et
2658 5513 2737 5571 sic
2765 5513 2921 5572 detur
2948 5528 2979 5570 a
3012 5512 3150 5572 Filio
3196 5514 3337 5573 sicut
3382 5516 3540 5575 datur
3564 5531 3601 5570 a
