3906 6186
319 243 384 303 δι
1137 241 1198 296 Β.
1240 242 1303 296 F.
1345 237 1568 296 ALBlNl
1603 237 1735 294 SEU
1773 231 2048 292 ALCUINI
2084 229 2367 291 OPERUM
2401 234 2580 290 PARS
2616 229 2700 290 Ill.
3291 319 3296 328 ἢ
3495 233 3563 290 5!

321 365 501 419 Patre.
527 360 716 420 Restat
738 363 915 432 itaque
935 368 993 414 ut
1013 361 1189 414 anima
1213 358 1414 413 Christi
1444 356 1704 427 Spiritum
1732 365 1886 407 acce-
1914 357 1963 409 Α
1988 343 2150 418 atque
2177 351 2337 405 idem.
2381 349 2448 404 Et
2475 351 2576 405 hoc
2623 358 2796 404 totum
2835 348 3078 419 simplex,
3124 357 3297 403 totum
3349 345 3540 406 Unitas

318 454 480 524 perit,
521 468 681 522 quem
699 461 877 507 tamen
920 467 1028 506 non
1057 451 1125 505 ad
1145 464 1452 505 mensuram
1483 447 1708 516 accepit,
1747 443 1874 513 quia

320 553 488 598 totum
532 543 758 613 accepit.
799 542 900 598 Ubi
933 543 1077 597 enim
1103 556 1356 595 mensura
1389 539 1586 593 dicitur
1621 551 1725 589 non
1752 549 1892 599 esse,

314 635 588 704 plenitudo
617 633 958 704 perfectionis
982 643 1038 688 et
1062 633 1324 703 perfectio
1350 630 1700 700 plenitudinis
1743 630 1892 683 inve-

315 724 481 778 nitur.
509 722 612 778 Per
633 739 792 793 quam
819 725 983 778 etiam
1009 723 1391 793 plenitudinem
1415 719 1694 791 [Spiritus,
1720 718 1892 788 pleni-

314 813 578 885 tudinem]
607 815 798 869 divinae
823 814 1144 884 cognitionis
1176 813 1376 866 habere
1399 808 1740 863 manifestum
1765 815 1849 862 est
1871 823 1885 860 :

313 903 367 956 in
391 912 650 972 quantum
674 905 819 958 enim
847 903 1069 958 cuilibet
1113 908 1421 957 sanctorum
1449 898 1682 969 Spiritus
1707 898 1883 961 datur,

312 993 368 1046 in
396 1002 604 1048 tantum
630 995 863 1065 cognitio
904 992 1212 1047 Divinilatis
1249 991 1516 1060 accipitur
1553 990 1622 1044 ab
1639 1003 1725 1042 eo.
1768 987 1887 1041 Non

312 1084 456 1137 enim
484 1085 853 1138 aestimandum
880 1092 966 1138 est
1001 1084 1194 1137 animae
1222 1081 1425 1137 Christi
1463 1080 1516 1135 in
1549 1080 1728 1149 aliquo
1768 1079 1884 1150 ple-

308 1187 435 1226 nam
465 1172 769 1228 Divinitatis
797 1173 981 1228 deesse
1011 1173 1276 1235 notitiam,
1335 1171 1487 1240 cujus
1507 1186 1612 1225 una
1650 1179 1734 1224 est
1755 1184 1882 1238 per-

307 1277 440 1316 sona
489 1277 612 1316 cum
632 1263 837 1339 yerbo,
855 1277 1037 1343 quam
1056 1262 1140 1332 εὶς
1168 1261 1490 1343 Sppientia,
1516 1259 1769 1343 sqseepit,
1823 1266 1886 1312 ut

305 1366 429 1406 cum
460 1351 574 1418 ipsa
592 1337 1004 1432 ,ξῆἰῇξιᾴὁ-ξιιε
1019 1347 1138 1428 funi
1158 1340 1612 1436 sitaiq'ﬁ‘rinitjtie
1623 1337 1879 1423 pensanti,

305 1440 362 1495 id
406 1449 509 1506 est,
558 1441 806 1497 Christus
819 1439 1136 1507 'cru'cmklls;
1164 1435 1323 1510 quem
1355 1435 1743 1494 Déi‘viriulem'
1758 1439 1883 1493 Dei-

304 1543 411 1598 que
462 1531 779 1622 εξρξςειιὶειιξι
801 1529 1649 1624 ,Ρξιιιυεελιροεφιρδερξφίξέοξι
1680 1527 1737 1624 (.1
1753 1527 1884 1624 99!:

303 1637 346 1686 ι,
377 1604 517 1699 24).;
545 1604 643 1714 ξε

805 1706 822 1723 ’
867 1706 1140 1792 ’ὃᾹιΞῦτ
1171 1706 1285 1790 xui.

301 1827 366 1882 Si
393 1827 781 1905 anima-Christi
801 1826 1007 1905 plenam
1028 1826 1492 1905 hebetabit-sitatis
1515 1824 1878 1905 cognitionem,

369 1894 845 1979 quomodoaicitur
883 1898 936 1949 in
951 1897 1262 1979 Euangelio,
1312 1895 1362 1948 F
1365 1895 1512 1949 ilium
1540 1894 1883 1949 nescirediem

362 1967 554 2037 judicii
580 1967 771 2038 (Marc.
801 1983 921 2032 xul,
951 1967 1064 2039 5‘2).

369 2078 424 2130 In
477 2077 772 2147 Scripturis
818 2077 1022 2131 sanctis
1051 2091 1217 2146 genus
1256 2084 1339 2130 est
1392 2075 1698 2156 locutionis,
1737 2073 1883 2142 quod

299 2167 439 2236 apud
484 2166 865 2236 grammaticos
890 2165 1213 2234 metonymia
1255 2165 1478 2228 dicitur,
1509 2164 1562 2218 id
1591 2172 1696 2226 est,
1753 2163 1879 2216 dum

299 2269 398 2324 per
451 2253 773 2309 efﬁcientem
831 2253 1143 2322 designatur
1180 2253 1235 2306 id
1276 2252 1419 2322 quod
1467 2251 1714 2306 ellicitur.
1769 2251 1883 2306 Hoc

298 2346 442 2399 enim
481 2360 677 2416 genere
724 2345 1010 2401 locutionis
1056 2345 1195 2400 Deus
1241 2345 1452 2400 nescire
1491 2345 1705 2410 dicitur,
1756 2345 1879 2414 quia

296 2433 604 2487 nescientes
636 2432 792 2498 facit;
845 2435 1009 2488 etiam
1051 2442 1105 2488 et
1127 2434 1264 2488 scire
1310 2432 1452 2487 Deus
1482 2433 1700 2499 dicitur,
1752 2434 1879 2503 quia

296 2523 529 2578 scientes
557 2522 704 2587 facit,
758 2525 897 2579 sicut
926 2525 1184 2594 scriptum
1215 2533 1297 2579 est
1332 2543 1344 2577 :
1378 2525 1558 2579 Tentat
1582 2543 1667 2580 vos
1695 2526 1878 2580 Domi-

296 2629 395 2666 nus
419 2613 558 2666 Deus
579 2623 760 2678 vester,
789 2623 845 2666 ut
874 2615 1027 2678 sciat,
1063 2615 1109 2668 si
1137 2614 1366 2684 diligatis
1394 2631 1510 2668 eum
1532 2613 1727 2685 (Exod.
1761 2633 1872 2682 xvn,

293 2701 360 2768 4;
407 2703 563 2757 Deut.
590 2720 708 2769 xm,
750 2705 826 2775 3).
874 2705 989 2759 Non
1036 2707 1178 2760 enim
1211 2707 1290 2761 sic
1329 2707 1736 2777 intelligendum
1763 2717 1868 2774 est,

294 2795 451 2864 quasi
500 2795 639 2850 Deus
664 2797 869 2850 nesciat
914 2794 958 2851 si
995 2796 1217 2867 diligant
1258 2813 1404 2861 eum,
1453 2798 1518 2852 de
1543 2798 1738 2867 quibus
1766 2799 1870 2854 hoc

294 2885 535 2941 dicitur:
589 2888 682 2941 sed
705 2895 761 2940 ut
786 2887 860 2941 illi
890 2887 989 2957 ipsi
1029 2889 1224 2954 sciant,
1265 2895 1522 2958 quantum
1573 2891 1629 2944 in
1658 2890 1870 2945 Domini

294 2975 579 3030 dilectione
603 2975 925 3046 profecerint
977 2976 1109 3048 [.4l.,
1150 2978 1531 3052 proﬁcerent];
1569 2981 1712 3050 quod
1766 2980 1869 3034 nisi

297 3064 685 3119 tentationibus
726 3080 844 3134 quae
871 3065 1138 3131 accidunt,
1203 3083 1309 3123 non
1340 3069 1494 3140 plene
1522 3070 1590 3126 ab
1634 3070 1870 3126 homini-

292 3151 396 3206 bus
421 3154 748 3223 agnoscitur.
780 3154 846 3208 Et
863 3155 1053 3225 'ipsum
1074 3167 1259 3223 tentat,
1291 3175 1386 3228 pro
1422 3176 1487 3214 eo
1506 3161 1740 3229 positum
1767 3169 1870 3225 est,

296 3245 442 3312 quod
472 3247 664 3300 tentari
696 3247 854 3301 sinat.
889 3246 980 3302 Sic
1006 3258 1062 3302 et
1085 3265 1206 3303 cum
1232 3251 1429 3306 dicitur
1449 3255 1656 3308 nescire
1681 3256 1871 3319 Deum,

295 3342 390 3386 aut
427 3350 524 3403 pro
553 3351 618 3388 eo
641 3336 839 3390 dicitur
880 3337 1022 3406 quod
1050 3354 1154 3391 non
1181 3341 1465 3409 approbat,
1516 3344 1657 3397 sicut
1694 3344 1873 3412 impiis

292 3422 537 3478 dicturus
568 3434 651 3479 est
687 3444 698 3478 :
744 3425 933 3479 Nescio
960 3444 1045 3481 vos
1076 3427 1292 3497 (Matth.
1322 3447 1448 3497 xxv,
1480 3433 1600 3505 12);
1662 3444 1755 3488 aut
1776 3450 1874 3504 pro

298 3529 363 3568 eo
385 3514 527 3583 quod
578 3515 780 3570 utiliter
803 3517 1108 3572 nescientes
1135 3517 1283 3585 facit,
1335 3523 1447 3577 sive
1476 3524 1639 3578 etiam
1671 3541 1768 3594 pro
1809 3541 1874 3580 eo

297 3605 440 3674 quod
461 3619 566 3658 non
588 3613 671 3659 est
693 3613 900 3675 tempus
924 3607 1147 3672 sciendi,
1183 3610 1321 3664 sicut
1346 3611 1400 3665 in
1428 3613 1718 3685 Evangelio
1745 3615 1876 3670 dici-

297 3703 415 3748 tur:
448 3693 523 3748 De
543 3694 629 3748 die
647 3703 694 3748 et
719 3695 847 3749 hora
861 3712 1006 3750 nemo
1028 3699 1146 3763 scit,
1171 3717 1333 3770 neque
1349 3703 1519 3772 angeli
1541 3705 1593 3758 in
1617 3705 1762 3771 caelo,
1788 3724 1877 3760 ne-

298 3803 398 3857 que
411 3783 458 3837 F
462 3785 582 3840 ilius
606 3787 767 3856 720
788 3786 886 3841 nisi
902 3787 1063 3843 Pater
1087 3789 1301 3860 (Matth.
1324 3809 1445 3860 xm,
1461 3795 1572 3866 52).
1600 3795 1712 3851 Hoc
1733 3797 1874 3851 enim

294 3892 494 3948 genere
519 3877 805 3932 locutionis
830 3880 1041 3935 nescire
1069 3881 1269 3936 dicitur
1281 3883 1468 3948 Filius,
1487 3887 1610 3955 quia
1635 3889 1879 3943 nescien-

295 3973 380 4022 tes
423 3966 574 4034 fecit,
606 3971 747 4040 quod
796 3972 926 4027 utile
957 3973 1063 4030 illis
1087 3972 1186 4029 fuit
1228 3977 1460 4043 nescire,
1507 3977 1559 4032 id
1605 3989 1706 4044 est,
1734 3983 1877 4050 quod

296 4070 404 4110 non
436 4057 511 4110 ita
555 4059 778 4124 sciebat,
829 4069 890 4114 ut
914 4076 1007 4116 eos
1052 4064 1192 4117 scire
1237 4062 1471 4120 fecisset.
1527 4065 1660 4133 Quia
1691 4068 1878 4124 utilius

297 4146 405 4202 illis
452 4146 552 4201 fuit
571 4148 713 4204 diem
733 4149 921 4218 judicii
958 4154 1166 4208 nescire
1195 4170 1356 4223 quam
1380 4157 1542 4221 scire,
1575 4165 1635 4211 ut
1664 4173 1878 4228 semper

297 4237 473 4304 parati
523 4247 706 4293 essent
754 4247 808 4292 et
874 4241 1187 4310 vigilantes,
1234 4245 1360 4298 dum
1417 4262 1522 4316 qua
1577 4247 1708 4302 hora
1761 4250 1876 4307 dies

293 4323 502 4380 Domini
554 4329 708 4396 quasi
750 4327 837 4382 fur
878 4331 1104 4396 veniret,
1159 4343 1376 4401 paratos
1399 4336 1666 4392 inveniret
1694 4355 1806 4394 eos.

888 4439 1114 4496 CAPUT
1146 4441 1280 4496 Xlll.

539 4508 692 4574 Quod
721 4526 880 4563 unum
909 4526 1036 4579 opus
1058 4511 1124 4564 sit
1164 4513 1343 4566 Patris
1373 4523 1421 4566 et
1448 4513 1596 4567 Filii.

363 4595 628 4665 Operatur
667 4603 808 4655 cnim
845 4601 1007 4657 Pater
1045 4620 1142 4674 per
1168 4603 1379 4668 Filium,
1413 4623 1509 4676 per
1553 4623 1712 4676 quem
1742 4607 1872 4664 fecit

294 4687 498 4750 omnia,
524 4696 578 4742 et
598 4703 810 4760 semper
851 4703 1104 4764 operatur
1132 4713 1144 4748 :
1179 4697 1319 4750 sicut
1365 4698 1565 4752 dictum
1598 4710 1718 4755 est:
1745 4700 1872 4754 0m-

295 4775 384 4828 nia
431 4791 524 4845 per
541 4775 709 4845 ipsum
735 4778 875 4847 facta
900 4792 1018 4836 sunt
1079 4782 1257 4855 (Joan.
1303 4803 1343 4851 ι,
1371 4787 1459 4856 5);
1513 4786 1675 4841 item:
1708 4785 1870 4842 Pater

294 4882 440 4919 meus
461 4881 624 4935 usque
662 4867 812 4920 modo
847 4881 1114 4938 operatur,
1147 4884 1194 4926 et
1239 4892 1330 4944 ego
1377 4893 1563 4946 operor
1593 4875 1772 4948 (Joan.
1816 4895 1870 4945 ν,

297 4956 386 5030 17)
411 4973 425 5022 ;
491 4973 595 5012 non
619 4958 985 5013 diversitatem
1014 4964 1192 5030 operis
1211 4966 1517 5036 designans,
1555 4969 1680 5036 quia
1705 4985 1871 5024 unum

296 5062 431 5116 opus
451 5057 536 5102 est
575 5047 749 5103 Patris
779 5057 832 5103 et
877 5048 1019 5114 Filii,
1067 5053 1158 5105 sed
1185 5070 1534 5122 personarum
1574 5061 1873 5129 proprieta-

300 5144 407 5190 tem
434 5141 738 5196 ostendens.
767 5141 883 5212 Ipsa
911 5143 1090 5210 itaque
1119 5147 1359 5212 Operatio
1380 5147 1495 5213 Dei,
1527 5149 1578 5203 id
1605 5159 1712 5216 est,
1743 5167 1869 5206 san-

301 5233 401 5282 ctae
448 5228 747 5298 Trinitatis,
810 5233 1053 5288 voluntas
1091 5244 1176 5289 est
1221 5236 1337 5302 Dei,
1386 5247 1441 5291 et
1478 5241 1726 5297 voluntas
1779 5243 1872 5298 Dei

300 5319 526 5389 simplex
553 5331 657 5390 cst,
714 5335 770 5380 et
805 5328 1087 5397 semperin
1115 5329 1299 5398 requie
1341 5330 1710 5388 beatitudinis.
1763 5334 1872 5391 Nec

302 5408 446 5464 aliud
469 5420 554 5466 est
583 5413 693 5468 Deo
717 5420 948 5486 operari,
996 5420 1139 5476 aliud
1164 5421 1320 5486 velle,
1375 5422 1469 5477 sed
1514 5424 1651 5479 idem
1685 5435 1767 5481 est
1798 5427 1870 5482 illi

303 5498 439 5555 velle
460 5508 514 5555 et
533 5505 766 5573 operari,
804 5509 930 5577 quia
979 5511 1224 5567 voluntas
1251 5513 1346 5566 Dei
1373 5513 1616 5570 ell‘ectiva
1652 5527 1734 5572 est
1779 5535 1870 5587 po-

303 5590 490 5644 tentia.
520 5591 628 5650 Nec
656 5595 764 5651 Deo
789 5597 928 5653 aliud
957 5608 1037 5656 est
1066 5617 1205 5671 esse,
1231 5602 1371 5659 aliud
1395 5603 1551 5672 velle,
1584 5609 1676 5666 sed
1703 5625 1868 5668 unum

1897 4377 1948 4438 Β

1995 449 2165 495 totum
2209 441 2466 506 Trinitas,
2510 450 2680 496 totum
2732 442 3025 514 ὁμοούσιον;
3085 443 3210 513 quia
3249 457 3369 498 esse
3419 445 3563 514 quod

1992 531 2342 587 substantiale
2377 540 2480 596 est,
2509 547 2673 586 unum
2705 541 2786 587 est
2815 534 2869 587 in
2893 531 3071 598 Patre,
3110 541 3165 588 et
3189 533 3347 600 Filio,
3367 543 3422 590 et
3441 534 3564 605 Spi-

1990 621 2099 675 ritu
2126 630 2347 686 sancto;
2403 629 2458 675 et
2484 622 2674 676 horum
2705 637 2811 675 una
2856 624 2997 677 actio
3025 630 3130 686 est,
3163 624 3304 678 sicut
3331 641 3436 680 una
3467 642 3563 681 vo-

1989 717 2185 771 luntas.
2238 712 2480 766 Fuerunt
2543 713 2688 766 enim
2717 712 2896 766 omnia
2923 714 2992 767 ab
3040 722 3244 769 aeterno
3267 715 3366 789 [in]
3426 718 3558 772 Deo.

1987 799 2307 872 Operatione
2329 812 2530 867 autem,
2554 802 2731 868 idest,
2759 804 2958 858 virtute
2986 804 3101 870 Dei,
3126 807 3216 875 qui
3258 817 3342 863 est
3368 809 3559 876 Filius,

1986 906 2351 965 apparuerunt
2405 898 2606 956 omnia.
2649 906 2704 951 et
2739 895 2880 951 facta
2931 907 3058 952 sunt
3090 899 3232 953 sicut
3266 901 3457 967 voluit,
3505 911 3561 956 et

1984 985 2409 1054 quandoaoluit,
2444 995 2498 1041 et
2522 990 2788 1057 quomodo
2820 988 3020 1054 voluit,
3071 991 3162 1059 qui
3187 989 3315 1046 fecit
3333 995 3514 1049 omnia
3542 1013 3555 1048 :
3646 983 3659 994 ’

1983 1074 2078 1129 sed
2113 1090 2219 1130 non
2247 1077 2334 1130 ille
2353 1075 2545 1142 factus,
2575 1092 2671 1148 per
2695 1093 2854 1146 quem
2883 1078 3025 1133 facta
3054 1089 3182 1134 sunt
3215 1084 3414 1138 omnia.
3449 1084 3558 1141 Na-

1984 1171 2071 1218 tus
2095 1174 2178 1219 est
2221 1181 2351 1237 ergo
2391 1166 2558 1221 Filius
2599 1167 2715 1234 Dei,
2742 1183 2805 1224 ex
2829 1175 3033 1224 aeterno
3071 1177 3328 1237 aeternus,
3354 1173 3419 1227 de
3449 1175 3558 1230 Deo

1981 1255 2146 1322 Deus,
2179 1259 2244 1312 de
2281 1260 2483 1314 lumine
2517 1260 2723 1327 lumen,
2762 1262 2901 1316 sicut
2924 1263 3221 1332 saepissime
3243 1263 3477 1325 diximus
3502 1278 3559 1326 et

1981 1360 2196 1417 semper
2219 1348 2480 1404 dicemus.
2545 1419 2772 1478 CAPUT
2808 1421 2927 1477 XIV

1981 1527 2173 1583 Omnia
2209 1546 2303 1599 per
2347 1529 2610 1586 Christum
2661 1534 2801 1672 [apta
2839 1551 2968 1601 esse,
2998 1537 3168 1606 ipsum
3209 1555 3326 1592 vero
3373 1549 3556 1596 natum

2284 1653 2285 1656 η
2597 1620 2701 1657 non
2746 1614 2940 1658 actum.

2597 1620 2701 1657 non
2725 1614 2940 1658 tactum.

1668 1669 1700 1716 ³.
1753 1671 1772 1715 ³
1797 1667 1881 1712 Ἀ
1913 1695 1960 1756 Β
2055 1710 2123 1764 In
2147 1714 2399 1784 principio
2423 1715 2542 1785 fecit
2573 1716 2715 1771 Deus
2737 1718 2919 1773 caelum
2939 1728 2988 1774 et
3009 1730 3208 1775 terram
3227 1719 3380 1794 (Gen-
3405 1740 3445 1789 1:
3475 1725 3551 1797 iii

1983 1801 2158 1868 idest,
2190 1805 2244 1858 in
2276 1804 2491 1861 Christo
2515 1807 2642 1863 fecit
2682 1809 2846 1876 Deus,
2871 1813 2962 1881 qui
2991 1822 3074 1867 est
3099 1812 3265 1868 Filius
3301 1815 3418 1881 Dei,
3459 1817 3554 1886 qui

1983 1902 2067 1949 est
2095 1894 2330 1949 Verbum
2377 1897 2492 1963 Dei,
2545 1901 2636 1969 qui
2677 1909 2762 1955 est
2789 1902 2978 1965 virtus,
3043 1911 3098 1958 et
3127 1904 3389 1972 sapientia
3427 1905 3547 1972 Dei,

1984 1984 2124 2038 sicut
2151 1985 2346 2040 dicitur
2375 1987 2427 2041 in
2467 1987 2680 2043 Psalmo
2715 2005 2728 2044 :
2761 1988 2950 2046 Omnia
2993 1993 3047 2046 in
3095 1993 3345 2064 sapientia
3393 1994 3558 2064 fecisti

1984 2071 2156 2144 (Psal.
2202 2090 2319 2141 cm,
2348 2076 2460 2147 24).
2522 2077 2628 2134 Sed
2652 2080 2764 2150 ipse
2790 2081 2932 2135 idem
2970 2080 3102 2153 [Al.,
3151 2083 3206 2138 id
3226 2083 3330 2155 est]
3366 2082 3552 2148 Filius,

1983 2172 2109 2218 ante
2159 2167 2339 2219 omnia
2359 2183 2570 2246 semper
2596 2178 2696 2234 est,
2748 2181 2804 2226 et
2838 2188 3051 2244 semper
3084 2177 3243 2239 Deus,
3268 2184 3323 2230 et
3345 2190 3557 2246 semper

1983 2251 2038 2306 in
2069 2253 2206 2318 Deo;
2255 2244 2457 2310 idcirco
2482 2259 2748 2328 ὁμοούσιον
2771 2261 2930 2317 Pater
2955 2272 3010 2318 et
3030 2265 3216 2319 Filius.
3246 2265 3305 2318 In
3337 2280 3402 2321 eo
3423 2244 3550 2321 vero

1985 2339 2113 2412 [Al.,
2161 2343 2281 2398 ideo
2306 2345 2456 2416 vero]
2509 2350 2652 2416 quod
2676 2351 2844 2406 Filius
2887 2353 3084 2408 dicitur
3109 2364 3164 2409 et
3212 2366 3315 2421 est,
3347 2359 3560 2426 genitus

1979 2440 2084 2496 est,
2135 2448 2240 2487 non
2259 2433 2471 2501 factus;
2519 2440 2767 2506 quamvis
2794 2439 3082 2510 Apostolus
3141 2445 3364 2502 dixisset
3399 2465 3414 2502 :
3453 2448 3558 2514 Qui

1979 2521 2151 2591 factus
2187 2533 2265 2577 est
2291 2525 2548 2593 sapientia
2589 2528 2735 2582 nobis
2781 2546 2813 2583 a
2840 2531 2948 2584 Deo
2977 2533 3029 2602 (I
3053 2532 3174 2589 Cor.
3207 2553 3245 2601 ι,
3288 2539 3415 2611 50);
3449 2555 3555 2595 non

1981 2615 2126 2684 quod
2180 2614 2354 2672 factus
2382 2617 2452 2672 sit
2495 2619 2548 2672 in
2571 2620 2872 2676 substantia
2905 2639 3001 2678 sua
3024 2635 3084 2680 ut
3117 2638 3278 2693 esset,
3310 2632 3404 2686 sed
3429 2632 3557 2687 επε-

1978 2713 2100 2760 ctus
2137 2713 2310 2760 estut
2359 2708 2617 2765 Dominus
2653 2721 2796 2768 esset
2823 2716 3066 2770 omnium
3093 2733 3212 2787 quae
3241 2719 3390 2775 facta
3407 2731 3553 2787 sunt,

1979 2796 2107 2850 dum
2151 2796 2369 2851 fuerunt
2417 2801 2612 2868 quibus
2633 2801 2892 2858 Dominus
2921 2815 3084 2860 esset.
3109 2809 3400 2867 Creaturas
3425 2827 3555 2884 ergo

1977 2887 2107 2944 fecit
2164 2889 2305 2946 Deus
2369 2906 2469 2960 per
2513 2893 2726 2958 Filium,
2778 2896 2874 2951 sed
2922 2913 3028 2953 non
3057 2900 3252 2955 Filium
3281 2901 3426 2968 fecit,
3462 2920 3558 2975 per

1977 2998 2138 3052 quem
2188 2983 2316 3038 fecit
2367 2985 2584 3052 omnia;
2633 2987 2727 3041 sed
2776 2990 2960 3059 genuit
2996 2991 3062 3046 de
3110 2995 3409 3049 substantia
3462 3010 3558 3050 sua

1975 3071 2234 3140 aequalem
2266 3073 2388 3128 sibi.
2437 3073 2606 3130 Natus
2627 3084 2713 3132 est
2737 3092 2865 3149 ergo
2893 3078 3162 3147 Christus,
3219 3099 3327 3138 non
3351 3083 3551 3141 factus.

1978 3159 2294 3230 Ubicunque
2333 3178 2462 3234 ergo
2503 3166 2700 3220 dicitur
2741 3170 2992 3237 quoniam
3039 3170 3214 3228 factus
3260 3185 3364 3240 est,
3425 3185 3553 3246 post

1973 3250 2202 3319 primam
2231 3255 2634 3320 generationem
2695 3258 2909 3324 dicitur,
2938 3276 3056 3329 qua:
3098 3278 3164 3317 ex
3191 3275 3393 3320 aeterno
3419 3266 3551 3338 [Αι.,

1975 3358 2094 3412 quae
2123 3352 2326 3398 aeterna
2356 3345 2461 3418 est]
2494 3355 2597 3413 est,
2639 3357 2693 3403 et
2719 3367 2824 3405 una
2858 3361 2959 3415 est,
2987 3361 3041 3407 et
3060 3365 3272 3421 sancta,
3297 3366 3353 3413 et
3373 3359 3558 3415 ineﬂ'a-

1973 3432 2117 3486 bilis.
2179 3433 2398 3504 Legitur
2437 3437 2491 3490 in
2531 3438 2758 3494 Actibus
2804 3440 3182 3511 Apostolorum
3214 3462 3236 3500 ι
3262 3445 3559 3504 Certissima

1974 3519 2136 3590 igitur
2167 3524 2296 3578 sciat
2335 3525 2519 3580 domus
2566 3527 2757 3592 Israel,
2797 3532 2919 3600 quia
2954 3533 3385 3592 hunc’Christum
3406 3538 3548 3594 Deus

1976 3613 2117 3683 fecit,
2150 3633 2300 3687 quem
2333 3635 2418 3673 vos
2471 3622 2810 3691 suspendistis
2852 3625 2906 3679 in
2941 3643 3094 3682 cruce
3130 3629 3266 3697 (Act.
3300 3646 3360 3694 ιι,
3427 3631 3555 3703 56);

1975 3714 2031 3759 ει
2049 3706 2333 3775 Apostolus
2375 3729 2386 3762 :
2439 3709 2543 3775 Qui
2581 3713 2751 3782 factus
2792 3725 2867 3768 est
2889 3733 2953 3770 ex
2994 3717 3210 3773 muliere
3254 3718 3450 3790 (Colat.
3476 3738 3554 3787 iv,

1975 3796 2029 3863 4)
2059 3812 2073 3861 ;
2108 3805 2163 3851 ει
2208 3800 2537 3870 evangelista
2569 3816 2585 3854 :
2631 3801 2850 3858 Verbum
2875 3823 2998 3858 caro
3021 3808 3219 3875 factum
3243 3820 3318 3864 est
3372 3811 3554 3880 (Joan.

1976 3903 2013 3950 ι,
2047 3885 2155 3957 14).
2193 3887 2302 3943 Ista
2339 3891 2519 3944 omnia
2551 3905 2657 3944 non
2706 3892 2758 3945 in
2781 3893 2896 3961 ejus
2925 3897 3290 3963 existentiam,
3323 3900 3405 3954 vel
3429 3903 3555 3958 sub-

1977 3980 2248 4044 stantiam,
2309 3982 2404 4036 sed
2443 3983 2496 4036 in
2526 3991 2698 4050 actus,
2748 3991 2804 4038 et
2844 3985 2896 4038 in
2947 3987 3399 4044 ministratiunem
3439 3991 3556 4060 ejus

1975 4073 2226 4140 potentize
2252 4083 2414 4142 atque
2462 4075 2681 4130 virtutis
2729 4076 3001 4131 dicuntur.
3048 4078 3200 4145 Quod
3254 4082 3548 4151 Apostolus

1977 4164 2054 4216 ait
2089 4162 2361 4218 Christum
2390 4165 2484 4218 Dei
2514 4165 2770 4221 virtutem
2798 4177 2852 4223 et
2880 4169 2975 4224 Dei
2998 4172 3317 4242 sapientiam
3349 4173 3401 4245 (1
3426 4172 3550 4230 Cor.

1977 4275 2016 4323 ι,
2070 4257 2185 4327 25),
2232 4274 2339 4313 non
2363 4258 2436 4312 ita
2470 4259 2873 4330 intelligendum
2931 4272 3030 4327 est,
3081 4267 3224 4333 quod
3269 4265 3430 4320 Pater
3449 4267 3555 4322 dici

1975 4367 2078 4404 non
2105 4353 2274 4420 possit
2297 4352 2489 4417 virtus,
2517 4353 2601 4406 vel
2627 4355 2910 4422 sapientia,
2951 4356 3092 4410 sicut
3113 4358 3216 4412 dici
3240 4373 3345 4412 non
3378 4367 3558 4428 potest

1977 4441 2164 4506 Filius,
2190 4442 2272 4495 vel
2303 4443 2568 4508 Verbum;
2603 4445 2726 4510 quia
2760 4445 2872 4498 haec
2920 4446 3139 4500 relativa
3163 4456 3287 4500 sunt
3315 4449 3552 4515 nomina,

1975 4531 2114 4584 sicut
2147 4532 2393 4599 superius
2423 4532 2624 4584 dictum
2670 4540 2751 4586 cst
2787 4549 2800 4586 :
2833 4533 2922 4586 illa
2970 4550 3121 4598 vero,
3174 4535 3227 4589 id
3261 4546 3346 4592 est
3381 4539 3555 4593 virtus

1974 4629 2030 4675 et
2056 4621 2345 4690 sapientia,
2375 4622 2751 4677 substantialia
2789 4634 2914 4678 sunt
2953 4644 2964 4678 :
2996 4626 3116 4681 ideo
3145 4627 3328 4695 Pater,
3380 4632 3553 4688 virtus

1975 4718 2030 4764 et
2073 4711 2367 4779 sapientia,
2404 4721 2459 4765 et
2483 4711 2652 4766 Filius
2670 4714 2843 4768 virtus
2880 4724 2933 4769 et
2965 4717 3263 4786 sapientia;
3299 4728 3356 4774 et
3383 4720 3554 4789 Spiri-

1977 4810 2064 4856 tus
2097 4812 2314 4858 sanctus
2340 4804 2510 4858 virtus
2535 4813 2588 4858 et
2610 4806 2905 4874 sapientia;
2941 4821 3046 4860 non
3087 4815 3268 4863 tamen
3308 4818 3417 4866 tres
3446 4811 3555 4865 vir-

1981 4901 2141 4959 tutes,
2195 4910 2295 4949 nec
2360 4903 2472 4950 tres
2515 4897 2810 4965 sapientiae,
2869 4898 2960 4951 sed
2984 4913 3087 4951 una
3116 4899 3312 4966 virtus,
3371 4909 3426 4956 et
3445 4916 3552 4956 una

1979 4985 2238 5052 sapientia
2286 4985 2448 5040 l’atcr
2483 4997 2538 5042 et
2582 4987 2775 5052 Filius,
2811 4997 2864 5042 et
2893 4988 3126 5057 Spiritus
3153 5000 3403 5059 sanctus;
3449 4995 3554 5050 sic-

1977 5083 2038 5129 ut
2066 5091 2171 5129 una
2199 5077 2516 5142 substantia,
2557 5088 2611 5131 et
2646 5094 2752 5132 una
2791 5080 3199 5148 omnipotentia,
3227 5092 3279 5137 et
3303 5084 3406 5140 alia
3433 5101 3552 5154 quae

1978 5163 2045 5218 de
2071 5164 2371 5218 substantia
2398 5167 2694 5221 divinitatis
2721 5168 2991 5224 dicuntur.
3059 5171 3126 5225 Et
3168 5173 3241 5226 ita
3282 5173 3548 5244 intelliga-

1978 5263 2069 5309 tur
2107 5255 2280 5322 Filius
2301 5257 2561 5327 sapientia
2588 5257 2782 5322 Patris,
2824 5263 3094 5329 quomodo
3131 5265 3327 5318 dicitur
3369 5263 3550 5320 lumen

1977 5343 2192 5409 Patris;
2244 5346 2298 5402 id
2341 5354 2442 5410 est,
2488 5354 2548 5400 ut
2583 5349 3036 5416 quemadmodum
3075 5352 3254 5406 lumen
3293 5351 3358 5405 de
3384 5351 3548 5406 lumi-

1977 5446 2065 5501 ne,
2089 5440 2142 5486 et
2163 5441 2449 5503 utrumque
2472 5449 2638 5488 unum
2665 5435 2866 5504 lumen,
2891 5439 2971 5494 sic
2995 5438 3321 5507 intelligatur
3340 5440 3550 5509 sapien-

1979 5524 2050 5576 tia
2099 5525 2161 5578 de
2209 5527 2505 5596 sapientia,
2546 5535 2601 5582 et
2629 5537 2917 5599 utrumque
2940 5545 3043 5583 una
3071 5530 3371 5598 sapientia;
3421 5541 3543 5602 quia

1977 5615 2030 5670 in
2062 5614 2152 5671 illa
2174 5616 2515 5687 simplicitate
2543 5618 2735 5676 divina:
2759 5630 2962 5677 natura:
2989 5620 3142 5691 721
3171 5637 3276 5678 non
3302 5630 3383 5678 est
3403 5623 3548 5680 aliud
