3906 6186
384 312 458 366 33
1034 309 1451 383 DOGMAT-lCA.
1486 341 1558 351 .-
1597 311 1685 367 ne
1720 309 1876 365 nos
1916 310 1974 364 s.
2019 309 2407 369 rnmmns
2445 317 2624 374 unm
2663 320 2746 376 ιιι.
2791 316 2918 377 Lm:
2960 324 3020 379 η.
3581 340 3649 393 st

383 437 580 494 sapere
600 437 763 492 quam
785 436 924 487 esse,
983 438 1082 478 nec
1103 423 1246 478 aliud
1297 425 1416 479 esse
1457 438 1616 492 quam
1641 438 1814 493 posse,
1858 434 1960 476 nec
1986 424 2038 483 Δ
2064 423 2332 521 multoties
2369 404 2577 498 legatur
2602 433 2746 521 quod
2775 437 3083 504 apparuerit
3121 438 3251 510 [Αι.,
3283 446 3644 521 apparuisset]

386 515 533 586 aliud
575 529 735 586 posse
756 529 921 585 quam
975 517 1176 570 vivere.
1223 516 1424 570 Eadem
1462 516 1536 570 ibi
1564 516 1825 585 sapientia
1850 530 1971 584 quae

389 585 776 677 [et]’essentia,
810 605 998 658 eadem
1021 605 1259 674 potentia
1283 619 1400 674 quae
1421 613 1477 658 et
1502 595 1757 670 essentia,
1779 605 1969 658 eadem

388 693 498 747 vita
547 710 667 765 qua:
687 702 743 750 et
772 696 1030 759 essentia,
1072 705 1126 751 et
1151 696 1264 750 haec
1295 696 1477 750 omnia
1523 711 1710 763 unum,
1755 705 1809 750 et
1832 712 1971 750 unus

390 784 551 839 Deus.
1149 824 1151 826 -

996 855 1222 911 CAPUT
1258 856 1376 911 XV.

387 967 467 1023 De
501 983 560 1022 eo
597 967 736 1038 quod
772 967 909 1021 sicut
944 966 1107 1021 Pater
1127 976 1202 1022 est
1229 969 1352 1030 vita,
1375 970 1449 1022 ita
1479 978 1526 1022 et
1558 967 1726 1022 Filius
1749 971 1967 1023 estvita.

458 1074 611 1132 Sicut
637 1077 802 1131 Pater
820 1076 1078 1142 vivificat,
1112 1079 1190 1132 sic
1217 1088 1270 1132 et
1298 1077 1466 1132 Filius
1493 1093 1630 1147 quos
1653 1078 1768 1131 vult
1794 1077 1969 1131 viviﬁ-

385 1175 477 1225 cat
505 1166 688 1239 (Joan.
722 1184 776 1234 v,
809 1166 901 1238 26)
934 1187 946 1222 :
976 1185 1082 1223 non
1109 1177 1288 1225 tamen
1320 1170 1453 1224 alios
1487 1170 1569 1224 vel
1604 1170 1759 1224 aliter
1787 1169 1967 1234 Pater,

386 1267 441 1315 et
465 1259 601 1315 alios
629 1258 716 1312 vel
741 1259 902 1312 aliter
927 1259 1115 1323 Filius,
1137 1261 1228 1314 sed
1257 1261 1473 1314 eosdem
1499 1276 1633 1330 quos
1652 1260 1812 1314 Pater
1833 1261 1970 1314 vivi-

387 1348 531 1412 ﬁcat,
555 1347 794 1402 viviﬁcat
813 1357 870 1402 et
891 1348 1059 1403 Filius
1080 1349 1344 1403 similiter.
1369 1350 1478 1405 Nec
1502 1351 1732 1420 Spiritus
1754 1359 1970 1406 sanctus

387 1436 456 1490 ab
483 1436 584 1490 hac
603 1434 968 1490 vivificatione
990 1438 1348 1492 secemeudus
1369 1447 1470 1503 est,
1495 1440 1624 1508 quia
1644 1455 1808 1493 unum
1833 1455 1968 1509 opus

387 1537 471 1582 est
500 1527 695 1593 Patris,
720 1536 777 1582 et
798 1527 943 1593 Filii,
974 1537 1030 1582 et
1060 1527 1291 1599 Spiritus
1313 1530 1507 1595 sancti,
1539 1531 1681 1585 sicut
1705 1545 1809 1584 una
1837 1533 1966 1586 sub-

387 1619 586 1672 stantia
611 1626 774 1687 atque
810 1618 1065 1672 essentia.
1095 1617 1245 1672 Sicut
1283 1620 1427 1673 enim
1456 1619 1618 1674 Pater
1645 1620 1833 1675 vivens
1858 1621 1967 1674 vita

389 1717 495 1772 est,
519 1710 591 1762 ita
613 1717 665 1764 et
686 1709 857 1764 Filius
887 1709 1017 1762 vita.
1058 1709 1233 1764 Manet
1269 1725 1397 1779 ergo
1436 1709 1594 1764 Pater
1626 1710 1754 1777 vita,
1789 1721 1969 1766 manet

390 1801 492 1874 [et]
519 1801 680 1856 Filius
704 1803 836 1856 vita.
870 1801 1029 1857 Pater
1062 1803 1172 1857 vita
1199 1805 1256 1858 in
1283 1805 1588 1875 semetipso,
1616 1821 1722 1860 non
1747 1808 1815 1862 ab
1841 1808 1963 1873 alio,

383 1892 428 1946 Ρ
430 1893 553 1948 ilius
576 1895 685 1948 vita
715 1895 771 1948 iu
799 1895 1121 1964 semetipso,
1149 1896 1242 1951 sed
1273 1912 1303 1950 a
1325 1895 1505 1963 Patre,
1536 1899 1626 1967 qui
1653 1914 1774 1954 eum
1806 1900 1967 1956 talem

381 1983 592 2052 genuit,
616 1991 677 2037 ut
695 1984 861 2037 vitam
885 1984 1106 2039 haberet
1128 1987 1180 2040 in
1208 1988 1513 2056 semetipso.
1541 1988 1752 2043 Dictum
1772 1992 1967 2062 quippe

381 2079 490 2135 est,
515 2072 654 2125 sicut
689 2073 801 2142 ipse
826 2071 998 2127 Filius
1024 2073 1101 2127 ait
1127 2089 1142 2127 :
1174 2074 1322 2130 Sicut
1353 2073 1516 2130 Pater
1536 2078 1685 2132 habet
1726 2081 1881 2134 vitam
1910 2082 1965 2135 in

377 2163 681 2232 semetipso,
710 2165 783 2216 sic
803 2163 949 2217 dedit
983 2174 1032 2217 et
1053 2155 1194 2218 Filio
1223 2167 1379 2219 vitam
1399 2167 1585 2221 habere
1613 2170 1668 2222 in
1695 2173 1964 2240 semetipso
2009 2190 2011 2193 '

384 2251 582 2323 (Joan.
604 2269 657 2316 v,
680 2252 792 2324 26),
820 2254 869 2308 id
892 2262 996 2319 est,
1028 2256 1212 2325 genuit
1241 2255 1469 2322 Filium,
1498 2258 1662 2311 vitam
1689 2259 1742 2311 in
1771 2269 1966 2315 semct-

387 2340 514 2411 ipso
537 2341 829 2395 habentem.
868 2341 982 2400 Hoc
1009 2344 1181 2398 solum
1211 2345 1464 2410 interest,
1495 2346 1639 2414 quod
1664 2346 1825 2402 Pater
1850 2350 1962 2404 vita

381 2439 474 2485 est
494 2447 605 2485 non
632 2434 925 2498 nascendo,
957 2433 1127 2488 Filius
1155 2433 1308 2506 [vita]
1350 2443 1433 2490 est
1466 2437 1768 2505 nascendo;
1801 2438 1964 2495 Pater

377 2521 450 2574 de
475 2519 623 2574 nullo
653 2527 822 2590 patre,
851 2522 1020 2577 Filius
1048 2523 1113 2577 de
1142 2522 1252 2577 Deo
1283 2523 1477 2586 Patre;
1509 2523 1722 2597 [Pater]
1742 2535 1963 2596 propter

373 2608 574 2663 Filium
609 2609 767 2665 Pater
793 2619 898 2676 est,
928 2611 1096 2666 Filius
1120 2627 1247 2668 vero
1279 2622 1334 2667 et
1362 2614 1503 2682 quod
1529 2613 1697 2668 Filius
1725 2625 1809 2670 est
1837 2632 1963 2685 pro-

373 2708 498 2768 pter
523 2698 735 2755 Patrem
766 2709 871 2766 est,
899 2711 952 2756 et
981 2704 1123 2771 quod
1148 2712 1252 2768 est,
1285 2719 1315 2756 a
1354 2704 1512 2758 Patre
1539 2712 1640 2770 est,
1681 2713 1737 2760 et
1773 2721 1803 2759 a
1827 2707 1958 2773 vita,

377 2787 485 2840 vita
515 2798 616 2842 est.
647 2789 808 2844 Pater
846 2793 937 2860 qui
973 2800 1058 2846 est
1082 2793 1190 2846 vita
1233 2794 1287 2846 in
1324 2796 1632 2865 semetipso,
1667 2797 1850 2866 genuit
1871 2797 1962 2852 Fi-

375 2878 507 2932 lium
539 2881 626 2948 qui
651 2891 801 2935 esset
834 2883 947 2937 vita
976 2884 1030 2938 in
1063 2885 1370 2955 semetipso.
1404 2886 1527 2942 Ideo
1557 2896 1613 2942 et
1647 2889 1760 2958 ipse
1794 2889 1960 2945 Filius

378 2968 456 3021 ait
491 2986 503 3021 :
545 2969 696 3024 Sicut
730 2972 850 3026 vivit
896 2972 1078 3039 Pater,
1117 2986 1165 3028 et
1196 2993 1287 3046 ego
1335 2979 1447 3031 vivo
1495 2988 1704 3048 propter
1746 2979 1958 3034 Patrem

2072 511 2220 568 Deus
2245 516 2461 571 cuilibet
2490 519 2544 572 in
2571 520 2748 574 Veteri
2788 522 3130 580 Testamento
3150 511 3388 595 Patrum,
3423 537 3517 590 sed
3548 511 3647 606 ap:

2071 603 2251 671 paruit
2271 606 2465 672 quibus
2500 609 2741 665 voluerat
2777 628 2872 681 per
2899 613 3195 682 subjectam
3228 629 3557 689 creaturam,
3580 603 3646 682 in

2070 710 2175 764 qua
2204 696 2447 751 voluerat
2476 701 2671 767 specie,
2698 709 2750 755 et
2772 706 3038 770 quomodo
3057 707 3243 761 voluit.
3280 709 3382 766 Sed
3423 713 3649 770 nullate~

2068 800 2172 840 nus
2211 802 2241 839 a
2283 788 2521 856 quolibet
2563 791 2708 845 visus
2749 801 2830 846 est
2874 793 2974 866 [in]
3017 797 3313 852 substantia
3352 801 3649 858 divinitatis

2069 891 2212 942 sum,
2253 893 2370 945 quae
2403 881 2623 934 omnino
2661 882 2941 940 invisibilis
2975 895 3028 941 et
3066 889 3517 948 incommutabilis
3543 904 3644 950 est.

2070 964 2221 1031 Quod
2251 969 2594 1024 beatissimus
2623 981 2677 1025 et
2708 990 2934 1044 magnus
2961 980 3219 1047 propheta
3254 981 3462 1052 Moyses
3492 985 3648 1039 intel-

2069 1055 2240 1124 ligens
2263 1058 2335 1111 ait
2360 1058 2500 1125 Deo,
2530 1076 2649 1115 cum
2680 1080 2786 1132 quo
2817 1073 2874 1119 ut
2896 1067 3101 1122 amicus
3131 1070 3197 1124 ad
3228 1071 3478 1136 amicum,
3510 1072 3648 1128 facie

2069 1151 2134 1204 ad
2168 1150 2357 1204 faciem
2386 1152 2596 1209 locutus
2621 1170 2739 1210 esse
2760 1157 2955 1212 dicitur
2979 1177 2992 1212 :
3023 1159 3080 1214 Si
3101 1161 3268 1215 inveni
3290 1164 3510 1232 gratiam
3529 1176 3649 1217 ante

2069 1252 2146 1307 te,
2181 1247 2393 1300 ostende
2437 1249 2564 1302 mihi
2603 1251 2924 1321 temetipsum
2959 1253 3154 1322 (Exod.
3187 1272 3391 1322 xxxnt,
3432 1258 3540 1330 15).
3587 1260 3644 1315 Si

2068 1331 2249 1400 itaque
2270 1333 2384 1402 ejus
2403 1343 2649 1390 naturam
2674 1340 3136 1410 substantiamque
3157 1347 3507 1414 conspiceret,
3530 1349 3648 1402 uul-

2069 1421 2279 1478 latenus
2301 1424 2506 1479 diceret
2541 1443 2552 1478 :
2586 1424 2810 1481 Ostende
2836 1430 2962 1482 mihi
2997 1435 3339 1504 temetipsum.
3379 1437 3484 1507 Ipsi
3518 1453 3646 1510 ergo

2069 1515 2316 1582 apparuit
2342 1515 2482 1570 Deus
2508 1516 2563 1569 in
2596 1531 2658 1571 ea
2684 1519 2864 1586 specie
2891 1535 2994 1588 qua
3020 1522 3291 1589 voluerat,
3323 1541 3427 1580 non
3465 1537 3645 1584 autem

2069 1604 2183 1672 ipse
2207 1606 2454 1674 apparuit
2480 1607 2554 1660 illi
2577 1607 2630 1660 in
2655 1617 2846 1662 natura
2870 1613 3087 1680 propria
3107 1652 3122 1678 ,
3147 1629 3308 1682 quam
3335 1615 3544 1687 Moyses
3565 1621 3644 1672 vi-

2070 1693 2198 1749 dere
2233 1697 2497 1766 cupiebat.
2540 1697 2820 1754 Mauifeste
2873 1699 3002 1771 [Αι.,
3051 1705 3298 1772 cupiebat
3340 1707 3642 1780 manifeste]

2071 1792 2296 1837 noverat
2321 1785 2526 1854 utique,
2563 1787 2706 1854 quod
2733 1789 3086 1858 corporaliter
3104 1792 3338 1857 videbat,
3371 1796 3647 1862 quodcun-

2069 1885 2174 1940 que
2199 1873 2444 1940 videbat;
2474 1883 2529 1929 et
2553 1892 2734 1931 veram
2759 1879 3019 1934 visionem
3049 1881 3144 1936 Dei
3173 1884 3525 1952 spiritualiter
3555 1903 3644 1942 rc-

2067 1964 2333 2032 quirebat.
2363 1967 2588 2022 Locutio
2617 1970 2812 2038 quippe
2850 1971 2970 2036 illa,
2999 1989 3118 2042 quae
3150 1974 3310 2029 ﬁebat
3338 1977 3393 2030 in
3425 1977 3645 2033 vocibus

2067 2057 2144 2108 sic
2169 2056 2328 2126 722
2357 2059 2783 2125 modiﬁcabatur,
2807 2069 3062 2132 tanquam
3085 2073 3228 2119 esset
3248 2066 3405 2120 amici
3424 2067 3646 2138 loquen-

2066 2146 2136 2200 tis
2164 2149 2229 2202 ad
2258 2150 2507 2204 amicum.
2536 2151 2834 2208 Conﬁrmat
2866 2170 2996 2209 vero
3019 2158 3341 2228 evangelista
3382 2159 3476 2216 Dei
3525 2177 3642 2216 esse

2066 2246 2313 2291 naturam
2342 2242 2648 2296 omnimodo
2677 2244 3020 2311 iuvisibilem,
3044 2247 3135 2300 ubi
3165 2248 3239 2301 ait
3263 2267 3276 2301 :
3301 2249 3468 2304 Deum
3491 2268 3640 2305 nemo

2062 2325 2191 2379 vidit
2216 2343 2446 2397 unquam
2476 2329 2656 2400 (Joan.
2695 2348 2732 2397 ι,
2773 2333 2892 2404 l8);
2923 2337 3048 2404 quia
3083 2337 3467 2405 plenitudinem
3507 2342 3644 2395 divi-

2063 2416 2249 2471 uitatis
2267 2433 2386 2486 quae
2407 2419 2459 2474 in
2482 2420 2590 2476 Deo
2613 2433 2716 2488 est,
2743 2439 2901 2480 nemo
2923 2428 3093 2483 oculis
3107 2429 3263 2496 vidit,
3285 2446 3444 2501 nemo
3463 2441 3642 2488 mente

2063 2509 2485 2576 comprehendit.
2522 2509 2632 2565 Nec
2666 2513 2828 2567 etiam
2868 2515 3120 2585 angelicae
3156 2528 3362 2574 naturae
3398 2535 3644 2591 compre-

2062 2596 2342 2652 hensibilis
2367 2607 2451 2653 est
2476 2599 2618 2655 Deus
2643 2619 2656 2654 :
2684 2603 2808 2672 quia
2833 2618 2956 2658 vere
2983 2606 3534 2676 incomprehensibilis
3560 2610 3642 2666 di-

2063 2687 2232 2754 citur;
2262 2690 2356 2743 sed
2397 2692 2689 2746 secundum
2731 2709 3031 2750 mensuram
3073 2697 3376 2754 donationis
3412 2701 3524 2762 Dei,
3562 2701 3640 2756 ita

2061 2778 2230 2833 Deum
2279 2779 2362 2834 vel
2399 2781 2572 2852 angeli
2613 2783 2696 2837 vel
2737 2785 2928 2841 anima:
2966 2798 3270 2843 sanctorum
3314 2791 3635 2862 intelligunt.

2061 2867 2293 2924 Proinde
2335 2873 2582 2940 quamvis
2627 2889 2797 2942 usque
2831 2877 2896 2931 ad
2935 2879 3294 2946 aequalitatem
3339 2883 3636 2952 angelicam

2060 2961 2296 3015 humana
2326 2971 2447 3030 post
2473 2966 2920 3022 resurrectionem
2947 2979 3136 3023 natura
3174 2970 3450 3039 proﬁciat,
3487 2981 3539 3026 et
3565 2973 3634 3025 ad

373 3055 555 3125 (Joan.
584 3075 659 3123 τι,
706 3060 820 3133 58).
851 3061 968 3118 Non
996 3063 1082 3119 ita
1127 3065 1328 3121 dictum
1367 3075 1478 3134 est,
1512 3067 1666 3137 quasi
1696 3068 1745 3122 in
1779 3068 1957 3138 seipso
1985 3096 2031 3162 ο
2062 3052 2528 3162 ςοηῑεωριθοάυω
2569 3054 2735 3162 Reum
2766 3056 3071 3162 ,ειρῖίδοειίι
3106 3061 3638 3162 ,θίξηευνβειχνίξῒετθ

370 3147 540 3206 Filius
559 3154 834 3223 propriam
859 3171 966 3211 non
989 3158 1209 3213 haberet
1230 3162 1413 3225 vitam,
1438 3163 1531 3216 sed
1549 3163 1958 3232 participatione

369 3251 609 3310 paterna:
649 3247 774 3301 vita:
804 3248 974 3302 vitam
1019 3250 1258 3305 haberet.
1306 3251 1456 3307 Sicut
1492 3254 1679 3309 oculus
1722 3256 1957 3312 carnalis

369 3333 785 3402 participatione
810 3336 946 3392 lucis
968 3338 1192 3394 alterius
1214 3341 1390 3396 lumen
1421 3345 1643 3412 accipit,
1677 3345 1818 3414 quod
1847 3362 1955 3402 non

371 3421 536 3476 habet
557 3424 612 3476 in
631 3425 829 3494 seipse,
856 3427 958 3482 nisi
983 3428 1197 3484 aliunde
1220 3440 1536 3488 mutuasset.
1562 3433 1669 3490 Sed
1689 3436 1803 3505 jam
1820 3437 1955 3506 jam-

369 3527 476 3580 que
504 3512 636 3585 [Al.,
661 3514 774 3582 jam
803 3518 1004 3591 itaque]
1035 3520 1158 3576 talis
1180 3537 1210 3575 a
1233 3523 1391 3578 Patre
1416 3527 1629 3596 genitus
1653 3537 1736 3584 est
1762 3529 1950 3597 Filius,

370 3602 462 3668 qui
489 3602 544 3655 in
577 3604 752 3673 seipso
787 3607 1033 3662 viveret:
1063 3611 1202 3664 sicut
1242 3611 1402 3666 Pater
1445 3630 1552 3670 non
1587 3626 1670 3672 est
1711 3617 1955 3690 indigens

370 3693 500 3756 vita,
540 3694 620 3748 sic
650 3694 816 3769 Filius
857 3713 964 3752 non
1006 3699 1271 3770 indigeret
1302 3703 1432 3774 [Αι.,
1473 3705 1697 3781 indiget]
1727 3711 1953 3767 alterius

368 3783 510 3837 vine.
548 3785 643 3840 Est
672 3786 831 3841 Pater
853 3789 980 3853 vita,
1008 3799 1090 3844 est
1117 3791 1284 3848 Filius
1316 3796 1456 3861 vita;
1494 3806 1782 3868 utrumque
1819 3800 1948 3872 [Al.,

367 3874 606 3945 utrique]
636 3884 814 3930 tamen
844 3894 952 3933 una
977 3881 1120 3945 vita,
1145 3898 1250 3937 non
1287 3885 1435 3950 dua},
1465 3889 1590 3956 quia
1624 3905 1762 3946 unus
1787 3890 1948 3957 Deus,

367 3977 475 4018 non
503 3964 610 4018 duo
641 3965 736 4018 dii.
765 3966 821 4019 ln
849 3967 950 4022 hac
987 3983 1115 4025 vero
1143 3971 1251 4024 vita
1282 3974 1415 4027 vivit
1441 3974 1700 4042 mundus,
1730 3987 1784 4032 et
1810 3978 1951 4033 vivet

365 4055 603 4123 quandin
650 4055 916 4112 obedierit
954 4058 1080 4115 huic
1117 4062 1259 4116 vitae.
1308 4063 1460 4120 Unde
1503 4074 1557 4120 et
1592 4066 1782 4124 Petrus
1819 4071 1893 4125 ait
1932 4090 1945 4124 :

371 4141 451 4196 Tu
491 4143 642 4196 verba
679 4146 796 4198 vita:
831 4156 1040 4202 teternte
1075 4149 1232 4205 habes
1269 4151 1451 4221 (Joan.
1486 4171 1562 4220 γι,
1590 4155 1679 4228 69)
1713 4176 1726 4211 :
1754 4159 1808 4213 ld
1843 4169 1946 4228 est,

369 4233 463 4301 qui
489 4232 584 4287 tibi
609 4235 894 4302 obedierit,
926 4237 1092 4292 vitam
1121 4249 1376 4296 aeternam
1407 4244 1588 4300 habet.
1612 4247 1678 4301 Et
1709 4249 1822 4316 ipse
1849 4251 1951 4306 Do-

369 4324 550 4379 minus
580 4343 593 4378 :
619 4329 818 4392 Amen,
862 4345 1013 4383 amen
1055 4331 1173 4386 dico
1211 4335 1385 4400 vobis,
1412 4338 1535 4406 quia
1571 4339 1708 4392 venit
1742 4341 1871 4395 hora
1899 4351 1950 4396 et

2063 3149 2240 3196 tamen
2267 3144 2384 3213 ejus
2410 3144 2701 3199 essentiam
2729 3145 2882 3214 plene
2908 3161 3013 3198 non
3037 3146 3198 3210 valet,
3229 3151 3321 3202 sed
3346 3149 3634 3219 unicuique

2057 3241 2363 3288 sanctorum
2405 3235 2472 3290 ad
2520 3250 2630 3289 suae
2669 3234 3042 3291 sufﬁcientiam
3081 3236 3425 3294 beatitudinis
3454 3241 3631 3294 mani-

2056 3325 2339 3381 lestabitur
2368 3328 2537 3398 gloria
2561 3329 2690 3398 ejus.

2618 3439 2843 3496 CAPUT
2879 3441 3036 3498 XVII.

2055 3525 2208 3591 Quod
2236 3525 2342 3601 illa;
2370 3528 2606 3601 visiones,
2633 3547 2750 3601 qua:
2776 3532 2830 3586 in
2843 3530 3010 3586 Veteri
3034 3531 3359 3590 Testamento
3382 3535 3630 3594 Patribus

2121 3598 2422 3676 apparuisse
2440 3598 2711 3676 leguntur,
2744 3604 2969 3656 maxime
2990 3620 3083 3673 per
3114 3607 3372 3676 angelicas
3400 3608 3629 3663 admini-

2124 3667 2400 3721 strationes
2425 3669 2626 3737 ﬁerent.

2121 3775 2272 3842 Quod
2301 3793 2430 3831 vero
2455 3780 2634 3832 omnia
2665 3794 2783 3848 qnte
2807 3781 3055 3837 Patribus
3083 3785 3196 3839 visa
3223 3794 3347 3841 sunt
3375 3789 3630 3858 congruis

2051 3868 2378 3936 temporibus
2418 3868 2500 3921 vel
2528 3869 2687 3934 locis,
2725 3872 3014 3925 secundum
3054 3873 3147 3928 Dei
3173 3875 3624 3943 dispensationem

2049 3971 2146 4025 per
2193 3958 2462 4026 angelicas
2504 3973 2623 4014 esse
2671 3958 2802 4030 [Al.,
2851 3961 3051 4032 essent]
3102 3964 3622 4031 administrationes,

2049 4047 2384 4114 apertissime
2406 4047 2637 4102 eximius
2658 4051 2838 4102 mundi
2863 4051 3076 4113 Doctor,
3100 4053 3188 4120 qui
3216 4053 3270 4106 in
3292 4054 3508 4109 tertium
3527 4071 3622 4110 ra-

2047 4145 2172 4206 ptus
2205 4137 2396 4190 caelum
2428 4138 2630 4192 audivit
2659 4135 2788 4208 [Al.,
2813 4139 2998 4193 audire
3025 4140 3241 4212 meruit]
3268 4143 3509 4212 quaedam
3533 4161 3622 4198 ar-

2048 4241 2182 4280 cana
2206 4227 2583 4296 mysteriorum
2604 4225 2698 4281 Dei
2725 4229 2906 4292 verba,
2928 4231 3179 4294 ostendit,
3204 4231 3291 4286 ubi
3313 4233 3416 4286 ait:
3433 4234 3622 4289 Nonne

2047 4333 2222 4371 omnes
2250 4327 2370 4372 sunt
2397 4319 2832 4373 administratorii
2863 4321 3074 4390 spiritus
3094 4321 3164 4375 ad
3190 4323 3622 4378 ministratianem

367 4434 506 4471 nunc
528 4428 632 4482 est,
661 4421 869 4488 quando
898 4424 1092 4477 mortui
1123 4425 1338 4480 audient
1375 4443 1549 4482 vocem
1590 4428 1719 4482 Filii
1754 4431 1866 4494 Dei,
1899 4442 1949 4486 et
1975 4437 2028 4498 ι)
2050 4406 2221 4498 τ’ἶξδῗδ
2262 4416 2470 4498 P’OPF"
2519 4423 2604 4460 ⁰⁰³
2651 4408 2738 4478 qui
2791 4408 3144 4463 hmmﬁmwm
3190 4412 3396 4481 “pium
3436 4410 3624 4466 “tum

362 4509 458 4571 qui
483 4511 742 4564 audierint
770 4513 934 4567 vivent
959 4513 1138 4586 (Joan.
1171 4532 1222 4580 v,
1253 4517 1364 4588 25).
1399 4519 1538 4585 Quid
1565 4529 1649 4576 est
1670 4522 1814 4576 enim
1849 4539 1948 4576 an-

360 4597 543 4661 dicnt,
566 4600 663 4654 nisi
689 4601 996 4668 obaudient,
1013 4605 1062 4658 id
1082 4613 1186 4670 est,
1207 4607 1494 4662 obedierit?
1513 4609 1780 4676 Quantum
1804 4613 1949 4667 enim

361 4688 612 4755 pertinet
628 4691 694 4743 ad
731 4692 879 4746 auris
927 4694 1187 4759 auditum,
1231 4713 1334 4751 non
1376 4713 1563 4754 omnes
1599 4701 1689 4770 qui
1730 4702 1949 4756 audient

360 4779 583 4846 vivent;
613 4783 764 4836 multi
800 4785 943 4838 enim
981 4787 1218 4850 audiunt,
1249 4796 1304 4843 et
1331 4804 1434 4844 non
1461 4793 1706 4857 credunt,
1734 4794 1815 4847 vel
1841 4809 1947 4848 non

359 4865 576 4920 faciunt
614 4885 731 4937 qua:
776 4868 908 4940 [Al.,
939 4873 1103 4944 quod]
1150 4876 1402 4940 credunt;
1446 4880 1709 4934 audiendo
1745 4890 1799 4936 et
1839 4897 1947 4938 non

357 4957 638 5012 credendo
676 4977 781 5016 non
808 4963 1094 5030 obediunt;
1136 4981 1240 5018 non
1278 4968 1575 5024 obedieudo
1605 4987 1712 5026 non
1746 4973 1944 5029 vivent.

357 5045 554 5116 Itaque
601 5050 653 5103 hi
707 5054 798 5121 qui
841 5055 1077 5120 audient,
1118 5058 1250 5111 nihil
1295 5067 1379 5113 est
1405 5062 1572 5128 aliud,
1607 5080 1767 5134 quam
1805 5066 1948 5136 quod

354 5140 627 5195 obediunt
653 5157 666 5194 :
695 5145 788 5213 qui
811 5160 942 5216 ergo
969 5148 1242 5216 obedieut,
1277 5151 1476 5208 vivent.

959 5277 1186 5338 CAPUT
1220 5283 1360 5340 XVI.

357 5386 522 5454 Quod
533 5390 859 5477 substantia.
886 5394 1172 5477 divinitptis
1210 5401 1506 5455 omnimodo
1553 5404 1820 5460 invisibilis
1857 5408 1944 5477 sit,

498 5469 548 5511 et
577 5459 1104 5532 incomprehensibilis
1133 5469 1304 5523 in‘sua
1335 5480 1524 5524 natura
1550 5459 1822 5530 creaturis.

439 5571 590 5627 Sicut
629 5575 792 5647 igitur
834 5577 1184 5636 immutabilis
1229 5591 1312 5637 est
1344 5585 1562 5640 omnino
1590 5587 1748 5653 Deus,
1788 5590 1858 5644 ita
1891 5601 1948 5647 et

355 5663 646 5719 invisibilis
671 5674 753 5720 est
795 5665 850 5720 in
888 5675 1078 5723 natura
1109 5671 1486 5740 magnitudinis
1525 5691 1652 5731 suae.
1691 5677 1945 5743 Quamvis

2051 4493 2236 4565 (Hebr.
2267 4513 2308 4560 ι,
2349 4495 2464 4566 14);
2499 4498 2681 4554 volens
2719 4499 2942 4569 intelligi
2971 4501 3058 4554 illa
3097 4502 3274 4554 omnia
3313 4517 3420 4556 non
3449 4503 3621 4558 solum

2048 4601 2146 4655 per
2174 4588 2392 4658 angelos
2424 4588 2593 4654 facta,
2623 4591 2715 4646 sed
2741 4592 2902 4645 etiam
2931 4601 3150 4660 propter
3174 4608 3270 4646 nos
3299 4593 3438 4647 facta
3457 4635 3472 4659 ,
3501 4611 3624 4665 qua:

2049 4675 2105 4728 in
2133 4677 2404 4731 veteribus
2437 4677 2688 4748 leguntur
2714 4678 3152 4747 ﬁgurationibus;
3184 4689 3233 4734 et
3267 4683 3425 4750 paulo
3453 4693 3573 4754 post
3603 4704 3616 4738 :

2049 4763 2112 4820 Si
2136 4767 2272 4820 enim
2300 4784 2469 4823 sermo
2492 4785 2583 4838 per
2609 4768 2819 4837 angelos
2847 4769 3044 4832 dictus,
3081 4771 3252 4839 factus
3281 4784 3355 4828 est
3382 4774 3566 4842 ﬁrmus
3599 4792 3618 4831 :

2048 4859 2226 4912 omnia
2253 4875 2372 4928 quze
2398 4860 2519 4913 data
2545 4870 2669 4912 sunt
2697 4859 2778 4913 vel
2808 4860 2949 4915 dicta
2976 4863 3170 4932 papula
3198 4865 3382 4934 priori,
3406 4882 3503 4935 per
3523 4882 3619 4922 an-

2047 4947 2195 5017 gelos
2239 4949 2540 5003 ministrata
2573 4963 2690 5003 esse
2728 4951 2990 5018 ostendit;
3030 4963 3227 5010 nostra:
3267 4971 3394 5010 vero
3430 4956 3617 5012 salutis

2047 5041 2307 5110 originem
2335 5049 2389 5094 et
2419 5041 2800 5111 plenitudinem
2831 5061 2927 5114 per
2951 5045 3119 5116 ipsum
3150 5047 3243 5101 Dei
3271 5046 3462 5100 Filium
3492 5064 3616 5105 mox

2045 5131 2102 5186 in
2129 5132 2473 5201 sequentibus
2501 5131 2736 5201 ejusdem
2771 5136 3008 5204 epistolae
3047 5138 3224 5191 verbis
3260 5137 3615 5196 ministratam

2047 5235 2168 5276 esse
2188 5221 2587 5276 demonstravit.
2617 5223 2683 5277 Et
2699 5224 2889 5278 beatus
2919 5224 3220 5293 Stephanus
3256 5235 3616 5299 protomartyr

2049 5311 2294 5380 angelum
2322 5311 2485 5382 Moysi
2512 5312 2747 5368 locutum
2769 5329 2887 5368 esse
2907 5313 2959 5368 in
2985 5312 3195 5368 ﬂamma
3221 5315 3358 5386 ignis
3385 5319 3616 5372 asseruit

2047 5402 2102 5454 in
2131 5401 2487 5470 disputatione
2518 5417 2680 5471 quam
2711 5403 2895 5456 habuit
2923 5411 3110 5458 contra
3143 5403 3466 5474 lapidatores
3489 5421 3613 5462 suos

2048 5491 2184 5562 (Act.
2216 5492 2352 5564 vn);
2397 5493 2524 5547 dum
2555 5494 2608 5546 in
2643 5492 2829 5547 eadem
2863 5492 3066 5549 visione
3105 5496 3299 5552 dicitur
3331 5497 3614 5553 Dominum

2046 5585 2356 5653 apparuisse
2382 5583 2549 5654 Moysi
2579 5602 2591 5637 :
2621 5593 2982 5654 apparuerunt
3005 5602 3134 5642 vero
3159 5589 3350 5660 angeli,
3375 5597 3428 5642 et
3449 5589 3612 5643 locuti

2045 5680 2248 5736 suntin
2290 5695 2516 5750 persona
2558 5679 2695 5735 illius
2721 5679 2811 5750 qui
2840 5695 2933 5738 eos
2969 5682 3236 5738 direxerat
3276 5683 3470 5756 (Exod.
3502 5684 3608 5739 mi.
