3906 6186
265 313 334 367 35

1092 307 1152 363 Β.
1182 306 1245 363 F.
1275 306 1501 363 ALBINI
1541 306 1674 364 SEU
1708 305 1983 363 ALCUINI
2020 304 2307 364 OPERUM
2342 306 2522 362 PARS
2558 306 2641 363 Ill.

3451 313 3520 368 ’56

266 426 375 480 Sed
402 422 572 496 quaari
606 430 786 495 potest
812 438 911 477 cur
938 421 1214 493 Scriptura
1240 437 1348 477 non
1374 422 1517 478 dicat
1543 439 1557 474 :
1583 419 1844 490 Apparuit
1869 423 1919 480 Δ
1943 417 2010 472 de
2034 416 2195 473 Patre
2218 418 2491 488 procedit,
2518 426 2574 473 et
2602 427 2744 475 totus
2777 419 2844 475 de
2882 420 3050 489 Filio;
3087 431 3234 479 totus
3273 424 3326 484 in
3362 424 3525 484 Patre

267 518 518 589 angelus,
549 514 635 571 vel
680 516 890 570 locutus
934 522 1018 571 est
1064 514 1284 582 angelus
1327 514 1547 569 cuilibet
1584 511 1848 567 Patrum?

268 610 523 677 Quamvis
560 609 775 679 quidem
815 623 993 678 praeco
1031 608 1195 662 verba
1239 605 1439 661 referat
1481 603 1696 674 iudicis,
1739 620 1847 659 non

265 702 522 757 scribitur
545 700 599 755 in
620 701 784 772 gestis
811 718 824 754 :
851 700 1036 755 Przeco
1060 699 1195 754 dixit
1216 699 1301 752 vel
1323 698 1480 763 fecit;
1512 698 1604 752 sed
1634 715 1646 750 :
1675 695 1848 751 Iudex

268 793 404 848 dixit
440 792 524 846 vel
559 790 704 847 fecit.
747 789 1085 861 Quapropter
1123 786 1385 858 probabili
1432 787 1639 861 ratione
1678 785 1845 840 videri

266 893 460 954 potest,
494 884 737 952 patribus
775 882 972 936 nostris
1012 888 1138 933 ante
1185 876 1608 956 incarnationem
1647 873 1847 929 Christi

268 972 367 1027 sub
391 988 620 1043 persona
647 970 858 1032 Domini
887 969 1225 1039 apparuisse,
1258 965 1343 1020 vel
1369 965 1577 1019 locutos
1601 979 1721 1020 esse
1749 979 1847 1018 an-

268 1064 415 1133 gelos
447 1081 459 1116 :
491 1080 591 1118 nec
620 1062 738 1117 illos
777 1061 939 1115 etiam
976 1061 1029 1113 in
1071 1074 1167 1113 sua
1203 1057 1514 1128 apparuisse
1550 1055 1846 1111 substantia

267 1154 594 1208 credendum
620 1162 722 1216 est,
751 1154 843 1207 sed
870 1152 922 1205 in
946 1148 1183 1217 subjecta
1209 1156 1472 1210 creatura,
1506 1162 1625 1216 quae
1653 1147 1720 1200 ab
1742 1146 1846 1200 illis

269 1253 508 1312 tempore
529 1252 829 1313 opportuno
858 1248 1128 1310 assumpta
1161 1247 1276 1305 est,
1305 1240 1371 1294 ad
1399 1238 1845 1299 ministrationem

266 1333 429 1387 ofﬁcii
466 1333 565 1387 sui.
614 1332 767 1387 Sicut
809 1332 987 1386 anima
1024 1330 1255 1385 hominis
1306 1329 1589 1384 invisibilis
1624 1335 1734 1394 est,
1771 1329 1846 1382 ita

264 1425 427 1479 etiam
456 1423 749 1494 angelicam
781 1421 1087 1476 carnalibus
1118 1421 1289 1477 oculis
1320 1429 1570 1476 naturam
1600 1420 1846 1475 invisibi-

266 1518 368 1571 lem
404 1531 523 1571 esse
548 1514 911 1570 certissimum
937 1520 1039 1568 est.

824 1622 1052 1679 CAPUT
1090 1622 1273 1679 XVIII.

1947 513 2145 569 manet,
2175 515 2230 561 et
2257 514 2403 561 totus
2426 506 2481 561 in
2507 506 2662 573 Filio,
2699 509 2825 578 quia
2856 510 2934 565 sic
2962 520 3144 566 manet
3168 519 3229 567 ut
3248 515 3527 584 procedat,

1947 592 2025 648 sic
2047 593 2291 662 procedit
2318 602 2377 648 ut
2398 602 2631 649 maneat.
2666 596 2817 652 Unde
2854 598 3172 654 naturaliter
3197 601 3338 658 hanc
3366 603 3531 659 habet

1947 697 2069 737 cum
2094 681 2255 737 Patre
2300 690 2355 736 et
2382 682 2521 738 Filio
2548 684 2771 739 unitatis
2793 686 3198 754 plenitudinem,
3221 698 3275 744 et
3299 690 3531 761 plenitu-

1947 772 2086 827 dinis
2116 773 2411 838 unitatem,
2445 782 2506 827 ut
2531 783 2706 830 totum
2741 776 2956 831 Patrem
2998 778 3225 846 habeat,
3254 790 3530 851 totumque

1946 861 2173 927 Filium;
2206 862 2424 933 ipseque
2462 862 2594 934 [Al.,
2629 865 2741 934 ipse
2765 867 2997 939 quoque]
3035 876 3178 924 totus
3214 870 3473 926 habeatur
3497 888 3531 927 a

1945 951 2136 1018 Patre,
2180 960 2326 1007 totus
2358 954 2623 1009 habeatur
2660 971 2690 1009 a
2721 956 2888 1023 Filio;
2928 959 3019 1028 qui
3050 960 3212 1014 etiam
3240 976 3268 1014 a
3292 961 3450 1016 Patre
3474 971 3532 1018 et

1945 1043 2084 1098 Filio
2104 1043 2382 1114 azqualiter
2408 1046 2583 1111 datur,
2610 1046 2717 1100 imo
2742 1055 2796 1101 et
2822 1063 2852 1101 a
2877 1049 3056 1117 seipso
3080 1051 3255 1113 datur,
3283 1052 3421 1105 sicut
3442 1050 3533 1106 Fi-

1945 1131 2050 1185 lius
2085 1132 2150 1186 de
2187 1147 2253 1187 eo
2291 1133 2421 1187 dicit
2449 1152 2461 1187 :
2496 1133 2741 1204 Spiritus,
2772 1137 2860 1189 ubi
2890 1138 3016 1203 vult,
3045 1140 3210 1210 spirat
3236 1138 3416 1210 (Joan.
3442 1156 3529 1207 ιιι,

1947 1220 2023 1293 8).
2054 1221 2169 1292 Ipse
2197 1222 2251 1275 in
2280 1222 2560 1292 pr0pbetis
2590 1223 2799 1279 locutus
2823 1233 2935 1289 est,
2965 1241 3063 1295 per
3090 1227 3263 1295 ipsum
3286 1227 3530 1296 Apostoli

1947 1312 2065 1368 sine
2090 1313 2286 1367 timore
2308 1312 2643 1367 saecularium
2669 1321 2997 1382 potestatum
3022 1316 3388 1371 testimonium
3407 1332 3534 1386 pro-

1946 1404 2193 1459 ferebant
2238 1403 2307 1459 de
2353 1402 2610 1471 Christo,
2658 1406 2783 1474 quia
2830 1406 2946 1476 ipse
2982 1406 3302 1476 loquebatur
3336 1409 3390 1463 in
3424 1408 3531 1464 illis

1947 1493 2083 1564 (Act.
2116 1508 2188 1556 ιι,
2216 1508 2290 1558 iv,
2323 1508 2397 1558 vt,
2431 1496 2609 1563 xvm),
2639 1494 2781 1549 sicut
2816 1495 2931 1564 ipse
2967 1496 3223 1552 Dominus
3260 1498 3374 1552 ait:
3407 1497 3531 1552 Non

1947 1583 2082 1636 enim
2110 1598 2196 1636 vos
2218 1583 2340 1636 estis
2362 1582 2452 1653 qui
2483 1582 2776 1653 loquimini,
2803 1584 2893 1637 sed
2920 1584 3151 1654 Spiritus
3176 1585 3353 1640 Patris
3378 1587 3532 1640 vestri

1945 1674 2034 1742 qui
2062 1671 2289 1742 loquitur
2314 1674 2369 1727 in
2402 1673 2543 1727 vobis
2570 1672 2781 1743 (Matth.
2814 1690 2868 1738 κ,
2899 1674 3013 1744 20).
3043 1674 3100 1728 ιιι
3132 1675 3247 1744 ipso
3273 1675 3415 1730 enim
3436 1672 3533 1729 ha-

267 1739 393 1795 Νθη
419 1738 484 1792 de
521 1735 1567 1831 “Ai,‘3?!£¢.!§'ffif3§l€"£‘i’§,f‘fi:__'f"‘
1602 1735 1795 1791 diem"
1822 1753 1842 1790 ³
1874 1760 1919 1820 Β
1946 1761 2075 1816 bent
2102 1775 2291 1816 omnes
2321 1761 2505 1816 ﬁdeles
2534 1735 2902 1818 remissionem
2930 1735 3298 1831 piiccatorum,
3328 1763 3441 1817 sive
3471 1763 3530 1818 in

571 1807 670 1874 Qui
697 1806 826 1861 facit
850 1807 1117 1862 mirabilia
1143 1820 1335 1878 magna
1368 1806 1534 1861 solus.

338 1921 653 1989 Ubicunque
675 1919 729 1973 in
751 1916 1036 1987 Scriptura
1055 1925 1241 1972 sancta
1270 1916 1484 1987 legitur,
1512 1915 1655 1971 solus
1681 1914 1845 1981 Deus,

262 2031 371 2070 non
398 2015 464 2070 de
481 2010 827 2081 unaqualibet
843 2024 1070 2079 persona
1098 2009 1151 2063 in
1177 2016 1362 2063 sancta
1389 2008 1654 2063 Trinitate
1690 2007 1849 2063 intel-

264 2108 533 2178 ligendum
553 2113 657 2169 est,
682 2103 776 2157 sed
796 2103 863 2157 de
885 2110 999 2156 tota
1020 2108 1206 2155 sancta
1230 2099 1511 2164 Trinitate,
1526 2114 1646 2167 qua:
1666 2113 1848 2168 acqua—

264 2197 386 2252 liter
411 2204 669 2265 operatur
696 2192 874 2247 omnia
901 2205 1235 2260 quaecunque
1266 2190 1536 2261 cperanda
1564 2203 1684 2243 esse
1706 2189 1851 2258 judi-

262 2288 426 2343 dicat.
454 2285 607 2343 Unde
633 2283 776 2352 quod
801 2283 854 2336 in
880 2280 1109 2336 Psalmis
1129 2279 1327 2334 dicitur
1356 2296 1370 2332 :
1401 2277 1507 2345 Qui
1534 2277 1662 2347 facit
1689 2278 1852 2331 mira-

260 2378 390 2433 bilia
409 2393 601 2446 magna
620 2374 763 2430 solus
789 2371 963 2445 (Psal.
985 2387 1132 2436 Lm,
1156 2369 1244 2441 l8)
1263 2386 1278 2435 ;
1299 2370 1390 2440 qui
1410 2369 1537 2438 facit
1563 2367 1848 2421 luminaria

261 2467 405 2523 solus
433 2464 604 2537 (Psal.
642 2477 842 2526 cxxxv,
869 2460 943 2530 7),
975 2474 1079 2515 non
1108 2459 1173 2514 de
1214 2458 1328 2512 solo
1362 2457 1555 2520 Patre,
1587 2455 1726 2509 sicut
1753 2452 1848 2506 ad-

259 2557 485 2615 versarii
511 2554 697 2611 velunt
716 2551 1027 2621 intelligitur
1050 2549 1275 2613 dictum,
1305 2547 1398 2601 sed
1426 2546 1492 2600 de
1516 2552 1626 2599 tota
1656 2550 1847 2598 sancta

258 2649 557 2711 Trinitate,
597 2659 718 2714 qua
757 2651 844 2698 est
884 2654 1055 2705 unus,
1097 2638 1245 2694 solus
1283 2637 1442 2691 Deus.
1480 2634 1742 2691 Similiter
1778 2634 1848 2689 de

259 2742 422 2796 Patre
450 2737 565 2793 solo
585 2751 693 2790 non
713 2743 797 2789 est
822 2729 1222 2801 intelligendum
1246 2727 1394 2797 quod
1419 2724 1708 2796 Apostolus
1729 2724 1843 2778 ait:

262 2833 478 2894 Beatus,
507 2836 555 2882 et
579 2824 720 2882 solus
746 2832 947 2895 potens,
963 2820 1076 2875 Rea:
1103 2835 1281 2890 regum
1313 2827 1362 2872 et
1387 2817 1643 2872 Dominus
1679 2815 1847 2868 domi-

261 2923 498 2979 nantium
519 2960 534 2985 ,
570 2918 660 2989 qui
705 2914 865 2971 solus
892 2913 1045 2968 habet
1084 2907 1560 2973 immortalitatem,
1595 2915 1644 2959 et
1679 2904 1846 2959 lucent

260 3011 460 3067 habitat
488 3004 914 3069 inaccessibilem,
939 3018 1093 3074 quem
1120 3016 1267 3054 nemo
1293 2998 1560 3053 hominum
1580 2996 1726 3062 vidit,
1754 3012 1846 3050 nec

260 3102 434 3156 videre
467 3107 631 3171 potest
670 3095 723 3168 (1
766 3093 899 3148 Tim.
931 3108 1007 3159 vr,
1044 3090 1145 3156 15,
1180 3088 1291 3161 16).
1329 3088 1387 3143 In
1425 3086 1619 3157 quibus
1641 3086 1842 3149 verbis,

261 3206 363 3246 nec
408 3190 568 3245 Pater
604 3186 824 3257 proprie
869 3182 1179 3239 nominatus
1212 3186 1327 3244 est,
1368 3192 1470 3232 nec
1511 3176 1712 3242 Filius,
1747 3190 1849 3230 nec

264 3281 499 3350 Spiritus
543 3289 791 3341 sanctus;
834 3274 928 3329 sed
968 3270 1242 3337 absolute,
1271 3270 1463 3324 beatus
1494 3273 1550 3320 et
1584 3265 1730 3320 solus
1752 3278 1850 3334 po—

260 3381 403 3436 tens,
432 3369 551 3424 Rex
578 3381 766 3437 regum
791 3372 846 3419 et
871 3362 1133 3418 Dominus
1157 3359 1568 3421 dominantium,
1597 3356 1741 3426 quod
1764 3363 1848 3410 est

259 3478 425 3527 unus,
451 3460 598 3515 solus
616 3497 633 3523 ,
659 3459 882 3520 beatus,
902 3461 1122 3524 potens,
1148 3450 1460 3514 invisibilis,
1491 3464 1651 3504 verus
1681 3447 1841 3511 Deus,

260 3556 377 3625 ipsa
399 3551 658 3613 Trinitas,
687 3562 806 3619 quae
828 3545 1106 3616 aequaliter
1141 3544 1299 3599 beata
1338 3549 1441 3606 est,
1472 3539 1631 3611 723
1665 3554 1846 3608 :equa-

257 3641 384 3696 liter
416 3646 637 3711 potens,
673 3637 781 3691 imo
821 3634 1193 3704 omnipotens,
1229 3631 1392 3687 etiam
1439 3638 1495 3685 et
1535 3629 1840 3699 unipotens,

258 3733 387 3804 quia
412 3747 516 3786 una
541 3729 779 3801 potentia
805 3735 893 3782 est
915 3726 1079 3781 totius
1101 3731 1301 3781 sanctae
1328 3721 1628 3777 Trinitatis.
1658 3718 1844 3790 Neque

258 3823 405 3878 enim
432 3820 559 3890 quia
589 3819 703 3888 ipse
747 3815 916 3871 Filius
951 3812 1082 3868 alibi
1125 3812 1351 3882 loquens
1397 3824 1527 3864 voce
1567 3808 1843 3878 sapientia:

257 3915 398 3986 (ipse
423 3920 507 3969 est
533 3912 678 3968 enim
721 3906 985 3978 sapientia
1012 3902 1165 3976 Dei),
1196 3902 1274 3957 ait
1313 3918 1327 3955 :
1367 3897 1566 3970 Cyrum
1598 3897 1711 3953 caeli
1740 3898 1844 3952 cir-

258 4007 395 4062 cuiri
436 4003 553 4061 sola
599 4000 769 4075 (Eccl.
814 4014 966 4065 xxiv,
1005 3996 1083 4070 8),
1121 3995 1390 4066 separavit
1426 4008 1457 4048 a
1496 4007 1554 4048 se
1579 3992 1838 4047 Patrem:

256 4104 461 4170 quanto
484 4095 657 4166 magis
694 4108 822 4163 ergo
846 4108 955 4147 non
988 4097 1073 4147 est
1102 4103 1357 4163 necesse,
1385 4094 1444 4142 ut
1474 4084 1842 4141 tantummodo

258 4191 327 4247 de
346 4189 507 4244 Patre
533 4192 730 4257 praeter
764 4183 962 4237 Filium
990 4181 1074 4237 vel
1101 4179 1361 4250 Spiritum
1405 4185 1649 4233 sanctum
1685 4173 1845 4229 intel-

257 4281 456 4352 ligatur
491 4276 634 4348 quod
670 4275 872 4331 dictum
914 4279 999 4327 est
1038 4287 1053 4325 :
1094 4269 1254 4326 Solus
1290 4268 1443 4323 habet
1480 4266 1845 4323 immortalita-

256 4384 381 4441 tem,
409 4382 457 4429 et
481 4372 649 4427 lucem
670 4367 869 4422 habitat
898 4360 1303 4419 inaccessibilem
1325 4361 1351 4413 1’

847 4471 1073 4529 CAPUT
1109 4469 1249 4525 XIX.
1484 4546 1487 4549 η

362 4572 444 4627 De
469 4572 667 4626 unitate
693 4566 926 4640 Spiritus
950 4563 1118 4619 sancti
1148 4577 1265 4615 cum
1294 4557 1456 4612 Patre
1488 4565 1536 4612 et
1573 4555 1731 4610 Filio.

330 4694 358 4724 ι
398 4679 632 4750 Spiritus
675 4679 857 4747 itaque
895 4682 1146 4739 sanctus,
1196 4672 1336 4727 sicut
1368 4669 1530 4724 Pater
1562 4676 1617 4723 et
1651 4667 1838 4732 Filius,

259 4773 450 4846 plenus
483 4775 568 4824 est
602 4766 746 4822 Deus
782 4776 838 4821 et
870 4766 1176 4837 perfectus;
1217 4763 1326 4819 imo
1359 4776 1498 4816 unus
1533 4759 1677 4814 Deus
1718 4774 1842 4814 cum

260 4866 420 4921 Patre
442 4869 498 4915 et
521 4856 658 4914 Filio
674 4896 689 4923 ,
721 4866 883 4923 atque
906 4870 1013 4910 una
1036 4855 1355 4919 substantia,
1379 4851 1520 4908 sicut
1540 4864 1701 4920 supra
1723 4862 1843 4904 me-

261 4951 590 5009 moravimus
627 4964 640 5001 :
676 4943 931 5015 quoniam
957 4943 1072 5011 ipse
1098 4951 1183 4997 est
1210 4942 1443 5012 Spiritus
1470 4950 1718 5005 sanctus,
1746 4937 1840 5009 qui

262 5044 318 5099 in
333 5039 629 5113 Scripturis
647 5035 843 5093 dicitur
863 5032 1096 5101 Spiritus
1118 5030 1234 5097 Dei,
1256 5032 1339 5087 vel
1366 5031 1598 5102 Spiritus
1616 5029 1840 5095 Christi,

261 5132 375 5187 sive
399 5129 633 5200 Spiritus
661 5124 867 5190 Patris,
894 5121 1007 5177 sive
1040 5119 1273 5189 Spiritus
1307 5120 1619 5177 l’aracletus
1635 5160 1651 5187 ,
1678 5118 1842 5174 etiam

260 5230 319 5279 et
347 5220 582 5291 Spiritus
602 5220 879 5287 veritatis;
910 5233 1011 5274 nec
1040 5231 1147 5272 non
1176 5224 1232 5271 et
1250 5215 1484 5287 Spiritus
1506 5220 1658 5283 vitae,
1683 5215 1774 5286 qui
1808 5229 1839 5268 a

264 5310 425 5365 Patre
454 5315 511 5362 et
545 5306 685 5363 Filio
721 5309 1002 5380 aequaliter
1033 5303 1328 5379 [procedit,
1354 5312 1411 5359 et
1442 5320 1566 5360 cum
1596 5305 1756 5359 Patre
1788 5309 1844 5358 et

260 5389 401 5457 Filio
436 5397 737 5470 aequaliter]
773 5401 1049 5464 aduratur,
1090 5397 1217 5470 quia
1254 5395 1532 5466 aequaliter
1560 5402 1643 5451 est
1679 5395 1843 5461 Deus,

265 5500 410 5549 totus
433 5490 611 5545 Patris
635 5497 691 5544 et
721 5496 866 5542 totus
896 5489 1017 5544 Filii
1054 5488 1318 5559 Spiritus;
1358 5486 1482 5557 quia
1522 5500 1660 5541 unus
1688 5493 1848 5539 natu-

1872 3101 1921 3165 C

1944 1849 2235 1919 baptismo,
2258 1849 2370 1904 sive
2398 1849 2562 1904 etiam
2587 1850 2640 1903 in
2662 1850 2995 1919 paenitentia.
3021 1850 3137 1918 Ipse
3166 1850 3405 1905 charitas
3432 1847 3529 1905 Dei

1945 1938 2166 2004 dicitur,
2195 1938 2442 2008 quamvis
2477 1938 2658 2004 Pater,
2688 1947 2743 1993 et
2776 1939 2943 1994 Filius
2980 1940 3050 1994 sit
3080 1940 3335 1994 charitas.
3378 1938 3533 1995 Sicut

1946 2029 2090 2083 enim
2136 2027 2282 2099 [Al.,
2330 2030 2471 2085 sicut
2509 2028 2596 2101 et]
2642 2029 2812 2084 Filius
2860 2031 3119 2100 sapientia
3166 2031 3262 2085 Dei
3312 2031 3530 2097 dicitur,

1946 2116 2194 2184 quamvis
2230 2118 2302 2171 sit
2331 2117 2493 2172 Pater
2511 2125 2567 2171 et
2595 2115 2832 2187 Spiritus
2860 2127 3077 2172 sanctus
3103 2118 3390 2189 sapientia,
3419 2120 3535 2189 ipse

1948 2203 2291 2272 Paracletus,
2335 2208 2390 2262 id
2426 2216 2539 2272 est,
2578 2207 2883 2263 consolator
2919 2206 3136 2274 dicitur,
3182 2210 3308 2280 quia
3346 2226 3535 2266 revera

1948 2292 2076 2349 dum
2100 2296 2241 2351 dona
2270 2307 2735 2352 sacramentorum
2770 2298 3071 2363 distribuit,
3111 2300 3536 2357 consolationem

1948 2380 2140 2435 animae
2161 2384 2364 2449 praebet
2393 2401 2406 2436 :
2432 2399 2531 2452 per
2548 2400 2711 2452 quam
2737 2384 2869 2455 [Al.,
2892 2400 2988 2454 per
3013 2386 3196 2457 quem]
3224 2388 3536 2443 dill‘unditur

1945 2466 2000 2521 in
2027 2467 2281 2523 cordibus
2312 2471 2514 2525 nostris
2539 2471 2633 2525 Dei
2662 2473 2899 2528 charitas
2917 2515 2932 2539 ,
2959 2491 3057 2544 per
3090 2494 3253 2547 quam
3287 2495 3385 2535 nos
3418 2490 3533 2535 tota

1947 2554 2210 2609 inhabitat
2238 2556 2494 2613 Trinitas.
2525 2558 2787 2625 Quocirca
2822 2564 3120 2620 rectissime
3150 2565 3384 2636 Spiritus
3408 2584 3534 2623 san-

1948 2652 2085 2711 ctus,
2115 2662 2237 2703 cum
2261 2649 2332 2702 sit
2358 2648 2503 2706 Deus
2521 2690 2537 2716 ,
2564 2660 2792 2707 vocatur
2816 2654 2979 2708 etiam
3005 2655 3202 2711 donum
3232 2657 3360 2723 Dei‘;
3388 2658 3534 2729 quod

1948 2734 2145 2789 donum
2184 2738 2430 2807 proprie,
2466 2738 2596 2808 quid
2631 2740 2731 2795 nisi
2762 2741 3002 2798 charitas
3041 2744 3358 2814 intelligitur
3397 2745 3527 2817 [Al.,

1947 2823 2291 2895 intelligenda
2320 2827 2447 2901 est],
2476 2845 2598 2899 qua:
2622 2829 2868 2898 perducit
2889 2832 2958 2886 ad
2986 2832 3155 2887 Deum
3172 2873 3187 2897 ,
3214 2842 3268 2887 et
3288 2834 3403 2889 sine
3425 2850 3532 2904 qua

1949 2913 2203 2983 quaelibet
2246 2916 2350 2971 alia
2393 2918 2567 2974 virtus
2610 2919 2792 2988 operis
2842 2920 2968 2975 boni
3019 2935 3123 2976 non
3168 2923 3415 2991 perducit
3466 2924 3536 2979 ad

1949 3002 2119 3059 Deum
2135 3006 2160 3059 ‘t

2552 3098 2779 3157 CAPUT
2813 3101 2931 3157 XX.

1952 3202 2102 3259 Nihil
2139 3206 2316 3287 itaque
2360 3208 2643 3287 temporale
2677 3211 2733 3264 in
2771 3228 2830 3287 eo
2856 3212 3106 3287 delicatus
3141 3212 3426 3287 intelligere
3467 3216 3532 3271 de

2145 3273 2350 3345 Spiritu
2380 3288 2581 3344 sancto,
2609 3279 2733 3333 dum
2763 3281 2957 3335 dicitur
2980 3284 3177 3337 donum
3213 3273 3328 3337 Dei:

2019 3405 2133 3462 Hoc
2157 3422 2287 3464 vero
2314 3408 2514 3465 donum
2558 3411 2695 3479 Dei,
2724 3415 2865 3484 quod
2898 3424 2985 3470 est
3024 3414 3256 3486 Spiritus
3289 3428 3529 3486 sanctus,

1948 3509 2274 3556 eoaeternum
2298 3512 2384 3558 est
2405 3511 2461 3558 et
2484 3507 2942 3564 eonsubstantiale
2972 3510 3217 3565 donatori
3244 3529 3256 3565 :
3283 3513 3409 3581 quia
3438 3513 3532 3567 do-

1946 3605 2076 3644 num
2107 3591 2358 3647 donabile
2385 3593 2503 3648 ﬁeri
2531 3596 2770 3664 poterit,
2796 3598 3043 3667 quamvis
3068 3614 3174 3653 non
3213 3600 3284 3654 sit
3320 3601 3406 3655 cui
3437 3602 3533 3656 do-

1946 3689 2123 3735 netur.
2149 3680 2302 3748 Quod
2330 3680 2553 3749 donum,
2586 3685 2638 3739 id
2666 3692 2770 3751 est,
2807 3684 3041 3757 Spiritus
3063 3696 3299 3753 sanctus,
3327 3704 3435 3743 non
3462 3705 3531 3744 ex

1946 3780 2217 3843 tempore,
2250 3775 2343 3829 sed
2373 3775 2443 3829 ab
2484 3778 2788 3832 aeternitate
2831 3779 3102 3847 procedit;
3151 3782 3244 3834 sed
3289 3781 3411 3850 quia
3453 3781 3532 3834 sic

1942 3865 2271 3933 procedebat
2310 3874 2368 3920 ut
2412 3875 2555 3922 esset
2603 3868 2880 3933 donabile,
2915 3869 3026 3938 jam
3066 3871 3261 3924 donum
3297 3879 3449 3934 erat,
3477 3879 3532 3925 et

1945 3966 2236 4026 antequam
2271 3965 2416 4012 esset
2445 3958 2534 4012 cui
2570 3958 2805 4012 daretur.
2838 3956 3009 4011 Aliter
3043 3959 3184 4012 enim
3215 3958 3532 4028 intelligitur

1946 4048 2291 4111 cum,dicitur
2311 4050 2530 4113 donum,
2555 4047 2711 4102 aliter
2733 4062 2853 4102 cum
2875 4047 3073 4101 dicitur
3093 4047 3368 4102 donatum.
3393 4047 3527 4104 Nam

1946 4140 2145 4194 donum
2174 4146 2351 4208 potest
2375 4153 2494 4193 esse
2524 4147 2580 4193 et
2600 4145 2886 4207 antequam
2918 4139 3076 4191 detur
3107 4155 3120 4188 :
3155 4124 3406 4191 donatum
3434 4151 3530 4191 au-

1946 4237 2054 4282 tem
2078 4228 2182 4283 nisi
2208 4226 2426 4282 cuilibet
2444 4225 2629 4281 datum
2649 4224 2830 4290 luerit,
2853 4224 3002 4279 nullo
3027 4226 3186 4279 modo
3211 4225 3315 4279 diri
3329 4233 3528 4295 potest.

1947 4320 2016 4374 Et
2039 4321 2143 4376 hoc
2168 4320 2349 4389 itaque
2379 4319 2578 4373 donum
2604 4316 2701 4373 Dei
2726 4316 2995 4373 occultum
3025 4315 3126 4370 fuit
3153 4314 3220 4369 ab
3247 4324 3447 4370 aeterno
3475 4315 3532 4370 in

1946 4410 2107 4464 Patre
2133 4418 2187 4464 et
2214 4410 2381 4479 Filio;
2430 4407 2881 4463 manifestandum
2930 4412 3231 4474 opportuno
3270 4411 3528 4474 tempore,

1944 4499 2073 4553 dum
2106 4505 2290 4553 essent
2321 4497 2517 4566 quibus
2555 4495 2891 4550 manifestari
2931 4494 3167 4547 deberet.
3198 4491 3265 4545 Et
3303 4493 3405 4547 hoc
3443 4494 3533 4547 do-

1942 4605 2093 4653 num,
2128 4589 2180 4643 id
2205 4596 2315 4653 est,
2352 4586 2588 4657 Spiritus
2615 4593 2833 4640 sanctus
2862 4585 2916 4638 in
2951 4584 3136 4639 eadem
3173 4583 3377 4637 unitate
3407 4582 3532 4638 sub—

1945 4678 2159 4732 stantiae
2202 4685 2257 4731 et
2297 4676 2605 4746 aequalitate
2642 4691 2767 4731 cum
2807 4676 2967 4729 Patre
2993 4681 3048 4726 ct
3088 4673 3225 4727 Filio
3262 4672 3529 4728 consistit.

1946 4768 1975 4810 δ
2006 4767 2135 4823 Sive
2161 4767 2305 4822 enim
2340 4766 2410 4820 sit
2435 4766 2615 4821 unitas
2642 4764 2921 4819 amborum
2940 4802 2954 4826 ,
2978 4762 3092 4817 sive
3112 4761 3392 4827 sanctitas,
3418 4761 3531 4816 sive

1946 4857 2218 4922 charitas;
2255 4854 2369 4911 sive
2391 4855 2513 4909 ideo
2537 4853 2718 4908 unitas
2742 4851 2869 4922 quia
2893 4850 3153 4915 charitas,
3184 4855 3239 4904 et
3266 4850 3385 4904 ideo
3402 4848 3531 4903 cha-

1944 4947 2081 5001 ritas
2104 4945 2230 5015 quia
2259 4944 2518 4998 sanctitas
2546 4960 2558 4995 :
2591 4953 2929 5009 nequaquam
2959 4937 3136 4991 minor
3163 4944 3247 4992 est
3272 4936 3326 4990 in
3352 4935 3531 5006 aliquo

1942 5035 2051 5091 illis
2072 5048 2139 5088 ex
2161 5033 2356 5103 quibus
2375 5032 2635 5102 procedit.
2668 5030 2739 5085 Et
2773 5028 2888 5083 hmc
2912 5037 2994 5083 est
3032 5042 3242 5082 summa
3269 5026 3529 5092 charitas,

1943 5139 2050 5195 qua
2077 5123 2289 5195 genitus
2309 5136 2339 5176 a
2361 5122 2614 5193 gignente
2640 5119 2914 5190 diligatur,
2942 5119 3346 5188 genitoremque
3373 5134 3529 5174 suum

1944 5216 2162 5285 diligat,
2193 5222 2248 5269 et
2287 5214 2407 5269 ideo
2437 5228 2543 5269 non
2572 5210 2734 5284 724
2771 5210 3002 5281 amplius
3029 5226 3189 5281 quam
3226 5211 3328 5265 tria
3357 5217 3481 5265 sunt
3510 5222 3527 5262 :

1945 5324 2086 5363 unus
2110 5307 2339 5378 diligens
2364 5321 2511 5372 eum,
2536 5304 2627 5374 qui
2653 5303 2721 5358 de
2756 5302 2849 5358 illo
2876 5309 2993 5378 est);
3036 5308 3092 5356 et
3131 5315 3266 5354 unus
3304 5297 3530 5367 diligens

1944 5410 2091 5461 eum,
2117 5411 2146 5449 a
2173 5376 2280 5464 quo
2300 5402 2414 5460 est;
2446 5402 2500 5447 et
2528 5394 2642 5463 ipsa
2670 5390 2904 5457 dilectio,
2935 5376 3002 5447 de
3029 5405 3136 5459 qua
3162 5387 3370 5447 dicitur,
3402 5384 3528 5455 quia

1947 5486 2087 5540 Deus
2118 5485 2349 5539 charitas
2374 5493 2469 5539 est.
2496 5482 2565 5537 Et
2587 5484 2703 5538 hac
2726 5497 2938 5538 summa
2962 5487 3018 5536 et
3043 5473 3327 5533 ineﬂ‘abilis
3352 5473 3529 5529 Trini-

266 5583 449 5639 raliter
475 5580 707 5652 Spiritus
732 5588 830 5645 est,
864 5589 918 5635 et
944 5580 1145 5646 Patris,
1169 5588 1225 5638 et
1250 5579 1406 5645 Filii;
1443 5576 1670 5648 proinde
1700 5584 1846 5632 totus
1949 5585 2033 5632 tas
2056 5590 2163 5631 non
2191 5576 2350 5631 unius
2372 5574 2469 5629 Dei
2497 5574 2600 5629 dici
2629 5575 2811 5640 debet,
2840 5573 2935 5629 sed
2954 5584 3092 5626 unus
3120 5567 3279 5621 Deus.

334 5709 359 5736 ι
401 5693 603 5750 Encas
625 5692 824 5759 Paris.,
864 5707 981 5761 cap.
1012 5693 1099 5747 8t.

2022 5689 2051 5729 δ
2085 5686 2254 5753 Idem,
2277 5702 2395 5757 cap.
2425 5684 2513 5739 85.
