3906 6186
320 281 390 336 53
938 272 1357 330 DOGMATICA.
1398 304 1466 312 —
1502 272 1593 327 DE
1630 272 1786 327 FIDE
1827 272 1885 326 S.
1926 271 2319 327 TRINITATIS
2357 271 2535 326 LIBRI
2574 269 2660 325 III.
2704 269 2832 326 LIB.
2876 270 2962 325 III.
3512 271 3584 327 58

912 386 1138 443 CAPUT
1175 388 1314 444 XXI.

319 501 427 556 Cur
451 501 593 555 idem
619 498 851 571 Spiritus
868 512 1080 554 sanctus
1103 501 1179 554 bis
1199 519 1231 554 a
1252 500 1365 555 Deo
1393 499 1600 554 Christo
1621 499 1777 553 datus
1803 499 1910 554 sit?

385 628 411 656 ι
440 614 667 682 Absque
693 613 1028 667 dubitatione
1058 613 1178 667 ideo
1206 611 1438 681 Spiritus
1461 619 1681 667 sanctus
1706 611 1791 665 bis
1820 612 1912 666 da-

319 716 399 761 tus
430 716 537 769 est,
566 715 626 759 ut
644 703 1157 759 commendarentur
1180 703 1285 758 duo
1311 714 1574 773 praecepta
1603 701 1908 757 charitatis.

320 798 431 850 Duo
464 804 593 850 sunt
621 796 767 850 enim
804 803 1101 864 prmcepta,
1134 797 1225 850 sed
1253 811 1357 850 una
1400 804 1483 849 est
1524 795 1793 859 charitas;
1831 793 1911 848 sic

317 891 479 941 etiam
508 904 649 941 unus
689 887 954 956 Spiritus,
994 894 1049 939 et
1079 888 1184 943 duo
1220 887 1360 941 data.
1393 888 1501 952 Nec
1533 886 1636 940 alia
1676 885 1911 939 Charitas

319 978 496 1049 dil'git
540 978 879 1047 proximum,
926 991 1088 1044 quam
1131 976 1218 1029 illa
1264 992 1385 1046 qum
1417 976 1593 1044 diligit
1623 976 1812 1029 Deum.
1852 974 1911 1028 In

323 1076 467 1120 terra
495 1066 655 1118 datur
685 1064 945 1131 Spiritus,
974 1073 1032 1117 ut
1057 1064 1313 1133 diligatur
1332 1064 1609 1133 proximus
1638 1081 1651 1115 :
1685 1062 1749 1116 de
1774 1060 1911 1116 cmlo

325 1157 499 1216 datur,
540 1165 601 1209 ut
635 1155 890 1225 diligatur
930 1156 1091 1210 Deus.
1145 1156 1402 1223 Quamvis
1447 1156 1516 1210 sit
1562 1154 1705 1210 aliud
1746 1154 1909 1217 Deus,

327 1247 469 1300 aliud
495 1246 804 1315 proximus,
835 1254 1013 1299 tamen
1059 1261 1166 1301 una
1194 1246 1458 1300 charitate
1496 1243 1795 1314 diligendus
1831 1249 1917 1295 est

328 1339 469 1393 Deus
496 1348 551 1393 et
576 1338 879 1408 proximus.
924 1337 1095 1390 Deum
1127 1335 1247 1405 plus
1275 1334 1478 1403 seipse,
1517 1332 1822 1402 proximum
1855 1335 1916 1382 ut

330 1431 563 1499 seipsum
587 1437 800 1482 amator
823 1434 990 1481 amet.
1020 1426 1080 1481 In
1124 1434 1269 1480 terra
1299 1424 1543 1480 Christus
1571 1424 1717 1477 dedit
1744 1421 1915 1492 Spiri-

333 1528 468 1581 tum,
495 1518 588 1572 sed
611 1517 678 1570 de
707 1516 845 1571 emlo
872 1527 958 1570 est
983 1516 1125 1585 quod
1153 1516 1317 1570 dedit.
1342 1514 1434 1568 llle
1465 1514 1610 1568 enim
1636 1513 1803 1576 dedit,
1823 1511 1915 1581 qui

336 1604 569 1659 de-ctelo
596 1605 894 1659 descendit.
926 1604 1027 1658 Hic
1063 1605 1267 1658 invenit
1293 1604 1380 1658 cui
1425 1604 1611 1667 daret,
1659 1603 1752 1656 sed
1793 1603 1916 1656 inde

341 1693 521 1747 attulit
558 1694 679 1763 quid
712 1692 846 1765 [ΑΙ.⁹
877 1693 1041 1765 quod]
1073 1694 1244 1748 daret.
1274 1691 1381 1748 Sed
1409 1693 1514 1747 ista
1540 1693 1779 1747 charitas
1807 1707 1913 1746 non

340 1790 551 1835 tenetur
570 1782 671 1835 nisi
700 1783 753 1835 in
784 1782 992 1836 unitate
1019 1782 1270 1837 Ecclesiae
1289 1780 1511 1847 Christi,
1533 1796 1633 1835 nec
1654 1780 1798 1835 illam
1824 1783 1918 1835 ha-

337 1869 482 1934 bent,
512 1870 604 1940 qui
634 1885 694 1925 se
716 1870 965 1939 dividunt
989 1870 1054 1925 ab
1083 1871 1288 1925 unitate
1311 1870 1589 1927 catholica
1618 1871 1784 1940 pacis.

915 1980 1145 2036 CAPUT
1178 1981 1344 2035 XXII.

338 2089 593 2155 Quamvis
621 2092 822 2145 diversa
857 2091 959 2144 sint
999 2090 1096 2142 Dei
1126 2091 1263 2143 dona
1292 2092 1347 2145 in
1376 2092 1593 2156 sanctis,
1616 2094 1681 2146 ab
1706 2109 1809 2147 uno
1837 2108 1924 2146 eo-

579 2162 790 2230 demque
808 2158 1004 2231 Spiritu
1028 2161 1246 2229 singulis
1267 2162 1475 2231 singuia
1500 2164 1710 2216 dantur.

420 2270 572 2323 Dona
611 2271 780 2325 sancti
816 2270 1044 2341 Spiritus
1082 2271 1342 2326 membris
1369 2271 1623 2331 Ecclesia
1656 2271 1924 2342 sigillatim

338 2358 684 2421 dividuntur,
712 2368 765 2412 et
809 2360 1027 2430 singulis
1065 2359 1273 2430 singula
1319 2360 1458 2414 dona
1500 2362 1827 2416 tribuuntur.
1864 2360 1924 2415 In

335 2446 562 2500 Christo
614 2446 874 2515 siquidem
931 2447 1047 2502 solo
1093 2448 1270 2502 omnis
1318 2447 1594 2518 plenitudo
1639 2449 1923 2513 donorum,

336 2536 464 2605 quia
492 2536 670 2590 omnis
696 2535 971 2605 plenitudo
1013 2537 1309 2592 divinitatis
1343 2539 1397 2593 in
1424 2553 1488 2592 eo
1516 2538 1739 2594 habitat.
1776 2538 1925 2594 Unde

336 2629 527 2698 plenus
568 2627 756 2699 gratiae
784 2637 840 2682 et
865 2628 1111 2682 veritatis
1145 2629 1214 2682 ab
1242 2629 1567 2700 evangelista
1601 2630 1927 2698 praedicatur

340 2717 522 2785 (Joan.
549 2733 589 2780 ι,
614 2715 722 2785 li).
747 2715 807 2770 In
829 2714 1036 2785 Spiritu
1065 2724 1252 2771 sancto
1272 2718 1447 2771 omnis
1467 2717 1642 2787 gratia
1662 2716 1927 2772 donorum

341 2805 588 2859 consistit
616 2804 750 2876 [AI.,
779 2803 1021 2874 existit];
1053 2803 1167 2874 ipse
1193 2805 1356 2869 enim,
1388 2806 1698 2875 proutvult,
1723 2807 1927 2878 gratias

346 2893 605 2946 donorum
651 2893 902 2963 largitur,
948 2893 1068 2947 aliis
1106 2894 1239 2947 dans
1286 2909 1588 2950 sermonem
1627 2896 1923 2966 sapientiae,

344 2982 469 3036 aliis
492 2984 756 3047 scientiae,
789 2983 914 3037 aliis
958 2983 1151 3049 ﬁdem;
1202 2992 1363 3053 atque
1394 2983 1512 3057 [ita]
1552 2986 1837 3055 unicuique
1870 2986 1926 3040 in

1930 392 1982 450 Α
2008 386 2268 441 luntatem
2298 383 2592 455 largitoris,
2623 390 2678 437 et
2704 383 2757 435 in
2784 382 3032 437 omnibus
3057 380 3197 436 idem
3226 380 3459 451 Spiritus
3485 384 3587 438 ha-

2008 475 2190 537 betur,
2220 474 2359 530 sicut
2379 473 2435 526 in
2456 472 2733 543 prophetis
2758 487 2895 526 unus
2916 479 3076 540 atque
3105 470 3246 525 idem
3275 470 3484 526 locutus
3506 481 3592 527 est

2011 565 2245 636 Spiritus
2275 563 2329 633 (Ι
2351 562 2473 617 Cor.
2496 578 2596 627 xu,
2620 562 2654 614 4
2678 563 2829 632 seq.).
2857 561 2975 631 Ipse
2997 563 3158 615 etiam
3184 559 3476 614 ineﬁ'abilia
3499 560 3592 614 do-

2010 662 2127 719 cet,
2166 668 2286 721 quze
2315 651 2561 722 proferre
2601 650 2867 703 humanus
2895 664 3072 703 sermo
3099 664 3205 703 non
3234 656 3441 719 potest;
3480 648 3594 716 ipse

2009 745 2152 799 enim
2196 741 2391 796 dicitur
2431 741 2499 794 ab
2535 739 2788 810 Apostolo
2827 740 3113 810 gemitibus
3144 737 3595 793 inenarrabilibus

2010 832 2283 903 postulare
2309 846 2407 900 pro
2432 830 2585 884 nobis
2620 829 2796 900 (Rom.
2823 845 2944 895 vui,
2974 829 3064 900 26)
3092 847 3105 883 :
3137 829 3411 899 postulare
3435 827 3596 898 plane

2012 921 2227 985 dicitur,
2268 921 2391 989 quia
2432 935 2530 974 nos
2569 919 2899 990 postulantes
2945 920 3073 974 facit
3114 918 3372 975 ineffabili
3415 917 3595 973 cordis

2010 1012 2231 1081 gemitu.
2284 1009 2390 1064 Sed
2433 1025 2538 1063 non
2580 1026 2721 1063 nunc
2745 1051 2759 1075 ,
2805 1020 2865 1064 ut
2903 1011 3205 1081 quondam,
3245 1011 3381 1065 dona
3420 1010 3594 1063 sancti

2014 1104 2247 1173 Spiritus
2291 1111 2415 1157 sunt
2448 1103 2503 1156 in
2537 1103 2872 1168 hominibus;
2914 1119 3037 1156 nam
3078 1100 3267 1172 paucis
3307 1101 3360 1154 in
3398 1097 3596 1169 populo

2010 1192 2176 1246 Israel
2205 1192 2341 1246 dona
2382 1193 2719 1245 emicuerunt
2753 1193 2924 1246 sancti
2956 1192 3189 1261 Spiritus
3225 1205 3322 1260 per
3347 1188 3601 1258 qumlibet

2013 1281 2196 1351 signa,
2221 1280 2305 1334 vel
2333 1281 2674 1350 prophetias;
2731 1297 2874 1335 nunc
2902 1290 3080 1335 autem
3109 1281 3162 1334 in
3192 1280 3337 1351 omni
3376 1277 3600 1332 creden~

2013 1370 2147 1423 tium
2186 1370 2525 1424 multitudine
2565 1369 2798 1438 Spiritus
2838 1371 3007 1425 sancti
3051 1371 3225 1440 gratia
3262 1366 3598 1430 diffunditur,

2016 1460 2307 1514 secundum
2361 1458 2687 1512 voluntatem
2746 1459 3117 1513 distribuentis
3174 1457 3408 1526 Spiritus
3463 1453 3597 1526 [Al.,

2014 1548 2155 1621 Dei].
2185 1550 2252 1603 Et
2275 1550 2377 1604 hoc
2401 1558 2503 1613 est,
2535 1548 2750 1617 quodin
2778 1547 3066 1618 Evangelio
3090 1546 3318 1600 dicitur:
3348 1545 3600 1599 Nondum

2015 1639 2152 1693 enim
2189 1646 2299 1691 erat
2336 1636 2564 1707 Spiritus
2594 1636 2780 1702 datus,
2812 1638 2937 1707 quia
2971 1634 3127 1689 Iesus
3168 1634 3398 1688 nondum
3428 1634 3602 1703 fuerat

1949 1736 1992 1795 Β
2017 1725 2339 1797 gloriﬁcatus
2383 1725 2515 1796 [Al.,
2543 1724 2884 1797 clari/icatus]
2928 1725 3106 1796 (Joan.
3148 1740 3244 1785 vu,
3291 1724 3403 1794 59).
3452 1722 3605 1777 Sicut

2018 1819 2161 1873 enim
2189 1818 2350 1872 unius
2382 1816 2626 1887 corporis
2660 1817 2902 1870 membra
2938 1800 3145 1871 diversa
3175 1815 3374 1869 habent
3401 1812 3601 1878 ofﬁcia,

2019 1925 2138 1980 quae
2167 1918 2345 1963 tamen
2381 1908 2560 1962 omnia
2586 1922 2693 1960 una
2731 1914 2987 1976 operatur
3020 1907 3199 1959 anima
3223 1913 3279 1959 et
3303 1904 3461 1974 regit,
3492 1904 3603 1958 dis-

2020 2002 2263 2056 tribuens
2306 2000 2596 2067 unicuique
2648 1999 2920 2063 membro,
2948 1998 3077 2066 quid
3112 1995 3306 2060 faciat;
3337 1994 3510 2056 oculo,
3545 2000 3607 2047 ut

2019 2089 2235 2153 videat;
2266 2089 2471 2153 manui,
2500 2097 2561 2142 ut
2590 2096 2871 2156 operetur;
2899 2087 3057 2156 pedi,
3081 2096 3141 2139 ut
3168 2084 3433 2150 ambulet;
3464 2083 3603 2148 auri,

2021 2185 2083 2231 ut
2107 2176 2289 2231 audiat
2317 2194 2329 2228 :
2357 2176 2434 2229 sic
2460 2184 2589 2230 sunt
2605 2177 2767 2230 etiam
2792 2176 3003 2228 diversa
3035 2175 3172 2229 dona
3202 2173 3447 2227 ﬁdelibus
3478 2182 3602 2226 tan-

2022 2280 2184 2337 quam
2211 2265 2470 2319 membris
2490 2265 2556 2319 ad
2582 2278 2888 2319 mensuram
2907 2263 3099 2332 cuique
3120 2263 3391 2332 propriam
3415 2262 3603 2316 distri-

2021 2354 2171 2409 buta.
2203 2351 2457 2419 Quamvis
2481 2353 2644 2416 enim,
2667 2362 2722 2406 et
2751 2353 2806 2405 in
2835 2351 2981 2406 omni
3008 2351 3242 2406 ﬁdelium
3264 2350 3606 2405 multitudine

2024 2441 2249 2496 diversae
2275 2441 2382 2495 sint
2402 2441 2664 2495 donorum
2685 2442 2892 2511 gratim,
2918 2455 3085 2493 unum
3107 2447 3286 2494 tamen
3308 2455 3503 2509 corpus
3523 2451 3608 2494 est

2023 2529 2276 2585 Ecclesiae
2301 2545 2401 2599 per
2428 2545 2594 2584 unum
2622 2528 2904 2599 Spiritum,
2925 2544 3030 2583 una
3050 2528 3329 2584 charitatis
3350 2544 3609 2598 compage

2023 2621 2447 2692 conglutinatum
2493 2629 2656 2691 atque
2697 2636 2995 2675 connexum
3029 2637 3042 2672 :
3074 2620 3166 2689 qui
3205 2619 3441 2689 Spiritus
3473 2636 3609 2675 mea:

2025 2710 2342 2765 humilitatis
2380 2709 2591 2778 spiritui
2622 2709 2885 2778 inspirare
2913 2708 3185 2778 dignetur,
3208 2708 3336 2777 quid
3356 2707 3610 2777 deinceps

2026 2800 2308 2856 dicendum
2339 2801 2410 2854 sit
2437 2800 2503 2854 de
2530 2798 2784 2853 ineﬁ‘abili
2812 2797 3012 2852 Christi
3039 2796 3167 2852 Jesu
3193 2796 3403 2851 Domini
3435 2798 3608 2852 nostri

2026 2891 2334 2957 Nativitate,
2364 2891 2430 2946 de
2455 2906 2561 2960 quo
2599 2890 2867 2958 Propheta
2905 2889 2982 2942 ait
3017 2905 3030 2942 :
3069 2886 3465 2942 Generationem
3496 2888 3609 2958 ejus

2025 2986 2142 3056 quis
2174 2984 2435 3038 enarrabit
2467 2982 2618 3055 (Isai.
2654 2997 2772 3043 LIII,
2803 2979 2895 3049 8)?
2924 2978 3066 3047 quod
3094 2978 3162 3032 ab
3211 2977 3316 3031 alio
3344 2976 3607 3047 incipien-

340 3071 540 3125 virtute
568 3073 739 3126 sancti
766 3070 1003 3145 Spiritus
1029 3073 1201 3143 gratia
1230 3073 1484 3129 tribuitur
1512 3075 1805 3131 secundum
1830 3090 1926 3131 vo—
1947 3062 1996 3125 (ἶ
2028 3074 2156 3129 dum
2181 3088 2298 3128 esse
2319 3071 2539 3126 exordio
2567 3068 2761 3124 melius
2784 3066 3037 3120 arbitror.

415 3212 443 3240 ι
482 3200 686 3256 Encas
707 3201 884 3265 Paris,
916 3217 1035 3271 cap.
1070 3201 1160 3257 86.

1637 3427 1870 3487 LIBER
1913 3425 2272 3486 TERTIUS.

951 3546 1334 3604 PROLOGUS.

416 3636 563 3690 Duas
589 3636 735 3691 enim
770 3645 1052 3692 creaturas
1087 3638 1375 3693 rationales
1404 3637 1643 3692 condidit
1664 3645 1874 3691 creator
1907 3655 1920 3691 :

349 3741 509 3780 unam
549 3726 853 3789 ccclestem,
888 3726 1111 3781 alteram
1151 3736 1492 3793 terrestrem;
1544 3736 1601 3782 et
1642 3736 1926 3796 utramque

350 3816 501 3869 liberi
538 3816 750 3870 arbitrii
790 3823 1057 3885 potestate
1092 3817 1423 3882 nobilitavit,
1450 3824 1511 3872 ut
1544 3816 1844 3871 voluntarie
1870 3815 1926 3870 in

349 3905 637 3959 dilectione
660 3903 777 3968 Dei,
798 3912 857 3957 et
876 3903 1071 3959 divinae
1093 3904 1345 3973 potentiae
1368 3904 1524 3959 laude
1548 3901 1929 3973 perpetuallter

350 4004 517 4064 atque
542 3995 700 4048 beate
726 4002 1086 4063 permaneret.
1120 3993 1226 4049 Sed
1252 3995 1377 4063 quia
1408 3996 1575 4063 prior,
1602 3994 1653 4049 id
1688 4003 1789 4059 est,
1828 4010 1926 4049 an-

350 4084 546 4155 gelica,
570 4098 672 4137 non
704 4091 883 4137 tamen
914 4090 1047 4147 tota,
1068 4083 1283 4154 propria
1303 4083 1615 4139 delectando
1644 4082 1803 4152 725
1830 4098 1929 4153 p0-

355 4176 562 4238 tentia,
589 4176 655 4237 ab
682 4188 866 4228 amore
903 4173 1096 4228 summi
1133 4172 1258 4228 boni
1298 4172 1574 4235 recedens,
1615 4172 1668 4226 in
1698 4173 1932 4241 seipsam

359 4264 607 4333 delapsa,
631 4265 708 4319 sui
756 4263 1027 4319 homicida
1062 4260 1203 4318 facta
1235 4270 1340 4327 est,
1378 4276 1732 4317 aerumnosam
1772 4270 1936 4330 atque

363 4324 635 4425 parietem
658 4353 946 4422 impietatis
970 4368 1080 4419 sua;
1112 4324 1467 4407 teternitatem
1498 4358 1721 4420 experta
1756 4364 1772 4402 :
1812 4324 1939 4419 pis.
1960 4324 2015 4385 Ῑ)

360 4443 498 4498 inde
534 4443 718 4496 invidia
743 4451 934 4498 contra
977 4443 1246 4497 hominem
1281 4442 1649 4506 inardescens,
1684 4455 1752 4494 ne
1780 4439 1942 4496 cccle-

358 4546 507 4590 stem
536 4534 872 4588 beatitudinis
900 4532 1081 4587 sedem
1112 4532 1428 4601 possideret,
1460 4530 1703 4585 incitavit
1726 4544 1849 4584 eum
1874 4529 1941 4584 ad

358 4624 717 4696 peccandum,
742 4621 984 4676 efﬁciens
1002 4636 1123 4675 eum
1153 4636 1261 4675 suae
1282 4622 1486 4675 socium
1514 4621 1766 4693 miseriae,
1787 4619 1941 4688 quasi

355 4714 635 4786 quoddam
675 4712 924 4766 solatium
972 4710 1074 4765 sibi
1113 4718 1258 4766 esset
1297 4726 1419 4765 cum
1466 4709 1713 4780 plurimis
1754 4723 1943 4779 poenas

354 4806 471 4878 pati
500 4822 516 4857 :
547 4803 639 4857 vel
663 4803 826 4857 etiam
861 4809 923 4855 ut
955 4801 1150 4871 injuria
1187 4800 1420 4856 creatori
1457 4799 1763 4854 inureretur
1807 4796 1940 4869 [Αι.,

356 4892 749 4964 ingerentur],
769 4893 815 4947 si
844 4901 1094 4947 creatura
1120 4891 1187 4945 ad
1209 4890 1495 4960 imaginem
1525 4904 1677 4944 suam
1705 4888 1942 4953 condita,

354 4983 577 5055 perdito
595 4982 870 5052 dignitatis
890 4997 1001 5037 suae
1029 4980 1242 5035 nomine
1261 4988 1316 5034 et
1330 4979 1549 5033 numine
1569 4976 1702 5049 [Al.,
1726 4977 1945 5032 nomine

354 5078 407 5131 in
440 5084 715 5130 aeternum
750 5075 928 5145 ignem
960 5072 1116 5145 suae],
1152 5087 1262 5127 suae
1294 5071 1615 5127 subderetur
1658 5070 1942 5141 impietati.

351 5166 514 5235 Quod
535 5167 660 5236 pius
682 5165 933 5220 conditor
952 5177 1059 5218 non
1083 5177 1271 5233 passus
1287 5203 1301 5228 ,
1334 5162 1623 5217 miseratus
1651 5161 1942 5218 hominem.

352 5255 665 5313 reformare
690 5271 816 5311 eum
841 5256 1027 5311 volens
1052 5256 1121 5309 ad
1142 5255 1380 5325 pristime
1401 5253 1676 5324 dignitatis
1700 5254 1949 5310 nobilita-

350 5360 495 5414 tem,
518 5348 673 5402 misit
699 5348 917 5403 unicum
947 5346 1142 5400 Filium
1167 5360 1321 5400 suum
1349 5344 1621 5398 hominem
1652 5344 1946 5415 suscipere,

345 5451 413 5497 ut
452 5441 602 5496 idem
621 5481 636 5506 ,
660 5440 756 5511 qui
780 5439 923 5495 Deus
946 5445 1066 5494 erat
1103 5452 1172 5491 ex
1214 5436 1325 5491 Deo
1345 5476 1361 5500 ,
1388 5442 1531 5490 esset
1558 5434 1719 5489 homo
1754 5448 1821 5490 ex
1845 5436 1947 5489 ho—

347 5533 540 5596 mine,
579 5539 639 5586 et
669 5530 1000 5586 immortalis
1032 5528 1258 5583 haberet
1284 5526 1484 5595 aliquid
1513 5526 1654 5581 unde
1688 5525 1826 5580 mori
1854 5540 1949 5595 po-

348 5624 574 5679 tuisset.
608 5621 914 5694 Assumpsit
958 5621 1139 5690 itaque
1167 5618 1263 5674 Dei
1302 5617 1469 5673 Filius
1511 5633 1577 5673 ex
1619 5616 1948 5672 mortalitate

2028 3554 2243 3610 nostra,
2274 3544 2417 3600 unde
2443 3543 2592 3600 salva
2616 3558 2712 3599 sua
2743 3541 3176 3606 immortalitate,
3204 3540 3448 3596 mortalis
3470 3541 3613 3596 esset

2032 3634 2164 3708 [AI.,
2196 3636 2332 3689 mori
2362 3634 2665 3706 potuisset],
2694 3641 2751 3688 et
2772 3632 3043 3688 diabolum
3079 3632 3314 3687 hominis
3350 3632 3614 3687 victorem

2031 3728 2204 3800 magis
2227 3728 2467 3782 vinceret
2481 3726 2690 3795 justitia
2716 3740 2879 3795 quam
2907 3725 3146 3794 potentia
3164 3763 3180 3789 ,
3218 3731 3280 3777 ut
3305 3724 3615 3778 ostenderet

2029 3826 2349 3887 utrumque,
2371 3824 2428 3872 et
2450 3822 2761 3887 perpetuam
2798 3814 3069 3884 aequitatis
3105 3829 3214 3869 sua:
3232 3811 3527 3880 justitiam,
3560 3820 3618 3866 et

2032 3918 2249 3965 interna:
2288 3905 2544 3962 bonitatis
2582 3903 2737 3976 [suae]
2776 3902 3216 3958 misericordiam.
3253 3900 3524 3955 Justitiam
3558 3901 3614 3955 in

2034 4000 2222 4072 angelo
2244 3996 2513 4055 homicida
2541 3997 2624 4051 sui
2651 3995 2821 4064 ipsius
2841 4002 3001 4062 atque
3019 3992 3283 4057 hominis;
3315 3991 3369 4046 in
3397 3992 3616 4047 homine

2032 4105 2164 4144 vero
2188 4089 2258 4143 ab
2280 4086 2470 4143 eodem
2496 4084 2706 4155 perdito
2732 4082 3182 4148 misericordiam,
3200 4097 3360 4152 quem
3380 4084 3616 4153 gratuito

2035 4190 2245 4245 magnze
2269 4173 2482 4243 pietatis
2507 4186 2617 4227 sua:
2639 4186 2865 4226 munere
2890 4172 3154 4227 redimere
3174 4171 3361 4226 voluit.
3385 4170 3534 4237 Quod
3558 4171 3613 4224 in

2042 4266 2390 4336 sequentibus
2403 4263 2583 4318 divina
2595 4263 2753 4320 nobis
2764 4263 2998 4319 donante
3009 4264 3184 4334 gratia
3195 4263 3392 4319 dicturi
3404 4277 3611 4319 sumus.

2550 4374 2778 4431 CAPUT
2817 4372 3107 4429 PRIMUM.

2212 4445 2293 4499 De
2316 4445 2489 4517 gratia
2518 4444 2631 4510 Dei,
2662 4461 2767 4516 qua
2788 4443 2927 4498 Deus
2954 4444 3108 4497 homo
3139 4441 3310 4509 factus
3335 4447 3432 4494 est.

2105 4534 2166 4590 In
2194 4535 2299 4591 hoc
2324 4535 2488 4591 etiam
2516 4536 2799 4590 evidenter
2829 4531 3240 4589 commendatur
3269 4529 3411 4597 quod
3440 4528 3615 4598 Spiri-

2040 4634 2131 4683 tus
2157 4636 2377 4683 sanctus
2410 4628 2482 4682 sit
2508 4626 2706 4681 donum
2738 4625 2854 4688 Dei,
2884 4622 3024 4676 sicut
3058 4635 3219 4689 supra
3255 4620 3612 4685 ostendimus,

2042 4714 2170 4771 dum
2195 4716 2391 4771 dicitur
2415 4716 2468 4769 in
2507 4712 2763 4784 Symbolo
2792 4708 3073 4765 catholicae
3113 4708 3257 4773 ﬁdei,
3285 4708 3428 4778 quod
3457 4706 3616 4763 Chri-

2042 4816 2158 4863 stus
2192 4809 2259 4864 de
2295 4808 2499 4878 Spiritu
2527 4813 2715 4860 sancto
2745 4813 3055 4875 conceptus,
3091 4811 3149 4857 et
3193 4819 3260 4858 ex
3290 4801 3457 4857 Maria
3498 4801 3609 4854 vir-

2043 4899 2166 4968 gine
2197 4898 2269 4953 sit
2292 4906 2468 4952 natus.
2501 4896 2636 4951 Cum
2657 4896 2813 4950 aliter
2840 4896 2906 4950 de
2934 4895 3043 4960 illo,
3067 4895 3226 4950 aliter
3256 4895 3320 4949 de
3342 4892 3429 4947 illa
3442 4902 3614 4947 .natus

2044 4986 2134 5052 sit,
2162 5002 2269 5042 non
2306 4987 2371 5042 de
2399 4986 2491 5040 illo
2522 4987 2663 5041 sicut
2702 4986 2769 5041 de
2804 4985 2983 5053 Patre,
3022 4985 3087 5042 de
3107 4985 3198 5040 illa
3234 4997 3362 5038 vero
3387 4982 3528 5037 sicut
3548 4982 3615 5037 de

2045 5076 2213 5132 Matre
2252 5094 2265 5131 :
2297 5075 2425 5146 quid
2446 5084 2623 5132 tamen
2657 5076 2745 5131 hic
2772 5077 2944 5131 sancti
2975 5074 3211 5144 Spiritus
3238 5071 3441 5127 mentio
3471 5070 3613 5127 facta

2046 5174 2146 5234 est,
2200 5167 2304 5221 nisi
2358 5167 2499 5236 quod
2547 5182 2737 5239 magna
2790 5166 2887 5224 Dei
2940 5166 3114 5238 gratia
3172 5162 3616 5220 commendatur?

2023 5254 2184 5321 'Quid
2218 5256 2359 5311 enim
2410 5263 2600 5312 natura
2638 5256 2872 5312 humana
2901 5256 2955 5310 in
2982 5255 3201 5310 homine
3234 5252 3456 5311 Christo
3503 5267 3618 5311 me-

2047 5348 2175 5413 ruit,
2209 5356 2269 5404 ut
2303 5349 2357 5403 in
2410 5349 2617 5405 unitate
2659 5348 2798 5422 ML,
2841 5347 3127 5421 unitatem]
3174 5363 3421 5419 persona
3472 5349 3616 5405 unici

2046 5438 2169 5493 Filii
2227 5438 2321 5495 Dei
2360 5440 2707 5511 singulariter
2761 5448 2905 5495 esset
2950 5441 3262 5510 assumpta?
3304 5439 3435 5507 Quae
3474 5441 3617 5495 bona

2047 5528 2330 5583 voluntas?
2382 5528 2548 5599 Cujus
2575 5530 2701 5585 boni
2724 5531 2985 5600 propositi
3029 5531 3303 5588 studium?
3344 5529 3475 5596 Quae
3518 5529 3616 5584 bo-

2049 5633 2116 5672 na
2141 5633 2304 5688 opera
2328 5630 2742 5689 pmcesserunt,
2779 5623 2973 5692 quibus
3010 5631 3311 5680 mereretur
3342 5621 3447 5677 ista
3476 5617 3615 5692 [Al.,
