  <div class='ocr_page' id='page_1' title='image "/cluster/home/n/w/nwhite01/storage/ocr_20150623/101/hvd.32044054759683/025.png"; bbox 0 0 3906 6186; ppageno 0'>
   <div class='ocr_carea' id='block_1_1' title="bbox 372 246 3614 324">
    <p class='ocr_par' dir='ltr' id='par_1_1' title="bbox 372 246 3614 324">
     <span class='ocr_line' id='line_1_1' title="bbox 372 246 3614 324; baseline 0.005 -26"><span class='ocrx_word' id='word_1_1' title='bbox 372 255 442 310; x_wconf 73' lang='lat'><strong>39</strong></span> <span class='ocrx_word' id='word_1_2' title='bbox 1216 247 1275 302; x_wconf 86' lang='grc' dir='ltr'><strong>Β.</strong></span> <span class='ocrx_word' id='word_1_3' title='bbox 1315 246 1377 301; x_wconf 79' lang='lat' dir='ltr'><strong>F.</strong></span> <span class='ocrx_word' id='word_1_4' title='bbox 1418 246 1642 301; x_wconf 71' lang='lat' dir='ltr'><strong>ALBlNl</strong></span> <span class='ocrx_word' id='word_1_5' title='bbox 1679 246 1812 303; x_wconf 84' lang='lat' dir='ltr'><strong>SEU</strong></span> <span class='ocrx_word' id='word_1_6' title='bbox 1850 246 2122 303; x_wconf 77' lang='lat' dir='ltr'><strong>ALCUlNl</strong></span> <span class='ocrx_word' id='word_1_7' title='bbox 2161 249 2441 307; x_wconf 82' lang='lat' dir='ltr'><strong>OPERUM</strong></span> <span class='ocrx_word' id='word_1_8' title='bbox 2477 252 2655 308; x_wconf 77' lang='lat' dir='ltr'><strong>PARS</strong></span> <span class='ocrx_word' id='word_1_9' title='bbox 2692 253 2776 309; x_wconf 91' lang='lat' dir='ltr'><strong>lll.</strong></span> <span class='ocrx_word' id='word_1_10' title='bbox 3544 269 3614 324; x_wconf 65' lang='grc' dir='ltr'><strong>ιο</strong></span> 
     </span>
    </p>
   </div>
   <div class='ocr_carea' id='block_1_2' title="bbox 374 362 3610 448">
    <p class='ocr_par' dir='ltr' id='par_1_2' title="bbox 374 362 3610 448">
     <span class='ocr_line' id='line_1_2' title="bbox 374 362 3610 448; baseline 0.002 -16"><span class='ocrx_word' id='word_1_11' title='bbox 374 376 499 448; x_wconf 73' lang='grc' dir='ltr'><strong>ἰςιεῖ</strong></span> <span class='ocrx_word' id='word_1_12' title='bbox 522 375 702 436; x_wconf 90' lang='lat' dir='ltr'><strong>homo,</strong></span> <span class='ocrx_word' id='word_1_13' title='bbox 734 385 838 424; x_wconf 89' lang='lat' dir='ltr'><strong>una</strong></span> <span class='ocrx_word' id='word_1_14' title='bbox 869 366 984 422; x_wconf 85' lang='lat' dir='ltr'><strong>ﬁeri</strong></span> <span class='ocrx_word' id='word_1_15' title='bbox 1004 378 1228 436; x_wconf 85' lang='lat' dir='ltr'><strong>persona</strong></span> <span class='ocrx_word' id='word_1_16' title='bbox 1258 379 1380 418; x_wconf 91' lang='lat' dir='ltr'><strong>cum</strong></span> <span class='ocrx_word' id='word_1_17' title='bbox 1402 364 1529 427; x_wconf 91' lang='lat' dir='ltr'><strong>Deo,</strong></span> <span class='ocrx_word' id='word_1_18' title='bbox 1567 362 1675 416; x_wconf 90' lang='lat' dir='ltr'><strong>imo</strong></span> <span class='ocrx_word' id='word_1_19' title='bbox 1700 371 1753 415; x_wconf 88' lang='lat' dir='ltr'><strong>et</strong></span> <span class='ocrx_word' id='word_1_20' title='bbox 1781 363 1942 416; x_wconf 92' lang='lat' dir='ltr'><strong>homo</strong></span> <span class='ocrx_word' id='word_1_21' title='bbox 1969 364 2020 424; x_wconf 78' lang='grc' dir='ltr'><strong>Δ</strong></span> <span class='ocrx_word' id='word_1_22' title='bbox 2043 376 2165 416; x_wconf 91' lang='lat' dir='ltr'><strong>eum</strong></span> <span class='ocrx_word' id='word_1_23' title='bbox 2214 365 2280 418; x_wconf 89' lang='lat' dir='ltr'><strong>de</strong></span> <span class='ocrx_word' id='word_1_24' title='bbox 2306 366 2522 435; x_wconf 80' lang='lat' dir='ltr'><strong>Virgine</strong></span> <span class='ocrx_word' id='word_1_25' title='bbox 2552 369 2738 423; x_wconf 86' lang='lat' dir='ltr'><strong>nasci?</strong></span> <span class='ocrx_word' id='word_1_26' title='bbox 2781 367 2914 434; x_wconf 84' lang='lat' dir='ltr'><strong>Quia</strong></span> <span class='ocrx_word' id='word_1_27' title='bbox 2942 371 3043 426; x_wconf 91' lang='lat' dir='ltr'><strong>hoc</strong></span> <span class='ocrx_word' id='word_1_28' title='bbox 3070 387 3205 444; x_wconf 91' lang='lat' dir='ltr'><strong>opus</strong></span> <span class='ocrx_word' id='word_1_29' title='bbox 3252 376 3497 436; x_wconf 80' lang='lat' dir='ltr'><strong>mirabile</strong></span> <span class='ocrx_word' id='word_1_30' title='bbox 3528 393 3610 438; x_wconf 83' lang='lat' dir='ltr'><strong>to-</strong></span> 
     </span>
    </p>
   </div>
   <div class='ocr_carea' id='block_1_3' title="bbox 375 453 1942 537">
    <p class='ocr_par' dir='ltr' id='par_1_3' title="bbox 375 453 1942 537">
     <span class='ocr_line' id='line_1_3' title="bbox 375 453 1942 537; baseline -0.011 -15"><span class='ocrx_word' id='word_1_31' title='bbox 375 469 486 537; x_wconf 88' lang='lat' dir='ltr'><strong>ipse</strong></span> <span class='ocrx_word' id='word_1_32' title='bbox 514 461 689 519; x_wconf 86' lang='lat' dir='ltr'><strong>Deus?</strong></span> <span class='ocrx_word' id='word_1_33' title='bbox 713 461 913 527; x_wconf 70' lang='lat' dir='ltr'><strong>Nempe</strong></span> <span class='ocrx_word' id='word_1_34' title='bbox 942 458 1056 526; x_wconf 89' lang='lat' dir='ltr'><strong>ipse</strong></span> <span class='ocrx_word' id='word_1_35' title='bbox 1081 471 1145 510; x_wconf 78' lang='lat' dir='ltr'><strong>ex</strong></span> <span class='ocrx_word' id='word_1_36' title='bbox 1174 470 1280 523; x_wconf 90' lang='lat' dir='ltr'><strong>quo</strong></span> <span class='ocrx_word' id='word_1_37' title='bbox 1299 469 1418 508; x_wconf 90' lang='lat' dir='ltr'><strong>esse</strong></span> <span class='ocrx_word' id='word_1_38' title='bbox 1438 454 1599 508; x_wconf 90' lang='lat' dir='ltr'><strong>homo</strong></span> <span class='ocrx_word' id='word_1_39' title='bbox 1625 453 1805 521; x_wconf 73' lang='lat' dir='ltr'><strong>coepit,</strong></span> <span class='ocrx_word' id='word_1_40' title='bbox 1834 467 1942 506; x_wconf 91' lang='lat' dir='ltr'><strong>non</strong></span> 
     </span>
    </p>
   </div>
   <div class='ocr_carea' id='block_1_4' title="bbox 373 541 1942 624">
    <p class='ocr_par' dir='ltr' id='par_1_4' title="bbox 373 541 1942 624">
     <span class='ocr_line' id='line_1_4' title="bbox 373 541 1942 624; baseline -0.011 -14"><span class='ocrx_word' id='word_1_41' title='bbox 373 557 516 610; x_wconf 80' lang='lat' dir='ltr'><strong>aliud</strong></span> <span class='ocrx_word' id='word_1_42' title='bbox 547 553 710 624; x_wconf 88' lang='lat' dir='ltr'><strong>coepit</strong></span> <span class='ocrx_word' id='word_1_43' title='bbox 733 564 850 606; x_wconf 91' lang='lat' dir='ltr'><strong>esse</strong></span> <span class='ocrx_word' id='word_1_44' title='bbox 871 563 1030 617; x_wconf 88' lang='lat' dir='ltr'><strong>quam</strong></span> <span class='ocrx_word' id='word_1_45' title='bbox 1056 545 1148 600; x_wconf 88' lang='lat' dir='ltr'><strong>Dei</strong></span> <span class='ocrx_word' id='word_1_46' title='bbox 1169 545 1359 607; x_wconf 88' lang='lat' dir='ltr'><strong>Filius,</strong></span> <span class='ocrx_word' id='word_1_47' title='bbox 1385 545 1559 598; x_wconf 91' lang='lat' dir='ltr'><strong>ethoc</strong></span> <span class='ocrx_word' id='word_1_48' title='bbox 1580 543 1788 607; x_wconf 88' lang='lat' dir='ltr'><strong>unicus,</strong></span> <span class='ocrx_word' id='word_1_49' title='bbox 1823 541 1942 594; x_wconf 94' lang='lat' dir='ltr'><strong>uni-</strong></span> 
     </span>
    </p>
   </div>
   <div class='ocr_carea' id='block_1_5' title="bbox 371 635 1941 719">
    <p class='ocr_par' dir='ltr' id='par_1_5' title="bbox 371 635 1941 719">
     <span class='ocr_line' id='line_1_5' title="bbox 371 635 1941 719; baseline -0.008 -16"><span class='ocrx_word' id='word_1_50' title='bbox 371 649 581 719; x_wconf 88' lang='lat' dir='ltr'><strong>genitus</strong></span> <span class='ocrx_word' id='word_1_51' title='bbox 601 657 654 701; x_wconf 88' lang='lat' dir='ltr'><strong>et</strong></span> <span class='ocrx_word' id='word_1_52' title='bbox 689 643 971 716; x_wconf 84' lang='lat' dir='ltr'><strong>preprius;</strong></span> <span class='ocrx_word' id='word_1_53' title='bbox 1029 650 1082 694; x_wconf 85' lang='lat' dir='ltr'><strong>et</strong></span> <span class='ocrx_word' id='word_1_54' title='bbox 1110 648 1331 709; x_wconf 75' lang='lat' dir='ltr'><strong>propter</strong></span> <span class='ocrx_word' id='word_1_55' title='bbox 1360 638 1456 691; x_wconf 85' lang='lat' dir='ltr'><strong>Dei</strong></span> <span class='ocrx_word' id='word_1_56' title='bbox 1507 637 1769 701; x_wconf 83' lang='lat' dir='ltr'><strong>Verbum,</strong></span> <span class='ocrx_word' id='word_1_57' title='bbox 1797 635 1941 705; x_wconf 92' lang='lat' dir='ltr'><strong>quod</strong></span> 
     </span>
    </p>
   </div>
   <div class='ocr_carea' id='block_1_6' title="bbox 370 726 1940 800">
    <p class='ocr_par' dir='ltr' id='par_1_6' title="bbox 370 726 1940 800">
     <span class='ocr_line' id='line_1_6' title="bbox 370 726 1940 800; baseline -0.01 -7"><span class='ocrx_word' id='word_1_58' title='bbox 370 755 497 793; x_wconf 89' lang='lat' dir='ltr'><strong>caro</strong></span> <span class='ocrx_word' id='word_1_59' title='bbox 520 738 720 793; x_wconf 83' lang='lat' dir='ltr'><strong>factum</strong></span> <span class='ocrx_word' id='word_1_60' title='bbox 750 743 852 796; x_wconf 89' lang='lat' dir='ltr'><strong>est,</strong></span> <span class='ocrx_word' id='word_1_61' title='bbox 884 733 1069 800; x_wconf 90' lang='lat' dir='ltr'><strong>utique</strong></span> <span class='ocrx_word' id='word_1_62' title='bbox 1093 731 1271 794; x_wconf 85' lang='lat' dir='ltr'><strong>Deus;</strong></span> <span class='ocrx_word' id='word_1_63' title='bbox 1305 736 1364 782; x_wconf 92' lang='lat' dir='ltr'><strong>ut</strong></span> <span class='ocrx_word' id='word_1_64' title='bbox 1385 726 1830 796; x_wconf 79' lang='lat' dir='ltr'><strong>quemadmodum</strong></span> <span class='ocrx_word' id='word_1_65' title='bbox 1857 733 1940 781; x_wconf 92' lang='lat' dir='ltr'><strong>est</strong></span> 
     </span>
    </p>
   </div>
   <div class='ocr_carea' id='block_1_7' title="bbox 369 815 1939 898">
    <p class='ocr_par' dir='ltr' id='par_1_7' title="bbox 369 815 1939 898">
     <span class='ocr_line' id='line_1_7' title="bbox 369 815 1939 898; baseline -0.008 -16"><span class='ocrx_word' id='word_1_66' title='bbox 369 845 474 884; x_wconf 87' lang='lat' dir='ltr'><strong>una</strong></span> <span class='ocrx_word' id='word_1_67' title='bbox 497 841 722 898; x_wconf 84' lang='lat' dir='ltr'><strong>persona</strong></span> <span class='ocrx_word' id='word_1_68' title='bbox 744 824 970 894; x_wconf 91' lang='lat' dir='ltr'><strong>quilibet</strong></span> <span class='ocrx_word' id='word_1_69' title='bbox 993 822 1172 886; x_wconf 88' lang='lat' dir='ltr'><strong>homo,</strong></span> <span class='ocrx_word' id='word_1_70' title='bbox 1199 819 1377 874; x_wconf 87' lang='lat' dir='ltr'><strong>anima</strong></span> <span class='ocrx_word' id='word_1_71' title='bbox 1423 815 1632 872; x_wconf 75' lang='lat' dir='ltr'><strong>scilicet</strong></span> <span class='ocrx_word' id='word_1_72' title='bbox 1658 816 1939 871; x_wconf 81' lang='lat' dir='ltr'><strong>rationalis</strong></span> 
     </span>
    </p>
   </div>
   <div class='ocr_carea' id='block_1_8' title="bbox 368 907 1939 980">
    <p class='ocr_par' dir='ltr' id='par_1_8' title="bbox 368 907 1939 980">
     <span class='ocr_line' id='line_1_8' title="bbox 368 907 1939 980; baseline -0.008 -7"><span class='ocrx_word' id='word_1_73' title='bbox 368 929 423 973; x_wconf 89' lang='lat' dir='ltr'><strong>et</strong></span> <span class='ocrx_word' id='word_1_74' title='bbox 469 933 612 980; x_wconf 88' lang='lat' dir='ltr'><strong>caro,</strong></span> <span class='ocrx_word' id='word_1_75' title='bbox 654 917 728 970; x_wconf 89' lang='lat' dir='ltr'><strong>ita</strong></span> <span class='ocrx_word' id='word_1_76' title='bbox 776 915 848 969; x_wconf 91' lang='lat' dir='ltr'><strong>sit</strong></span> <span class='ocrx_word' id='word_1_77' title='bbox 889 912 1138 969; x_wconf 84' lang='lat' dir='ltr'><strong>Christus</strong></span> <span class='ocrx_word' id='word_1_78' title='bbox 1186 926 1291 964; x_wconf 90' lang='lat' dir='ltr'><strong>una</strong></span> <span class='ocrx_word' id='word_1_79' title='bbox 1319 923 1573 978; x_wconf 86' lang='lat' dir='ltr'><strong>persona,</strong></span> <span class='ocrx_word' id='word_1_80' title='bbox 1603 907 1838 962; x_wconf 79' lang='lat' dir='ltr'><strong>Verbum</strong></span> <span class='ocrx_word' id='word_1_81' title='bbox 1883 915 1939 961; x_wconf 92' lang='lat' dir='ltr'><strong>et</strong></span> 
     </span>
    </p>
   </div>
   <div class='ocr_carea' id='block_1_9' title="bbox 368 997 1938 1081">
    <p class='ocr_par' dir='ltr' id='par_1_9' title="bbox 368 997 1938 1081">
     <span class='ocr_line' id='line_1_9' title="bbox 368 997 1938 1081; baseline -0.008 -17"><span class='ocrx_word' id='word_1_82' title='bbox 368 1025 494 1064; x_wconf 90' lang='lat' dir='ltr'><strong>caro</strong></span> <span class='ocrx_word' id='word_1_83' title='bbox 525 1007 655 1081; x_wconf 84' lang='lat' dir='ltr'><strong>[Al.,</strong></span> <span class='ocrx_word' id='word_1_84' title='bbox 712 1015 766 1060; x_wconf 92' lang='lat' dir='ltr'><strong>et</strong></span> <span class='ocrx_word' id='word_1_85' title='bbox 793 1005 1016 1058; x_wconf 84' lang='lat' dir='ltr'><strong>verbum</strong></span> <span class='ocrx_word' id='word_1_86' title='bbox 1045 1000 1218 1071; x_wconf 90' lang='lat' dir='ltr'><strong>caro].</strong></span> <span class='ocrx_word' id='word_1_87' title='bbox 1260 999 1412 1055; x_wconf 88' lang='lat' dir='ltr'><strong>Unde</strong></span> <span class='ocrx_word' id='word_1_88' title='bbox 1441 1005 1648 1052; x_wconf 66' lang='lat' dir='ltr'><strong>natura:</strong></span> <span class='ocrx_word' id='word_1_89' title='bbox 1691 997 1938 1052; x_wconf 79' lang='lat' dir='ltr'><strong>humanae</strong></span> 
     </span>
    </p>
   </div>
   <div class='ocr_carea' id='block_1_10' title="bbox 369 1090 1940 1169">
    <p class='ocr_par' dir='ltr' id='par_1_10' title="bbox 369 1090 1940 1169">
     <span class='ocr_line' id='line_1_10' title="bbox 369 1090 1940 1169; baseline -0.005 -17"><span class='ocrx_word' id='word_1_90' title='bbox 369 1109 514 1154; x_wconf 88' lang='lat' dir='ltr'><strong>tanta</strong></span> <span class='ocrx_word' id='word_1_91' title='bbox 560 1098 729 1169; x_wconf 79' lang='lat' dir='ltr'><strong>gloria</strong></span> <span class='ocrx_word' id='word_1_92' title='bbox 784 1096 943 1149; x_wconf 92' lang='lat' dir='ltr'><strong>nullis</strong></span> <span class='ocrx_word' id='word_1_93' title='bbox 967 1092 1392 1163; x_wconf 64' lang='lat' dir='ltr'><strong>praecedentibus</strong></span> <span class='ocrx_word' id='word_1_94' title='bbox 1417 1091 1641 1154; x_wconf 90' lang='lat' dir='ltr'><strong>meritis,</strong></span> <span class='ocrx_word' id='word_1_95' title='bbox 1684 1090 1799 1143; x_wconf 88' lang='lat' dir='ltr'><strong>sine</strong></span> <span class='ocrx_word' id='word_1_96' title='bbox 1845 1091 1940 1144; x_wconf 90' lang='lat' dir='ltr'><strong>du-</strong></span> 
     </span>
    </p>
   </div>
   <div class='ocr_carea' id='block_1_11' title="bbox 364 1180 1938 1258">
    <p class='ocr_par' dir='ltr' id='par_1_11' title="bbox 364 1180 1938 1258">
     <span class='ocr_line' id='line_1_11' title="bbox 364 1180 1938 1258; baseline -0.007 -13"><span class='ocrx_word' id='word_1_97' title='bbox 364 1191 628 1245; x_wconf 86' lang='lat' dir='ltr'><strong>bitatione</strong></span> <span class='ocrx_word' id='word_1_98' title='bbox 677 1187 907 1258; x_wconf 88' lang='lat' dir='ltr'><strong>gratuito</strong></span> <span class='ocrx_word' id='word_1_99' title='bbox 945 1198 1187 1247; x_wconf 90' lang='lat' dir='ltr'><strong>munere,</strong></span> <span class='ocrx_word' id='word_1_100' title='bbox 1243 1181 1344 1236; x_wconf 87' lang='lat' dir='ltr'><strong>nisi</strong></span> <span class='ocrx_word' id='word_1_101' title='bbox 1375 1180 1499 1249; x_wconf 91' lang='lat' dir='ltr'><strong>quia</strong></span> <span class='ocrx_word' id='word_1_102' title='bbox 1549 1195 1743 1250; x_wconf 86' lang='lat' dir='ltr'><strong>magna</strong></span> <span class='ocrx_word' id='word_1_103' title='bbox 1769 1181 1856 1234; x_wconf 90' lang='lat' dir='ltr'><strong>hic</strong></span> <span class='ocrx_word' id='word_1_104' title='bbox 1882 1188 1938 1234; x_wconf 91' lang='lat' dir='ltr'><strong>et</strong></span> 
     </span>
    </p>
   </div>
   <div class='ocr_carea' id='block_1_12' title="bbox 365 1269 1936 1348">
    <p class='ocr_par' dir='ltr' id='par_1_12' title="bbox 365 1269 1936 1348">
     <span class='ocr_line' id='line_1_12' title="bbox 365 1269 1936 1348; baseline -0.008 -12"><span class='ocrx_word' id='word_1_105' title='bbox 365 1281 478 1336; x_wconf 90' lang='lat' dir='ltr'><strong>sola</strong></span> <span class='ocrx_word' id='word_1_106' title='bbox 525 1279 621 1333; x_wconf 89' lang='lat' dir='ltr'><strong>Dei</strong></span> <span class='ocrx_word' id='word_1_107' title='bbox 670 1277 842 1348; x_wconf 87' lang='lat' dir='ltr'><strong>gratia</strong></span> <span class='ocrx_word' id='word_1_108' title='bbox 897 1275 1124 1329; x_wconf 90' lang='lat' dir='ltr'><strong>ﬁdeliter</strong></span> <span class='ocrx_word' id='word_1_109' title='bbox 1156 1280 1209 1327; x_wconf 92' lang='lat' dir='ltr'><strong>et</strong></span> <span class='ocrx_word' id='word_1_110' title='bbox 1244 1271 1423 1326; x_wconf 90' lang='lat' dir='ltr'><strong>sobrie</strong></span> <span class='ocrx_word' id='word_1_111' title='bbox 1470 1269 1936 1324; x_wconf 85' lang='lat' dir='ltr'><strong>considerantibus</strong></span> 
     </span>
    </p>
   </div>
   <div class='ocr_carea' id='block_1_13' title="bbox 362 1360 1935 1430">
    <p class='ocr_par' dir='ltr' id='par_1_13' title="bbox 362 1360 1935 1430">
     <span class='ocr_line' id='line_1_13' title="bbox 362 1360 1935 1430; baseline -0.008 -3"><span class='ocrx_word' id='word_1_112' title='bbox 362 1373 640 1427; x_wconf 88' lang='lat' dir='ltr'><strong>evidenter</strong></span> <span class='ocrx_word' id='word_1_113' title='bbox 691 1365 1028 1422; x_wconf 78' lang='lat' dir='ltr'><strong>ostenditur?</strong></span> <span class='ocrx_word' id='word_1_114' title='bbox 1094 1372 1153 1417; x_wconf 94' lang='lat' dir='ltr'><strong>ut</strong></span> <span class='ocrx_word' id='word_1_115' title='bbox 1198 1361 1496 1430; x_wconf 80' lang='lat' dir='ltr'><strong>intelligant</strong></span> <span class='ocrx_word' id='word_1_116' title='bbox 1550 1360 1794 1414; x_wconf 89' lang='lat' dir='ltr'><strong>homines</strong></span> <span class='ocrx_word' id='word_1_117' title='bbox 1838 1375 1935 1430; x_wconf 91' lang='lat' dir='ltr'><strong>per</strong></span> 
     </span>
    </p>
   </div>
   <div class='ocr_carea' id='block_1_14' title="bbox 360 1451 1935 1528">
    <p class='ocr_par' dir='ltr' id='par_1_14' title="bbox 360 1451 1935 1528">
     <span class='ocr_line' id='line_1_14' title="bbox 360 1451 1935 1528; baseline -0.008 -12"><span class='ocrx_word' id='word_1_118' title='bbox 360 1462 603 1516; x_wconf 88' lang='lat' dir='ltr'><strong>eamdem</strong></span> <span class='ocrx_word' id='word_1_119' title='bbox 645 1457 874 1528; x_wconf 81' lang='lat' dir='ltr'><strong>gratiam</strong></span> <span class='ocrx_word' id='word_1_120' title='bbox 901 1471 959 1510; x_wconf 88' lang='lat' dir='ltr'><strong>se</strong></span> <span class='ocrx_word' id='word_1_121' title='bbox 981 1453 1266 1524; x_wconf 73' lang='lat' dir='ltr'><strong>iustiﬁcari</strong></span> <span class='ocrx_word' id='word_1_122' title='bbox 1301 1465 1458 1520; x_wconf 87' lang='lat' dir='ltr'><strong>posse</strong></span> <span class='ocrx_word' id='word_1_123' title='bbox 1498 1466 1526 1503; x_wconf 88' lang='lat' dir='ltr'><strong>a</strong></span> <span class='ocrx_word' id='word_1_124' title='bbox 1555 1451 1810 1520; x_wconf 86' lang='lat' dir='ltr'><strong>peccatis,</strong></span> <span class='ocrx_word' id='word_1_125' title='bbox 1839 1466 1935 1520; x_wconf 90' lang='lat' dir='ltr'><strong>per</strong></span> 
     </span>
    </p>
   </div>
   <div class='ocr_carea' id='block_1_15' title="bbox 361 1539 1934 1620">
    <p class='ocr_par' dir='ltr' id='par_1_15' title="bbox 361 1539 1934 1620">
     <span class='ocr_line' id='line_1_15' title="bbox 361 1539 1934 1620; baseline -0.008 -15"><span class='ocrx_word' id='word_1_126' title='bbox 361 1567 520 1620; x_wconf 91' lang='lat' dir='ltr'><strong>quam</strong></span> <span class='ocrx_word' id='word_1_127' title='bbox 577 1549 776 1603; x_wconf 79' lang='lat' dir='ltr'><strong>factum</strong></span> <span class='ocrx_word' id='word_1_128' title='bbox 818 1555 900 1600; x_wconf 89' lang='lat' dir='ltr'><strong>est</strong></span> <span class='ocrx_word' id='word_1_129' title='bbox 929 1552 988 1598; x_wconf 90' lang='lat' dir='ltr'><strong>ut</strong></span> <span class='ocrx_word' id='word_1_130' title='bbox 1041 1545 1202 1598; x_wconf 91' lang='lat' dir='ltr'><strong>homo</strong></span> <span class='ocrx_word' id='word_1_131' title='bbox 1229 1542 1478 1597; x_wconf 89' lang='lat' dir='ltr'><strong>Christus</strong></span> <span class='ocrx_word' id='word_1_132' title='bbox 1515 1539 1718 1594; x_wconf 89' lang='lat' dir='ltr'><strong>nullum</strong></span> <span class='ocrx_word' id='word_1_133' title='bbox 1765 1540 1934 1609; x_wconf 85' lang='lat' dir='ltr'><strong>possit</strong></span> 
     </span>
    </p>
   </div>
   <div class='ocr_carea' id='block_1_16' title="bbox 359 1629 1931 1706">
    <p class='ocr_par' dir='ltr' id='par_1_16' title="bbox 359 1629 1931 1706">
     <span class='ocr_line' id='line_1_16' title="bbox 359 1629 1931 1706; baseline -0.008 -11"><span class='ocrx_word' id='word_1_134' title='bbox 359 1643 557 1694; x_wconf 90' lang='lat' dir='ltr'><strong>habere</strong></span> <span class='ocrx_word' id='word_1_135' title='bbox 599 1644 898 1706; x_wconf 87' lang='lat' dir='ltr'><strong>peccatum.</strong></span> <span class='ocrx_word' id='word_1_136' title='bbox 953 1633 1044 1688; x_wconf 90' lang='lat' dir='ltr'><strong>Sic</strong></span> <span class='ocrx_word' id='word_1_137' title='bbox 1092 1640 1332 1687; x_wconf 88' lang='lat' dir='ltr'><strong>sanctam</strong></span> <span class='ocrx_word' id='word_1_138' title='bbox 1372 1629 1646 1701; x_wconf 80' lang='lat' dir='ltr'><strong>Virginem</strong></span> <span class='ocrx_word' id='word_1_139' title='bbox 1703 1637 1931 1683; x_wconf 87' lang='lat' dir='ltr'><strong>matrem</strong></span> 
     </span>
    </p>
   </div>
   <div class='ocr_carea' id='block_1_17' title="bbox 2039 448 3612 534">
    <p class='ocr_par' dir='ltr' id='par_1_17' title="bbox 2039 448 3612 534">
     <span class='ocr_line' id='line_1_17' title="bbox 2039 448 3612 534; baseline 0.014 -26"><span class='ocrx_word' id='word_1_140' title='bbox 2039 448 2152 508; x_wconf 82' lang='lat' dir='ltr'><strong>tum</strong></span> <span class='ocrx_word' id='word_1_141' title='bbox 2185 457 2322 511; x_wconf 93' lang='lat' dir='ltr'><strong>dono</strong></span> <span class='ocrx_word' id='word_1_142' title='bbox 2366 457 2496 529; x_wconf 77' lang='lat' dir='ltr'><strong>[Al.,</strong></span> <span class='ocrx_word' id='word_1_143' title='bbox 2545 460 2764 532; x_wconf 89' lang='lat' dir='ltr'><strong>donum]</strong></span> <span class='ocrx_word' id='word_1_144' title='bbox 2807 462 2903 516; x_wconf 90' lang='lat' dir='ltr'><strong>Dei</strong></span> <span class='ocrx_word' id='word_1_145' title='bbox 2948 461 3148 520; x_wconf 76' lang='lat' dir='ltr'><strong>factum</strong></span> <span class='ocrx_word' id='word_1_146' title='bbox 3201 476 3306 534; x_wconf 89' lang='lat' dir='ltr'><strong>est,</strong></span> <span class='ocrx_word' id='word_1_147' title='bbox 3333 478 3389 524; x_wconf 91' lang='lat' dir='ltr'><strong>et</strong></span> <span class='ocrx_word' id='word_1_148' title='bbox 3415 471 3612 530; x_wconf 89' lang='lat' dir='ltr'><strong>donum</strong></span> 
     </span>
    </p>
   </div>
   <div class='ocr_carea' id='block_1_18' title="bbox 2039 545 3611 631">
    <p class='ocr_par' dir='ltr' id='par_1_18' title="bbox 2039 545 3611 631">
     <span class='ocr_line' id='line_1_18' title="bbox 2039 545 3611 631; baseline 0.013 -32"><span class='ocrx_word' id='word_1_149' title='bbox 2039 545 2132 602; x_wconf 92' lang='lat' dir='ltr'><strong>Dei</strong></span> <span class='ocrx_word' id='word_1_150' title='bbox 2179 550 2396 618; x_wconf 85' lang='lat' dir='ltr'><strong>proprie</strong></span> <span class='ocrx_word' id='word_1_151' title='bbox 2439 549 2674 619; x_wconf 88' lang='lat' dir='ltr'><strong>Spiritus</strong></span> <span class='ocrx_word' id='word_1_152' title='bbox 2725 561 2942 608; x_wconf 88' lang='lat' dir='ltr'><strong>sanctus</strong></span> <span class='ocrx_word' id='word_1_153' title='bbox 2975 556 3189 612; x_wconf 91' lang='lat' dir='ltr'><strong>dicitur.</strong></span> <span class='ocrx_word' id='word_1_154' title='bbox 3235 557 3422 631; x_wconf 86' lang='lat' dir='ltr'><strong>Neque</strong></span> <span class='ocrx_word' id='word_1_155' title='bbox 3466 565 3611 620; x_wconf 87' lang='lat' dir='ltr'><strong>enim</strong></span> 
     </span>
    </p>
   </div>
   <div class='ocr_carea' id='block_1_19' title="bbox 2036 637 3615 710">
    <p class='ocr_par' dir='ltr' id='par_1_19' title="bbox 2036 637 3615 710">
     <span class='ocr_line' id='line_1_19' title="bbox 2036 637 3615 710; baseline 0.013 -21"><span class='ocrx_word' id='word_1_156' title='bbox 2036 637 2163 705; x_wconf 84' lang='lat' dir='ltr'><strong>quia</strong></span> <span class='ocrx_word' id='word_1_157' title='bbox 2219 640 2475 694; x_wconf 90' lang='lat' dir='ltr'><strong>mundum</strong></span> <span class='ocrx_word' id='word_1_158' title='bbox 2527 643 2685 696; x_wconf 90' lang='lat' dir='ltr'><strong>istum</strong></span> <span class='ocrx_word' id='word_1_159' title='bbox 2733 643 2859 698; x_wconf 82' lang='lat' dir='ltr'><strong>fecit</strong></span> <span class='ocrx_word' id='word_1_160' title='bbox 2908 646 3069 710; x_wconf 89' lang='lat' dir='ltr'><strong>Deus,</strong></span> <span class='ocrx_word' id='word_1_161' title='bbox 3103 649 3208 702; x_wconf 86' lang='lat' dir='ltr'><strong>dici</strong></span> <span class='ocrx_word' id='word_1_162' title='bbox 3255 665 3378 704; x_wconf 90' lang='lat' dir='ltr'><strong>eum</strong></span> <span class='ocrx_word' id='word_1_163' title='bbox 3419 651 3502 709; x_wconf 82' lang='lat' dir='ltr'><strong>fas</strong></span> <span class='ocrx_word' id='word_1_164' title='bbox 3530 666 3615 710; x_wconf 90' lang='lat' dir='ltr'><strong>est</strong></span> 
     </span>
    </p>
   </div>
   <div class='ocr_carea' id='block_1_20' title="bbox 2037 727 3611 807">
    <p class='ocr_par' dir='ltr' id='par_1_20' title="bbox 2037 727 3611 807">
     <span class='ocr_line' id='line_1_20' title="bbox 2037 727 3611 807; baseline 0.013 -27"><span class='ocrx_word' id='word_1_165' title='bbox 2037 727 2132 782; x_wconf 87' lang='lat' dir='ltr'><strong>Dei</strong></span> <span class='ocrx_word' id='word_1_166' title='bbox 2159 728 2384 795; x_wconf 89' lang='lat' dir='ltr'><strong>Filium;</strong></span> <span class='ocrx_word' id='word_1_167' title='bbox 2417 731 2560 786; x_wconf 87' lang='lat' dir='ltr'><strong>haud</strong></span> <span class='ocrx_word' id='word_1_168' title='bbox 2589 734 2734 787; x_wconf 90' lang='lat' dir='ltr'><strong>enim</strong></span> <span class='ocrx_word' id='word_1_169' title='bbox 2787 750 2910 790; x_wconf 90' lang='lat' dir='ltr'><strong>eum</strong></span> <span class='ocrx_word' id='word_1_170' title='bbox 2957 747 3168 807; x_wconf 81' lang='lat' dir='ltr'><strong>Oportet</strong></span> <span class='ocrx_word' id='word_1_171' title='bbox 3202 741 3380 796; x_wconf 87' lang='lat' dir='ltr'><strong>dicere</strong></span> <span class='ocrx_word' id='word_1_172' title='bbox 3425 754 3611 801; x_wconf 87' lang='lat' dir='ltr'><strong>natum</strong></span> 
     </span>
    </p>
   </div>
   <div class='ocr_carea' id='block_1_21' title="bbox 2037 816 3609 900">
    <p class='ocr_par' dir='ltr' id='par_1_21' title="bbox 2037 816 3609 900">
     <span class='ocr_line' id='line_1_21' title="bbox 2037 816 3609 900; baseline 0.014 -31"><span class='ocrx_word' id='word_1_173' title='bbox 2037 816 2103 870; x_wconf 90' lang='lat' dir='ltr'><strong>de</strong></span> <span class='ocrx_word' id='word_1_174' title='bbox 2132 817 2261 884; x_wconf 90' lang='lat' dir='ltr'><strong>Deo,</strong></span> <span class='ocrx_word' id='word_1_175' title='bbox 2292 820 2384 874; x_wconf 90' lang='lat' dir='ltr'><strong>sed</strong></span> <span class='ocrx_word' id='word_1_176' title='bbox 2428 820 2652 887; x_wconf 83' lang='lat' dir='ltr'><strong>factum,</strong></span> <span class='ocrx_word' id='word_1_177' title='bbox 2677 824 2761 877; x_wconf 78' lang='lat' dir='ltr'><strong>Vel</strong></span> <span class='ocrx_word' id='word_1_178' title='bbox 2809 835 3069 889; x_wconf 88' lang='lat' dir='ltr'><strong>creatum,</strong></span> <span class='ocrx_word' id='word_1_179' title='bbox 3094 829 3177 883; x_wconf 89' lang='lat' dir='ltr'><strong>vel</strong></span> <span class='ocrx_word' id='word_1_180' title='bbox 3199 833 3491 900; x_wconf 90' lang='lat' dir='ltr'><strong>conditum,</strong></span> <span class='ocrx_word' id='word_1_181' title='bbox 3526 837 3609 891; x_wconf 90' lang='lat' dir='ltr'><strong>vcl</strong></span> 
     </span>
    </p>
   </div>
   <div class='ocr_carea' id='block_1_22' title="bbox 2037 908 3612 993">
    <p class='ocr_par' dir='ltr' id='par_1_22' title="bbox 2037 908 3612 993">
     <span class='ocr_line' id='line_1_22' title="bbox 2037 908 3612 993; baseline 0.012 -32"><span class='ocrx_word' id='word_1_182' title='bbox 2037 908 2338 962; x_wconf 89' lang='lat' dir='ltr'><strong>institutum</strong></span> <span class='ocrx_word' id='word_1_183' title='bbox 2380 910 2449 964; x_wconf 90' lang='lat' dir='ltr'><strong>ab</strong></span> <span class='ocrx_word' id='word_1_184' title='bbox 2487 911 2600 975; x_wconf 90' lang='lat' dir='ltr'><strong>illo,</strong></span> <span class='ocrx_word' id='word_1_185' title='bbox 2624 913 2708 967; x_wconf 88' lang='lat' dir='ltr'><strong>vel</strong></span> <span class='ocrx_word' id='word_1_186' title='bbox 2736 914 2780 967; x_wconf 94' lang='lat' dir='ltr'><strong>si</strong></span> <span class='ocrx_word' id='word_1_187' title='bbox 2811 915 2940 983; x_wconf 92' lang='lat' dir='ltr'><strong>quid</strong></span> <span class='ocrx_word' id='word_1_188' title='bbox 2983 915 3289 983; x_wconf 73' lang='lat' dir='ltr'><strong>huiusmodi</strong></span> <span class='ocrx_word' id='word_1_189' title='bbox 3312 930 3458 978; x_wconf 85' lang='lat' dir='ltr'><strong>recte</strong></span> <span class='ocrx_word' id='word_1_190' title='bbox 3488 939 3612 993; x_wconf 85' lang='lat' dir='ltr'><strong>pos-</strong></span> 
     </span>
    </p>
   </div>
   <div class='ocr_carea' id='block_1_23' title="bbox 2035 999 3611 1081">
    <p class='ocr_par' dir='ltr' id='par_1_23' title="bbox 2035 999 3611 1081">
     <span class='ocr_line' id='line_1_23' title="bbox 2035 999 3611 1081; baseline 0.011 -32"><span class='ocrx_word' id='word_1_191' title='bbox 2035 1012 2221 1052; x_wconf 86' lang='lat' dir='ltr'><strong>sumus</strong></span> <span class='ocrx_word' id='word_1_192' title='bbox 2239 999 2437 1054; x_wconf 89' lang='lat' dir='ltr'><strong>dicere.</strong></span> <span class='ocrx_word' id='word_1_193' title='bbox 2463 999 2571 1056; x_wconf 85' lang='lat' dir='ltr'><strong>Nec</strong></span> <span class='ocrx_word' id='word_1_194' title='bbox 2606 1002 2770 1072; x_wconf 85' lang='lat' dir='ltr'><strong>igitur</strong></span> <span class='ocrx_word' id='word_1_195' title='bbox 2795 1006 3193 1060; x_wconf 88' lang='lat' dir='ltr'><strong>concedendum</strong></span> <span class='ocrx_word' id='word_1_196' title='bbox 3212 1017 3314 1074; x_wconf 90' lang='lat' dir='ltr'><strong>est,</strong></span> <span class='ocrx_word' id='word_1_197' title='bbox 3345 1012 3611 1081; x_wconf 84' lang='lat' dir='ltr'><strong>quidquid</strong></span> 
     </span>
    </p>
   </div>
   <div class='ocr_carea' id='block_1_24' title="bbox 2035 1091 3609 1166">
    <p class='ocr_par' dir='ltr' id='par_1_24' title="bbox 2035 1091 3609 1166">
     <span class='ocr_line' id='line_1_24' title="bbox 2035 1091 3609 1166; baseline 0.011 -24"><span class='ocrx_word' id='word_1_198' title='bbox 2035 1091 2102 1144; x_wconf 86' lang='lat' dir='ltr'><strong>de</strong></span> <span class='ocrx_word' id='word_1_199' title='bbox 2142 1092 2319 1161; x_wconf 89' lang='lat' dir='ltr'><strong>aliqua</strong></span> <span class='ocrx_word' id='word_1_200' title='bbox 2362 1109 2421 1148; x_wconf 91' lang='lat' dir='ltr'><strong>re</strong></span> <span class='ocrx_word' id='word_1_201' title='bbox 2457 1104 2730 1159; x_wconf 90' lang='lat' dir='ltr'><strong>nascatur,</strong></span> <span class='ocrx_word' id='word_1_202' title='bbox 2778 1097 3034 1153; x_wconf 92' lang='lat' dir='ltr'><strong>continuo</strong></span> <span class='ocrx_word' id='word_1_203' title='bbox 3059 1098 3296 1166; x_wconf 84' lang='lat' dir='ltr'><strong>ejusdem</strong></span> <span class='ocrx_word' id='word_1_204' title='bbox 3325 1103 3402 1156; x_wconf 88' lang='lat' dir='ltr'><strong>rei</strong></span> <span class='ocrx_word' id='word_1_205' title='bbox 3442 1104 3609 1160; x_wconf 84' lang='lat' dir='ltr'><strong>ﬁlium</strong></span> 
     </span>
    </p>
   </div>
   <div class='ocr_carea' id='block_1_25' title="bbox 2034 1184 3608 1260">
    <p class='ocr_par' dir='ltr' id='par_1_25' title="bbox 2034 1184 3608 1260">
     <span class='ocr_line' id='line_1_25' title="bbox 2034 1184 3608 1260; baseline 0.009 -25"><span class='ocrx_word' id='word_1_206' title='bbox 2034 1184 2471 1250; x_wconf 87' lang='lat' dir='ltr'><strong>nuncupandum.</strong></span> <span class='ocrx_word' id='word_1_207' title='bbox 2506 1184 2577 1239; x_wconf 93' lang='lat' dir='ltr'><strong>Ut</strong></span> <span class='ocrx_word' id='word_1_208' title='bbox 2603 1185 2670 1238; x_wconf 90' lang='lat' dir='ltr'><strong>de</strong></span> <span class='ocrx_word' id='word_1_209' title='bbox 2694 1186 2874 1241; x_wconf 92' lang='lat' dir='ltr'><strong>multis</strong></span> <span class='ocrx_word' id='word_1_210' title='bbox 2894 1189 3157 1258; x_wconf 80' lang='lat' dir='ltr'><strong>exemplis</strong></span> <span class='ocrx_word' id='word_1_211' title='bbox 3183 1191 3284 1245; x_wconf 92' lang='lat' dir='ltr'><strong>hoc</strong></span> <span class='ocrx_word' id='word_1_212' title='bbox 3307 1192 3608 1260; x_wconf 79' lang='lat' dir='ltr'><strong>proferam,</strong></span> 
     </span>
    </p>
   </div>
   <div class='ocr_carea' id='block_1_26' title="bbox 2034 1272 3610 1346">
    <p class='ocr_par' dir='ltr' id='par_1_26' title="bbox 2034 1272 3610 1346">
     <span class='ocr_line' id='line_1_26' title="bbox 2034 1272 3610 1346; baseline 0.009 -23"><span class='ocrx_word' id='word_1_213' title='bbox 2034 1277 2180 1324; x_wconf 89' lang='lat' dir='ltr'><strong>certe</strong></span> <span class='ocrx_word' id='word_1_214' title='bbox 2225 1272 2318 1339; x_wconf 91' lang='lat' dir='ltr'><strong>qui</strong></span> <span class='ocrx_word' id='word_1_215' title='bbox 2356 1281 2650 1326; x_wconf 90' lang='lat' dir='ltr'><strong>nascuntur</strong></span> <span class='ocrx_word' id='word_1_216' title='bbox 2675 1288 2739 1327; x_wconf 80' lang='lat' dir='ltr'><strong>ex</strong></span> <span class='ocrx_word' id='word_1_217' title='bbox 2779 1290 2916 1345; x_wconf 90' lang='lat' dir='ltr'><strong>aqua</strong></span> <span class='ocrx_word' id='word_1_218' title='bbox 2944 1283 2999 1330; x_wconf 90' lang='lat' dir='ltr'><strong>et</strong></span> <span class='ocrx_word' id='word_1_219' title='bbox 3043 1276 3247 1346; x_wconf 88' lang='lat' dir='ltr'><strong>Spiritu</strong></span> <span class='ocrx_word' id='word_1_220' title='bbox 3275 1289 3481 1345; x_wconf 89' lang='lat' dir='ltr'><strong>sancto,</strong></span> <span class='ocrx_word' id='word_1_221' title='bbox 3517 1299 3610 1337; x_wconf 92' lang='lat' dir='ltr'><strong>ne-</strong></span> 
     </span>
    </p>
   </div>
   <div class='ocr_carea' id='block_1_27' title="bbox 2033 1361 3610 1442">
    <p class='ocr_par' dir='ltr' id='par_1_27' title="bbox 2033 1361 3610 1442">
     <span class='ocr_line' id='line_1_27' title="bbox 2033 1361 3610 1442; baseline 0.009 -29"><span class='ocrx_word' id='word_1_222' title='bbox 2033 1375 2137 1428; x_wconf 91' lang='lat' dir='ltr'><strong>que</strong></span> <span class='ocrx_word' id='word_1_223' title='bbox 2169 1361 2306 1414; x_wconf 86' lang='lat' dir='ltr'><strong>ﬁlios</strong></span> <span class='ocrx_word' id='word_1_224' title='bbox 2335 1377 2428 1416; x_wconf 90' lang='lat' dir='ltr'><strong>eos</strong></span> <span class='ocrx_word' id='word_1_225' title='bbox 2459 1370 2607 1418; x_wconf 90' lang='lat' dir='ltr'><strong>recte</strong></span> <span class='ocrx_word' id='word_1_226' title='bbox 2636 1364 2918 1434; x_wconf 89' lang='lat' dir='ltr'><strong>quisquam</strong></span> <span class='ocrx_word' id='word_1_227' title='bbox 2952 1368 3145 1421; x_wconf 77' lang='lat' dir='ltr'><strong>dixerit</strong></span> <span class='ocrx_word' id='word_1_228' title='bbox 3174 1385 3344 1439; x_wconf 68' lang='lat' dir='ltr'><strong>aquas,</strong></span> <span class='ocrx_word' id='word_1_229' title='bbox 3375 1372 3460 1426; x_wconf 88' lang='lat' dir='ltr'><strong>vel</strong></span> <span class='ocrx_word' id='word_1_230' title='bbox 3487 1372 3610 1442; x_wconf 90' lang='lat' dir='ltr'><strong>Spi-</strong></span> 
     </span>
    </p>
   </div>
   <div class='ocr_carea' id='block_1_28' title="bbox 2034 1451 3610 1522">
    <p class='ocr_par' dir='ltr' id='par_1_28' title="bbox 2034 1451 3610 1522">
     <span class='ocr_line' id='line_1_28' title="bbox 2034 1451 3610 1522; baseline 0.01 -19"><span class='ocrx_word' id='word_1_231' title='bbox 2034 1451 2169 1504; x_wconf 87' lang='lat' dir='ltr'><strong>ritus</strong></span> <span class='ocrx_word' id='word_1_232' title='bbox 2196 1451 2388 1517; x_wconf 90' lang='lat' dir='ltr'><strong>sancti,</strong></span> <span class='ocrx_word' id='word_1_233' title='bbox 2422 1453 2515 1506; x_wconf 90' lang='lat' dir='ltr'><strong>sed</strong></span> <span class='ocrx_word' id='word_1_234' title='bbox 2559 1453 2718 1522; x_wconf 91' lang='lat' dir='ltr'><strong>plane</strong></span> <span class='ocrx_word' id='word_1_235' title='bbox 2760 1455 3014 1510; x_wconf 90' lang='lat' dir='ltr'><strong>dicuntur</strong></span> <span class='ocrx_word' id='word_1_236' title='bbox 3039 1457 3160 1512; x_wconf 85' lang='lat' dir='ltr'><strong>Filii</strong></span> <span class='ocrx_word' id='word_1_237' title='bbox 3190 1460 3282 1514; x_wconf 89' lang='lat' dir='ltr'><strong>Dei</strong></span> <span class='ocrx_word' id='word_1_238' title='bbox 3330 1459 3507 1518; x_wconf 88' lang='lat' dir='ltr'><strong>Patris</strong></span> <span class='ocrx_word' id='word_1_239' title='bbox 3555 1470 3610 1517; x_wconf 90' lang='lat' dir='ltr'><strong>et</strong></span> 
     </span>
    </p>
   </div>
   <div class='ocr_carea' id='block_1_29' title="bbox 2033 1540 3608 1616">
    <p class='ocr_par' dir='ltr' id='par_1_29' title="bbox 2033 1540 3608 1616">
     <span class='ocr_line' id='line_1_29' title="bbox 2033 1540 3608 1616; baseline 0.011 -25"><span class='ocrx_word' id='word_1_240' title='bbox 2033 1540 2223 1594; x_wconf 91' lang='lat' dir='ltr'><strong>matris</strong></span> <span class='ocrx_word' id='word_1_241' title='bbox 2245 1540 2518 1595; x_wconf 67' lang='lat' dir='ltr'><strong>Ecclesiae.</strong></span> <span class='ocrx_word' id='word_1_242' title='bbox 2543 1541 2632 1597; x_wconf 90' lang='lat' dir='ltr'><strong>Sic</strong></span> <span class='ocrx_word' id='word_1_243' title='bbox 2655 1558 2787 1615; x_wconf 87' lang='lat' dir='ltr'><strong>ergo</strong></span> <span class='ocrx_word' id='word_1_244' title='bbox 2807 1548 2873 1600; x_wconf 94' lang='lat' dir='ltr'><strong>de</strong></span> <span class='ocrx_word' id='word_1_245' title='bbox 2896 1547 3100 1616; x_wconf 91' lang='lat' dir='ltr'><strong>Spiritu</strong></span> <span class='ocrx_word' id='word_1_246' title='bbox 3129 1558 3315 1605; x_wconf 89' lang='lat' dir='ltr'><strong>sancto</strong></span> <span class='ocrx_word' id='word_1_247' title='bbox 3337 1561 3497 1608; x_wconf 90' lang='lat' dir='ltr'><strong>natus</strong></span> <span class='ocrx_word' id='word_1_248' title='bbox 3522 1563 3608 1608; x_wconf 90' lang='lat' dir='ltr'><strong>est</strong></span> 
     </span>
    </p>
   </div>
   <div class='ocr_carea' id='block_1_30' title="bbox 2033 1628 3607 1704">
    <p class='ocr_par' dir='ltr' id='par_1_30' title="bbox 2033 1628 3607 1704">
     <span class='ocr_line' id='line_1_30' title="bbox 2033 1628 3607 1704; baseline 0.011 -23"><span class='ocrx_word' id='word_1_249' title='bbox 2033 1628 2200 1684; x_wconf 88' lang='lat' dir='ltr'><strong>Filius</strong></span> <span class='ocrx_word' id='word_1_250' title='bbox 2231 1629 2324 1684; x_wconf 90' lang='lat' dir='ltr'><strong>Dei</strong></span> <span class='ocrx_word' id='word_1_251' title='bbox 2371 1629 2570 1697; x_wconf 86' lang='lat' dir='ltr'><strong>Patris,</strong></span> <span class='ocrx_word' id='word_1_252' title='bbox 2617 1641 2673 1686; x_wconf 91' lang='lat' dir='ltr'><strong>et</strong></span> <span class='ocrx_word' id='word_1_253' title='bbox 2717 1649 2825 1688; x_wconf 91' lang='lat' dir='ltr'><strong>non</strong></span> <span class='ocrx_word' id='word_1_254' title='bbox 2857 1635 3091 1704; x_wconf 89' lang='lat' dir='ltr'><strong>Spiritus</strong></span> <span class='ocrx_word' id='word_1_255' title='bbox 3133 1642 3327 1695; x_wconf 90' lang='lat' dir='ltr'><strong>sancti.</strong></span> <span class='ocrx_word' id='word_1_256' title='bbox 3376 1641 3432 1697; x_wconf 93' lang='lat' dir='ltr'><strong>Si</strong></span> <span class='ocrx_word' id='word_1_257' title='bbox 3462 1644 3607 1699; x_wconf 91' lang='lat' dir='ltr'><strong>enim</strong></span> 
     </span>
    </p>
   </div>
   <div class='ocr_carea' id='block_1_31' title="bbox 355 1711 3607 1794">
    <p class='ocr_par' dir='ltr' id='par_1_31' title="bbox 355 1711 3607 1794">
     <span class='ocr_line' id='line_1_31' title="bbox 355 1711 3607 1794; baseline 0.001 -9"><span class='ocrx_word' id='word_1_258' title='bbox 355 1731 565 1785; x_wconf 90' lang='lat' dir='ltr'><strong>scilicet</strong></span> <span class='ocrx_word' id='word_1_259' title='bbox 605 1727 728 1781; x_wconf 84' lang='lat' dir='ltr'><strong>Filii</strong></span> <span class='ocrx_word' id='word_1_260' title='bbox 756 1726 870 1790; x_wconf 88' lang='lat' dir='ltr'><strong>Dei,</strong></span> <span class='ocrx_word' id='word_1_261' title='bbox 899 1723 1120 1794; x_wconf 90' lang='lat' dir='ltr'><strong>angelus</strong></span> <span class='ocrx_word' id='word_1_262' title='bbox 1162 1721 1430 1781; x_wconf 88' lang='lat' dir='ltr'><strong>salutavit,</strong></span> <span class='ocrx_word' id='word_1_263' title='bbox 1458 1721 1671 1790; x_wconf 90' lang='lat' dir='ltr'><strong>quando</strong></span> <span class='ocrx_word' id='word_1_264' title='bbox 1710 1721 1759 1774; x_wconf 88' lang='lat' dir='ltr'><strong>ei</strong></span> <span class='ocrx_word' id='word_1_265' title='bbox 1791 1719 1930 1774; x_wconf 80' lang='lat' dir='ltr'><strong>lutu-</strong></span> <span class='ocrx_word' id='word_1_266' title='bbox 1963 1711 2000 1768; x_wconf 85' lang='grc' dir='ltr'><strong>Β</strong></span> <span class='ocrx_word' id='word_1_267' title='bbox 2031 1717 2197 1774; x_wconf 88' lang='lat' dir='ltr'><strong>Filius</strong></span> <span class='ocrx_word' id='word_1_268' title='bbox 2240 1719 2475 1788; x_wconf 89' lang='lat' dir='ltr'><strong>Spiritus</strong></span> <span class='ocrx_word' id='word_1_269' title='bbox 2519 1723 2691 1777; x_wconf 89' lang='lat' dir='ltr'><strong>sancti</strong></span> <span class='ocrx_word' id='word_1_270' title='bbox 2723 1724 2994 1780; x_wconf 88' lang='lat' dir='ltr'><strong>diceretur</strong></span> <span class='ocrx_word' id='word_1_271' title='bbox 3034 1728 3283 1784; x_wconf 88' lang='lat' dir='ltr'><strong>Christus</strong></span> <span class='ocrx_word' id='word_1_272' title='bbox 3311 1733 3607 1789; x_wconf 88' lang='lat' dir='ltr'><strong>secundum</strong></span> 
     </span>
    </p>
   </div>
   <div class='ocr_carea' id='block_1_32' title="bbox 357 1809 1926 1886">
    <p class='ocr_par' dir='ltr' id='par_1_32' title="bbox 357 1809 1926 1886">
     <span class='ocr_line' id='line_1_32' title="bbox 357 1809 1926 1886; baseline -0.008 -11"><span class='ocrx_word' id='word_1_273' title='bbox 357 1837 475 1874; x_wconf 90' lang='lat' dir='ltr'><strong>rum</strong></span> <span class='ocrx_word' id='word_1_274' title='bbox 520 1817 785 1873; x_wconf 88' lang='lat' dir='ltr'><strong>nuntiavit</strong></span> <span class='ocrx_word' id='word_1_275' title='bbox 834 1823 1048 1886; x_wconf 89' lang='lat' dir='ltr'><strong>partum</strong></span> <span class='ocrx_word' id='word_1_276' title='bbox 1084 1831 1098 1870; x_wconf 90' lang='lat'><strong>:</strong></span> <span class='ocrx_word' id='word_1_277' title='bbox 1131 1813 1234 1866; x_wconf 81' lang='lat' dir='ltr'><strong>Ave</strong></span> <span class='ocrx_word' id='word_1_278' title='bbox 1265 1812 1480 1883; x_wconf 88' lang='lat' dir='ltr'><strong>(inquit)</strong></span> <span class='ocrx_word' id='word_1_279' title='bbox 1517 1811 1688 1881; x_wconf 86' lang='lat' dir='ltr'><strong>gratia</strong></span> <span class='ocrx_word' id='word_1_280' title='bbox 1735 1809 1926 1880; x_wconf 86' lang='lat' dir='ltr'><strong>plena;</strong></span> 
     </span>
    </p>
   </div>
   <div class='ocr_carea' id='block_1_33' title="bbox 353 1900 1927 1980">
    <p class='ocr_par' dir='ltr' id='par_1_33' title="bbox 353 1900 1927 1980">
     <span class='ocr_line' id='line_1_33' title="bbox 353 1900 1927 1980; baseline -0.008 -16"><span class='ocrx_word' id='word_1_281' title='bbox 353 1921 410 1964; x_wconf 86' lang='lat' dir='ltr'><strong>et</strong></span> <span class='ocrx_word' id='word_1_282' title='bbox 455 1909 614 1980; x_wconf 80' lang='lat' dir='ltr'><strong>paulo</strong></span> <span class='ocrx_word' id='word_1_283' title='bbox 659 1915 818 1976; x_wconf 91' lang='lat' dir='ltr'><strong>post:</strong></span> <span class='ocrx_word' id='word_1_284' title='bbox 851 1905 1102 1959; x_wconf 80' lang='lat' dir='ltr'><strong>Invenisti</strong></span> <span class='ocrx_word' id='word_1_285' title='bbox 1143 1903 1258 1974; x_wconf 92' lang='lat' dir='ltr'><strong>(ait)</strong></span> <span class='ocrx_word' id='word_1_286' title='bbox 1309 1903 1532 1973; x_wconf 78' lang='lat' dir='ltr'><strong>gratiam</strong></span> <span class='ocrx_word' id='word_1_287' title='bbox 1576 1901 1716 1970; x_wconf 86' lang='lat' dir='ltr'><strong>apud</strong></span> <span class='ocrx_word' id='word_1_288' title='bbox 1758 1900 1927 1953; x_wconf 86' lang='lat' dir='ltr'><strong>Deum</strong></span> 
     </span>
    </p>
   </div>
   <div class='ocr_carea' id='block_1_34' title="bbox 351 1992 1930 2070">
    <p class='ocr_par' dir='ltr' id='par_1_34' title="bbox 351 1992 1930 2070">
     <span class='ocr_line' id='line_1_34' title="bbox 351 1992 1930 2070; baseline -0.006 -17"><span class='ocrx_word' id='word_1_289' title='bbox 351 2001 508 2070; x_wconf 87' lang='lat' dir='ltr'><strong>(Luc.</strong></span> <span class='ocrx_word' id='word_1_290' title='bbox 541 2016 580 2062; x_wconf 84' lang='grc' dir='ltr'><strong>ι,</strong></span> <span class='ocrx_word' id='word_1_291' title='bbox 629 1999 721 2062; x_wconf 73' lang='lat'><strong>28,</strong></span> <span class='ocrx_word' id='word_1_292' title='bbox 769 1996 990 2068; x_wconf 75' lang='lat' dir='ltr'><strong>50).&#39;Et</strong></span> <span class='ocrx_word' id='word_1_293' title='bbox 1021 1995 1136 2049; x_wconf 72' lang='lat' dir='ltr'><strong>htec</strong></span> <span class='ocrx_word' id='word_1_294' title='bbox 1183 1995 1398 2064; x_wconf 90' lang='lat' dir='ltr'><strong>quidem</strong></span> <span class='ocrx_word' id='word_1_295' title='bbox 1446 1992 1617 2064; x_wconf 86' lang='lat' dir='ltr'><strong>gratia</strong></span> <span class='ocrx_word' id='word_1_296' title='bbox 1668 1992 1844 2061; x_wconf 90' lang='lat' dir='ltr'><strong>plena,</strong></span> <span class='ocrx_word' id='word_1_297' title='bbox 1873 1998 1930 2045; x_wconf 92' lang='lat' dir='ltr'><strong>et</strong></span> 
     </span>
    </p>
   </div>
   <div class='ocr_carea' id='block_1_35' title="bbox 353 2081 1924 2158">
    <p class='ocr_par' dir='ltr' id='par_1_35' title="bbox 353 2081 1924 2158">
     <span class='ocr_line' id='line_1_35' title="bbox 353 2081 1924 2158; baseline -0.006 -15"><span class='ocrx_word' id='word_1_298' title='bbox 353 2091 620 2144; x_wconf 80' lang='lat' dir='ltr'><strong>invenisse</strong></span> <span class='ocrx_word' id='word_1_299' title='bbox 649 2089 790 2158; x_wconf 93' lang='lat' dir='ltr'><strong>apud</strong></span> <span class='ocrx_word' id='word_1_300' title='bbox 811 2088 979 2141; x_wconf 88' lang='lat' dir='ltr'><strong>Deum</strong></span> <span class='ocrx_word' id='word_1_301' title='bbox 1005 2086 1233 2156; x_wconf 87' lang='lat' dir='ltr'><strong>gratiam</strong></span> <span class='ocrx_word' id='word_1_302' title='bbox 1256 2085 1472 2147; x_wconf 90' lang='lat' dir='ltr'><strong>dicitur,</strong></span> <span class='ocrx_word' id='word_1_303' title='bbox 1500 2092 1561 2136; x_wconf 92' lang='lat' dir='ltr'><strong>ut</strong></span> <span class='ocrx_word' id='word_1_304' title='bbox 1581 2082 1792 2136; x_wconf 92' lang='lat' dir='ltr'><strong>Domini</strong></span> <span class='ocrx_word' id='word_1_305' title='bbox 1817 2081 1924 2146; x_wconf 89' lang='lat' dir='ltr'><strong>sui,</strong></span> 
     </span>
    </p>
   </div>
   <div class='ocr_carea' id='block_1_36' title="bbox 353 2174 1924 2244">
    <p class='ocr_par' dir='ltr' id='par_1_36' title="bbox 353 2174 1924 2244">
     <span class='ocr_line' id='line_1_36' title="bbox 353 2174 1924 2244; baseline -0.008 -9"><span class='ocrx_word' id='word_1_306' title='bbox 353 2183 461 2235; x_wconf 91' lang='lat' dir='ltr'><strong>imo</strong></span> <span class='ocrx_word' id='word_1_307' title='bbox 484 2179 696 2234; x_wconf 92' lang='lat' dir='ltr'><strong>Domini</strong></span> <span class='ocrx_word' id='word_1_308' title='bbox 729 2178 990 2239; x_wconf 90' lang='lat' dir='ltr'><strong>omnium,</strong></span> <span class='ocrx_word' id='word_1_309' title='bbox 1015 2175 1162 2230; x_wconf 82' lang='lat' dir='ltr'><strong>salva</strong></span> <span class='ocrx_word' id='word_1_310' title='bbox 1200 2174 1530 2244; x_wconf 86' lang='lat' dir='ltr'><strong>virginitate,</strong></span> <span class='ocrx_word' id='word_1_311' title='bbox 1562 2181 1733 2226; x_wconf 90' lang='lat' dir='ltr'><strong>mater</strong></span> <span class='ocrx_word' id='word_1_312' title='bbox 1761 2179 1924 2242; x_wconf 84' lang='lat' dir='ltr'><strong>esset.</strong></span> 
     </span>
    </p>
   </div>
   <div class='ocr_carea' id='block_1_37' title="bbox 972 2305 1300 2364">
    <p class='ocr_par' dir='ltr' id='par_1_37' title="bbox 972 2305 1300 2364">
     <span class='ocr_line' id='line_1_37' title="bbox 972 2305 1300 2364; baseline -0.015 0"><span class='ocrx_word' id='word_1_313' title='bbox 972 2307 1196 2364; x_wconf 85' lang='lat' dir='ltr'><strong>CAPUT</strong></span> <span class='ocrx_word' id='word_1_314' title='bbox 1238 2305 1300 2361; x_wconf 90' lang='lat' dir='ltr'><strong>ll.</strong></span> 
     </span>
    </p>
   </div>
   <div class='ocr_carea' id='block_1_38' title="bbox 349 2415 1921 2490">
    <p class='ocr_par' dir='ltr' id='par_1_38' title="bbox 349 2415 1921 2490">
     <span class='ocr_line' id='line_1_38' title="bbox 349 2415 1921 2490; baseline -0.01 -12"><span class='ocrx_word' id='word_1_315' title='bbox 349 2425 428 2478; x_wconf 77' lang='lat' dir='ltr'><strong>Ad</strong></span> <span class='ocrx_word' id='word_1_316' title='bbox 453 2421 948 2490; x_wconf 70' lang='lat' dir='ltr'><strong>commendationem</strong></span> <span class='ocrx_word' id='word_1_317' title='bbox 977 2417 1210 2490; x_wconf 74' lang='lat' dir='ltr'><strong>ejusdem</strong></span> <span class='ocrx_word' id='word_1_318' title='bbox 1235 2415 1442 2490; x_wconf 50' lang='lat' dir='ltr'><strong>gratiae,</strong></span> <span class='ocrx_word' id='word_1_319' title='bbox 1483 2420 1921 2490; x_wconf 34' lang='lat' dir='ltr'><strong>beatusoevange-</strong></span> 
     </span>
    </p>
   </div>
   <div class='ocr_carea' id='block_1_39' title="bbox 454 2483 1814 2552">
    <p class='ocr_par' dir='ltr' id='par_1_39' title="bbox 454 2483 1814 2552">
     <span class='ocr_line' id='line_1_39' title="bbox 454 2483 1814 2552; baseline -0.01 -7"><span class='ocrx_word' id='word_1_320' title='bbox 454 2493 575 2548; x_wconf 76' lang='lat' dir='ltr'><strong>[ista</strong></span> <span class='ocrx_word' id='word_1_321' title='bbox 605 2489 870 2543; x_wconf 79' lang='lat' dir='ltr'><strong>Christum</strong></span> <span class='ocrx_word' id='word_1_322' title='bbox 897 2483 1236 2552; x_wconf 46' lang='lat' dir='ltr'><strong>ait,&#39;plenum</strong></span> <span class='ocrx_word' id='word_1_323' title='bbox 1264 2483 1436 2552; x_wconf 88' lang='lat' dir='ltr'><strong>gratia</strong></span> <span class='ocrx_word' id='word_1_324' title='bbox 1481 2489 1535 2534; x_wconf 90' lang='lat' dir='ltr'><strong>et</strong></span> <span class='ocrx_word' id='word_1_325' title='bbox 1569 2483 1814 2533; x_wconf 88' lang='lat' dir='ltr'><strong>veritate.</strong></span> 
     </span>
    </p>
   </div>
   <div class='ocr_carea' id='block_1_40' title="bbox 416 2589 1922 2672">
    <p class='ocr_par' dir='ltr' id='par_1_40' title="bbox 416 2589 1922 2672">
     <span class='ocr_line' id='line_1_40' title="bbox 416 2589 1922 2672; baseline -0.011 -15"><span class='ocrx_word' id='word_1_326' title='bbox 416 2603 494 2657; x_wconf 91' lang='lat' dir='ltr'><strong>De</strong></span> <span class='ocrx_word' id='word_1_327' title='bbox 529 2603 644 2672; x_wconf 92' lang='lat' dir='ltr'><strong>ipso</strong></span> <span class='ocrx_word' id='word_1_328' title='bbox 672 2608 852 2653; x_wconf 89' lang='lat' dir='ltr'><strong>autem</strong></span> <span class='ocrx_word' id='word_1_329' title='bbox 905 2595 1129 2650; x_wconf 90' lang='lat' dir='ltr'><strong>Domino</strong></span> <span class='ocrx_word' id='word_1_330' title='bbox 1161 2592 1396 2646; x_wconf 79' lang='lat' dir='ltr'><strong>Joannes</strong></span> <span class='ocrx_word' id='word_1_331' title='bbox 1433 2589 1758 2659; x_wconf 87' lang='lat' dir='ltr'><strong>evangelista</strong></span> <span class='ocrx_word' id='word_1_332' title='bbox 1797 2603 1922 2642; x_wconf 92' lang='lat' dir='ltr'><strong>cum</strong></span> 
     </span>
    </p>
   </div>
   <div class='ocr_carea' id='block_1_41' title="bbox 346 2680 1920 2755">
    <p class='ocr_par' dir='ltr' id='par_1_41' title="bbox 346 2680 1920 2755">
     <span class='ocr_line' id='line_1_41' title="bbox 346 2680 1920 2755; baseline -0.013 -3"><span class='ocrx_word' id='word_1_333' title='bbox 346 2697 570 2752; x_wconf 82' lang='lat' dir='ltr'><strong>dixisset</strong></span> <span class='ocrx_word' id='word_1_334' title='bbox 609 2711 621 2745; x_wconf 89' lang='lat'>:</span> <span class='ocrx_word' id='word_1_335' title='bbox 673 2691 895 2745; x_wconf 84' lang='lat' dir='ltr'><strong>Verbum</strong></span> <span class='ocrx_word' id='word_1_336' title='bbox 941 2705 1064 2741; x_wconf 87' lang='lat' dir='ltr'><strong>caro</strong></span> <span class='ocrx_word' id='word_1_337' title='bbox 1107 2685 1304 2755; x_wconf 79' lang='lat' dir='ltr'><strong>factum</strong></span> <span class='ocrx_word' id='word_1_338' title='bbox 1352 2691 1446 2746; x_wconf 89' lang='lat' dir='ltr'><strong>est,</strong></span> <span class='ocrx_word' id='word_1_339' title='bbox 1492 2692 1541 2735; x_wconf 89' lang='lat' dir='ltr'><strong>et</strong></span> <span class='ocrx_word' id='word_1_340' title='bbox 1586 2680 1835 2734; x_wconf 85' lang='lat' dir='ltr'><strong>habitavit</strong></span> <span class='ocrx_word' id='word_1_341' title='bbox 1865 2680 1920 2732; x_wconf 89' lang='lat' dir='ltr'><strong>in</strong></span> 
     </span>
    </p>
   </div>
   <div class='ocr_carea' id='block_1_42' title="bbox 345 2771 1916 2851">
    <p class='ocr_par' dir='ltr' id='par_1_42' title="bbox 345 2771 1916 2851">
     <span class='ocr_line' id='line_1_42' title="bbox 345 2771 1916 2851; baseline -0.013 -9"><span class='ocrx_word' id='word_1_342' title='bbox 345 2788 521 2850; x_wconf 82' lang='lat' dir='ltr'><strong>nobis;</strong></span> <span class='ocrx_word' id='word_1_343' title='bbox 580 2782 868 2851; x_wconf 85' lang='lat' dir='ltr'><strong>adjunxit:</strong></span> <span class='ocrx_word' id='word_1_344' title='bbox 923 2778 1182 2839; x_wconf 79' lang='lat' dir='ltr'><strong>Vidimus,</strong></span> <span class='ocrx_word' id='word_1_345' title='bbox 1253 2774 1446 2843; x_wconf 87' lang='lat' dir='ltr'><strong>inquit,</strong></span> <span class='ocrx_word' id='word_1_346' title='bbox 1509 2773 1732 2843; x_wconf 85' lang='lat' dir='ltr'><strong>gloriam</strong></span> <span class='ocrx_word' id='word_1_347' title='bbox 1779 2771 1916 2840; x_wconf 83' lang='lat' dir='ltr'><strong>ejus,</strong></span> 
     </span>
    </p>
   </div>
   <div class='ocr_carea' id='block_1_43' title="bbox 343 2861 1919 2944">
    <p class='ocr_par' dir='ltr' id='par_1_43' title="bbox 343 2861 1919 2944">
     <span class='ocr_line' id='line_1_43' title="bbox 343 2861 1919 2944; baseline -0.008 -16"><span class='ocrx_word' id='word_1_348' title='bbox 343 2875 564 2944; x_wconf 82' lang='lat' dir='ltr'><strong>gloriam</strong></span> <span class='ocrx_word' id='word_1_349' title='bbox 619 2872 767 2942; x_wconf 88' lang='lat' dir='ltr'><strong>quasi</strong></span> <span class='ocrx_word' id='word_1_350' title='bbox 813 2868 1065 2938; x_wconf 84' lang='lat' dir='ltr'><strong>unigeniti</strong></span> <span class='ocrx_word' id='word_1_351' title='bbox 1117 2883 1148 2918; x_wconf 85' lang='grc' dir='ltr'><em>α</em></span> <span class='ocrx_word' id='word_1_352' title='bbox 1181 2865 1360 2928; x_wconf 85' lang='lat' dir='ltr'><strong>Patre,</strong></span> <span class='ocrx_word' id='word_1_353' title='bbox 1392 2863 1600 2934; x_wconf 89' lang='lat' dir='ltr'><strong>plenum</strong></span> <span class='ocrx_word' id='word_1_354' title='bbox 1646 2861 1830 2932; x_wconf 71' lang='lat' dir='ltr'><strong>gratiae</strong></span> <span class='ocrx_word' id='word_1_355' title='bbox 1870 2872 1919 2916; x_wconf 86' lang='lat' dir='ltr'><strong>et</strong></span> 
     </span>
    </p>
   </div>
   <div class='ocr_carea' id='block_1_44' title="bbox 342 2951 1918 3032">
    <p class='ocr_par' dir='ltr' id='par_1_44' title="bbox 342 2951 1918 3032">
     <span class='ocr_line' id='line_1_44' title="bbox 342 2951 1918 3032; baseline -0.008 -15"><span class='ocrx_word' id='word_1_356' title='bbox 342 2964 573 3017; x_wconf 84' lang='lat' dir='ltr'><strong>veritatis</strong></span> <span class='ocrx_word' id='word_1_357' title='bbox 606 2961 785 3032; x_wconf 84' lang='lat' dir='ltr'><strong>(Joan.</strong></span> <span class='ocrx_word' id='word_1_358' title='bbox 818 2957 995 3028; x_wconf 63' lang='lat'><strong>1,14).</strong></span> <span class='ocrx_word' id='word_1_359' title='bbox 1027 2955 1178 3023; x_wconf 87' lang='lat' dir='ltr'><strong>Quod</strong></span> <span class='ocrx_word' id='word_1_360' title='bbox 1223 2955 1299 3008; x_wconf 91' lang='lat' dir='ltr'><strong>ait</strong></span> <span class='ocrx_word' id='word_1_361' title='bbox 1342 2970 1356 3006; x_wconf 86' lang='lat'><strong>:</strong></span> <span class='ocrx_word' id='word_1_362' title='bbox 1400 2951 1626 3006; x_wconf 84' lang='lat' dir='ltr'><strong>Verbum</strong></span> <span class='ocrx_word' id='word_1_363' title='bbox 1667 2969 1790 3005; x_wconf 88' lang='lat' dir='ltr'><strong>caro</strong></span> <span class='ocrx_word' id='word_1_364' title='bbox 1835 2952 1918 3021; x_wconf 80' lang='lat' dir='ltr'><strong>[a-</strong></span> 
     </span>
    </p>
   </div>
   <div class='ocr_carea' id='block_1_45' title="bbox 2029 1807 3603 1887">
    <p class='ocr_par' dir='ltr' id='par_1_45' title="bbox 2029 1807 3603 1887">
     <span class='ocr_line' id='line_1_45' title="bbox 2029 1807 3603 1887; baseline 0.01 -26"><span class='ocrx_word' id='word_1_365' title='bbox 2029 1807 2444 1874; x_wconf 89' lang='lat' dir='ltr'><strong>humanitatem,</strong></span> <span class='ocrx_word' id='word_1_366' title='bbox 2468 1811 2575 1865; x_wconf 90' lang='lat' dir='ltr'><strong>duo</strong></span> <span class='ocrx_word' id='word_1_367' title='bbox 2599 1811 2790 1868; x_wconf 87' lang='lat' dir='ltr'><strong>Patres</strong></span> <span class='ocrx_word' id='word_1_368' title='bbox 2820 1824 3002 1869; x_wconf 89' lang='lat' dir='ltr'><strong>essent</strong></span> <span class='ocrx_word' id='word_1_369' title='bbox 3031 1816 3084 1869; x_wconf 92' lang='lat' dir='ltr'><strong>in</strong></span> <span class='ocrx_word' id='word_1_370' title='bbox 3111 1828 3296 1872; x_wconf 88' lang='lat' dir='ltr'><strong>sancta</strong></span> <span class='ocrx_word' id='word_1_371' title='bbox 3320 1821 3603 1887; x_wconf 90' lang='lat' dir='ltr'><strong>Trinitate,</strong></span> 
     </span>
    </p>
   </div>
   <div class='ocr_carea' id='block_1_46' title="bbox 2026 1897 3605 1977">
    <p class='ocr_par' dir='ltr' id='par_1_46' title="bbox 2026 1897 3605 1977">
     <span class='ocr_line' id='line_1_46' title="bbox 2026 1897 3605 1977; baseline 0.013 -28"><span class='ocrx_word' id='word_1_372' title='bbox 2026 1905 2081 1950; x_wconf 92' lang='lat' dir='ltr'><strong>et</strong></span> <span class='ocrx_word' id='word_1_373' title='bbox 2108 1897 2251 1952; x_wconf 90' lang='lat' dir='ltr'><strong>Deus</strong></span> <span class='ocrx_word' id='word_1_374' title='bbox 2290 1899 2452 1954; x_wconf 88' lang='lat' dir='ltr'><strong>homo</strong></span> <span class='ocrx_word' id='word_1_375' title='bbox 2478 1899 2673 1968; x_wconf 87' lang='lat' dir='ltr'><strong>factus,</strong></span> <span class='ocrx_word' id='word_1_376' title='bbox 2705 1904 2840 1959; x_wconf 91' lang='lat' dir='ltr'><strong>duos</strong></span> <span class='ocrx_word' id='word_1_377' title='bbox 2883 1907 3159 1964; x_wconf 87' lang='lat' dir='ltr'><strong>habuisset</strong></span> <span class='ocrx_word' id='word_1_378' title='bbox 3187 1909 3399 1977; x_wconf 91' lang='lat' dir='ltr'><strong>Patres,</strong></span> <span class='ocrx_word' id='word_1_379' title='bbox 3437 1929 3605 1968; x_wconf 91' lang='lat' dir='ltr'><strong>unum</strong></span> 
     </span>
    </p>
   </div>
   <div class='ocr_carea' id='block_1_47' title="bbox 2027 1990 3606 2072">
    <p class='ocr_par' dir='ltr' id='par_1_47' title="bbox 2027 1990 3606 2072">
     <span class='ocr_line' id='line_1_47' title="bbox 2027 1990 3606 2072; baseline 0.012 -29"><span class='ocrx_word' id='word_1_380' title='bbox 2027 1990 2338 2055; x_wconf 87' lang='lat' dir='ltr'><strong>divinitatis,</strong></span> <span class='ocrx_word' id='word_1_381' title='bbox 2391 1994 2622 2050; x_wconf 86' lang='lat' dir='ltr'><strong>alterum</strong></span> <span class='ocrx_word' id='word_1_382' title='bbox 2667 1997 3041 2054; x_wconf 91' lang='lat' dir='ltr'><strong>humanitatis.</strong></span> <span class='ocrx_word' id='word_1_383' title='bbox 3099 2000 3206 2058; x_wconf 89' lang='lat' dir='ltr'><strong>Sed</strong></span> <span class='ocrx_word' id='word_1_384' title='bbox 3238 2004 3359 2072; x_wconf 88' lang='lat' dir='ltr'><strong>quis</strong></span> <span class='ocrx_word' id='word_1_385' title='bbox 3395 2005 3500 2060; x_wconf 89' lang='lat' dir='ltr'><strong>hoc</strong></span> <span class='ocrx_word' id='word_1_386' title='bbox 3527 2007 3606 2061; x_wconf 89' lang='lat' dir='ltr'><strong>di-</strong></span> 
     </span>
    </p>
   </div>
   <div class='ocr_carea' id='block_1_48' title="bbox 2027 2081 2433 2140">
    <p class='ocr_par' dir='ltr' id='par_1_48' title="bbox 2027 2081 2433 2140">
     <span class='ocr_line' id='line_1_48' title="bbox 2027 2081 2433 2140; baseline 0.007 -5"><span class='ocrx_word' id='word_1_387' title='bbox 2027 2095 2149 2137; x_wconf 89' lang='lat' dir='ltr'><strong>cere</strong></span> <span class='ocrx_word' id='word_1_388' title='bbox 2182 2081 2433 2140; x_wconf 88' lang='lat' dir='ltr'><strong>audebit?</strong></span> 
     </span>
    </p>
   </div>
   <div class='ocr_carea' id='block_1_49' title="bbox 2631 2178 2999 2238">
    <p class='ocr_par' dir='ltr' id='par_1_49' title="bbox 2631 2178 2999 2238">
     <span class='ocr_line' id='line_1_49' title="bbox 2631 2178 2999 2238; baseline 0.005 -4"><span class='ocrx_word' id='word_1_389' title='bbox 2631 2178 2857 2236; x_wconf 84' lang='lat' dir='ltr'><strong>CAPUT</strong></span> <span class='ocrx_word' id='word_1_390' title='bbox 2911 2182 2999 2238; x_wconf 84' lang='lat' dir='ltr'><strong>IV.</strong></span> 
     </span>
    </p>
   </div>
   <div class='ocr_carea' id='block_1_50' title="bbox 2099 2285 3533 2360">
    <p class='ocr_par' dir='ltr' id='par_1_50' title="bbox 2099 2285 3533 2360">
     <span class='ocr_line' id='line_1_50' title="bbox 2099 2285 3533 2360; baseline 0.012 -21"><span class='ocrx_word' id='word_1_391' title='bbox 2099 2285 2370 2352; x_wconf 75' lang='lat' dir='ltr'><strong>Quomodo</strong></span> <span class='ocrx_word' id='word_1_392' title='bbox 2405 2289 2739 2360; x_wconf 86' lang='lat' dir='ltr'><strong>intelligenda</strong></span> <span class='ocrx_word' id='word_1_393' title='bbox 2767 2295 2834 2347; x_wconf 86' lang='lat' dir='ltr'><strong>sit</strong></span> <span class='ocrx_word' id='word_1_394' title='bbox 2879 2297 3058 2351; x_wconf 84' lang='lat' dir='ltr'><strong>missio</strong></span> <span class='ocrx_word' id='word_1_395' title='bbox 3104 2296 3236 2352; x_wconf 83' lang='lat' dir='ltr'><strong>Filii</strong></span> <span class='ocrx_word' id='word_1_396' title='bbox 3261 2317 3294 2354; x_wconf 94' lang='lat' dir='ltr'><strong>a</strong></span> <span class='ocrx_word' id='word_1_397' title='bbox 3328 2297 3533 2356; x_wconf 70' lang='lat' dir='ltr'><strong>Patre?</strong></span> 
     </span>
    </p>
   </div>
   <div class='ocr_carea' id='block_1_51' title="bbox 2095 2392 3599 2475">
    <p class='ocr_par' dir='ltr' id='par_1_51' title="bbox 2095 2392 3599 2475">
     <span class='ocr_line' id='line_1_51' title="bbox 2095 2392 3599 2475; baseline 0.013 -30"><span class='ocrx_word' id='word_1_398' title='bbox 2095 2392 2452 2457; x_wconf 66' lang='lat' dir='ltr'><strong>Quaerendum</strong></span> <span class='ocrx_word' id='word_1_399' title='bbox 2497 2409 2582 2450; x_wconf 89' lang='lat' dir='ltr'><strong>est</strong></span> <span class='ocrx_word' id='word_1_400' title='bbox 2627 2402 2894 2466; x_wconf 92' lang='lat' dir='ltr'><strong>quomodo</strong></span> <span class='ocrx_word' id='word_1_401' title='bbox 2934 2405 3261 2475; x_wconf 90' lang='lat' dir='ltr'><strong>intelligatur</strong></span> <span class='ocrx_word' id='word_1_402' title='bbox 3293 2409 3480 2466; x_wconf 90' lang='lat' dir='ltr'><strong>missio</strong></span> <span class='ocrx_word' id='word_1_403' title='bbox 3506 2411 3599 2465; x_wconf 87' lang='lat' dir='ltr'><strong>Fi-</strong></span> 
     </span>
    </p>
   </div>
   <div class='ocr_carea' id='block_1_52' title="bbox 2021 2477 3600 2563">
    <p class='ocr_par' dir='ltr' id='par_1_52' title="bbox 2021 2477 3600 2563">
     <span class='ocr_line' id='line_1_52' title="bbox 2021 2477 3600 2563; baseline 0.015 -33"><span class='ocrx_word' id='word_1_404' title='bbox 2021 2477 2119 2531; x_wconf 85' lang='lat' dir='ltr'><strong>lii?</strong></span> <span class='ocrx_word' id='word_1_405' title='bbox 2145 2479 2305 2534; x_wconf 89' lang='lat' dir='ltr'><strong>Pater</strong></span> <span class='ocrx_word' id='word_1_406' title='bbox 2347 2484 2490 2536; x_wconf 90' lang='lat' dir='ltr'><strong>enim</strong></span> <span class='ocrx_word' id='word_1_407' title='bbox 2526 2485 2672 2539; x_wconf 92' lang='lat' dir='ltr'><strong>solus</strong></span> <span class='ocrx_word' id='word_1_408' title='bbox 2715 2503 2978 2556; x_wconf 90' lang='lat' dir='ltr'><strong>nusquam</strong></span> <span class='ocrx_word' id='word_1_409' title='bbox 3009 2491 3204 2561; x_wconf 88' lang='lat' dir='ltr'><strong>legitur</strong></span> <span class='ocrx_word' id='word_1_410' title='bbox 3245 2495 3480 2563; x_wconf 90' lang='lat' dir='ltr'><strong>missus;</strong></span> <span class='ocrx_word' id='word_1_411' title='bbox 3531 2499 3600 2554; x_wconf 86' lang='lat' dir='ltr'><strong>de</strong></span> 
     </span>
    </p>
   </div>
   <div class='ocr_carea' id='block_1_53' title="bbox 2021 2568 3599 2645">
    <p class='ocr_par' dir='ltr' id='par_1_53' title="bbox 2021 2568 3599 2645">
     <span class='ocr_line' id='line_1_53' title="bbox 2021 2568 3599 2645; baseline 0.011 -23"><span class='ocrx_word' id='word_1_412' title='bbox 2021 2568 2157 2623; x_wconf 89' lang='lat' dir='ltr'><strong>Filio</strong></span> <span class='ocrx_word' id='word_1_413' title='bbox 2185 2570 2404 2638; x_wconf 89' lang='lat' dir='ltr'><strong>quidem</strong></span> <span class='ocrx_word' id='word_1_414' title='bbox 2430 2572 2503 2624; x_wconf 91' lang='lat' dir='ltr'><strong>ita</strong></span> <span class='ocrx_word' id='word_1_415' title='bbox 2536 2574 2723 2628; x_wconf 88' lang='lat' dir='ltr'><strong>scribit</strong></span> <span class='ocrx_word' id='word_1_416' title='bbox 2750 2575 3038 2645; x_wconf 84' lang='lat' dir='ltr'><strong>Apostolus</strong></span> <span class='ocrx_word' id='word_1_417' title='bbox 3067 2598 3079 2632; x_wconf 92' lang='lat'>:</span> <span class='ocrx_word' id='word_1_418' title='bbox 3109 2578 3240 2634; x_wconf 87' lang='lat' dir='ltr'><strong>Cum</strong></span> <span class='ocrx_word' id='word_1_419' title='bbox 3262 2594 3436 2638; x_wconf 84' lang='lat' dir='ltr'><strong>autem</strong></span> <span class='ocrx_word' id='word_1_420' title='bbox 3466 2588 3599 2642; x_wconf 82' lang='lat' dir='ltr'><strong>venit</strong></span> 
     </span>
    </p>
   </div>
   <div class='ocr_carea' id='block_1_54' title="bbox 2019 2657 3600 2744">
    <p class='ocr_par' dir='ltr' id='par_1_54' title="bbox 2019 2657 3600 2744">
     <span class='ocr_line' id='line_1_54' title="bbox 2019 2657 3600 2744; baseline 0.012 -34"><span class='ocrx_word' id='word_1_421' title='bbox 2019 2657 2283 2728; x_wconf 82' lang='lat' dir='ltr'><strong>plenitudo</strong></span> <span class='ocrx_word' id='word_1_422' title='bbox 2314 2662 2580 2729; x_wconf 88' lang='lat' dir='ltr'><strong>temporis,</strong></span> <span class='ocrx_word' id='word_1_423' title='bbox 2611 2665 2751 2718; x_wconf 86' lang='lat' dir='ltr'><strong>misit</strong></span> <span class='ocrx_word' id='word_1_424' title='bbox 2782 2665 2925 2721; x_wconf 89' lang='lat' dir='ltr'><strong>Deus</strong></span> <span class='ocrx_word' id='word_1_425' title='bbox 2967 2666 3014 2719; x_wconf 82' lang='lat' dir='ltr'><em>F</em></span> <span class='ocrx_word' id='word_1_426' title='bbox 3017 2668 3162 2722; x_wconf 85' lang='lat' dir='ltr'><strong>ilium</strong></span> <span class='ocrx_word' id='word_1_427' title='bbox 3197 2687 3368 2738; x_wconf 86' lang='lat' dir='ltr'><strong>suum,</strong></span> <span class='ocrx_word' id='word_1_428' title='bbox 3403 2675 3600 2744; x_wconf 79' lang='lat' dir='ltr'><strong>factum</strong></span> 
     </span>
    </p>
   </div>
   <div class='ocr_carea' id='block_1_55' title="bbox 2019 2745 3598 2831">
    <p class='ocr_par' dir='ltr' id='par_1_55' title="bbox 2019 2745 3598 2831">
     <span class='ocr_line' id='line_1_55' title="bbox 2019 2745 3598 2831; baseline 0.012 -33"><span class='ocrx_word' id='word_1_429' title='bbox 2019 2761 2084 2799; x_wconf 76' lang='lat' dir='ltr'><strong>ea:</strong></span> <span class='ocrx_word' id='word_1_430' title='bbox 2106 2745 2340 2810; x_wconf 79' lang='lat' dir='ltr'><strong>muliere,</strong></span> <span class='ocrx_word' id='word_1_431' title='bbox 2371 2748 2568 2816; x_wconf 80' lang='lat' dir='ltr'><strong>factum</strong></span> <span class='ocrx_word' id='word_1_432' title='bbox 2592 2751 2686 2804; x_wconf 89' lang='lat' dir='ltr'><strong>sub</strong></span> <span class='ocrx_word' id='word_1_433' title='bbox 2715 2752 2844 2822; x_wconf 87' lang='lat' dir='ltr'><strong>lege,</strong></span> <span class='ocrx_word' id='word_1_434' title='bbox 2877 2765 2933 2808; x_wconf 89' lang='lat' dir='ltr'><strong>ut</strong></span> <span class='ocrx_word' id='word_1_435' title='bbox 2955 2772 3040 2810; x_wconf 87' lang='lat' dir='ltr'><strong>eos</strong></span> <span class='ocrx_word' id='word_1_436' title='bbox 3063 2759 3154 2828; x_wconf 88' lang='lat' dir='ltr'><strong>qui</strong></span> <span class='ocrx_word' id='word_1_437' title='bbox 3177 2761 3270 2814; x_wconf 88' lang='lat' dir='ltr'><strong>sub</strong></span> <span class='ocrx_word' id='word_1_438' title='bbox 3300 2760 3409 2831; x_wconf 89' lang='lat' dir='ltr'><strong>lege</strong></span> <span class='ocrx_word' id='word_1_439' title='bbox 3430 2774 3598 2829; x_wconf 88' lang='lat' dir='ltr'><strong>erant,</strong></span> 
     </span>
    </p>
   </div>
   <div class='ocr_carea' id='block_1_56' title="bbox 2022 2834 3599 2910">
    <p class='ocr_par' dir='ltr' id='par_1_56' title="bbox 2022 2834 3599 2910">
     <span class='ocr_line' id='line_1_56' title="bbox 2022 2834 3599 2910; baseline 0.013 -24"><span class='ocrx_word' id='word_1_440' title='bbox 2022 2834 2292 2889; x_wconf 87' lang='lat' dir='ltr'><strong>redemiret</strong></span> <span class='ocrx_word' id='word_1_441' title='bbox 2319 2835 2460 2907; x_wconf 88' lang='lat' dir='ltr'><strong>(Gal.</strong></span> <span class='ocrx_word' id='word_1_442' title='bbox 2503 2855 2578 2903; x_wconf 84' lang='lat' dir='ltr'><strong>tv,</strong></span> <span class='ocrx_word' id='word_1_443' title='bbox 2615 2840 2692 2910; x_wconf 71' lang='grc'><strong>4).</strong></span> <span class='ocrx_word' id='word_1_444' title='bbox 2720 2841 2854 2897; x_wconf 93' lang='lat' dir='ltr'><strong>Cum</strong></span> <span class='ocrx_word' id='word_1_445' title='bbox 2903 2855 3083 2900; x_wconf 88' lang='lat' dir='ltr'><strong>autem</strong></span> <span class='ocrx_word' id='word_1_446' title='bbox 3108 2848 3184 2901; x_wconf 89' lang='lat' dir='ltr'><strong>ait</strong></span> <span class='ocrx_word' id='word_1_447' title='bbox 3231 2866 3243 2900; x_wconf 94' lang='lat'>:</span> <span class='ocrx_word' id='word_1_448' title='bbox 3287 2849 3435 2904; x_wconf 80' lang='lat' dir='ltr'><strong>Misit</strong></span> <span class='ocrx_word' id='word_1_449' title='bbox 3464 2851 3599 2908; x_wconf 81' lang='lat' dir='ltr'><strong>Deus</strong></span> 
     </span>
    </p>
   </div>
   <div class='ocr_carea' id='block_1_57' title="bbox 2021 2924 3598 3000">
    <p class='ocr_par' dir='ltr' id='par_1_57' title="bbox 2021 2924 3598 3000">
     <span class='ocr_line' id='line_1_57' title="bbox 2021 2924 3598 3000; baseline 0.013 -23"><span class='ocrx_word' id='word_1_450' title='bbox 2021 2924 2220 2980; x_wconf 87' lang='lat' dir='ltr'><strong>Filium</strong></span> <span class='ocrx_word' id='word_1_451' title='bbox 2267 2945 2440 2993; x_wconf 88' lang='lat' dir='ltr'><strong>suum,</strong></span> <span class='ocrx_word' id='word_1_452' title='bbox 2483 2930 2679 2998; x_wconf 82' lang='lat' dir='ltr'><strong>factum</strong></span> <span class='ocrx_word' id='word_1_453' title='bbox 2707 2949 2772 2988; x_wconf 80' lang='lat' dir='ltr'><strong>ea:</strong></span> <span class='ocrx_word' id='word_1_454' title='bbox 2807 2935 3045 3000; x_wconf 87' lang='lat' dir='ltr'><strong>muliere,</strong></span> <span class='ocrx_word' id='word_1_455' title='bbox 3092 2940 3227 2994; x_wconf 91' lang='lat' dir='ltr'><strong>satis</strong></span> <span class='ocrx_word' id='word_1_456' title='bbox 3271 2943 3598 2998; x_wconf 89' lang='lat' dir='ltr'><strong>ostenditeo</strong></span> 
     </span>
    </p>
   </div>
   <div class='ocr_carea' id='block_1_58' title="bbox 341 3020 3594 3118">
    <p class='ocr_par' dir='ltr' id='par_1_58' title="bbox 341 3020 3594 3118">
     <span class='ocr_line' id='line_1_58' title="bbox 341 3020 3594 3118; baseline 0.018 -88"><span class='ocrx_word' id='word_1_457' title='bbox 341 3063 480 3107; x_wconf 58' lang='lat' dir='ltr'><strong>dum</strong></span> <span class='ocrx_word' id='word_1_458' title='bbox 501 3020 725 3116; x_wconf 32' lang='lat' dir='ltr'><strong>animo</strong></span> <span class='ocrx_word' id='word_1_459' title='bbox 762 3020 866 3113; x_wconf 42' lang='lat' dir='ltr'><strong>es&quot;</strong></span> <span class='ocrx_word' id='word_1_460' title='bbox 895 3020 1103 3118; x_wconf 44' lang='lat' dir='ltr'><strong>plénu-m</strong></span> <span class='ocrx_word' id='word_1_461' title='bbox 1127 3045 1347 3115; x_wconf 54' lang='lat' dir='ltr'><strong>gratim;</strong></span> <span class='ocrx_word' id='word_1_462' title='bbox 1374 3043 1513 3112; x_wconf 70' lang='lat' dir='ltr'><strong>quod</strong></span> <span class='ocrx_word' id='word_1_463' title='bbox 1551 3043 1628 3096; x_wconf 52' lang='lat' dir='ltr'><strong>ait</strong></span> <span class='ocrx_word' id='word_1_464' title='bbox 1653 3059 1667 3097; x_wconf 50' lang='grc' dir='ltr'>ε</span> <span class='ocrx_word' id='word_1_465' title='bbox 1695 3020 1914 3112; x_wconf 44' lang='lat' dir='ltr'><strong>gloriam</strong></span> <span class='ocrx_word' id='word_1_466' title='bbox 1943 3041 1987 3102; x_wconf 66' lang='grc' dir='ltr'><strong>ρ</strong></span> <span class='ocrx_word' id='word_1_467' title='bbox 2022 3020 2408 3118; x_wconf 46' lang='lat' dir='ltr'><strong>ipso-missum</strong></span> <span class='ocrx_word' id='word_1_468' title='bbox 2451 3022 2668 3118; x_wconf 51' lang='lat' dir='ltr'><strong>li‘ilium,</strong></span> <span class='ocrx_word' id='word_1_469' title='bbox 2723 3041 2830 3095; x_wconf 92' lang='lat' dir='ltr'><strong>quo</strong></span> <span class='ocrx_word' id='word_1_470' title='bbox 2881 3027 3056 3082; x_wconf 81' lang='lat' dir='ltr'><strong>factus</strong></span> <span class='ocrx_word' id='word_1_471' title='bbox 3106 3038 3190 3084; x_wconf 90' lang='lat' dir='ltr'><strong>est</strong></span> <span class='ocrx_word' id='word_1_472' title='bbox 3234 3046 3296 3085; x_wconf 81' lang='lat' dir='ltr'><strong>ex</strong></span> <span class='ocrx_word' id='word_1_473' title='bbox 3347 3034 3594 3090; x_wconf 87' lang='lat' dir='ltr'><strong>muliere.</strong></span> 
     </span>
    </p>
   </div>
   <div class='ocr_carea' id='block_1_59' title="bbox 340 3132 1910 3212">
    <p class='ocr_par' dir='ltr' id='par_1_59' title="bbox 340 3132 1910 3212">
     <span class='ocr_line' id='line_1_59' title="bbox 340 3132 1910 3212; baseline -0.008 -16"><span class='ocrx_word' id='word_1_474' title='bbox 340 3142 490 3212; x_wconf 82' lang='lat' dir='ltr'><strong>quasi</strong></span> <span class='ocrx_word' id='word_1_475' title='bbox 525 3139 776 3210; x_wconf 87' lang='lat' dir='ltr'><strong>unigeniti</strong></span> <span class='ocrx_word' id='word_1_476' title='bbox 828 3155 860 3190; x_wconf 91' lang='lat' dir='ltr'><strong>a</strong></span> <span class='ocrx_word' id='word_1_477' title='bbox 889 3136 1069 3200; x_wconf 89' lang='lat' dir='ltr'><strong>Patre,</strong></span> <span class='ocrx_word' id='word_1_478' title='bbox 1107 3136 1210 3189; x_wconf 90' lang='lat' dir='ltr'><strong>hoc</strong></span> <span class='ocrx_word' id='word_1_479' title='bbox 1244 3143 1347 3199; x_wconf 92' lang='lat' dir='ltr'><strong>est,</strong></span> <span class='ocrx_word' id='word_1_480' title='bbox 1400 3133 1609 3204; x_wconf 88' lang='lat' dir='ltr'><strong>plenum</strong></span> <span class='ocrx_word' id='word_1_481' title='bbox 1661 3132 1910 3185; x_wconf 78' lang='lat' dir='ltr'><strong>veritatis.</strong></span> 
     </span>
    </p>
   </div>
   <div class='ocr_carea' id='block_1_60' title="bbox 344 3222 1914 3298">
    <p class='ocr_par' dir='ltr' id='par_1_60' title="bbox 344 3222 1914 3298">
     <span class='ocr_line' id='line_1_60' title="bbox 344 3222 1914 3298; baseline -0.008 -11"><span class='ocrx_word' id='word_1_482' title='bbox 344 3232 554 3288; x_wconf 88' lang='lat' dir='ltr'><strong>Veritas</strong></span> <span class='ocrx_word' id='word_1_483' title='bbox 605 3230 801 3298; x_wconf 91' lang='lat' dir='ltr'><strong>quippe</strong></span> <span class='ocrx_word' id='word_1_484' title='bbox 841 3227 954 3296; x_wconf 91' lang='lat' dir='ltr'><strong>ipsa</strong></span> <span class='ocrx_word' id='word_1_485' title='bbox 982 3225 1290 3295; x_wconf 82' lang='lat' dir='ltr'><strong>unigenitus</strong></span> <span class='ocrx_word' id='word_1_486' title='bbox 1312 3231 1396 3278; x_wconf 91' lang='lat' dir='ltr'><strong>est</strong></span> <span class='ocrx_word' id='word_1_487' title='bbox 1442 3223 1535 3277; x_wconf 92' lang='lat' dir='ltr'><strong>Dei</strong></span> <span class='ocrx_word' id='word_1_488' title='bbox 1575 3222 1767 3287; x_wconf 87' lang='lat' dir='ltr'><strong>Filius,</strong></span> <span class='ocrx_word' id='word_1_489' title='bbox 1807 3237 1914 3275; x_wconf 92' lang='lat' dir='ltr'><strong>non</strong></span> 
     </span>
    </p>
   </div>
   <div class='ocr_carea' id='block_1_61' title="bbox 341 3313 1914 3394">
    <p class='ocr_par' dir='ltr' id='par_1_61' title="bbox 341 3313 1914 3394">
     <span class='ocr_line' id='line_1_61' title="bbox 341 3313 1914 3394; baseline -0.008 -17"><span class='ocrx_word' id='word_1_490' title='bbox 341 3323 534 3394; x_wconf 88' lang='lat' dir='ltr'><strong>gratia,</strong></span> <span class='ocrx_word' id='word_1_491' title='bbox 566 3319 661 3375; x_wconf 90' lang='lat' dir='ltr'><strong>sed</strong></span> <span class='ocrx_word' id='word_1_492' title='bbox 704 3326 918 3372; x_wconf 89' lang='lat' dir='ltr'><strong>natura.</strong></span> <span class='ocrx_word' id='word_1_493' title='bbox 950 3315 1138 3372; x_wconf 88' lang='lat' dir='ltr'><strong>Gratia</strong></span> <span class='ocrx_word' id='word_1_494' title='bbox 1184 3313 1418 3381; x_wconf 89' lang='lat' dir='ltr'><strong>suscepit</strong></span> <span class='ocrx_word' id='word_1_495' title='bbox 1463 3313 1735 3367; x_wconf 89' lang='lat' dir='ltr'><strong>hominem</strong></span> <span class='ocrx_word' id='word_1_496' title='bbox 1765 3320 1914 3364; x_wconf 88' lang='lat' dir='ltr'><strong>tanta</strong></span> 
     </span>
    </p>
   </div>
   <div class='ocr_carea' id='block_1_62' title="bbox 342 3399 1913 3478">
    <p class='ocr_par' dir='ltr' id='par_1_62' title="bbox 342 3399 1913 3478">
     <span class='ocr_line' id='line_1_62' title="bbox 342 3399 1913 3478; baseline -0.008 -12"><span class='ocrx_word' id='word_1_497' title='bbox 342 3412 546 3466; x_wconf 90' lang='lat' dir='ltr'><strong>unitate</strong></span> <span class='ocrx_word' id='word_1_498' title='bbox 570 3421 833 3478; x_wconf 83' lang='lat' dir='ltr'><strong>personae,</strong></span> <span class='ocrx_word' id='word_1_499' title='bbox 862 3412 920 3459; x_wconf 92' lang='lat' dir='ltr'><strong>ut</strong></span> <span class='ocrx_word' id='word_1_500' title='bbox 945 3405 1086 3458; x_wconf 90' lang='lat' dir='ltr'><strong>idem</strong></span> <span class='ocrx_word' id='word_1_501' title='bbox 1117 3403 1231 3471; x_wconf 90' lang='lat' dir='ltr'><strong>ipse</strong></span> <span class='ocrx_word' id='word_1_502' title='bbox 1255 3402 1590 3457; x_wconf 76' lang='lat' dir='ltr'><strong>essetetiam</strong></span> <span class='ocrx_word' id='word_1_503' title='bbox 1635 3399 1776 3455; x_wconf 91' lang='lat' dir='ltr'><strong>ﬁlius</strong></span> <span class='ocrx_word' id='word_1_504' title='bbox 1812 3401 1913 3454; x_wconf 87' lang='lat' dir='ltr'><strong>ho-</strong></span> 
     </span>
    </p>
   </div>
   <div class='ocr_carea' id='block_1_63' title="bbox 341 3491 1912 3566">
    <p class='ocr_par' dir='ltr' id='par_1_63' title="bbox 341 3491 1912 3566">
     <span class='ocr_line' id='line_1_63' title="bbox 341 3491 1912 3566; baseline -0.008 -10"><span class='ocrx_word' id='word_1_505' title='bbox 341 3501 519 3564; x_wconf 91' lang='lat' dir='ltr'><strong>minis,</strong></span> <span class='ocrx_word' id='word_1_506' title='bbox 547 3498 637 3566; x_wconf 94' lang='lat' dir='ltr'><strong>qui</strong></span> <span class='ocrx_word' id='word_1_507' title='bbox 679 3497 775 3551; x_wconf 92' lang='lat' dir='ltr'><strong>Dei</strong></span> <span class='ocrx_word' id='word_1_508' title='bbox 801 3494 968 3548; x_wconf 86' lang='lat' dir='ltr'><strong>Filius</strong></span> <span class='ocrx_word' id='word_1_509' title='bbox 1000 3493 1189 3548; x_wconf 92' lang='lat' dir='ltr'><strong>unicus</strong></span> <span class='ocrx_word' id='word_1_510' title='bbox 1213 3491 1536 3562; x_wconf 89' lang='lat' dir='ltr'><strong>unigenitus.</strong></span> <span class='ocrx_word' id='word_1_511' title='bbox 1561 3491 1620 3544; x_wconf 93' lang='lat' dir='ltr'><strong>ln</strong></span> <span class='ocrx_word' id='word_1_512' title='bbox 1661 3491 1776 3560; x_wconf 88' lang='lat' dir='ltr'><strong>ipso</strong></span> <span class='ocrx_word' id='word_1_513' title='bbox 1806 3505 1912 3544; x_wconf 94' lang='lat' dir='ltr'><strong>uno</strong></span> 
     </span>
    </p>
   </div>
   <div class='ocr_carea' id='block_1_64' title="bbox 339 3579 1913 3654">
    <p class='ocr_par' dir='ltr' id='par_1_64' title="bbox 339 3579 1913 3654">
     <span class='ocr_line' id='line_1_64' title="bbox 339 3579 1913 3654; baseline -0.006 -10"><span class='ocrx_word' id='word_1_514' title='bbox 339 3589 449 3644; x_wconf 91' lang='lat' dir='ltr'><strong>Deo</strong></span> <span class='ocrx_word' id='word_1_515' title='bbox 493 3596 546 3641; x_wconf 91' lang='lat' dir='ltr'><strong>et</strong></span> <span class='ocrx_word' id='word_1_516' title='bbox 575 3587 811 3650; x_wconf 88' lang='lat' dir='ltr'><strong>homine,</strong></span> <span class='ocrx_word' id='word_1_517' title='bbox 849 3585 1006 3654; x_wconf 91' lang='lat' dir='ltr'><strong>plena</strong></span> <span class='ocrx_word' id='word_1_518' title='bbox 1050 3583 1218 3652; x_wconf 88' lang='lat' dir='ltr'><strong>gratia</strong></span> <span class='ocrx_word' id='word_1_519' title='bbox 1248 3581 1619 3644; x_wconf 90' lang='lat' dir='ltr'><strong>humanitatis,</strong></span> <span class='ocrx_word' id='word_1_520' title='bbox 1649 3579 1913 3650; x_wconf 90' lang='lat' dir='ltr'><strong>plenaque</strong></span> 
     </span>
    </p>
   </div>
   <div class='ocr_carea' id='block_1_65' title="bbox 338 3672 1910 3745">
    <p class='ocr_par' dir='ltr' id='par_1_65' title="bbox 338 3672 1910 3745">
     <span class='ocr_line' id='line_1_65' title="bbox 338 3672 1910 3745; baseline -0.004 -11"><span class='ocrx_word' id='word_1_521' title='bbox 338 3679 633 3736; x_wconf 87' lang='lat' dir='ltr'><strong>divinitatis</strong></span> <span class='ocrx_word' id='word_1_522' title='bbox 672 3677 870 3731; x_wconf 86' lang='lat' dir='ltr'><strong>veritas</strong></span> <span class='ocrx_word' id='word_1_523' title='bbox 899 3675 1242 3745; x_wconf 90' lang='lat' dir='ltr'><strong>agnoscitur;</strong></span> <span class='ocrx_word' id='word_1_524' title='bbox 1278 3674 1441 3744; x_wconf 77' lang='grc'><strong>726</strong></span> <span class='ocrx_word' id='word_1_525' title='bbox 1485 3673 1601 3726; x_wconf 65' lang='lat' dir='ltr'><strong>hare</strong></span> <span class='ocrx_word' id='word_1_526' title='bbox 1636 3672 1910 3741; x_wconf 90' lang='lat' dir='ltr'><strong>plenitudo</strong></span> 
     </span>
    </p>
   </div>
   <div class='ocr_carea' id='block_1_66' title="bbox 337 3762 1911 3836">
    <p class='ocr_par' dir='ltr' id='par_1_66' title="bbox 337 3762 1911 3836">
     <span class='ocr_line' id='line_1_66' title="bbox 337 3762 1911 3836; baseline -0.006 -11"><span class='ocrx_word' id='word_1_527' title='bbox 337 3769 634 3826; x_wconf 87' lang='lat' dir='ltr'><strong>divinitatis</strong></span> <span class='ocrx_word' id='word_1_528' title='bbox 668 3768 721 3822; x_wconf 93' lang='lat' dir='ltr'><strong>in</strong></span> <span class='ocrx_word' id='word_1_529' title='bbox 749 3766 921 3836; x_wconf 91' lang='lat' dir='ltr'><strong>seipsa</strong></span> <span class='ocrx_word' id='word_1_530' title='bbox 960 3763 1346 3834; x_wconf 91' lang='lat' dir='ltr'><strong>plenitudinem</strong></span> <span class='ocrx_word' id='word_1_531' title='bbox 1383 3764 1546 3817; x_wconf 91' lang='lat' dir='ltr'><strong>habet</strong></span> <span class='ocrx_word' id='word_1_532' title='bbox 1569 3762 1771 3832; x_wconf 66' lang='lat' dir='ltr'><strong>gratiae,</strong></span> <span class='ocrx_word' id='word_1_533' title='bbox 1805 3777 1911 3832; x_wconf 90' lang='lat' dir='ltr'><strong>qua</strong></span> 
     </span>
    </p>
   </div>
   <div class='ocr_carea' id='block_1_67' title="bbox 337 3854 1910 3933">
    <p class='ocr_par' dir='ltr' id='par_1_67' title="bbox 337 3854 1910 3933">
     <span class='ocr_line' id='line_1_67' title="bbox 337 3854 1910 3933; baseline -0.006 -17"><span class='ocrx_word' id='word_1_534' title='bbox 337 3869 421 3916; x_wconf 90' lang='lat' dir='ltr'><strong>est</strong></span> <span class='ocrx_word' id='word_1_535' title='bbox 443 3860 574 3933; x_wconf 81' lang='lat' dir='ltr'><strong>[Al.,</strong></span> <span class='ocrx_word' id='word_1_536' title='bbox 604 3874 724 3928; x_wconf 67' lang='lat' dir='ltr'><strong>quae</strong></span> <span class='ocrx_word' id='word_1_537' title='bbox 744 3856 848 3928; x_wconf 85' lang='lat' dir='ltr'><strong>est]</strong></span> <span class='ocrx_word' id='word_1_538' title='bbox 875 3865 986 3910; x_wconf 90' lang='lat' dir='ltr'><strong>tota</strong></span> <span class='ocrx_word' id='word_1_539' title='bbox 1009 3856 1318 3911; x_wconf 89' lang='lat' dir='ltr'><strong>humanitas</strong></span> <span class='ocrx_word' id='word_1_540' title='bbox 1340 3855 1394 3908; x_wconf 89' lang='lat' dir='ltr'><strong>in</strong></span> <span class='ocrx_word' id='word_1_541' title='bbox 1412 3854 1694 3909; x_wconf 86' lang='lat' dir='ltr'><strong>divinitate</strong></span> <span class='ocrx_word' id='word_1_542' title='bbox 1711 3869 1806 3907; x_wconf 86' lang='lat' dir='ltr'><strong>sua</strong></span> <span class='ocrx_word' id='word_1_543' title='bbox 1823 3869 1836 3916; x_wconf 93' lang='lat'><strong>;</strong></span> <span class='ocrx_word' id='word_1_544' title='bbox 1856 3861 1910 3906; x_wconf 85' lang='lat' dir='ltr'><strong>et</strong></span> 
     </span>
    </p>
   </div>
   <div class='ocr_carea' id='block_1_68' title="bbox 336 3943 1904 4020">
    <p class='ocr_par' dir='ltr' id='par_1_68' title="bbox 336 3943 1904 4020">
     <span class='ocr_line' id='line_1_68' title="bbox 336 3943 1904 4020; baseline -0.005 -18"><span class='ocrx_word' id='word_1_545' title='bbox 336 3947 606 4020; x_wconf 86' lang='lat' dir='ltr'><strong>plenitudo</strong></span> <span class='ocrx_word' id='word_1_546' title='bbox 649 3948 833 4018; x_wconf 71' lang='lat' dir='ltr'><strong>gratia:</strong></span> <span class='ocrx_word' id='word_1_547' title='bbox 861 3945 1245 4016; x_wconf 83' lang='lat' dir='ltr'><strong>plenitudinem</strong></span> <span class='ocrx_word' id='word_1_548' title='bbox 1277 3944 1329 3998; x_wconf 94' lang='lat' dir='ltr'><strong>in</strong></span> <span class='ocrx_word' id='word_1_549' title='bbox 1371 3959 1429 3998; x_wconf 90' lang='lat' dir='ltr'><strong>se</strong></span> <span class='ocrx_word' id='word_1_550' title='bbox 1452 3943 1616 3998; x_wconf 85' lang='lat' dir='ltr'><strong>habet</strong></span> <span class='ocrx_word' id='word_1_551' title='bbox 1644 3943 1904 4005; x_wconf 83' lang='lat' dir='ltr'><strong>veritatis,</strong></span> 
     </span>
    </p>
   </div>
   <div class='ocr_carea' id='block_1_69' title="bbox 337 4032 1906 4108">
    <p class='ocr_par' dir='ltr' id='par_1_69' title="bbox 337 4032 1906 4108">
     <span class='ocr_line' id='line_1_69' title="bbox 337 4032 1906 4108; baseline -0.003 -18"><span class='ocrx_word' id='word_1_552' title='bbox 337 4053 442 4108; x_wconf 88' lang='lat' dir='ltr'><strong>qua</strong></span> <span class='ocrx_word' id='word_1_553' title='bbox 497 4045 579 4091; x_wconf 89' lang='lat' dir='ltr'><strong>est</strong></span> <span class='ocrx_word' id='word_1_554' title='bbox 653 4036 786 4108; x_wconf 81' lang='lat' dir='ltr'><strong>[Al.,</strong></span> <span class='ocrx_word' id='word_1_555' title='bbox 842 4051 960 4105; x_wconf 67' lang='lat' dir='ltr'><strong>qum</strong></span> <span class='ocrx_word' id='word_1_556' title='bbox 999 4034 1102 4107; x_wconf 91' lang='lat' dir='ltr'><strong>est]</strong></span> <span class='ocrx_word' id='word_1_557' title='bbox 1151 4042 1261 4089; x_wconf 92' lang='lat' dir='ltr'><strong>tota</strong></span> <span class='ocrx_word' id='word_1_558' title='bbox 1308 4033 1563 4088; x_wconf 87' lang='lat' dir='ltr'><strong>divinitas</strong></span> <span class='ocrx_word' id='word_1_559' title='bbox 1609 4032 1663 4086; x_wconf 90' lang='lat' dir='ltr'><strong>in</strong></span> <span class='ocrx_word' id='word_1_560' title='bbox 1715 4033 1906 4087; x_wconf 89' lang='lat' dir='ltr'><strong>huma-</strong></span> 
     </span>
    </p>
   </div>
   <div class='ocr_carea' id='block_1_70' title="bbox 337 4125 1907 4198">
    <p class='ocr_par' dir='ltr' id='par_1_70' title="bbox 337 4125 1907 4198">
     <span class='ocr_line' id='line_1_70' title="bbox 337 4125 1907 4198; baseline -0.003 -16"><span class='ocrx_word' id='word_1_561' title='bbox 337 4129 505 4183; x_wconf 88' lang='lat' dir='ltr'><strong>nitate</strong></span> <span class='ocrx_word' id='word_1_562' title='bbox 579 4143 695 4181; x_wconf 88' lang='lat' dir='ltr'><strong>sua.</strong></span> <span class='ocrx_word' id='word_1_563' title='bbox 773 4128 851 4182; x_wconf 85' lang='lat' dir='ltr'><strong>Ita</strong></span> <span class='ocrx_word' id='word_1_564' title='bbox 906 4134 968 4181; x_wconf 93' lang='lat' dir='ltr'><strong>ut</strong></span> <span class='ocrx_word' id='word_1_565' title='bbox 1027 4128 1305 4198; x_wconf 90' lang='lat' dir='ltr'><strong>plenitudo</strong></span> <span class='ocrx_word' id='word_1_566' title='bbox 1361 4125 1607 4182; x_wconf 88' lang='lat' dir='ltr'><strong>veritatis</strong></span> <span class='ocrx_word' id='word_1_567' title='bbox 1674 4125 1907 4196; x_wconf 87' lang='lat' dir='ltr'><strong>plenitu-</strong></span> 
     </span>
    </p>
   </div>
   <div class='ocr_carea' id='block_1_71' title="bbox 336 4218 1906 4290">
    <p class='ocr_par' dir='ltr' id='par_1_71' title="bbox 336 4218 1906 4290">
     <span class='ocr_line' id='line_1_71' title="bbox 336 4218 1906 4290; baseline -0.002 -15"><span class='ocrx_word' id='word_1_568' title='bbox 336 4219 514 4275; x_wconf 88' lang='lat' dir='ltr'><strong>dinem</strong></span> <span class='ocrx_word' id='word_1_569' title='bbox 569 4219 622 4272; x_wconf 92' lang='lat' dir='ltr'><strong>in</strong></span> <span class='ocrx_word' id='word_1_570' title='bbox 681 4233 739 4273; x_wconf 91' lang='lat' dir='ltr'><strong>se</strong></span> <span class='ocrx_word' id='word_1_571' title='bbox 790 4219 988 4272; x_wconf 89' lang='lat' dir='ltr'><strong>habeat</strong></span> <span class='ocrx_word' id='word_1_572' title='bbox 1037 4219 1246 4288; x_wconf 66' lang='lat' dir='ltr'><strong>gratiae,</strong></span> <span class='ocrx_word' id='word_1_573' title='bbox 1296 4227 1352 4274; x_wconf 93' lang='lat' dir='ltr'><strong>et</strong></span> <span class='ocrx_word' id='word_1_574' title='bbox 1393 4218 1672 4288; x_wconf 88' lang='lat' dir='ltr'><strong>plenitudo</strong></span> <span class='ocrx_word' id='word_1_575' title='bbox 1718 4218 1906 4290; x_wconf 60' lang='lat' dir='ltr'><strong>gratia:</strong></span> 
     </span>
    </p>
   </div>
   <div class='ocr_carea' id='block_1_72' title="bbox 334 4308 1904 4382">
    <p class='ocr_par' dir='ltr' id='par_1_72' title="bbox 334 4308 1904 4382">
     <span class='ocr_line' id='line_1_72' title="bbox 334 4308 1904 4382; baseline 0.003 -20"><span class='ocrx_word' id='word_1_576' title='bbox 334 4308 716 4378; x_wconf 90' lang='lat' dir='ltr'><strong>plenitudinem</strong></span> <span class='ocrx_word' id='word_1_577' title='bbox 755 4309 810 4363; x_wconf 91' lang='lat' dir='ltr'><strong>in</strong></span> <span class='ocrx_word' id='word_1_578' title='bbox 855 4323 914 4362; x_wconf 90' lang='lat' dir='ltr'><strong>se</strong></span> <span class='ocrx_word' id='word_1_579' title='bbox 956 4308 1154 4362; x_wconf 88' lang='lat' dir='ltr'><strong>habeat</strong></span> <span class='ocrx_word' id='word_1_580' title='bbox 1200 4309 1465 4364; x_wconf 88' lang='lat' dir='ltr'><strong>veritatis.</strong></span> <span class='ocrx_word' id='word_1_581' title='bbox 1515 4309 1632 4382; x_wconf 91' lang='lat' dir='ltr'><strong>[Sic</strong></span> <span class='ocrx_word' id='word_1_582' title='bbox 1657 4319 1741 4366; x_wconf 88' lang='lat' dir='ltr'><strong>est</strong></span> <span class='ocrx_word' id='word_1_583' title='bbox 1773 4325 1904 4380; x_wconf 88' lang='lat' dir='ltr'><strong>ergo</strong></span> 
     </span>
    </p>
   </div>
   <div class='ocr_carea' id='block_1_73' title="bbox 2020 3109 3598 3185">
    <p class='ocr_par' dir='ltr' id='par_1_73' title="bbox 2020 3109 3598 3185">
     <span class='ocr_line' id='line_1_73' title="bbox 2020 3109 3598 3185; baseline 0.011 -20"><span class='ocrx_word' id='word_1_584' title='bbox 2020 3109 2172 3177; x_wconf 84' lang='lat' dir='ltr'><strong>Quod</strong></span> <span class='ocrx_word' id='word_1_585' title='bbox 2195 3125 2324 3182; x_wconf 78' lang='lat' dir='ltr'><strong>ergo</strong></span> <span class='ocrx_word' id='word_1_586' title='bbox 2351 3113 2418 3168; x_wconf 91' lang='lat' dir='ltr'><strong>de</strong></span> <span class='ocrx_word' id='word_1_587' title='bbox 2458 3114 2568 3168; x_wconf 90' lang='lat' dir='ltr'><strong>Deo</strong></span> <span class='ocrx_word' id='word_1_588' title='bbox 2591 3126 2749 3171; x_wconf 90' lang='lat' dir='ltr'><strong>natus</strong></span> <span class='ocrx_word' id='word_1_589' title='bbox 2773 3126 2857 3172; x_wconf 90' lang='lat' dir='ltr'><strong>est</strong></span> <span class='ocrx_word' id='word_1_590' title='bbox 2883 3119 2978 3174; x_wconf 85' lang='lat' dir='ltr'><strong>Dei</strong></span> <span class='ocrx_word' id='word_1_591' title='bbox 3007 3120 3194 3185; x_wconf 87' lang='lat' dir='ltr'><strong>Filius,</strong></span> <span class='ocrx_word' id='word_1_592' title='bbox 3219 3122 3274 3176; x_wconf 93' lang='lat' dir='ltr'><strong>in</strong></span> <span class='ocrx_word' id='word_1_593' title='bbox 3307 3124 3412 3179; x_wconf 90' lang='lat' dir='ltr'><strong>hoc</strong></span> <span class='ocrx_word' id='word_1_594' title='bbox 3439 3142 3598 3181; x_wconf 81' lang='lat' dir='ltr'><strong>mun-</strong></span> 
     </span>
    </p>
   </div>
   <div class='ocr_carea' id='block_1_74' title="bbox 2015 3200 3598 3279">
    <p class='ocr_par' dir='ltr' id='par_1_74' title="bbox 2015 3200 3598 3279">
     <span class='ocr_line' id='line_1_74' title="bbox 2015 3200 3598 3279; baseline 0.01 -25"><span class='ocrx_word' id='word_1_595' title='bbox 2015 3200 2082 3254; x_wconf 90' lang='lat' dir='ltr'><strong>do</strong></span> <span class='ocrx_word' id='word_1_596' title='bbox 2111 3209 2247 3264; x_wconf 89' lang='lat' dir='ltr'><strong>erat,</strong></span> <span class='ocrx_word' id='word_1_597' title='bbox 2295 3202 2433 3256; x_wconf 89' lang='lat' dir='ltr'><strong>sicut</strong></span> <span class='ocrx_word' id='word_1_598' title='bbox 2459 3203 2801 3275; x_wconf 85' lang='lat' dir='ltr'><strong>Evangelista</strong></span> <span class='ocrx_word' id='word_1_599' title='bbox 2844 3208 2921 3262; x_wconf 90' lang='lat' dir='ltr'><strong>ait</strong></span> <span class='ocrx_word' id='word_1_600' title='bbox 2972 3227 2985 3262; x_wconf 90' lang='lat'><strong>:</strong></span> <span class='ocrx_word' id='word_1_601' title='bbox 3033 3209 3100 3264; x_wconf 91' lang='lat' dir='ltr'><strong>In</strong></span> <span class='ocrx_word' id='word_1_602' title='bbox 3137 3212 3332 3268; x_wconf 87' lang='lat' dir='ltr'><strong>mundo</strong></span> <span class='ocrx_word' id='word_1_603' title='bbox 3378 3225 3506 3279; x_wconf 87' lang='lat' dir='ltr'><strong>erat,</strong></span> <span class='ocrx_word' id='word_1_604' title='bbox 3548 3226 3598 3270; x_wconf 85' lang='lat' dir='ltr'><strong>et</strong></span> 
     </span>
    </p>
   </div>
   <div class='ocr_carea' id='block_1_75' title="bbox 2013 3289 3596 3371">
    <p class='ocr_par' dir='ltr' id='par_1_75' title="bbox 2013 3289 3596 3371">
     <span class='ocr_line' id='line_1_75' title="bbox 2013 3289 3596 3371; baseline 0.011 -30"><span class='ocrx_word' id='word_1_605' title='bbox 2013 3289 2241 3344; x_wconf 89' lang='lat' dir='ltr'><strong>mundus</strong></span> <span class='ocrx_word' id='word_1_606' title='bbox 2278 3308 2371 3361; x_wconf 88' lang='lat' dir='ltr'><strong>per</strong></span> <span class='ocrx_word' id='word_1_607' title='bbox 2401 3293 2571 3363; x_wconf 88' lang='lat' dir='ltr'><strong>ipsum</strong></span> <span class='ocrx_word' id='word_1_608' title='bbox 2595 3295 2766 3363; x_wconf 84' lang='lat' dir='ltr'><strong>[actus</strong></span> <span class='ocrx_word' id='word_1_609' title='bbox 2787 3306 2860 3350; x_wconf 90' lang='lat' dir='ltr'><strong>est</strong></span> <span class='ocrx_word' id='word_1_610' title='bbox 2883 3298 3062 3369; x_wconf 86' lang='lat' dir='ltr'><strong>(Joan.</strong></span> <span class='ocrx_word' id='word_1_611' title='bbox 3089 3315 3127 3364; x_wconf 90' lang='grc' dir='ltr'><strong>ι,</strong></span> <span class='ocrx_word' id='word_1_612' title='bbox 3159 3299 3279 3366; x_wconf 84' lang='grc'><strong>10);</strong></span> <span class='ocrx_word' id='word_1_613' title='bbox 3329 3303 3469 3371; x_wconf 88' lang='lat' dir='ltr'><strong>quod</strong></span> <span class='ocrx_word' id='word_1_614' title='bbox 3497 3321 3596 3358; x_wconf 89' lang='lat' dir='ltr'><strong>au-</strong></span> 
     </span>
    </p>
   </div>
   <div class='ocr_carea' id='block_1_76' title="bbox 2014 3381 3594 3454">
    <p class='ocr_par' dir='ltr' id='par_1_76' title="bbox 2014 3381 3594 3454">
     <span class='ocr_line' id='line_1_76' title="bbox 2014 3381 3594 3454; baseline 0.009 -19"><span class='ocrx_word' id='word_1_615' title='bbox 2014 3389 2122 3435; x_wconf 90' lang='lat' dir='ltr'><strong>tem</strong></span> <span class='ocrx_word' id='word_1_616' title='bbox 2165 3381 2230 3436; x_wconf 91' lang='lat' dir='ltr'><strong>de</strong></span> <span class='ocrx_word' id='word_1_617' title='bbox 2274 3381 2440 3437; x_wconf 82' lang='lat' dir='ltr'><strong>Maria</strong></span> <span class='ocrx_word' id='word_1_618' title='bbox 2490 3385 2700 3454; x_wconf 89' lang='lat' dir='ltr'><strong>virgine</strong></span> <span class='ocrx_word' id='word_1_619' title='bbox 2746 3395 2904 3442; x_wconf 89' lang='lat' dir='ltr'><strong>natus</strong></span> <span class='ocrx_word' id='word_1_620' title='bbox 2942 3399 3048 3452; x_wconf 90' lang='lat' dir='ltr'><strong>est,</strong></span> <span class='ocrx_word' id='word_1_621' title='bbox 3077 3391 3128 3444; x_wconf 93' lang='lat' dir='ltr'><strong>in</strong></span> <span class='ocrx_word' id='word_1_622' title='bbox 3159 3391 3303 3446; x_wconf 90' lang='lat' dir='ltr'><strong>hunc</strong></span> <span class='ocrx_word' id='word_1_623' title='bbox 3332 3395 3594 3450; x_wconf 90' lang='lat' dir='ltr'><strong>mundum</strong></span> 
     </span>
    </p>
   </div>
   <div class='ocr_carea' id='block_1_77' title="bbox 2012 3471 3591 3555">
    <p class='ocr_par' dir='ltr' id='par_1_77' title="bbox 2012 3471 3591 3555">
     <span class='ocr_line' id='line_1_77' title="bbox 2012 3471 3591 3555; baseline 0.012 -32"><span class='ocrx_word' id='word_1_624' title='bbox 2012 3471 2210 3525; x_wconf 90' lang='lat' dir='ltr'><strong>missus</strong></span> <span class='ocrx_word' id='word_1_625' title='bbox 2257 3473 2492 3527; x_wconf 86' lang='lat' dir='ltr'><strong>advenit.</strong></span> <span class='ocrx_word' id='word_1_626' title='bbox 2538 3474 2674 3529; x_wconf 90' lang='lat' dir='ltr'><strong>Nam</strong></span> <span class='ocrx_word' id='word_1_627' title='bbox 2719 3485 2774 3530; x_wconf 90' lang='lat' dir='ltr'><strong>et</strong></span> <span class='ocrx_word' id='word_1_628' title='bbox 2819 3478 2930 3547; x_wconf 91' lang='lat' dir='ltr'><strong>ipse</strong></span> <span class='ocrx_word' id='word_1_629' title='bbox 2975 3479 3234 3535; x_wconf 91' lang='lat' dir='ltr'><strong>Dominus</strong></span> <span class='ocrx_word' id='word_1_630' title='bbox 3276 3484 3392 3538; x_wconf 87' lang='lat' dir='ltr'><strong>ait:</strong></span> <span class='ocrx_word' id='word_1_631' title='bbox 3425 3485 3591 3555; x_wconf 85' lang='lat' dir='ltr'><strong>Egon</strong></span> 
     </span>
    </p>
   </div>
   <div class='ocr_carea' id='block_1_78' title="bbox 2013 3560 3588 3643">
    <p class='ocr_par' dir='ltr' id='par_1_78' title="bbox 2013 3560 3588 3643">
     <span class='ocr_line' id='line_1_78' title="bbox 2013 3560 3588 3643; baseline 0.011 -30"><span class='ocrx_word' id='word_1_632' title='bbox 2013 3560 2174 3615; x_wconf 86' lang='lat' dir='ltr'><strong>Patre</strong></span> <span class='ocrx_word' id='word_1_633' title='bbox 2200 3563 2353 3628; x_wconf 74' lang='lat' dir='ltr'><strong>exivi,</strong></span> <span class='ocrx_word' id='word_1_634' title='bbox 2380 3572 2428 3616; x_wconf 89' lang='lat' dir='ltr'><strong>et</strong></span> <span class='ocrx_word' id='word_1_635' title='bbox 2460 3566 2572 3618; x_wconf 83' lang='lat' dir='ltr'><strong>veni</strong></span> <span class='ocrx_word' id='word_1_636' title='bbox 2591 3566 2646 3619; x_wconf 90' lang='lat' dir='ltr'><strong>in</strong></span> <span class='ocrx_word' id='word_1_637' title='bbox 2665 3567 2802 3620; x_wconf 83' lang='lat' dir='ltr'><strong>hunc</strong></span> <span class='ocrx_word' id='word_1_638' title='bbox 2828 3569 3080 3622; x_wconf 87' lang='lat' dir='ltr'><strong>mundum</strong></span> <span class='ocrx_word' id='word_1_639' title='bbox 3103 3569 3287 3642; x_wconf 81' lang='lat' dir='ltr'><strong>(Joan.</strong></span> <span class='ocrx_word' id='word_1_640' title='bbox 3329 3589 3444 3639; x_wconf 81' lang='lat' dir='ltr'><strong>xvt,</strong></span> <span class='ocrx_word' id='word_1_641' title='bbox 3475 3574 3588 3643; x_wconf 73' lang='lat'><strong>28).</strong></span> 
     </span>
    </p>
   </div>
   <div class='ocr_carea' id='block_1_79' title="bbox 2013 3649 3597 3736">
    <p class='ocr_par' dir='ltr' id='par_1_79' title="bbox 2013 3649 3597 3736">
     <span class='ocr_line' id='line_1_79' title="bbox 2013 3649 3597 3736; baseline 0.011 -32"><span class='ocrx_word' id='word_1_642' title='bbox 2013 3649 2183 3722; x_wconf 84' lang='lat' dir='ltr'><strong>[Ergo</strong></span> <span class='ocrx_word' id='word_1_643' title='bbox 2207 3667 2235 3704; x_wconf 90' lang='lat' dir='ltr'><strong>a</strong></span> <span class='ocrx_word' id='word_1_644' title='bbox 2261 3651 2425 3708; x_wconf 90' lang='lat' dir='ltr'><strong>Patre</strong></span> <span class='ocrx_word' id='word_1_645' title='bbox 2455 3655 2624 3721; x_wconf 85' lang='lat' dir='ltr'><strong>exire,</strong></span> <span class='ocrx_word' id='word_1_646' title='bbox 2650 3665 2704 3712; x_wconf 89' lang='lat' dir='ltr'><strong>et</strong></span> <span class='ocrx_word' id='word_1_647' title='bbox 2729 3659 2913 3713; x_wconf 89' lang='lat' dir='ltr'><strong>venire</strong></span> <span class='ocrx_word' id='word_1_648' title='bbox 2938 3660 2991 3714; x_wconf 92' lang='lat' dir='ltr'><strong>in</strong></span> <span class='ocrx_word' id='word_1_649' title='bbox 3016 3661 3160 3717; x_wconf 89' lang='lat' dir='ltr'><strong>hunc</strong></span> <span class='ocrx_word' id='word_1_650' title='bbox 3183 3664 3462 3736; x_wconf 90' lang='lat' dir='ltr'><strong>mundum]</strong></span> <span class='ocrx_word' id='word_1_651' title='bbox 3493 3665 3597 3720; x_wconf 87' lang='lat' dir='ltr'><strong>hoc</strong></span> 
     </span>
    </p>
   </div>
   <div class='ocr_carea' id='block_1_80' title="bbox 2009 3743 3594 3826">
    <p class='ocr_par' dir='ltr' id='par_1_80' title="bbox 2009 3743 3594 3826">
     <span class='ocr_line' id='line_1_80' title="bbox 2009 3743 3594 3826; baseline 0.009 -30"><span class='ocrx_word' id='word_1_652' title='bbox 2009 3749 2092 3796; x_wconf 91' lang='lat' dir='ltr'><strong>est</strong></span> <span class='ocrx_word' id='word_1_653' title='bbox 2120 3743 2279 3797; x_wconf 91' lang='lat' dir='ltr'><strong>mitti.</strong></span> <span class='ocrx_word' id='word_1_654' title='bbox 2328 3743 2466 3810; x_wconf 88' lang='lat' dir='ltr'><strong>Quid</strong></span> <span class='ocrx_word' id='word_1_655' title='bbox 2512 3746 2678 3814; x_wconf 86' lang='lat' dir='ltr'><strong>igitur</strong></span> <span class='ocrx_word' id='word_1_656' title='bbox 2715 3757 2797 3804; x_wconf 90' lang='lat' dir='ltr'><strong>est</strong></span> <span class='ocrx_word' id='word_1_657' title='bbox 2851 3751 2994 3819; x_wconf 91' lang='lat' dir='ltr'><strong>quod</strong></span> <span class='ocrx_word' id='word_1_658' title='bbox 3043 3753 3110 3807; x_wconf 91' lang='lat' dir='ltr'><strong>de</strong></span> <span class='ocrx_word' id='word_1_659' title='bbox 3166 3754 3259 3809; x_wconf 91' lang='lat' dir='ltr'><strong>illo</strong></span> <span class='ocrx_word' id='word_1_660' title='bbox 3308 3757 3449 3810; x_wconf 92' lang='lat' dir='ltr'><strong>idem</strong></span> <span class='ocrx_word' id='word_1_661' title='bbox 3480 3757 3594 3826; x_wconf 87' lang='lat' dir='ltr'><strong>ipse</strong></span> 
     </span>
    </p>
   </div>
   <div class='ocr_carea' id='block_1_81' title="bbox 2008 3832 3596 3915">
    <p class='ocr_par' dir='ltr' id='par_1_81' title="bbox 2008 3832 3596 3915">
     <span class='ocr_line' id='line_1_81' title="bbox 2008 3832 3596 3915; baseline 0.012 -34"><span class='ocrx_word' id='word_1_662' title='bbox 2008 3832 2337 3901; x_wconf 84' lang='lat' dir='ltr'><strong>evangelista</strong></span> <span class='ocrx_word' id='word_1_663' title='bbox 2379 3833 2509 3888; x_wconf 90' lang='lat' dir='ltr'><strong>dicit</strong></span> <span class='ocrx_word' id='word_1_664' title='bbox 2550 3851 2566 3888; x_wconf 87' lang='lat'><strong>:</strong></span> <span class='ocrx_word' id='word_1_665' title='bbox 2615 3837 2684 3890; x_wconf 89' lang='lat' dir='ltr'><strong>In</strong></span> <span class='ocrx_word' id='word_1_666' title='bbox 2733 3839 2926 3891; x_wconf 87' lang='lat' dir='ltr'><strong>mundo</strong></span> <span class='ocrx_word' id='word_1_667' title='bbox 2965 3851 3100 3905; x_wconf 88' lang='lat' dir='ltr'><strong>erat,</strong></span> <span class='ocrx_word' id='word_1_668' title='bbox 3156 3853 3203 3896; x_wconf 85' lang='lat' dir='ltr'><strong>et</strong></span> <span class='ocrx_word' id='word_1_669' title='bbox 3237 3846 3466 3899; x_wconf 87' lang='lat' dir='ltr'><strong>mundus</strong></span> <span class='ocrx_word' id='word_1_670' title='bbox 3500 3863 3596 3915; x_wconf 86' lang='lat' dir='ltr'><strong>per</strong></span> 
     </span>
    </p>
   </div>
   <div class='ocr_carea' id='block_1_82' title="bbox 2006 3925 3588 4006">
    <p class='ocr_par' dir='ltr' id='par_1_82' title="bbox 2006 3925 3588 4006">
     <span class='ocr_line' id='line_1_82' title="bbox 2006 3925 3588 4006; baseline 0.008 -30"><span class='ocrx_word' id='word_1_671' title='bbox 2006 3939 2125 3976; x_wconf 85' lang='lat' dir='ltr'><strong>eum</strong></span> <span class='ocrx_word' id='word_1_672' title='bbox 2152 3925 2321 3993; x_wconf 79' lang='lat' dir='ltr'><strong>factus</strong></span> <span class='ocrx_word' id='word_1_673' title='bbox 2352 3935 2447 3989; x_wconf 85' lang='lat' dir='ltr'><strong>est,</strong></span> <span class='ocrx_word' id='word_1_674' title='bbox 2500 3935 2546 3980; x_wconf 83' lang='lat' dir='ltr'><strong>et</strong></span> <span class='ocrx_word' id='word_1_675' title='bbox 2591 3929 2818 3983; x_wconf 86' lang='lat' dir='ltr'><strong>mundus</strong></span> <span class='ocrx_word' id='word_1_676' title='bbox 2857 3947 2974 3982; x_wconf 90' lang='lat' dir='ltr'><strong>eum</strong></span> <span class='ocrx_word' id='word_1_677' title='bbox 3004 3948 3107 3984; x_wconf 90' lang='lat' dir='ltr'><strong>non</strong></span> <span class='ocrx_word' id='word_1_678' title='bbox 3153 3937 3386 4002; x_wconf 84' lang='lat' dir='ltr'><strong>cognovit</strong></span> <span class='ocrx_word' id='word_1_679' title='bbox 3409 3934 3588 4006; x_wconf 86' lang='lat' dir='ltr'><strong>(Joan.</strong></span> 
     </span>
    </p>
   </div>
   <div class='ocr_carea' id='block_1_83' title="bbox 2009 4015 3593 4092">
    <p class='ocr_par' dir='ltr' id='par_1_83' title="bbox 2009 4015 3593 4092">
     <span class='ocr_line' id='line_1_83' title="bbox 2009 4015 3593 4092; baseline 0.008 -26"><span class='ocrx_word' id='word_1_680' title='bbox 2009 4028 2046 4076; x_wconf 82' lang='grc' dir='ltr'><strong>ι,</strong></span> <span class='ocrx_word' id='word_1_681' title='bbox 2106 4015 2231 4085; x_wconf 85' lang='grc'><strong>10);</strong></span> <span class='ocrx_word' id='word_1_682' title='bbox 2285 4016 2480 4072; x_wconf 86' lang='lat' dir='ltr'><strong>deinde</strong></span> <span class='ocrx_word' id='word_1_683' title='bbox 2535 4016 2808 4088; x_wconf 86' lang='lat' dir='ltr'><strong>subjungit</strong></span> <span class='ocrx_word' id='word_1_684' title='bbox 2840 4033 2854 4072; x_wconf 90' lang='lat'><strong>:</strong></span> <span class='ocrx_word' id='word_1_685' title='bbox 2890 4019 2956 4073; x_wconf 88' lang='lat' dir='ltr'><strong>In</strong></span> <span class='ocrx_word' id='word_1_686' title='bbox 3005 4037 3101 4074; x_wconf 87' lang='lat' dir='ltr'><strong>sua</strong></span> <span class='ocrx_word' id='word_1_687' title='bbox 3155 4024 3366 4092; x_wconf 88' lang='lat' dir='ltr'><strong>propria</strong></span> <span class='ocrx_word' id='word_1_688' title='bbox 3415 4026 3593 4078; x_wconf 81' lang='lat' dir='ltr'><strong>venit?</strong></span> 
     </span>
    </p>
   </div>
   <div class='ocr_carea' id='block_1_84' title="bbox 2008 4103 3590 4179">
    <p class='ocr_par' dir='ltr' id='par_1_84' title="bbox 2008 4103 3590 4179">
     <span class='ocr_line' id='line_1_84' title="bbox 2008 4103 3590 4179; baseline 0.009 -22"><span class='ocrx_word' id='word_1_689' title='bbox 2008 4115 2034 4143; x_wconf 73' lang='grc' dir='ltr'>ι</span> <span class='ocrx_word' id='word_1_690' title='bbox 2066 4103 2196 4160; x_wconf 86' lang='lat' dir='ltr'><strong>Illuc</strong></span> <span class='ocrx_word' id='word_1_691' title='bbox 2222 4107 2410 4175; x_wconf 89' lang='lat' dir='ltr'><strong>utique</strong></span> <span class='ocrx_word' id='word_1_692' title='bbox 2460 4108 2658 4162; x_wconf 90' lang='lat' dir='ltr'><strong>missus</strong></span> <span class='ocrx_word' id='word_1_693' title='bbox 2691 4117 2796 4175; x_wconf 91' lang='lat' dir='ltr'><strong>est,</strong></span> <span class='ocrx_word' id='word_1_694' title='bbox 2835 4125 2940 4179; x_wconf 92' lang='lat' dir='ltr'><strong>quo</strong></span> <span class='ocrx_word' id='word_1_695' title='bbox 2988 4111 3155 4166; x_wconf 88' lang='lat' dir='ltr'><strong>venit.</strong></span> <span class='ocrx_word' id='word_1_696' title='bbox 3187 4110 3257 4166; x_wconf 90' lang='lat' dir='ltr'><strong>At</strong></span> <span class='ocrx_word' id='word_1_697' title='bbox 3297 4114 3342 4167; x_wconf 92' lang='lat' dir='ltr'><strong>si</strong></span> <span class='ocrx_word' id='word_1_698' title='bbox 3367 4114 3420 4168; x_wconf 91' lang='lat' dir='ltr'><strong>in</strong></span> <span class='ocrx_word' id='word_1_699' title='bbox 3447 4115 3590 4171; x_wconf 90' lang='lat' dir='ltr'><strong>hunc</strong></span> 
     </span>
    </p>
   </div>
   <div class='ocr_carea' id='block_1_85' title="bbox 2003 4194 3588 4264">
    <p class='ocr_par' dir='ltr' id='par_1_85' title="bbox 2003 4194 3588 4264">
     <span class='ocr_line' id='line_1_85' title="bbox 2003 4194 3588 4264; baseline 0.009 -17"><span class='ocrx_word' id='word_1_700' title='bbox 2003 4194 2264 4248; x_wconf 87' lang='lat' dir='ltr'><strong>mundum</strong></span> <span class='ocrx_word' id='word_1_701' title='bbox 2293 4197 2492 4251; x_wconf 83' lang='lat' dir='ltr'><strong>missus</strong></span> <span class='ocrx_word' id='word_1_702' title='bbox 2530 4204 2634 4263; x_wconf 88' lang='lat' dir='ltr'><strong>est,</strong></span> <span class='ocrx_word' id='word_1_703' title='bbox 2682 4198 2809 4254; x_wconf 89' lang='lat' dir='ltr'><strong>illuc</strong></span> <span class='ocrx_word' id='word_1_704' title='bbox 2841 4207 2928 4255; x_wconf 90' lang='lat' dir='ltr'><strong>est</strong></span> <span class='ocrx_word' id='word_1_705' title='bbox 2973 4201 3198 4264; x_wconf 83' lang='lat' dir='ltr'><strong>missus,</strong></span> <span class='ocrx_word' id='word_1_706' title='bbox 3228 4204 3320 4259; x_wconf 92' lang='lat' dir='ltr'><strong>ubi</strong></span> <span class='ocrx_word' id='word_1_707' title='bbox 3361 4213 3496 4260; x_wconf 90' lang='lat' dir='ltr'><strong>erat.</strong></span> <span class='ocrx_word' id='word_1_708' title='bbox 3530 4206 3588 4261; x_wconf 93' lang='lat' dir='ltr'><strong>In</strong></span> 
     </span>
    </p>
   </div>
   <div class='ocr_carea' id='block_1_86' title="bbox 2005 4286 3584 4363">
    <p class='ocr_par' dir='ltr' id='par_1_86' title="bbox 2005 4286 3584 4363">
     <span class='ocr_line' id='line_1_86' title="bbox 2005 4286 3584 4363; baseline 0.009 -25"><span class='ocrx_word' id='word_1_709' title='bbox 2005 4286 2208 4342; x_wconf 88' lang='lat' dir='ltr'><strong>mundo</strong></span> <span class='ocrx_word' id='word_1_710' title='bbox 2245 4295 2383 4351; x_wconf 86' lang='lat' dir='ltr'><strong>erat,</strong></span> <span class='ocrx_word' id='word_1_711' title='bbox 2415 4297 2472 4344; x_wconf 90' lang='lat' dir='ltr'><strong>et</strong></span> <span class='ocrx_word' id='word_1_712' title='bbox 2513 4289 2568 4345; x_wconf 92' lang='lat' dir='ltr'><strong>in</strong></span> <span class='ocrx_word' id='word_1_713' title='bbox 2596 4291 2856 4346; x_wconf 87' lang='lat' dir='ltr'><strong>mundum</strong></span> <span class='ocrx_word' id='word_1_714' title='bbox 2893 4291 3093 4348; x_wconf 89' lang='lat' dir='ltr'><strong>missus</strong></span> <span class='ocrx_word' id='word_1_715' title='bbox 3115 4303 3220 4350; x_wconf 88' lang='lat' dir='ltr'><strong>est.</strong></span> <span class='ocrx_word' id='word_1_716' title='bbox 3257 4286 3427 4363; x_wconf 78' lang='lat' dir='ltr'><strong>Quam</strong></span> <span class='ocrx_word' id='word_1_717' title='bbox 3454 4297 3584 4352; x_wconf 87' lang='lat' dir='ltr'><strong>mis-</strong></span> 
     </span>
    </p>
   </div>
   <div class='ocr_carea' id='block_1_87' title="bbox 333 4373 3588 4470">
    <p class='ocr_par' dir='ltr' id='par_1_87' title="bbox 333 4373 3588 4470">
     <span class='ocr_line' id='line_1_87' title="bbox 333 4373 3588 4470; baseline -0.002 -17"><span class='ocrx_word' id='word_1_718' title='bbox 333 4373 580 4454; x_wconf 85' lang='lat' dir='ltr'><strong>Christus</strong></span> <span class='ocrx_word' id='word_1_719' title='bbox 610 4397 799 4468; x_wconf 88' lang='lat' dir='ltr'><strong>plenus</strong></span> <span class='ocrx_word' id='word_1_720' title='bbox 828 4396 1014 4469; x_wconf 69' lang='lat' dir='ltr'><strong>gratiae</strong></span> <span class='ocrx_word' id='word_1_721' title='bbox 1040 4404 1095 4452; x_wconf 93' lang='lat' dir='ltr'><strong>et</strong></span> <span class='ocrx_word' id='word_1_722' title='bbox 1119 4395 1408 4470; x_wconf 87' lang='lat' dir='ltr'><strong>veritatis],</strong></span> <span class='ocrx_word' id='word_1_723' title='bbox 1434 4405 1496 4452; x_wconf 90' lang='lat' dir='ltr'><strong>ut</strong></span> <span class='ocrx_word' id='word_1_724' title='bbox 1516 4373 1675 4454; x_wconf 54' lang='lat' dir='ltr'><strong>sicut</strong></span> <span class='ocrx_word' id='word_1_725' title='bbox 1704 4414 1736 4453; x_wconf 91' lang='lat' dir='ltr'><strong>a</strong></span> <span class='ocrx_word' id='word_1_726' title='bbox 1763 4373 1902 4455; x_wconf 48' lang='lat' dir='ltr'><strong>div&#39;i-</strong></span> <span class='ocrx_word' id='word_1_727' title='bbox 1927 4394 1982 4454; x_wconf 78' lang='grc' dir='ltr'><strong>υ</strong></span> <span class='ocrx_word' id='word_1_728' title='bbox 2005 4373 2212 4470; x_wconf 52' lang='grc' dir='ltr'><strong>εξοτξῗω</strong></span> <span class='ocrx_word' id='word_1_729' title='bbox 2251 4385 2431 4470; x_wconf 41' lang='lat' dir='ltr'><strong>iam?&quot;</strong></span> <span class='ocrx_word' id='word_1_730' title='bbox 2456 4394 2594 4470; x_wconf 72' lang='lat' dir='ltr'><strong>opus</strong></span> <span class='ocrx_word' id='word_1_731' title='bbox 2621 4395 2742 4437; x_wconf 70' lang='lat' dir='ltr'><strong>esse</strong></span> <span class='ocrx_word' id='word_1_732' title='bbox 2787 4392 2988 4439; x_wconf 51' lang='lat' dir='ltr'><strong>sane&quot;?</strong></span> <span class='ocrx_word' id='word_1_733' title='bbox 3018 4384 3300 4441; x_wconf 64' lang='lat' dir='ltr'><strong>Trinitatis</strong></span> <span class='ocrx_word' id='word_1_734' title='bbox 3341 4386 3473 4442; x_wconf 83' lang='lat' dir='ltr'><strong>nulli</strong></span> <span class='ocrx_word' id='word_1_735' title='bbox 3498 4402 3588 4443; x_wconf 81' lang='lat' dir='ltr'><strong>ca-</strong></span> 
     </span>
    </p>
   </div>
   <div class='ocr_carea' id='block_1_88' title="bbox 335 4486 1902 4558">
    <p class='ocr_par' dir='ltr' id='par_1_88' title="bbox 335 4486 1902 4558">
     <span class='ocr_line' id='line_1_88' title="bbox 335 4486 1902 4558; baseline 0 -16"><span class='ocrx_word' id='word_1_736' title='bbox 335 4489 502 4542; x_wconf 88' lang='lat' dir='ltr'><strong>nitate</strong></span> <span class='ocrx_word' id='word_1_737' title='bbox 548 4486 825 4558; x_wconf 90' lang='lat' dir='ltr'><strong>plenitudo</strong></span> <span class='ocrx_word' id='word_1_738' title='bbox 875 4487 1224 4543; x_wconf 87' lang='lat' dir='ltr'><strong>humanitatis</strong></span> <span class='ocrx_word' id='word_1_739' title='bbox 1255 4495 1504 4557; x_wconf 85' lang='lat' dir='ltr'><strong>suscepta</strong></span> <span class='ocrx_word' id='word_1_740' title='bbox 1565 4495 1667 4550; x_wconf 88' lang='lat' dir='ltr'><strong>est,</strong></span> <span class='ocrx_word' id='word_1_741' title='bbox 1720 4488 1792 4541; x_wconf 90' lang='lat' dir='ltr'><strong>ita</strong></span> <span class='ocrx_word' id='word_1_742' title='bbox 1846 4488 1902 4542; x_wconf 92' lang='lat' dir='ltr'><strong>in</strong></span> 
     </span>
    </p>
   </div>
   <div class='ocr_carea' id='block_1_89' title="bbox 333 4577 1904 4650">
    <p class='ocr_par' dir='ltr' id='par_1_89' title="bbox 333 4577 1904 4650">
     <span class='ocr_line' id='line_1_89' title="bbox 333 4577 1904 4650; baseline -0.001 -18"><span class='ocrx_word' id='word_1_743' title='bbox 333 4579 664 4632; x_wconf 87' lang='lat' dir='ltr'><strong>humanitate</strong></span> <span class='ocrx_word' id='word_1_744' title='bbox 708 4580 825 4650; x_wconf 83' lang='lat' dir='ltr'><strong>ejus</strong></span> <span class='ocrx_word' id='word_1_745' title='bbox 874 4578 1150 4648; x_wconf 90' lang='lat' dir='ltr'><strong>plenitudo</strong></span> <span class='ocrx_word' id='word_1_746' title='bbox 1183 4579 1253 4633; x_wconf 91' lang='lat' dir='ltr'><strong>sit</strong></span> <span class='ocrx_word' id='word_1_747' title='bbox 1281 4577 1596 4642; x_wconf 88' lang='lat' dir='ltr'><strong>divinitatis,</strong></span> <span class='ocrx_word' id='word_1_748' title='bbox 1646 4577 1904 4645; x_wconf 86' lang='lat' dir='ltr'><strong>Apostolo</strong></span> 
     </span>
    </p>
   </div>
   <div class='ocr_carea' id='block_1_90' title="bbox 334 4667 1905 4740">
    <p class='ocr_par' dir='ltr' id='par_1_90' title="bbox 334 4667 1905 4740">
     <span class='ocr_line' id='line_1_90' title="bbox 334 4667 1905 4740; baseline 0 -19"><span class='ocrx_word' id='word_1_749' title='bbox 334 4673 583 4731; x_wconf 89' lang='lat' dir='ltr'><strong>testante,</strong></span> <span class='ocrx_word' id='word_1_750' title='bbox 611 4669 702 4736; x_wconf 89' lang='lat' dir='ltr'><strong>qui</strong></span> <span class='ocrx_word' id='word_1_751' title='bbox 733 4671 842 4723; x_wconf 92' lang='lat' dir='ltr'><strong>ait:</strong></span> <span class='ocrx_word' id='word_1_752' title='bbox 883 4669 951 4722; x_wconf 85' lang='lat' dir='ltr'><strong>In</strong></span> <span class='ocrx_word' id='word_1_753' title='bbox 971 4685 1073 4740; x_wconf 86' lang='lat' dir='ltr'><strong>quo</strong></span> <span class='ocrx_word' id='word_1_754' title='bbox 1096 4669 1298 4723; x_wconf 86' lang='lat' dir='ltr'><strong>habitat</strong></span> <span class='ocrx_word' id='word_1_755' title='bbox 1340 4667 1506 4722; x_wconf 80' lang='lat' dir='ltr'><strong>omnis</strong></span> <span class='ocrx_word' id='word_1_756' title='bbox 1534 4667 1799 4738; x_wconf 83' lang='lat' dir='ltr'><strong>plenitudo</strong></span> <span class='ocrx_word' id='word_1_757' title='bbox 1829 4667 1905 4721; x_wconf 87' lang='lat' dir='ltr'><strong>di-</strong></span> 
     </span>
    </p>
   </div>
   <div class='ocr_carea' id='block_1_91' title="bbox 333 4742 1365 4832">
    <p class='ocr_par' dir='ltr' id='par_1_91' title="bbox 333 4742 1365 4832">
     <span class='ocr_line' id='line_1_91' title="bbox 333 4742 1365 4832; baseline 0.002 -21"><span class='ocrx_word' id='word_1_758' title='bbox 333 4755 558 4811; x_wconf 83' lang='lat' dir='ltr'><strong>vinitatis</strong></span> <span class='ocrx_word' id='word_1_759' title='bbox 579 4742 919 4826; x_wconf 58' lang='lat' dir='ltr'><strong>corporaliter</strong></span> <span class='ocrx_word' id='word_1_760' title='bbox 945 4759 1166 4831; x_wconf 87' lang='lat' dir='ltr'><strong>(Coloss.</strong></span> <span class='ocrx_word' id='word_1_761' title='bbox 1201 4778 1260 4826; x_wconf 82' lang='grc' dir='ltr'><strong>ιι,</strong></span> <span class='ocrx_word' id='word_1_762' title='bbox 1289 4760 1365 4832; x_wconf 89' lang='grc'><strong>9).</strong></span> 
     </span>
    </p>
   </div>
   <div class='ocr_carea' id='block_1_92' title="bbox 937 4867 1327 4926">
    <p class='ocr_par' dir='ltr' id='par_1_92' title="bbox 937 4867 1327 4926">
     <span class='ocr_line' id='line_1_92' title="bbox 937 4867 1327 4926; baseline -0.01 -4"><span class='ocrx_word' id='word_1_763' title='bbox 937 4867 1163 4925; x_wconf 88' lang='lat' dir='ltr'><strong>CAPUT</strong></span> <span class='ocrx_word' id='word_1_764' title='bbox 1199 4871 1286 4926; x_wconf 92' lang='lat' dir='ltr'><strong>Ill.</strong></span> <span class='ocrx_word' id='word_1_765' title='bbox 1320 4911 1327 4918; x_wconf 94' lang='lat'><strong>.</strong></span> 
     </span>
    </p>
   </div>
   <div class='ocr_carea' id='block_1_93' title="bbox 333 4979 1900 5055">
    <p class='ocr_par' dir='ltr' id='par_1_93' title="bbox 333 4979 1900 5055">
     <span class='ocr_line' id='line_1_93' title="bbox 333 4979 1900 5055; baseline 0.002 -20"><span class='ocrx_word' id='word_1_766' title='bbox 333 4979 602 5055; x_wconf 62' lang='lat' dir='ltr'><strong>Quomodo</strong></span> <span class='ocrx_word' id='word_1_767' title='bbox 616 4997 725 5055; x_wconf 76' lang='lat' dir='ltr'><strong>non</strong></span> <span class='ocrx_word' id='word_1_768' title='bbox 746 4979 814 5055; x_wconf 74' lang='lat' dir='ltr'><strong>sit</strong></span> <span class='ocrx_word' id='word_1_769' title='bbox 841 4979 1076 5055; x_wconf 72' lang='lat' dir='ltr'><strong>Christus</strong></span> <span class='ocrx_word' id='word_1_770' title='bbox 1087 4980 1272 5055; x_wconf 62' lang='lat' dir='ltr'><strong>filius</strong></span> <span class='ocrx_word' id='word_1_771' title='bbox 1296 4984 1526 5055; x_wconf 88' lang='lat' dir='ltr'><strong>Spiritus</strong></span> <span class='ocrx_word' id='word_1_772' title='bbox 1555 4987 1742 5049; x_wconf 85' lang='lat' dir='ltr'><strong>sancti,</strong></span> <span class='ocrx_word' id='word_1_773' title='bbox 1774 4985 1900 5038; x_wconf 85' lang='lat' dir='ltr'><strong>dum</strong></span> 
     </span>
    </p>
   </div>
   <div class='ocr_carea' id='block_1_94' title="bbox 395 5049 1905 5132">
    <p class='ocr_par' dir='ltr' id='par_1_94' title="bbox 395 5049 1905 5132">
     <span class='ocr_line' id='line_1_94' title="bbox 395 5049 1905 5132; baseline 0.003 -29"><span class='ocrx_word' id='word_1_774' title='bbox 395 5051 454 5132; x_wconf 67' lang='lat' dir='ltr'><strong>in</strong></span> <span class='ocrx_word' id='word_1_775' title='bbox 481 5049 724 5132; x_wconf 74' lang='lat' dir='ltr'><strong>ngbolo</strong></span> <span class='ocrx_word' id='word_1_776' title='bbox 751 5051 966 5132; x_wconf 67' lang='lat' dir='ltr'><strong>dicitur,</strong></span> <span class='ocrx_word' id='word_1_777' title='bbox 991 5050 1057 5105; x_wconf 91' lang='lat' dir='ltr'><strong>de</strong></span> <span class='ocrx_word' id='word_1_778' title='bbox 1083 5049 1289 5121; x_wconf 88' lang='lat' dir='ltr'><strong>Spiritu</strong></span> <span class='ocrx_word' id='word_1_779' title='bbox 1337 5049 1524 5111; x_wconf 76' lang='lat' dir='ltr'><strong>sancto</strong></span> <span class='ocrx_word' id='word_1_780' title='bbox 1550 5063 1606 5110; x_wconf 91' lang='lat' dir='ltr'><strong>et</strong></span> <span class='ocrx_word' id='word_1_781' title='bbox 1641 5070 1711 5111; x_wconf 79' lang='lat' dir='ltr'><strong>ex</strong></span> <span class='ocrx_word' id='word_1_782' title='bbox 1731 5055 1905 5109; x_wconf 82' lang='lat' dir='ltr'><strong>Maria</strong></span> 
     </span>
    </p>
   </div>
   <div class='ocr_carea' id='block_1_95' title="bbox 399 5119 1145 5190">
    <p class='ocr_par' dir='ltr' id='par_1_95' title="bbox 399 5119 1145 5190">
     <span class='ocr_line' id='line_1_95' title="bbox 399 5119 1145 5190; baseline 0.007 -18"><span class='ocrx_word' id='word_1_783' title='bbox 399 5119 607 5190; x_wconf 85' lang='lat' dir='ltr'><strong>virgine</strong></span> <span class='ocrx_word' id='word_1_784' title='bbox 625 5121 822 5177; x_wconf 85' lang='lat' dir='ltr'><strong>natus?</strong></span> <span class='ocrx_word' id='word_1_785' title='bbox 1125 5119 1145 5144; x_wconf 62' lang='grc'><strong>⁷·</strong></span> 
     </span>
    </p>
   </div>
   <div class='ocr_carea' id='block_1_96' title="bbox 400 5228 1898 5318">
    <p class='ocr_par' dir='ltr' id='par_1_96' title="bbox 400 5228 1898 5302">
     <span class='ocr_line' id='line_1_96' title="bbox 400 5228 1898 5302; baseline 0.007 -22"><span class='ocrx_word' id='word_1_786' title='bbox 400 5228 529 5281; x_wconf 89' lang='lat' dir='ltr'><strong>Illud</strong></span> <span class='ocrx_word' id='word_1_787' title='bbox 573 5245 702 5286; x_wconf 84' lang='lat' dir='ltr'><strong>vero</strong></span> <span class='ocrx_word' id='word_1_788' title='bbox 737 5246 956 5288; x_wconf 86' lang='lat' dir='ltr'><strong>movere</strong></span> <span class='ocrx_word' id='word_1_789' title='bbox 1010 5233 1231 5301; x_wconf 90' lang='lat' dir='ltr'><strong>poterit,</strong></span> <span class='ocrx_word' id='word_1_790' title='bbox 1278 5235 1546 5302; x_wconf 90' lang='lat' dir='ltr'><strong>quomodo</strong></span> <span class='ocrx_word' id='word_1_791' title='bbox 1575 5235 1779 5292; x_wconf 89' lang='lat' dir='ltr'><strong>dictum</strong></span> <span class='ocrx_word' id='word_1_792' title='bbox 1827 5237 1898 5291; x_wconf 91' lang='lat' dir='ltr'><strong>sit</strong></span> 
     </span>
    </p>
   </div>
   <div class='ocr_carea' id='block_1_97' title="bbox 329 5315 1897 5396">
    <p class='ocr_par' dir='ltr' id='par_1_97' title="bbox 329 5315 1897 5396">
     <span class='ocr_line' id='line_1_97' title="bbox 329 5315 1897 5396; baseline 0.008 -27"><span class='ocrx_word' id='word_1_793' title='bbox 329 5315 599 5371; x_wconf 89' lang='lat' dir='ltr'><strong>Christum</strong></span> <span class='ocrx_word' id='word_1_794' title='bbox 625 5319 692 5374; x_wconf 92' lang='lat' dir='ltr'><strong>de</strong></span> <span class='ocrx_word' id='word_1_795' title='bbox 721 5320 924 5391; x_wconf 87' lang='lat' dir='ltr'><strong>Spiritu</strong></span> <span class='ocrx_word' id='word_1_796' title='bbox 951 5315 1148 5377; x_wconf 88' lang='lat' dir='ltr'><strong>sancto</strong></span> <span class='ocrx_word' id='word_1_797' title='bbox 1165 5330 1349 5376; x_wconf 88' lang='lat' dir='ltr'><strong>natum</strong></span> <span class='ocrx_word' id='word_1_798' title='bbox 1376 5331 1431 5377; x_wconf 92' lang='lat' dir='ltr'><strong>et</strong></span> <span class='ocrx_word' id='word_1_799' title='bbox 1475 5323 1641 5380; x_wconf 86' lang='lat' dir='ltr'><strong>Maria</strong></span> <span class='ocrx_word' id='word_1_800' title='bbox 1668 5327 1897 5396; x_wconf 90' lang='lat' dir='ltr'><strong>virgine,</strong></span> 
     </span>
    </p>
   </div>
   <div class='ocr_carea' id='block_1_98' title="bbox 330 5408 1902 5486">
    <p class='ocr_par' dir='ltr' id='par_1_98' title="bbox 330 5408 1902 5486">
     <span class='ocr_line' id='line_1_98' title="bbox 330 5408 1902 5486; baseline 0.006 -22"><span class='ocrx_word' id='word_1_801' title='bbox 330 5425 451 5464; x_wconf 90' lang='lat' dir='ltr'><strong>cum</strong></span> <span class='ocrx_word' id='word_1_802' title='bbox 500 5408 673 5465; x_wconf 78' lang='lat' dir='ltr'><strong>Filius</strong></span> <span class='ocrx_word' id='word_1_803' title='bbox 719 5413 865 5467; x_wconf 92' lang='lat' dir='ltr'><strong>nullo</strong></span> <span class='ocrx_word' id='word_1_804' title='bbox 910 5415 1069 5470; x_wconf 92' lang='lat' dir='ltr'><strong>modo</strong></span> <span class='ocrx_word' id='word_1_805' title='bbox 1125 5415 1199 5471; x_wconf 89' lang='lat' dir='ltr'><strong>sit</strong></span> <span class='ocrx_word' id='word_1_806' title='bbox 1245 5414 1478 5486; x_wconf 89' lang='lat' dir='ltr'><strong>Spiritus</strong></span> <span class='ocrx_word' id='word_1_807' title='bbox 1508 5420 1681 5474; x_wconf 91' lang='lat' dir='ltr'><strong>sancti</strong></span> <span class='ocrx_word' id='word_1_808' title='bbox 1725 5419 1902 5475; x_wconf 86' lang='lat' dir='ltr'><strong>ﬁlius?</strong></span> 
     </span>
    </p>
   </div>
   <div class='ocr_carea' id='block_1_99' title="bbox 329 5499 1900 5581">
    <p class='ocr_par' dir='ltr' id='par_1_99' title="bbox 329 5499 1900 5581">
     <span class='ocr_line' id='line_1_99' title="bbox 329 5499 1900 5581; baseline 0.008 -29"><span class='ocrx_word' id='word_1_809' title='bbox 329 5499 410 5552; x_wconf 80' lang='lat' dir='ltr'><strong>An</strong></span> <span class='ocrx_word' id='word_1_810' title='bbox 438 5499 557 5553; x_wconf 90' lang='lat' dir='ltr'><strong>ideo</strong></span> <span class='ocrx_word' id='word_1_811' title='bbox 605 5501 802 5555; x_wconf 88' lang='lat' dir='ltr'><strong>dicitur</strong></span> <span class='ocrx_word' id='word_1_812' title='bbox 825 5504 892 5557; x_wconf 90' lang='lat' dir='ltr'><strong>de</strong></span> <span class='ocrx_word' id='word_1_813' title='bbox 936 5503 1142 5573; x_wconf 80' lang='lat' dir='ltr'><strong>Spiritu</strong></span> <span class='ocrx_word' id='word_1_814' title='bbox 1173 5516 1358 5564; x_wconf 90' lang='lat' dir='ltr'><strong>sancto</strong></span> <span class='ocrx_word' id='word_1_815' title='bbox 1392 5517 1572 5574; x_wconf 89' lang='lat' dir='ltr'><strong>natus,</strong></span> <span class='ocrx_word' id='word_1_816' title='bbox 1601 5511 1727 5581; x_wconf 88' lang='lat' dir='ltr'><strong>quia</strong></span> <span class='ocrx_word' id='word_1_817' title='bbox 1773 5511 1900 5566; x_wconf 82' lang='lat' dir='ltr'><strong>fecit</strong></span> 
     </span>
    </p>
   </div>
   <div class='ocr_carea' id='block_1_100' title="bbox 403 5612 1824 5689">
    <p class='ocr_par' dir='ltr' id='par_1_100' title="bbox 403 5612 1824 5689">
     <span class='ocr_line' id='line_1_100' title="bbox 403 5612 1824 5689; baseline 0.014 -27"><span class='ocrx_word' id='word_1_818' title='bbox 403 5621 426 5649; x_wconf 79' lang='grc' dir='ltr'>ι</span> <span class='ocrx_word' id='word_1_819' title='bbox 462 5612 592 5666; x_wconf 80' lang='lat' dir='ltr'><strong>Vide</strong></span> <span class='ocrx_word' id='word_1_820' title='bbox 617 5613 672 5666; x_wconf 88' lang='lat' dir='ltr'><strong>S.</strong></span> <span class='ocrx_word' id='word_1_821' title='bbox 705 5614 841 5686; x_wconf 80' lang='lat' dir='ltr'><strong>Aug.</strong></span> <span class='ocrx_word' id='word_1_822' title='bbox 869 5615 960 5671; x_wconf 92' lang='lat' dir='ltr'><strong>lib.</strong></span> <span class='ocrx_word' id='word_1_823' title='bbox 993 5635 1030 5674; x_wconf 84' lang='lat' dir='ltr'><strong>ll</strong></span> <span class='ocrx_word' id='word_1_824' title='bbox 1054 5619 1120 5677; x_wconf 87' lang='lat' dir='ltr'><strong>de</strong></span> <span class='ocrx_word' id='word_1_825' title='bbox 1143 5621 1430 5689; x_wconf 88' lang='lat' dir='ltr'><strong>Trinitate,</strong></span> <span class='ocrx_word' id='word_1_826' title='bbox 1457 5640 1602 5680; x_wconf 92' lang='lat' dir='ltr'><strong>num.</strong></span> <span class='ocrx_word' id='word_1_827' title='bbox 1631 5625 1662 5679; x_wconf 90' lang='lat'><strong>7</strong></span> <span class='ocrx_word' id='word_1_828' title='bbox 1691 5636 1746 5683; x_wconf 78' lang='lat' dir='ltr'><strong>et</strong></span> <span class='ocrx_word' id='word_1_829' title='bbox 1771 5629 1824 5686; x_wconf 90' lang='lat'><strong>8.</strong></span> 
     </span>
    </p>
   </div>
   <div class='ocr_carea' id='block_1_101' title="bbox 2007 4465 2733 4525">
    <p class='ocr_par' dir='ltr' id='par_1_101' title="bbox 2007 4465 2733 4525">
     <span class='ocr_line' id='line_1_101' title="bbox 2007 4465 2733 4525; baseline 0.008 -6"><span class='ocrx_word' id='word_1_830' title='bbox 2007 4465 2209 4522; x_wconf 82' lang='lat' dir='ltr'><strong>tholioo</strong></span> <span class='ocrx_word' id='word_1_831' title='bbox 2246 4465 2599 4523; x_wconf 86' lang='lat' dir='ltr'><strong>dubitandum</strong></span> <span class='ocrx_word' id='word_1_832' title='bbox 2626 4480 2733 4525; x_wconf 91' lang='lat' dir='ltr'><strong>est.</strong></span> 
     </span>
    </p>
   </div>
   <div class='ocr_carea' id='block_1_102' title="bbox 2626 4577 2957 4636">
    <p class='ocr_par' dir='ltr' id='par_1_102' title="bbox 2626 4577 2957 4636">
     <span class='ocr_line' id='line_1_102' title="bbox 2626 4577 2957 4636; baseline 0.003 -3"><span class='ocrx_word' id='word_1_833' title='bbox 2626 4577 2853 4636; x_wconf 83' lang='lat' dir='ltr'><strong>CAPUT</strong></span> <span class='ocrx_word' id='word_1_834' title='bbox 2898 4582 2957 4635; x_wconf 89' lang='lat' dir='ltr'><strong>V.</strong></span> 
     </span>
    </p>
   </div>
   <div class='ocr_carea' id='block_1_103' title="bbox 2076 4687 3505 4768">
    <p class='ocr_par' dir='ltr' id='par_1_103' title="bbox 2076 4687 3505 4768">
     <span class='ocr_line' id='line_1_103' title="bbox 2076 4687 3505 4768; baseline 0.008 -27"><span class='ocrx_word' id='word_1_835' title='bbox 2076 4687 2347 4754; x_wconf 85' lang='lat' dir='ltr'><strong>Quomodo</strong></span> <span class='ocrx_word' id='word_1_836' title='bbox 2373 4689 2549 4743; x_wconf 80' lang='lat' dir='ltr'><strong>missio</strong></span> <span class='ocrx_word' id='word_1_837' title='bbox 2594 4691 2763 4745; x_wconf 83' lang='lat' dir='ltr'><strong>sancti</strong></span> <span class='ocrx_word' id='word_1_838' title='bbox 2793 4690 3023 4761; x_wconf 83' lang='lat' dir='ltr'><strong>Spiritus</strong></span> <span class='ocrx_word' id='word_1_839' title='bbox 3053 4695 3121 4748; x_wconf 85' lang='lat' dir='ltr'><strong>sit</strong></span> <span class='ocrx_word' id='word_1_840' title='bbox 3147 4695 3505 4768; x_wconf 77' lang='lat' dir='ltr'><strong>intelligenda.</strong></span> 
     </span>
    </p>
   </div>
   <div class='ocr_carea' id='block_1_104' title="bbox 2075 4798 3581 4873">
    <p class='ocr_par' dir='ltr' id='par_1_104' title="bbox 2075 4798 3581 4873">
     <span class='ocr_line' id='line_1_104' title="bbox 2075 4798 3581 4873; baseline 0.008 -21"><span class='ocrx_word' id='word_1_841' title='bbox 2075 4800 2104 4839; x_wconf 76' lang='grc' dir='ltr'><strong>ι)</strong></span> <span class='ocrx_word' id='word_1_842' title='bbox 2128 4798 2279 4854; x_wconf 89' lang='lat' dir='ltr'><strong>Sicut</strong></span> <span class='ocrx_word' id='word_1_843' title='bbox 2299 4799 2442 4853; x_wconf 90' lang='lat' dir='ltr'><strong>enim</strong></span> <span class='ocrx_word' id='word_1_844' title='bbox 2473 4814 2503 4852; x_wconf 86' lang='lat' dir='ltr'><strong>a</strong></span> <span class='ocrx_word' id='word_1_845' title='bbox 2527 4798 2687 4856; x_wconf 89' lang='lat' dir='ltr'><strong>Patre</strong></span> <span class='ocrx_word' id='word_1_846' title='bbox 2716 4800 2948 4872; x_wconf 90' lang='lat' dir='ltr'><strong>Spiritus</strong></span> <span class='ocrx_word' id='word_1_847' title='bbox 2976 4812 3195 4861; x_wconf 90' lang='lat' dir='ltr'><strong>sanctus</strong></span> <span class='ocrx_word' id='word_1_848' title='bbox 3223 4807 3473 4873; x_wconf 90' lang='lat' dir='ltr'><strong>mittitur,</strong></span> <span class='ocrx_word' id='word_1_849' title='bbox 3505 4809 3581 4864; x_wconf 84' lang='lat' dir='ltr'><strong>ita</strong></span> 
     </span>
    </p>
   </div>
   <div class='ocr_carea' id='block_1_105' title="bbox 2005 4887 3580 4969">
    <p class='ocr_par' dir='ltr' id='par_1_105' title="bbox 2005 4887 3580 4969">
     <span class='ocr_line' id='line_1_105' title="bbox 2005 4887 3580 4969; baseline 0.008 -26"><span class='ocrx_word' id='word_1_850' title='bbox 2005 4896 2059 4943; x_wconf 88' lang='lat' dir='ltr'><strong>et</strong></span> <span class='ocrx_word' id='word_1_851' title='bbox 2081 4904 2111 4943; x_wconf 91' lang='lat' dir='ltr'><strong>a</strong></span> <span class='ocrx_word' id='word_1_852' title='bbox 2139 4887 2311 4954; x_wconf 86' lang='lat' dir='ltr'><strong>Filio;</strong></span> <span class='ocrx_word' id='word_1_853' title='bbox 2337 4896 2627 4959; x_wconf 89' lang='lat' dir='ltr'><strong>utrumque</strong></span> <span class='ocrx_word' id='word_1_854' title='bbox 2654 4890 2798 4945; x_wconf 92' lang='lat' dir='ltr'><strong>enim</strong></span> <span class='ocrx_word' id='word_1_855' title='bbox 2829 4892 2882 4946; x_wconf 90' lang='lat' dir='ltr'><strong>in</strong></span> <span class='ocrx_word' id='word_1_856' title='bbox 2919 4892 3213 4965; x_wconf 78' lang='lat' dir='ltr'><strong>Evangelia</strong></span> <span class='ocrx_word' id='word_1_857' title='bbox 3243 4894 3436 4968; x_wconf 90' lang='lat' dir='ltr'><strong>legitur</strong></span> <span class='ocrx_word' id='word_1_858' title='bbox 3461 4899 3580 4969; x_wconf 90' lang='lat' dir='ltr'><strong>ipso</strong></span> 
     </span>
    </p>
   </div>
   <div class='ocr_carea' id='block_1_106' title="bbox 2003 4978 3583 5056">
    <p class='ocr_par' dir='ltr' id='par_1_106' title="bbox 2003 4978 3583 5056">
     <span class='ocr_line' id='line_1_106' title="bbox 2003 4978 3583 5056; baseline 0.007 -24"><span class='ocrx_word' id='word_1_859' title='bbox 2003 4978 2233 5033; x_wconf 89' lang='lat' dir='ltr'><strong>Domino</strong></span> <span class='ocrx_word' id='word_1_860' title='bbox 2253 4979 2464 5034; x_wconf 85' lang='lat' dir='ltr'><strong>dicente</strong></span> <span class='ocrx_word' id='word_1_861' title='bbox 2492 4996 2507 5031; x_wconf 90' lang='lat'><strong>:</strong></span> <span class='ocrx_word' id='word_1_862' title='bbox 2532 4978 2674 5033; x_wconf 88' lang='lat' dir='ltr'><strong>Dum</strong></span> <span class='ocrx_word' id='word_1_863' title='bbox 2718 4990 2891 5034; x_wconf 82' lang='lat' dir='ltr'><strong>autem</strong></span> <span class='ocrx_word' id='word_1_864' title='bbox 2921 4986 3113 5038; x_wconf 73' lang='lat' dir='ltr'><strong>venerit</strong></span> <span class='ocrx_word' id='word_1_865' title='bbox 3142 4984 3372 5056; x_wconf 83' lang='lat' dir='ltr'><strong>Spiritus</strong></span> <span class='ocrx_word' id='word_1_866' title='bbox 3406 4987 3583 5042; x_wconf 84' lang='lat' dir='ltr'><strong>Para-</strong></span> 
     </span>
    </p>
   </div>
   <div class='ocr_carea' id='block_1_107' title="bbox 2001 5066 3577 5150">
    <p class='ocr_par' dir='ltr' id='par_1_107' title="bbox 2001 5066 3577 5150">
     <span class='ocr_line' id='line_1_107' title="bbox 2001 5066 3577 5150; baseline 0.008 -30"><span class='ocrx_word' id='word_1_867' title='bbox 2001 5066 2163 5121; x_wconf 89' lang='lat' dir='ltr'><strong>cletus</strong></span> <span class='ocrx_word' id='word_1_868' title='bbox 2191 5107 2204 5130; x_wconf 93' lang='lat'><strong>,</strong></span> <span class='ocrx_word' id='word_1_869' title='bbox 2249 5083 2401 5137; x_wconf 85' lang='lat' dir='ltr'><strong>quem</strong></span> <span class='ocrx_word' id='word_1_870' title='bbox 2450 5067 2614 5123; x_wconf 87' lang='lat' dir='ltr'><strong>Pater</strong></span> <span class='ocrx_word' id='word_1_871' title='bbox 2653 5070 2818 5123; x_wconf 85' lang='lat' dir='ltr'><strong>mittet</strong></span> <span class='ocrx_word' id='word_1_872' title='bbox 2869 5072 2926 5126; x_wconf 87' lang='lat' dir='ltr'><strong>in</strong></span> <span class='ocrx_word' id='word_1_873' title='bbox 2978 5075 3186 5128; x_wconf 83' lang='lat' dir='ltr'><strong>nomine</strong></span> <span class='ocrx_word' id='word_1_874' title='bbox 3232 5093 3346 5131; x_wconf 88' lang='lat' dir='ltr'><strong>meo</strong></span> <span class='ocrx_word' id='word_1_875' title='bbox 3393 5075 3577 5150; x_wconf 84' lang='lat' dir='ltr'><strong>(Joan.</strong></span> 
     </span>
    </p>
   </div>
   <div class='ocr_carea' id='block_1_108' title="bbox 2000 5147 3578 5238">
    <p class='ocr_par' dir='ltr' id='par_1_108' title="bbox 2000 5147 3578 5238">
     <span class='ocr_line' id='line_1_108' title="bbox 2000 5147 3578 5238; baseline 0.006 -26"><span class='ocrx_word' id='word_1_876' title='bbox 2000 5147 2113 5223; x_wconf 67' lang='lat' dir='ltr'><strong>xiv,</strong></span> <span class='ocrx_word' id='word_1_877' title='bbox 2141 5157 2253 5231; x_wconf 66' lang='grc' dir='ltr'><strong>εδ).</strong></span> <span class='ocrx_word' id='word_1_878' title='bbox 2281 5159 2348 5214; x_wconf 86' lang='lat' dir='ltr'><strong>Et</strong></span> <span class='ocrx_word' id='word_1_879' title='bbox 2366 5159 2494 5215; x_wconf 91' lang='lat' dir='ltr'><strong>illud</strong></span> <span class='ocrx_word' id='word_1_880' title='bbox 2525 5161 2590 5215; x_wconf 92' lang='lat' dir='ltr'><strong>de</strong></span> <span class='ocrx_word' id='word_1_881' title='bbox 2617 5161 2792 5230; x_wconf 82' lang='lat' dir='ltr'><strong>seipse</strong></span> <span class='ocrx_word' id='word_1_882' title='bbox 2823 5179 2836 5215; x_wconf 75' lang='grc' dir='ltr'><strong>ε</strong></span> <span class='ocrx_word' id='word_1_883' title='bbox 2877 5160 3009 5216; x_wconf 88' lang='lat' dir='ltr'><strong>Cum</strong></span> <span class='ocrx_word' id='word_1_884' title='bbox 3038 5175 3211 5220; x_wconf 85' lang='lat' dir='ltr'><strong>autem</strong></span> <span class='ocrx_word' id='word_1_885' title='bbox 3236 5147 3431 5222; x_wconf 85' lang='lat' dir='ltr'><strong>venerit</strong></span> <span class='ocrx_word' id='word_1_886' title='bbox 3456 5167 3578 5238; x_wconf 77' lang='lat' dir='ltr'><strong>Spi-</strong></span> 
     </span>
    </p>
   </div>
   <div class='ocr_carea' id='block_1_109' title="bbox 2003 5247 3577 5320">
    <p class='ocr_par' dir='ltr' id='par_1_109' title="bbox 2003 5247 3577 5320">
     <span class='ocr_line' id='line_1_109' title="bbox 2003 5247 3577 5320; baseline 0.005 -19"><span class='ocrx_word' id='word_1_887' title='bbox 2003 5249 2134 5302; x_wconf 85' lang='lat' dir='ltr'><strong>ritus</strong></span> <span class='ocrx_word' id='word_1_888' title='bbox 2158 5247 2483 5312; x_wconf 86' lang='lat' dir='ltr'><strong>Paracletus,</strong></span> <span class='ocrx_word' id='word_1_889' title='bbox 2513 5265 2664 5319; x_wconf 82' lang='lat' dir='ltr'><strong>quem</strong></span> <span class='ocrx_word' id='word_1_890' title='bbox 2709 5266 2802 5320; x_wconf 88' lang='lat' dir='ltr'><strong>ego</strong></span> <span class='ocrx_word' id='word_1_891' title='bbox 2836 5252 3039 5306; x_wconf 86' lang='lat' dir='ltr'><strong>mittam</strong></span> <span class='ocrx_word' id='word_1_892' title='bbox 3067 5255 3123 5308; x_wconf 90' lang='lat' dir='ltr'><strong>in</strong></span> <span class='ocrx_word' id='word_1_893' title='bbox 3165 5257 3369 5310; x_wconf 85' lang='lat' dir='ltr'><strong>nomine</strong></span> <span class='ocrx_word' id='word_1_894' title='bbox 3397 5253 3577 5309; x_wconf 78' lang='lat' dir='ltr'><strong>Patris</strong></span> 
     </span>
    </p>
   </div>
   <div class='ocr_carea' id='block_1_110' title="bbox 2002 5336 3574 5408">
    <p class='ocr_par' dir='ltr' id='par_1_110' title="bbox 2002 5336 3574 5408">
     <span class='ocr_line' id='line_1_110' title="bbox 2002 5336 3574 5408; baseline 0.005 -20"><span class='ocrx_word' id='word_1_895' title='bbox 2002 5336 2138 5400; x_wconf 88' lang='lat' dir='ltr'><strong>mei;</strong></span> <span class='ocrx_word' id='word_1_896' title='bbox 2169 5337 2259 5390; x_wconf 93' lang='lat' dir='ltr'><strong>sed</strong></span> <span class='ocrx_word' id='word_1_897' title='bbox 2288 5336 2388 5391; x_wconf 89' lang='lat' dir='ltr'><strong>ista</strong></span> <span class='ocrx_word' id='word_1_898' title='bbox 2413 5337 2596 5392; x_wconf 87' lang='lat' dir='ltr'><strong>missio</strong></span> <span class='ocrx_word' id='word_1_899' title='bbox 2626 5352 2724 5406; x_wconf 90' lang='lat' dir='ltr'><strong>per</strong></span> <span class='ocrx_word' id='word_1_900' title='bbox 2750 5340 3011 5408; x_wconf 88' lang='lat' dir='ltr'><strong>quasdam</strong></span> <span class='ocrx_word' id='word_1_901' title='bbox 3036 5343 3274 5398; x_wconf 86' lang='lat' dir='ltr'><strong>visibiles</strong></span> <span class='ocrx_word' id='word_1_902' title='bbox 3295 5341 3361 5394; x_wconf 90' lang='lat' dir='ltr'><strong>ad</strong></span> <span class='ocrx_word' id='word_1_903' title='bbox 3384 5341 3574 5396; x_wconf 88' lang='lat' dir='ltr'><strong>horam</strong></span> 
     </span>
    </p>
   </div>
   <div class='ocr_carea' id='block_1_111' title="bbox 2002 5423 3570 5499">
    <p class='ocr_par' dir='ltr' id='par_1_111' title="bbox 2002 5423 3570 5499">
     <span class='ocr_line' id='line_1_111' title="bbox 2002 5423 3570 5499; baseline 0.004 -20"><span class='ocrx_word' id='word_1_904' title='bbox 2002 5423 2144 5480; x_wconf 80' lang='lat' dir='ltr'><strong>facta</strong></span> <span class='ocrx_word' id='word_1_905' title='bbox 2189 5434 2275 5482; x_wconf 90' lang='lat' dir='ltr'><strong>est</strong></span> <span class='ocrx_word' id='word_1_906' title='bbox 2307 5436 2603 5482; x_wconf 88' lang='lat' dir='ltr'><strong>creaturas.</strong></span> <span class='ocrx_word' id='word_1_907' title='bbox 2641 5426 2804 5483; x_wconf 85' lang='lat' dir='ltr'><strong>Facta</strong></span> <span class='ocrx_word' id='word_1_908' title='bbox 2845 5441 2929 5486; x_wconf 90' lang='lat' dir='ltr'><strong>est</strong></span> <span class='ocrx_word' id='word_1_909' title='bbox 2963 5434 3102 5486; x_wconf 88' lang='lat' dir='ltr'><strong>enim</strong></span> <span class='ocrx_word' id='word_1_910' title='bbox 3146 5431 3386 5499; x_wconf 66' lang='lat' dir='ltr'><strong>quaedam</strong></span> <span class='ocrx_word' id='word_1_911' title='bbox 3413 5444 3570 5485; x_wconf 88' lang='lat' dir='ltr'><strong>crea-</strong></span> 
     </span>
    </p>
   </div>
   <div class='ocr_carea' id='block_1_112' title="bbox 2002 5520 3574 5592">
    <p class='ocr_par' dir='ltr' id='par_1_112' title="bbox 2002 5520 3574 5592">
     <span class='ocr_line' id='line_1_112' title="bbox 2002 5520 3574 5592; baseline 0.004 -20"><span class='ocrx_word' id='word_1_912' title='bbox 2002 5526 2138 5575; x_wconf 70' lang='lat' dir='ltr'><strong>tura:</strong></span> <span class='ocrx_word' id='word_1_913' title='bbox 2157 5521 2364 5588; x_wconf 87' lang='lat' dir='ltr'><strong>species</strong></span> <span class='ocrx_word' id='word_1_914' title='bbox 2390 5534 2456 5574; x_wconf 77' lang='lat' dir='ltr'><strong>ex</strong></span> <span class='ocrx_word' id='word_1_915' title='bbox 2499 5527 2758 5590; x_wconf 89' lang='lat' dir='ltr'><strong>tempore,</strong></span> <span class='ocrx_word' id='word_1_916' title='bbox 2790 5521 2844 5576; x_wconf 92' lang='lat' dir='ltr'><strong>in</strong></span> <span class='ocrx_word' id='word_1_917' title='bbox 2887 5538 2991 5592; x_wconf 86' lang='lat' dir='ltr'><strong>qua</strong></span> <span class='ocrx_word' id='word_1_918' title='bbox 3020 5520 3300 5576; x_wconf 86' lang='lat' dir='ltr'><strong>visibiliter</strong></span> <span class='ocrx_word' id='word_1_919' title='bbox 3323 5521 3574 5579; x_wconf 57' lang='lat' dir='ltr'><strong>ostende.</strong></span> 
     </span>
    </p>
   </div>
   <div class='ocr_carea' id='block_1_113' title="bbox 2073 5632 2829 5708">
    <p class='ocr_par' dir='ltr' id='par_1_113' title="bbox 2073 5632 2829 5708">
     <span class='ocr_line' id='line_1_113' title="bbox 2073 5632 2829 5708; baseline 0.003 -20"><span class='ocrx_word' id='word_1_920' title='bbox 2073 5633 2102 5674; x_wconf 67' lang='grc' dir='ltr'><strong>ι</strong></span> <span class='ocrx_word' id='word_1_921' title='bbox 2133 5632 2333 5690; x_wconf 68' lang='lat' dir='ltr'><strong>Encas</strong></span> <span class='ocrx_word' id='word_1_922' title='bbox 2367 5634 2561 5702; x_wconf 88' lang='lat' dir='ltr'><strong>Paris.,</strong></span> <span class='ocrx_word' id='word_1_923' title='bbox 2591 5651 2709 5708; x_wconf 83' lang='lat' dir='ltr'><strong>cap.</strong></span> <span class='ocrx_word' id='word_1_924' title='bbox 2743 5637 2829 5693; x_wconf 79' lang='grc'><strong>87-</strong></span> 
     </span>
    </p>
   </div>
  </div>
