3906 6186
207 319 257 375 Δί
670 247 673 249 -
757 301 1170 364 DOGMA'TICA.
1211 336 1278 344 —
1314 304 1402 358 DE
1439 301 1592 356 FIDE
1631 301 1688 354 S.
1735 291 2132 352 TRINITATIS
2173 289 2349 345 LIBRI
2385 289 2470 344 IlI.
2500 287 2707 343 ~LIB.
2751 287 2832 341 III.
3375 285 3444 339 42

209 439 330 487 rem,
353 423 590 494 spiritus
629 427 872 482 sanctus,
903 417 1016 470 sive
1051 430 1172 470 cum
1205 428 1367 483 super
1389 412 1550 483 727
1587 411 1760 481 ipsum
1791 414 1840 468 Α
1870 415 1979 468 tur,
2018 413 2076 457 ut
2117 402 2338 471 aequalis
2391 401 2552 456 Patri!
2593 399 2927 494 ostendatur,
2987 399 3129 451 sicut
3183 396 3311 494 (ibi,-
3353 400 3441 452 ulti

208 517 459 576 Dominum
484 511 820 580 baptizatum
867 505 1134 576 corporali
1162 505 1344 574 specie
1379 502 1629 558 columba
1674 500 1769 554 de-

209 602 620 676 serndit(Matth.
654 615 742 664 ιιι,
761 598 883 675 16);
910 597 996 652 vel
1019 597 1182 651 etiam
1213 595 1480 665 corporali
1503 594 1683 664 specie
1713 593 1767 646 in

211 697 370 770 linguis
408 694 584 766 igneis
628 693 778 748 visus
806 697 892 745 est
918 702 1086 759 super
1121 686 1394 758 apostolos
1427 683 1770 740 descendisse

211 790 322 860 (Act.
370 804 430 852 ιι,
474 786 554 855 3).
607 784 736 840 Haec
784 781 1034 852 operatio
1061 779 1348 834 visibiliter
1383 790 1662 846 expressa,
1715 784 1770 830 et

210 879 354 935 oculis
379 877 558 934 oblata
595 873 938 937 mortalibus,
963 871 1150 926 missio
1172 870 1343 924 sancti
1367 868 1602 938 Spiritus
1625 867 1768 921 dicta

214 981 301 1034 est,
340 984 444 1024 non
478 975 541 1022 ut
577 969 870 1035 appareret
897 959 1014 1030 ejus
1060 959 1177 1030 ipsa
1219 958 1542 1022 substantia,
1571 971 1676 1026 qua
1716 963 1771 1008 et

215 1065 309 1134 ipse
331 1058 614 1116 invisibilis
657 1063 713 1112 et
737 1050 1200 1109 incommutabilis
1228 1059 1331 1116 est,
1359 1049 1499 1104 sicut
1524 1047 1690 1103 Pater
1716 1055 1770 1102 ct

216 1154 382 1217 Filius;
425 1151 522 1206 sed
566 1155 627 1202 ut
684 1143 1049 1201 exterioribus
1088 1141 1222 1196 visis
1278 1139 1558 1195 hominum
1605 1137 1769 1200 corda

217 1246 662 1300 commonerentur
735 1235 868 1308 [Al.,
938 1229 1427 1300 commoverentur]
1487 1227 1771 1297 temporali

220 1331 626 1390 manilestatione
669 1327 960 1390 venientis,
997 1323 1063 1378 ad
1101 1323 1370 1379 occultam
1413 1321 1770 1376 :eternitatem

221 1439 404 1494 semper
428 1419 716 1492 presentis
743 1423 1083 1473 convertere.

799 1526 1028 1584 CAPUT
1067 1526 1156 1580 VI.

430 1621 535 1676 Cur
569 1619 713 1675 solus
743 1617 909 1672 Pater
936 1617 1123 1670 missus
1155 1631 1258 1670 non
1284 1614 1488 1684 legatur
1512 1614 1535 1666 ?

280 1735 395 1794 Ideo
434 1735 590 1790 Pater
633 1732 838 1787 missus
879 1745 985 1785 non
1012 1728 1232 1800 legitur,
1276 1728 1401 1800 quia
1461 1727 1774 1782 incarnatus

223 1844 320 1885 non
344 1827 584 1883 creditur.
633 1822 1013 1893 Congruenter
1057 1820 1234 1875 dictus
1285 1828 1369 1874 est
1421 1817 1620 1872 missus
1658 1815 1768 1877 ille,

220 1921 301 1990 qui
325 1920 370 1974 in
409 1931 576 1974 carne
629 1913 884 1984 apparuit
939 1909 1174 1984 [misisse
1201 1917 1378 1964 autem
1405 1908 1576 1972 illum,
1600 1905 1693 1977 qui
1724 1906 1777 1960 in

222 2023 277 2063 ea
301 2022 396 2061 non
424 2002 722 2075 apparuit].
750 2001 950 2056 Forma
996 1999 1159 2070 igitur
1186 1997 1278 2052 illa
1326 1995 1560 2065 suscepti
1605 1995 1782 2050 homi-

223 2097 309 2161 nis,
337 2096 455 2151 Filii
478 2109 714 2165 persona
750 2102 856 2157 est,
889 2107 998 2146 non
1032 2090 1198 2144 etiam
1223 2087 1418 2143 Patris.
1440 2087 1781 2156 Quapropter

223 2185 366 2240 Pater
404 2183 697 2238 invisibilis
739 2196 844 2236 una
894 2195 1018 2236 cum
1076 2178 1215 2234 Filio
1267 2192 1451 2233 secum
1503 2173 1778 2238 invisibili,

219 2276 454 2330 eumdem
522 2272 714 2326 Filium
764 2270 1028 2326 visibilem
1079 2268 1350 2328 faciendo.
1401 2266 1616 2322 misisse
1657 2280 1781 2321 eum

221 2365 380 2420 dictus
421 2371 524 2418 est.
565 2362 642 2416 Ita
695 2375 821 2415 vero
870 2367 1091 2428 accepta
1139 2357 1268 2429 [est]
1311 2355 1486 2412 forma
1533 2355 1694 2418 servi,
1723 2365 1784 2410 ut

225 2462 444 2508 maneret
493 2449 952 2507 incommutabilis
993 2449 1168 2503 forma
1225 2448 1340 2502 Dei.
1366 2445 1518 2513 Quod
1571 2460 1700 2500 vero
1729 2446 1784 2500 in

224 2543 340 2602 Filio
366 2542 615 2613 apparuit
646 2541 956 2597 carnalibus
981 2539 1173 2603 oculis,
1205 2537 1276 2591 ab
1306 2536 1556 2592 invisibili
1595 2545 1790 2591 saneta.

226 2637 465 2690 Trinitate
509 2633 716 2689 factum
757 2641 844 2689 est
902 2632 1067 2704 [sicut
1117 2631 1370 2686 Ahralue-
1398 2639 1454 2685 ct
1500 2630 1690 2701 Moysi,
1731 2639 1786 2685 et

222 2724 397 2780 Joanni
415 2723 670 2794 Baptista:
690 2731 746 2777 et
774 2724 950 2778 tribus
971 2720 1246 2790 discipulis
1267 2720 1320 2774 in
1344 2718 1568 2791 monte].

766 2849 792 2878 ⁸
836 2835 1066 2892 CAPUT
1106 2833 1217 2888 VII.

329 2946 499 3013 Quare
517 2946 682 3003 Filius
706 2963 848 3002 nunc
874 2946 1130 3070 (gequ‘alisé
1158 2963 1296 3001 nunc
1325 2947 1496 3001 minor
1524 2946 1684 3002 Patre
1717 2977 1725 2986 ι

912 3033 993 3070 tea
1019 3033 1085 3070 ur

912 3033 1085 3072 ιεαιιιι·

1867 495 2030 567 idem]
2064 495 2179 564 ipse
2214 494 2290 548 ait
2319 509 2333 547 :
2368 492 2480 563 Ego
2531 502 2579 546 et
2632 489 2794 544 Pater
2836 505 2995 544 unum
3039 505 3220 544 sumus
3256 488 3442 560 (Joan.

1868 605 1922 653 ι,
1949 587 2038 658 '50)
2065 604 2080 652 ;
2108 603 2291 652 unum,
2330 594 2550 656 propter
2579 582 2899 639 substantiae
2924 582 3216 642 unitatem;
3241 597 3443 645 sumus,

1867 687 2087 750 propter
2140 691 2492 748 personarum
2555 675 2967 745 proprietatem.
3022 673 3176 742 Quod
3218 673 3446 743 diligen-

1869 769 2077 824 tissime
2097 767 2232 839 [Al.,
2261 765 2698 838 prudentissime]
2739 765 2976 834 prudens
3002 765 3172 820 lector
3200 763 3459 821 conside-

1869 875 1991 914 rare
2016 861 2193 923 debet,
2226 859 2354 929 quid
2382 873 2478 928 pro
2506 874 2610 928 qua
2633 858 2843 912 dicatur
2871 855 3043 911 forma
3077 871 3088 908 :
3121 871 3244 910 cum
3269 862 3450 910 tamen

1869 961 1924 1006 et
1961 951 2014 1006 in
2061 951 2234 1006 forma
2272 950 2438 1014 servi,
2469 959 2523 1005 et
2570 949 2625 1004 in
2676 947 2848 1003 forma
2905 947 3022 1011 Dei,
3075 947 3218 1003 idem
3247 945 3358 1015 ipse
3382 944 3455 998 sit

1871 1042 2057 1106 Filius,
2100 1056 2258 1105 unus,
2304 1039 2611 1110 unigenitus
2637 1038 2732 1093 Dei
2764 1038 2981 1102 Patris;
3027 1038 3079 1092 in
3131 1037 3305 1091 forma
3355 1035 3451 1091 Dei

1870 1133 2096 1202 :equali‘s
2139 1132 2310 1194 Patri,
2361 1132 2416 1185 in
2454 1131 2628 1185 forma
2668 1131 2811 1185 servi
2865 1130 3042 1184 minor
3090 1128 3270 1184 Patre.
3311 1127 3456 1196 Qua-

1871 1232 2091 1294 propter
2117 1221 2249 1294 [Al.,
2281 1221 2482 1293 itaque]
2510 1238 2614 1276 non
2648 1221 2920 1276 immerito
2948 1219 3226 1290 Scriptura
3253 1228 3461 1275 utrum-

1873 1331 1977 1385 que
2013 1314 2164 1376 dicit,
2193 1321 2251 1366 ct
2279 1313 2540 1382 aequalem
2587 1312 2732 1366 Patri
2760 1311 2974 1372 Filium,
3003 1319 3057 1373 et
3099 1311 3314 1368 Patrem
3342 1327 3460 1366 ma-

1866 1404 2040 1473 jorem
2081 1404 2235 1459 Filio.
2288 1403 2421 1458 Illud
2461 1403 2607 1458 enim
2658 1411 2881 1473 propter
2927 1401 3158 1456 formam
3185 1403 3278 1458 Dei
3314 1403 3460 1458 :hoc

1875 1507 2054 1552 autem
2089 1505 2308 1567 propter
2349 1495 2578 1550 formam
2608 1495 2774 1558 servi,
2806 1494 2924 1550 sine
2948 1493 3052 1549 ulla
3079 1509 3324 1563 persona:
3348 1496 3459 1551 dis-

1876 1589 2118 1644 cretione
2176 1587 2314 1658 [Al.,
2352 1583 2586 1641 naturali
2634 1583 2975 1658 confusione]
3019 1585 3355 1656 intelligitur.
3401 1589 3459 1642 In

1878 1676 2051 1733 forma
2081 1677 2195 1740 Dei,
2220 1677 2276 1729 in
2303 1675 2560 1744 principio
2581 1683 2692 1729 erat
2728 1672 2981 1737 Verbum;
3012 1675 3066 1728 in
3098 1675 3268 1730 forma
3293 1677 3456 1736 servi.

1807 1755 1850 1814 Β
1889 1765 2113 1821 Verbum
2145 1781 2268 1820 caro
2305 1765 2504 1834 factum
2549 1775 2624 1820 est
2663 1762 2847 1836 (Joan.
2885 1781 2924 1830 ι,
2955 1765 3064 1835 M),
3091 1765 3144 1821 id
3171 1774 3276 1832 est,
3317 1768 3461 1824 Deus

1879 1859 2042 1914 homo
2072 1857 2246 1913 factus
2278 1867 2378 1913 est.
2406 1857 2462 1912 In
2493 1858 2579 1912 illa
2627 1873 2692 1914 ex
2742 1866 2946 1914 αξιοι-[ιο
2971 1859 3196 1929 ωιιιιειιὶε
3222 1860 3416 1938 [Patri]
3442 1881 3457 1926 ;

1882 1948 1935 2001 in
1958 1947 2059 2002 ista
2103 1961 2172 2000 ex
2210 1955 2452 2017 tempore
2479 1947 2674 2002 minor.
2700 1945 2759 2002 lu
2791 1946 2962 2003 forma
3003 1964 3109 2019 qua
3135 1951 3360 2021 mqualis
3378 1963 3464 2008 est

1881 2038 2053 2105 Patri,
2078 2038 2206 2094 fecit
2229 2038 2502 2094 hominem
2530 2055 2545 2104 ;
2576 2037 2629 2093 in
2650 2034 2824 2094 forma
2844 2053 2951 2109 qua
2978 2039 3158 2096 minor
3177 2052 3261 2098 est
3280 2041 3460 2104 Patre,

1883 2132 2057 2188 factus
2092 2141 2176 2187 est
2215 2133 2396 2186 homo.
2429 2130 2663 2187 Proinde
2703 2131 2757 2185 in
2793 2131 3056 2187 catholica
3084 2131 3188 2188 ﬁde
3213 2133 3330 2188 sine
3357 2134 3464 2188 ulla

1883 2222 2218 2278 dubitatione
2255 2220 2633 2277 confirmatum
2663 2229 2748 2276 est
2788 2221 3062 2276 hominem
3097 2223 3268 2288 illum,
3303 2240 3463 2295 quem

1885 2311 2124 2380 suscepit
2143 2310 2404 2381 sapientia
2446 2309 2540 2364 Dei
2569 2325 2634 2364 ex
2653 2310 2906 2382 virginali
2931 2319 3107 2376 utero,
3132 2313 3266 2368 nihil
3287 2314 3469 2370 minus

1885 2402 2137 2458 habuisse
2161 2416 2323 2471 quam
2346 2400 2528 2455 caateri
2560 2399 2825 2463 homines,
2855 2409 3117 2470 quantum
3145 2402 3381 2472 pertinet
3400 2405 3466 2458 ad

1886 2493 2247 2564 integritatem
2279 2492 2527 2547 humana:
2575 2500 2802 2560 naturae,
2837 2492 2893 2548 in
2922 2507 3028 2564 qua
3057 2495 3219 2550 homo
3253 2505 3472 2555 creatus

1886 2593 1993 2649 est,
2040 2592 2095 2640 et
2129 2584 2261 2639 nihil
2304 2583 2526 2640 omnino
2550 2599 2617 2639 ex
2651 2601 2739 2650 eo,
2783 2587 2926 2656 quod
2959 2587 3216 2658 deceptor
3264 2589 3469 2647 homini

1889 2675 2114 2732 invexit.
2159 2675 2430 2742 Quantum
2479 2685 2660 2731 autem
2704 2678 2772 2732 ad
2797 2677 3176 2734 excellentiam
3203 2693 3466 2749 personae,

1890 2765 2047 2837 longe
2089 2765 2232 2820 aliud
2257 2776 2341 2822 est
2390 2781 2551 2837 quam
2603 2767 2785 2824 caeteri
2835 2769 3102 2835 homines,
3157 2770 3282 2839 quia
3328 2770 3470 2826 idem

1891 2856 2075 2923 homo,
2101 2873 2206 2910 una
2235 2873 2486 2927 persona,
2523 2875 2644 2914 cum
2674 2859 2768 2914 Dei
2800 2860 2976 2916 Verbo
2999 2860 3173 2917 factus
3197 2872 3299 2916 est.

2481 2990 2706 3047 CAPUT
2753 2991 2877 3046 VIII.

289 3129 361 3186 Ex
393 3145 496 3186 una
541 3130 810 3184 sententia
839 3129 1084 3200 Apostoli
1129 3129 1247 3185 duae
1295 3130 1349 3184 in
1393 3129 1532 3185 Filio
1567 3130 1662 3187 Dei
1691 3145 1789 3186 na-

1896 3105 2074 3173 Qttare
2095 3122 2350 3176 nusquam
2377 3103 2607 3176 Spiritus
2629 3115 2841 3159 sanctus
2867 3105 3025 3161 Patre
3042 3109 3214 3162 minor
3235 3109 3476 3180 legatur?

223 3230 347 3277 tura:
367 3221 741 3289 intelliguntur
772 3236 786 3273 :
813 3235 940 3285 una,
966 3219 1020 3274 in
1045 3235 1150 3289 qua
1171 3229 1254 3275 est
1277 3235 1376 3291 per
1406 3221 1585 3277 omnia
1607 3235 1789 3292 :equa-

221 3310 283 3365 lis
303 3308 447 3364 Patri
478 3327 491 3362 :
526 3309 722 3373 altera,
769 3309 825 3364 in
863 3323 968 3379 qua
1010 3308 1189 3364 minor
1230 3309 1527 3375 estcPatre,
1557 3309 1646 3365 ubi
1676 3311 1789 3366 ait:

222 3398 321 3464 Qui
345 3416 462 3453 cum
490 3408 623 3454 esset
654 3399 710 3452 in
746 3398 920 3467 forma
948 3397 1067 3462 Dei,
1097 3414 1200 3452 non
1244 3400 1481 3470 rapinam
1509 3400 1796 3454 arbitratus

221 3501 290 3544 est
314 3508 424 3545 esse
465 3491 695 3561 aqualis
720 3490 851 3564 [A|.,
885 3489 1160 3561 aequalem]
1195 3490 1322 3556 Deo,
1348 3492 1438 3546 sed
1468 3493 1797 3564 semetipsum

221 3583 501 3636 esiunivit
551 3581 781 3650 formam
826 3581 958 3635 servi
1008 3582 1296 3652 suscipiens
1346 3581 1562 3654 (Philip.
1613 3599 1674 3648 tt,
1721 3583 1796 3655 6),

221 3670 446 3728 Proinde
487 3673 738 3742 quaedam
786 3673 859 3726 ita
894 3673 1146 3728 dicuntur
1175 3673 1230 3728 in
1254 3673 1550 3744 Srripturis
1575 3677 1797 3741 sanctis,

222 3766 470 3820 utminor
516 3764 690 3818 Filius
735 3757 1082 3834 intelligatur,
1118 3765 1260 3820 sicut
1316 3766 1430 3834 ipse
1484 3766 1608 3822 ait:
1643 3765 1804 3820 Pater

222 3859 389 3927 major
407 3874 489 3912 me
504 3865 580 3912 est
596 3854 780 3928 (Joan.
810 3871 920 3921 xw,
950 3855 1070 3926 28);
1100 3857 1350 3927 quaedam
1371 3873 1500 3913 vero
1515 3859 1587 3913 ita
1609 3859 1804 3913 dicun-

287 4023 311 4050 ι
343 4009 403 4082 In
435 4011 570 4066 God.
607 4011 1009 4068 Vindobonensi
1038 4013 1225 4069 Theol.
1258 4008 1384 4080 435,
1417 4030 1544 4071 saec.
1577 4015 1667 4082 12,
1714 4033 1807 4072 ca-

213 4089 313 4165 put
356 4081 390 4134 7
426 4081 767 4165 huiusdlihri.
796 4083 1067 4165 discrepat
1110 4099 1141 4138 a
1170 4084 1359 4165 priori,
1403 4093 1458 4140 et
1488 4086 1748 4165 italialiet
1788 4102 1802 4165 ς

211 4149 395 4226 ’._
415 4149 725 4205 discretione
747 4149 1116 4226 intelligendus
1141 4149 1208 4207 sit
1241 4171 1377 4209 nunc
1402 4155 1620 4226 (aqualis
1652 4156 1818 4220 Patri,

209 4219 267 4274 Ρ
269 4219 430 4282 ilius,
457 4237 589 4274 nunc
608 4231 778 4275 autem
801 4219 1011 4276 minor?

293 4289 709 4375 «.Quapropten
736 4293 976 4375 cognita“
994 4293 1096 4375 ista
1125 4293 1311 4375 regula
1339 4295 1807 4375 intelligendarum

204 4359 635 4430 Scripturamm
679 4361 748 4435 de
770 4359 910 4418 Filio
927 4365 1057 4435 Dei,
1080 4371 1140 4419 ut
1159 4359 1557 4435 distinguamus
1583 4366 1712 4435 quid
1751 4368 1807 4421 in

1967 3218 1996 3259 δ
2033 3217 2157 3273 ldco
2208 3224 2387 3271 autem
2417 3231 2681 3286 nusquam
2725 3217 2985 3288 scriptum
3013 3227 3114 3285 est,
3145 3223 3288 3291 quod
3334 3223 3478 3281 Deus

1897 3308 2058 3364 Pater
2089 3307 2260 3377 major
2305 3308 2377 3362 sit
2405 3305 2606 3376 Spiritu
2633 3316 2844 3374 sancto,
2883 3310 2967 3365 vel
2995 3309 3228 3381 Spiritus
3253 3324 3476 3371 sanctus

1898 3399 2075 3454 minor
2115 3397 2225 3452 Deo
2255 3397 2434 3462 Patre,
2469 3398 2592 3466 quia
2631 3414 2738 3453 non
2763 3407 2847 3454 est
2875 3399 2949 3454 ita
2977 3416 3007 3456 a
3045 3399 3249 3472 Spiritu
3284 3415 3475 3462 sancto

1898 3489 2164 3553 columba,
2195 3489 2248 3542 in
2289 3503 2394 3557 qua
2434 3490 2701 3560 apparuit,
2739 3500 3047 3561 assumpta;
3084 3494 3168 3548 vel
3200 3495 3289 3552 ille
3310 3498 3470 3567 ignis,

1900 3581 1955 3635 in
2001 3595 2108 3650 quo
2135 3580 2414 3636 descendit
2471 3597 2632 3652 super
2660 3585 2952 3654 apostolos,
2987 3586 3039 3640 in
3093 3603 3255 3642 unam
3293 3605 3477 3659 perso-

1902 3688 2024 3727 nam
2061 3672 2362 3728 divinitatis
2414 3688 2542 3738 suaa,
2573 3673 2712 3728 sicut
2742 3685 3014 3748 assumpta
3042 3687 3124 3734 est
3161 3695 3190 3732 a
3215 3679 3353 3735 Filio
3384 3681 3478 3736 Dei

1901 3777 1968 3817 ex
1995 3761 2205 3834 virgine
2255 3761 2422 3818 Maria
2469 3765 2778 3822 humanitas
2809 3767 2862 3821 in
2890 3783 3051 3823 unam
3099 3783 3212 3823 suae
3261 3770 3484 3825 deitatis

1903 3868 2212 3923 personam.
2257 3853 2441 3926 Neque
2480 3855 2625 3911 enim
2661 3855 2966 3912 columbam
2993 3857 3321 3914 beatiﬁcavit
3353 3858 3480 3930 Spi-

1907 4010 2068 4095 tionis
2095 4012 2352 4095 ostendit,
2386 4008 2635 4095 Spiritus,
2687 4009 2895 4095 inquit...
2931 4009 3141 4065 Domini
3181 4029 3338 4095 super
3378 4031 3480 4095 me,

1905 4089 2114 4153 propter
2140 4081 2470 4153 quodhunxit
2517 4096 2598 4153 me
2620 4097 2645 4153 ;_
2665 4081 3021 4153 euangelizare
3040 4081 3353 4153 pauperibus
3384 4086 3482 4138 mi-

1907 4150 1974 4224 sit
2011 4166 2114 4224 m_e,
2144 4150 2672 4224 prwdieareeaptivis
2693 4150 3074 4224 remissionem,
3095 4150 3201 4208 etc.
3227 4153 3377 4224 (Luc.
3404 4170 3480 4216 tv,

1911 4221 1977 4276 18
2001 4237 2016 4284 ς
2045 4218 2163 4300 lsa.
2188 4219 2398 4300 [Jb-1).
2425 4218 2652 4300 Adh'qua;
2686 4218 2930 4300 facienda
2958 4221 3080 4278 ideo
3118 4239 3177 4278 se
3206 4218 3338 4280 dicit
3359 4225 3484 4280 mis—

1909 4305 2058 4361 sum,
2076 4289 2198 4360 quia
2237 4288 2462 4361 spiritus
2493 4288 2702 4361 Domini
2731 4306 2891 4361 super
2915 4307 3037 4347 eum
3061 4301 3162 4349 est.

1986 4378 2006 4411 ι
2039 4358 2346 4434 Sécundum
2387 4359 2616 4434 formam
2647 4360 2738 4415 Dei
2769 4358 2949 4434 omnia
2980 4376 3077 4434 per
3121 4365 3293 4434 ipsum
3341 4361 3483 4418 facta

204 4435 293 4487 eis
337 4438 506 4528 spnet
557 4431 846 4528 sgcundum
918 4433 1146 4528 I'oeram
1194 4433 1309 4528 Dfi,
1331 4430 1426 4528 in,
1448 4449 1553 4504 qua
1591 4430 1696 4498 est,
1749 4445 1804 4491 et
1837 4467 1882 4528 Β
1909 4439 2040 4528 lsunt
2061 4431 2432 4528 ;‘.secundu‘ml
2466 4430 2692 4528 tornatam
2723 4430 2868 4528 δειννί
2899 4430 3012 4528 ipse
3042 4430 3217 4528 facitis
3255 4449 3320 4486 ex
3365 4449 3484 4488 mu-

205 4518 370 4528 ”..-
401 4502 447 4528 2ο
479 4508 555 4528 Δρ·
629 4503 728 4528 ..ι-ζ
752 4520 766 4528 .
812 4511 862 4528 Α.
894 4506 980 4528 -..2
1060 4517 1219 4528 --.η--
1262 4521 1347 4528 η...
1423 4521 1624 4528 -..μᾼμ
1661 4507 1801 4528 ,Α-.-ι
1928 4501 2038 4528 3...“.
2112 4510 2262 4528 Anon.-
2293 4517 2352 4528 ι...
2441 4515 2533 4528 Ann
2624 4517 2756 4528 ..η-ι..
2797 4518 2885 4528 η-..
2934 4517 3135 4528 ...ην-η...
3214 4504 3258 4528 ,ιέ
3290 4503 3401 4528 2...-,ι
3433 4513 3484 4528 Α..

204 4502 450 4572 aequalis
477 4508 562 4555 est
589 4501 767 4573 Patri;
809 4511 865 4557 et
892 4504 1020 4573 quid
1058 4506 1351 4559 secundum
1399 4501 1628 4561 formam
1659 4507 1802 4562 servi

204 4588 382 4640 quam
424 4571 652 4640 accepit,
681 4582 739 4626 et
765 4571 941 4628 minor
981 4582 1066 4629 est
1092 4574 1250 4629 Patre
1280 4591 1297 4631 :
1327 4591 1433 4631 non
1460 4577 1805 4632 conturbabi-

205 4657 338 4714 mur
362 4649 625 4710 tanquam
646 4643 935 4714 contrariis
961 4652 1017 4697 et
1045 4645 1466 4714 repugnantibus
1488 4655 1800 4702 sanctorum

199 4710 490 4765 librorum
533 4713 834 4766 sententiis.
889 4712 1021 4767 Nam
1086 4710 1382 4768 secundum
1426 4716 1655 4770 formam
1705 4716 1803 4771 Dei

198 4781 447 4866 aqualis
473 4788 561 4866 est
578 4779 728 4866 Patri
748 4783 912 4852 728
934 4791 988 4837 et
1006 4782 1180 4866 ‘Filius
1201 4792 1257 4866 et
1287 4783 1519 4866 Spiritus
1545 4793 1799 4866 sanctus;

283 4859 342 4904 ia
389 4859 590 4906 neuter
635 4865 822 4922 eorum
873 4862 1121 4908 creatura
1162 4861 1264 4915 est,
1295 4859 1436 4908 sicut
1474 4859 1587 4922 jam
1623 4864 1805 4910 osten-

239 4921 404 4974 imus
437 4938 452 4974 :
485 4919 782 4975 secundum
823 4931 1002 4977 autem
1054 4925 1282 4978 formam
1330 4919 1674 4980 servi—minor
1721 4933 1807 4980 est

199 4990 414 5062 Patre,
449 4990 590 5062 quia
620 4990 735 5058 ipse
778 4991 953 5046 dixit:
986 4992 1148 5047 Pater
1174 4993 1348 5062 major
1390 5010 1472 5048 me
1514 5004 1589 5048 est
1619 4994 1802 5062 (Joan.

193 5077 331 5133 ειν,
368 5059 493 5131 28).
526 5059 701 5133 Minor
724 5068 810 5116 est
835 5063 1036 5133 seipse,
1069 5063 1205 5133 quia
1228 5059 1296 5133 de
1325 5063 1416 5118 illo
1445 5059 1647 5119 dictum
1677 5073 1761 5119 est
1788 5082 1800 5116 :

195 5129 581 5205 semetipsum
603 5132 888 5205 exinanioit
917 5129 1148 5205 (Philip.
1168 5132 1322 5205 711,77)
1346 5150 1360 5198 ;
1391 5134 1568 5205 minor
1585 5143 1670 5190 est
1693 5135 1810 5205 Spi-

197 5201 601 5273 ritn__sancto_,
625 5200 758 5273 quia
781 5201 893 5272 ipse
921 5200 1038 5256 ait:
1074 5200 1177 5268 Qui
1210 5200 1401 5257 dixerit
1435 5200 1808 5273 blasphemiam

195 5270 264 5343 in
312 5268 374 5322 ιθ
377 5271 532 5343 ilium
560 5268 816 5343 hominis;
845 5273 1135 5343 remittetur
1164 5275 1246 5337 ei;
1282 5274 1372 5343 qui
1409 5268 1585 5327 autem
1621 5274 1812 5328 dieerit

1909 4501 2062 4574 l_iere,
2088 4501 2264 4557 factus
2292 4503 2392 4558 sub
2420 4502 2555 4573 lege.
2583 4500 2886 4574 Secundum
2911 4500 3136 4557 formam
3167 4503 3258 4557 Dei
3289 4503 3402 4574 ipse
3428 4513 3488 4561 et

1910 4570 2069 4626 Pater
2091 4587 2256 4625 unum
2283 4581 2441 4636 sunt;
2462 4570 2753 4626 secundum
2789 4571 3019 4626 formam
3044 4573 3184 4628 servi
3215 4570 3324 4628 non
3340 4576 3487 4631 venit

1909 4640 2089 4697 facere
2120 4641 2462 4712 voluntatem,
2493 4657 2667 4712 suam,
2713 4640 2805 4694 sed
2833 4640 3188 4712 ‘voluntatem
3229 4641 3345 4712 ejus
3390 4646 3482 4712 qui

1909 4726 2034 4766 eum
2061 4711 2226 4766 misit.
2253 4711 2560 4767 Secundum
2580 4710 2808 4765 formam
2833 4709 2927 4764 Dei
2943 4750 2957 4772 ,
2987 4713 3120 4767 sicut
3151 4709 3314 4768 Pater
3332 4709 3484 4768 habet

1910 4781 2152 4852 vitamin
2179 4783 2469 4852 semetipso,
2509 4781 2595 4852 sic]
2612 4779 2754 4833 dedit
2777 4789 2824 4833 et
2866 4779 3008 4852 Filio
3035 4783 3192 4838 vitam
3217 4784 3406 4839 habere
3430 4786 3485 4837 in

1910 4850 2180 4921 semetipso
2221 4848 2400 4920 (Joan.
2433 4865 2486 4912 v,
2516 4848 2642 4921 26);
2681 4850 2974 4921 secundum
3028 4853 3255 4908 formam
3298 4853 3481 4908 servi:

1915 4919 2101 4974 Tristis
2143 4919 2241 4990 est;
2267 4921 2444 4972 anima
2477 4919 2595 4972 mea
2618 4936 2776 4990 usque
2801 4920 2871 4974 ad
2900 4933 3152 4988 mortem;
3181 4931 3255 4986 et,
3303 4922 3484 4983 Pater,

1910 4990 2106 5058 inquit,
2107 4989 2326 5115 Μή
2350 4997 2538 5059 potest,
2568 4989 2800 5044 transeat
2819 5008 2853 5044 a
2874 5006 2954 5046 me
2980 4993 3122 5047 calix
3147 4994 3244 5046 iste
3265 4990 3480 5060 (Matth.

1910 5075 2064 5115 xxvt.
2107 5061 2136 5082 "
2187 5079 2192 5084 ν
2231 5058 2310 5115 9).
2360 5055 2666 5114 Secundum
2696 5059 2924 5115 formam
2952 5063 3044 5115 Dei
3075 5064 3188 5115 inse
3214 5069 3300 5115 est
3325 5075 3480 5115 verus

1910 5055 2064 5133 μὴ,
2107 5055 2310 5133 58ῧ9).
2350 5055 2666 5122 Secundum
2696 5059 2924 5133 formam
2952 5063 3044 5118 Dei
3075 5064 3188 5133 ipse
3214 5055 3300 5133 est
3318 5075 3488 5133 verus

1912 5129 2056 5184 Deus
2081 5138 2135 5184 et
2159 5128 2276 5183 vita
2295 5136 2530 5194 aeterna;
2568 5131 2862 5185 secundum
2888 5128 3118 5186 formam
3145 5131 3284 5186 servi
3310 5129 3484 5186 factus

1912 5208 1997 5254 est
2020 5199 2278 5255 obediens
2301 5213 2468 5268 usque
2495 5201 2559 5255 ad
2584 5209 2836 5265 mortem,
2860 5209 3086 5255 mortem
3108 5209 3286 5255 autem
3309 5202 3488 5257 crucis

1915 5269 2135 5340 (Philip.
2172 5285 2233 5332 tt,
2278 5270 2355 5340 8).
2404 5268 2709 5324 Secundum
2748 5271 2976 5340 formam
3007 5269 3099 5324 Dei
3133 5271 3338 5336 omnia,
3365 5286 3490 5340 qua:

190 5339 611 5410 ﬂqspltemiam
655 5341 713 5394 in
755 5340 1010 5410 Spiritum
1057 5339 1316 5405 sanctum,
1373 5360 1481 5398 non
1525 5344 1815 5398 remittetur

187 5406 582 5482 (παίωνι-ιιι,
602 5409 716 5478 32).
771 5406 838 5482 Et
873 5411 926 5464 in
955 5411 1070 5482 ipso
1091 5413 1318 5468 virtutes
1339 5421 1592 5482 operatus
1617 5421 1700 5467 est
1724 5413 1810 5467 di-

185 5495 359 5535 oens
395 5497 408 5532 :
437 5479 510 5561 Si
545 5497 635 5563 ego
681 5483 738 5534 in
765 5479 989 5551 Spiritu
1011 5481 1123 5563 Dei
1144 5482 1294 5563 eiicio
1343 5479 1638 5563 diemgniq,
1677 5493 1813 5563 certe

179 5551 530 5622 supervenit
569 5551 624 5622 in
667 5568 754 5606 vos
782 5568 997 5621 regnum
1028 5551 1123 5606 Dei
1149 5552 1298 5622 (Luc.
1333 5569 1410 5617 XI,
1441 5553 1554 5622 20).
1581 5554 1648 5607 Et
1673 5552 1812 5621 apud
1915 5551 2005 5622 qui
2043 5565 2165 5622 eum
2209 5551 2373 5622 l_uisit.
2412 5569 2430 5602 ι

183 5619 424 5694 Isaiam
445 5691 455 5694 Α
477 5621 606 5676 dicit
631 5663 664 5694 ,4
717 5619 883 5690 quam
925 5619 1207 5694 lectionem
1261 5623 1374 5692 ipse
1429 5625 1479 5678 in
1515 5619 1812 5694 ’Synagoga
1927 5690 1939 5694 Α
1963 5621 2017 5694 ,ιι
2047 5621 2177 5676 Vide
2209 5619 2266 5675 S.
2299 5620 2679 5691 Augustinum,
2709 5620 2798 5677 lib.
2830 5638 2883 5676 χι
2924 5622 2990 5677 de
3021 5622 3306 5688 Trinitate,
3338 5629 3490 5676 num.

171 5691 505 5757 recitavit,
549 5700 605 5745 et
631 5692 702 5746 de
727 5706 789 5746 se
822 5693 1143 5761 completam
1175 5690 1295 5748 sine
1325 5690 1812 5765 scrupulo'dubita-
1920 5690 2006 5744 ll.

555 5787 842 5848 Ριιτιιοι..
890 5781 988 5844 CI.

2902 5787 2942 5844 2

1916 5338 2090 5395 habet
2118 5338 2320 5405 Pater,
2345 5340 2514 5410 ipsius
2539 5347 2673 5410 sunt
2703 5357 2717 5392 :
2759 5338 2828 5392 Et
2857 5341 3033 5410 omnia
3062 5350 3155 5394 tua
3200 5357 3316 5395 mea
3343 5338 3487 5406 sunt,

1914 5409 2109 5479 inquit,
2153 5419 2200 5464 et
2231 5426 2346 5482 mea
2366 5408 2469 5466 tua
2496 5409 2673 5482 (Joan.
2703 5424 2853 5482 Axvu,
2883 5408 3008 5482 10)];
3042 5411 3349 5482 secundum
3376 5411 3488 5465 for-

1915 5494 2058 5552 mam
2102 5481 2241 5534 servi
2269 5495 2382 5552 non
2422 5479 2512 5535 est
2544 5479 2659 5549 ejus
2684 5479 2928 5535 doctrina
2954 5479 3162 5552 ipsius,
3201 5481 3298 5536 sed
3322 5481 3488 5548 illius,
