3906 6186
398 322 480 378 εὖ

1216 314 1281 370 Β.
1320 314 1381 368 F.
1419 310 1647 368 ALle
1686 309 1817 366 εει]
1858 307 2133 365 ΑιευιΝι
2172 306 2456 365 OPERL‘M
2495 306 2674 363 PARS
2710 306 2797 363 lli.

3620 306 3689 361 Η

407 439 547 495 ritus
580 430 871 509 {sanctus},
916 433 999 488 vel
1034 431 1183 486 illum
1229 429 1435 493 ﬂatum,
1472 426 1563 482 'vel
1609 426 1759 483 illum
1790 425 1989 495 ignem,
2022 424 2068 481 Δ
2094 418 2229 476 duas
2245 427 2523 488 personas,
2553 418 2604 472 id
2627 426 2735 480 est,
2760 415 2874 472 veri
2895 415 3016 473 Filii
3044 416 3162 482 Dei,
3186 424 3243 473 et
3268 416 3504 488 adoptivi
3536 417 3677 489 μιη

406 527 618 596 sibique
642 533 697 580 et
722 536 964 595 personae
989 533 1101 577 suae
1124 523 1180 576 in
1204 521 1465 575 unitatem
1490 520 1845 588 habitumque
1869 531 1996 573 con-

402 615 584 687 junxit
634 598 691 669 in
754 621 1039 678 mternum,
1111 612 1208 666 sed
1258 618 1628 681 apparuerunt
1672 610 1793 673 ista,
1853 609 1996 664 sicut

388 713 708 778 opportune
756 704 1371 777 apparere‘debuerunt,
1419 711 1670 759 creatura
1720 702 1995 757 serviente

388 799 663 863 creatori,
691 807 748 853 et
777 798 846 852 ad
866 806 1061 853 nutum
1088 794 1225 865 eius,
1256 795 1350 864 qui
1398 785 1914 850 incommutabiliter
1935 794 1992 847 in

406 890 584 959 seipse
612 894 917 958 permanet,
950 886 1019 942 ad
1070 900 1197 940 eum
1226 884 1641 957 signiﬁcandum
1688 874 1755 938 ei
1769 883 1993 938 demon-

406 980 706 1044 strandum,
746 980 891 1035 sicut
918 976 1214 1051 signiﬁcari
1252 976 1310 1032 et
1337 976 1702 1033 demonstrari
1741 976 1990 1033 mortali-

404 1072 506 1127 bus
555 1072 859 1142 oportebat,
915 1076 1121 1126 mutata
1189 1072 1354 1139 atque
1399 1080 1681 1126 conversa.
1734 1068 1995 1136 Quamvis

406 1160 640 1232 Spiritus
680 1171 900 1218 sanctus
930 1160 1278 1232 apparuisset
1298 1159 1356 1214 in
1400 1160 1583 1229 specie
1610 1160 1873 1217 colunibas
1906 1160 1993 1215 Vel

406 1252 566 1325 ignis,
592 1270 700 1310 non
721 1270 1009 1326 possumus
1035 1263 1220 1308 tamen
1247 1253 1428 1308 dicere
1449 1251 1714 1323 Spiritum
1741 1261 1990 1309 sanctum

408 1346 576 1402 Deum
607 1356 662 1402 et
689 1346 1016 1413 columbam,
1042 1353 1136 1400 aut
1165 1345 1335 1400 Deum
1362 1352 1419 1399 et
1446 1345 1647 1415 ignem,
1685 1347 1827 1401 sicut
1852 1345 1989 1401 dici—

403 1452 525 1493 mus
574 1437 772 1492 Filium
802 1436 972 1492 Deum
1007 1445 1062 1491 et
1087 1435 1383 1490 hominem.
1416 1435 1647 1507 Propter
1676 1437 1778 1492 has
1825 1436 1991 1508 igitur

395 1529 718 1600 corporales
760 1529 984 1594 formas,
1016 1529 1073 1584 in
1104 1529 1301 1599 quibus
1323 1528 1573 1598 apparuit
1599 1527 1837 1599 Spiritus
1865 1542 1989 1583 san-

396 1632 540 1684 ctus,
586 1620 787 1676 missus
812 1618 1033 1685 dicitur,
1081 1634 1191 1674 non
1241 1626 1465 1690 propter
1502 1632 1596 1674 eas
1623 1619 1804 1674 minor
1829 1618 1991 1675 Patre

402 1712 511 1766 dici
559 1720 759 1781 potest,
818 1712 959 1767 sicut
1006 1708 1176 1766 Filius
1240 1717 1466 1783 propter
1514 1709 1748 1766 formam
1807 1712 1985 1778 servi;

2092 512 2207 567 veri
2242 511 2367 569 Filii
2392 519 2447 565 ct
2489 510 2788 582 adeptivi];
2819 525 2946 566 cum
2968 509 3337 565 certissimum
3365 518 3603 575 constet.
3623 509 3682 565 in

2093 600 2242 655 illam
2280 608 2588 670 personam,
2630 610 2795 670 quam
2839 600 3028 655 habuit
3064 600 3393 655 mternaiiter‘
3417 600 3489 656 de
3522 601 3686 657 Patre

2092 693 2324 763 genitus,
2384 690 2482 746 Dei
2522 691 2717 747 Filium
2765 692 3057 747 humanam
3111 692 3473 763 assumpsisse
3523 700 3688 749 natu-

2093 798 2229 847 ram,
2258 796 2422 852 quam
2453 796 2614 839 nemo
2634 781 2933 837 catholicus
2960 782 3064 837 (ide
3090 781 3441 838 conﬁrmatus
3473 783 3690 853 adopti-

2093 886 2216 929 vam
2235 888 2356 929 esse
2383 885 2548 927 ausus
2567 872 2871 928 estdicere.
2896 872 3042 929 Deus
3068 874 3164 928 Dei
3190 873 3362 928 Filius
3380 873 3682 929 humanam

2091 962 2386 1033 assumpsit
2413 971 2686 1027 naturam,
2709 971 2816 1021 non
2843 977 3154 1032 personam,
3180 962 3237 1017 in
3269 972 3529 1019 aeternam
3559 978 3682 1019 sus-

2091 1053 2297 1123 cipiens
2327 1066 2615 1123 personam
2649 1053 2950 1108 divinitatis
2992 1053 3339 1123 temporalem
3377 1054 3686 1108 humanita-

2090 1144 2163 1199 tis
2196 1145 2579 1200 substantiam.
2608 1144 2783 1200 Homo
2806 1146 3059 1201 transivit
3075 1147 3132 1201 in
3163 1147 3355 1211 Deum,
3381 1160 3489 1203 non
3508 1146 3686 1201 versi-

2090 1234 2303 1291 bilitate
2353 1244 2582 1301 natura},
2617 1236 2713 1291 sed
2760 1244 2983 1308 propter
3023 1236 3222 1292 divina:
3261 1237 3524 1293 unitatem
3552 1250 3681 1305 pcr-

2091 1341 2256 1387 sonm.
2287 1326 2414 1382 [deo
2441 1343 2550 1382 non
2599 1336 2726 1383 sunt
2753 1329 2860 1384 duo
2882 1327 3110 1395 Christi,
3148 1344 3251 1383 nec
3276 1329 3384 1384 duo
3407 1326 3551 1391 Filii,
3582 1326 3682 1382 sed

2092 1432 2233 1471 unus
2251 1415 2520 1479 Christus,
2554 1425 2609 1471 et
2637 1433 2775 1472 unus
2805 1417 2997 1483 Filius,
3021 1418 3164 1474 Deus
3194 1418 3374 1473 homo.

2712 1528 2942 1586 CAPUT
2991 1531 3059 1585 Χ.

2164 1640 2316 1706 Quod
2352 1654 2446 1696 nec
2479 1639 2649 1712 Pater
2676 1658 2769 1696 nec
2805 1642 3035 1712 Spiritus
3070 1653 3315 1707 sanctus,
3356 1640 3448 1698 sed
3480 1641 3626 1698 solus

2564 1709 2736 1767 Filius
2773 1709 3084 1767 incarnatus
3121 1716 3211 1767 sit.

399 1803 529 1874 quia
561 1803 653 1858 illa
698 1802 872 1858 forma
914 1803 1057 1858 servi
1101 1803 1317 1858 inhaesit
1363 1802 1441 1856 illi
1472 1802 1543 1859 ad
1578 1802 1840 1857 unitatem
1868 1816 1992 1871 pere

2162 1827 2483 1898 Quanquam
2521 1840 2625 1883 una
2660 1828 2733 1883 sit
2766 1837 2961 1883 natura
2994 1837 3195 1884 sanctm
3225 1828 3545 1894 Trinitatis,
3571 1843 3683 1884 non

399 1910 549 1951 sonte
601 1894 1008 1965 perpetualiter,
1060 1893 1164 1948 illa:
1214 1908 1347 1948 vero
1393 1891 1603 1963 species
1657 1892 1987 1962 corporales,

401 1985 455 2039 id
504 1992 609 2050 est,
633 1985 884 2043 columba
932 1992 989 2040 et
1029 1984 1191 2056 ignis,
1243 1984 1312 2039 ad
1335 1982 1816 2039 demonstrandum
1844 1983 1990 2054 quod

397 2091 537 2147 opus
578 2075 703 2143 fuit,
750 2078 821 2134 ad
876 2086 1089 2148 tempus
1133 2080 1522 2147 apparuerunt,
1555 2081 1757 2132 etesse
1801 2083 1990 2147 postea

398 2166 751 2223 destiterunt.

1007 2256 1237 2316 CAPUT
1294 2257 1386 2314 lX.

401 2348 555 2415 Quod
585 2348 742 2421 aliter
788 2350 1188 2421 intelligendum
1229 2352 1297 2405 sit
1351 2349 1577 2406 Verbum
1610 2366 1736 2405 caro
1763 2349 1987 2421 factum,

467 2430 623 2491 atque
656 2420 813 2475 aliter
862 2419 1083 2476 Verbum
1119 2421 1220 2476 Dei
1241 2422 1297 2475 in
1336 2421 1566 2492 quolibet
1590 2419 1914 2476 meatorum.

468 2527 656 2582 Multis
702 2527 894 2594 modis,
926 2528 1058 2585 dicit
1086 2529 1368 2599 dciloquus
1388 2529 1608 2595 Paulus,
1645 2528 1814 2583 Deum
1843 2529 1989 2584 locu-

399 2630 511 2675 tum
559 2636 673 2675 esse
722 2621 958 2690 patribus
1015 2621 1073 2674 in
1116 2621 1402 2691 prophetis,
1465 2620 1760 2675 novissimis
1812 2621 1991 2691 itaque

399 2712 581 2766 diebus
624 2710 857 2766 locutum
891 2710 1038 2765 nobis
1067 2722 1178 2765 esse
1206 2712 1262 2765 in
1312 2708 1453 2765 Filio
1484 2727 1579 2765 suo
1605 2710 1734 2783 [Ai.,
1765 2712 1991 2766 novissi-

402 2817 483 2855 nte
504 2799 645 2873 vero]
673 2798 863 2873 (Hebr.
895 2816 937 2865 ι,
964 2800 1039 2871 i).
1068 2801 1136 2854 Et
1163 2807 1223 2854 ut
1246 2800 1552 2855 certissime
1578 2800 1987 2871 intelligeretur,

398 2893 466 2946 de
496 2905 604 2961 quo
646 2890 787 2946 Filio
829 2891 1077 2957 dixisset,
1113 2904 1239 2946 mox
1263 2889 1749 2960 subjunxitdicens
1778 2904 1793 2944 :
1822 2888 1989 2956 Quem

397 2981 668 3036 constituit
710 2981 970 3035 heredem
1012 2982 1400 3045 universorum,
1433 2997 1528 3053 per
1572 2996 1726 3053 quem
1767 2980 1891 3051 fecit
1941 2988 1990 3035 et

397 3082 446 3127 et
472 3072 670 3128 uacula
699 3071 891 3146 (Ibid.,
912 3072 990 3143 2).
1010 3072 1115 3128 Per
1137 3073 1285 3127 illum
1313 3088 1464 3138 vero,
1491 3087 1588 3143 per
1615 3088 1776 3143 quem
1807 3072 1992 3129 omnia

397 3165 626 3232 creavit,
674 3164 728 3219 id
758 3173 862 3230 est,
907 3163 1183 3219 Christum
1230 3162 1329 3219 Dci
1374 3162 1593 3228 Filium,
1644 3162 1857 3219 locutus

398 3254 710 3311 novissimis
747 3253 932 3308 seaculi
964 3254 1300 3323 temporibus
1334 3253 1539 3308 sanctis
1567 3252 1721 3319 suis;
1745 3252 1994 3322 quamvis

398 3344 570 3401 Deum
611 3343 852 3399 locutum
896 3356 1019 3397 esse
1046 3343 1100 3396 in
1137 3343 1419 3412 prophetis
1448 3342 1660 3413 legatur
1684 3341 1819 3413 [Al.,
1845 3341 1995 3411 iega-

398 3435 567 3508 mus].
604 3433 757 3490 Sicut
804 3431 1007 3488 dicitur
1042 3433 1208 3505 729
1251 3435 1566 3505 principium
1614 3434 1859 3505 loquendi
1889 3433 1997 3488 Do-

398 3527 543 3582 mitto
571 3527 627 3581 in
674 3523 813 3581 Osee
840 3522 1053 3596 (ﬂuet,
1077 3524 1135 3595 2)
1167 3543 1180 3578 :
1213 3524 1298 3579 vel
1321 3524 1509 3589 etiam,
1542 3523 1751 3578 verbum
1778 3523 1992 3578 Domini

397 3615 599 3687 factum
627 3616 696 3671 ad
714 3614 1013 3687 quemlibet
1037 3616 1380 3689 prophetam,
1405 3616 1548 3671 sicut
1575 3615 1774 3687 legitur
1804 3632 1820 3671 :
1862 3613 1990 3670 Ver—

397 3712 521 3767 bum
543 3710 756 3765 Domini
801 3710 1001 3781 factum
1029 3722 1106 3765 est
1130 3710 1200 3764 ad
1245 3708 1447 3764 Isaiam
1470 3709 1776 3783 prophetam
1806 3706 1997 3781 (Isaia!

399 3818 628 3870 xxxvut,
652 3803 735 3875 4).
782 3802 900 3859 Non
943 3803 1109 3875 igitur
1131 3802 1207 3858 ita
1222 3801 1479 3858 Christus
1508 3801 1733 3858 verbum
1773 3801 1871 3859 Dei
1895 3798 1992 3857 ha-

402 3898 520 3956 buit
575 3897 631 3952 in
660 3909 741 3963 se,
780 3896 922 3952 sicut
950 3895 1042 3950 alii
1087 3895 1280 3959 sancti,
1340 3893 1436 3949 sed
1471 3893 1588 3964 ipse
1635 3901 1722 3948 est
1748 3890 1991 3949 Verbum

399 3986 517 4045 Dei.
546 3987 708 4043 Aliud
737 3995 823 4043 est
847 3986 996 4043 enim
1017 3986 1255 4042 Verbum
1282 3985 1336 4040 in
1357 3999 1542 4050 carne,
1580 3983 1724 4039 aliud
1743 3991 1827 4039 est
1856 3983 1991 4045 Ver-

401 4078 530 4135 bum
569 4092 700 4134 caro
725 4078 966 4145 laetum;
1011 4077 1156 4134 aliud
1190 4085 1275 4133 est
1308 4074 1453 4132 Deus
1491 4076 1548 4137 in
1578 4074 1823 4143 homine,
1844 4074 1991 4132 aliud

400 4181 486 4230 est
538 4172 685 4229 Deus
740 4173 925 4228 homo.
953 4172 1078 4228 Ideo
1116 4171 1213 4226 Dei
1242 4171 1412 4226 Filius
1456 4186 1565 4226 non
1592 4170 1768 4225 solum
1796 4182 1993 4225 secun-

399 4267 527 4322 dum
545 4279 731 4321 veram
773 4265 1137 4331 divinitatem,
1175 4276 1339 4334 quam
1367 4264 1531 4320 habet
1575 4264 1641 4320 de
1672 4273 1866 4320 natura
1891 4254 1989 4318 Dei

400 4358 597 4423 Patris,
648 4357 743 4412 sed
789 4355 954 4411 etiam
986 4355 1280 4411 secundum
1326 4372 1571 4420 carnem,
1602 4372 1767 4426 quam
1803 4370 1988 4412 veram

398 4450 720 4507 naturaliter
760 4447 926 4504 habet
949 4448 1016 4504 de
1044 4462 1271 4518 corpore
1293 4448 1466 4503 beatae
1491 4446 1806 4514 Genitricis,
1843 4448 1986 4504 Deus
2019 4485 2027 4518 ς

398 4560 583 4614 verus,
620 4557 677 4604 et
694 4549 938 4604 creditur
972 4556 1026 4603 et
1051 4547 1383 4620 prmdicatur
1410 4544 1479 4600 ab
1506 4545 1757 4601 omnibus
1807 4545 1991 4601 catho-

399 4639 520 4695 liCis
544 4658 557 4693 :
591 4642 845 4711 quoniam
877 4652 1080 4700 aeterna
1106 4640 1361 4696 divinitas
1402 4632 1527 4695 Filii
1556 4654 1682 4694 cum
1708 4638 1864 4707 plena
1891 4638 1994 4692 ltu-

400 4732 663 4786 manitate
704 4746 822 4797 sua,
858 4742 915 4788 et
954 4733 1143 4788 eadem
1170 4730 1332 4802 plena
1377 4728 1687 4785 humanitas
1717 4726 1838 4782 Filii
1867 4742 1993 4783 cum

400 4834 607 4881 acterna
654 4823 937 4879 divinitate
988 4839 1104 4889 sua,
1136 4839 1241 4878 una
1293 4829 1378 4879 est
1408 4822 1465 4876 iu
1490 4827 1678 4876 sancta
1723 4818 1994 4895 Trinitate

400 4928 665 4987 persona;
720 4918 775 4969 et
814 4914 931 4969 haec
970 4927 1076 4968 non
1123 4912 1397 4983 adoptiva,
1425 4912 1521 4970 sed
1548 4911 1767 4983 propria
1795 4918 1849 4966 et
1870 4925 1996 4980 pere

401 5009 563 5074 tecta,
592 5015 650 5063 et
694 5003 809 5076 ipse
836 5011 981 5059 totus
1008 5004 1063 5058 in
1106 5003 1389 5061 divinitate
1438 5011 1603 5073 atque
1652 5001 1995 5057 humanitate

399 5117 500 5156 sua
528 5101 838 5172 uulgi-nitus
879 5104 935 5152 et
961 5108 1123 5151 verus
1156 5095 1252 5150 Dei
1283 5094 1476 5160 Filius,
1515 5090 1658 5150 idem
1682 5090 1815 5167 [Al.,
1845 5090 1990 5165 ideo]

401 5204 527 5247 cum
560 5190 720 5248 Patre
754 5200 808 5247 et
849 5189 1055 5261 Spiritu
1081 5195 1292 5252 sancto,
1328 5199 1470 5241 unus
1495 5193 1579 5241 est
1632 5184 1778 5240 Deus
1805 5197 1989 5249 verus,

402 5298 511 5338 non
548 5285 966 5354 nuncupativns,
1023 5281 1166 5337 sicut
1213 5277 1508 5349 Hispanico
1559 5278 1773 5333 luet-esis
1823 5276 1989 5345 impia

401 5374 711 5433 temeritate
754 5374 1028 5431 aiiirmare
1087 5372 1451 5446 prmSumpsit,
1493 5383 1748 5424 asserens
1775 5364 1871 5423 Dei
1901 5364 1991 5423 Fi-

402 5468 537 5523 lium
586 5467 642 5520 in
683 5466 863 5522 divina
901 5477 1095 5522 natura
1123 5466 1293 5522 Deum
1324 5474 1445 5520 esse
1481 5474 1696 5527 verum,
1727 5468 1782 5517 et
1810 5461 1864 5515 in
1890 5459 1990 5516 hu-

402 5574 563 5617 mana
612 5560 1069 5629 nuncupativum;
1102 5559 1352 5615 similiter
1391 5565 1448 5611 et
1501 5554 1768 5622 iu‘divina
1794 5561 1989 5609 natura

402 5651 681 5723 proprium
702 5649 900 5706 Filium
922 5650 1042 5715 Dei,
1070 5659 1124 5706 et
1150 5651 1204 5705 in
1226 5651 1460 5705 humana
1487 5646 1822 5715 adoptivum,
1853 5645 1989 5700 divi-

403 5738 536 5802 dens
594 5761 755 5801 unam
814 5760 1100 5816 personam
1153 5743 1273 5799 Filii
1319 5739 1412 5795 Dei
1469 5752 1597 5794 cum
1634 5736 1887 5795 Nestorio
1934 5740 1989 5797 in

2094 1927 2275 1974 tamen
2300 1927 2412 1974 tota
2439 1918 2678 1975 Trinitas
2704 1920 2985 1975 incarnata
3010 1928 3125 1986 est;
3152 1920 3250 1977 sed
3274 1920 3388 1975 sola
3411 1920 3536 1975 Filii
3558 1934 3688 1990 pcr-

2092 2026 2226 2067 sona
2250 2013 2540 2066 humanam
2562 2012 2989 2068 misericorditer
3010 2019 3252 2084 suscepit
3276 2022 3545 2069 naturam.
3571 2013 3687 2069 Nec

2094 2112 2275 2157 tamen
2312 2103 2386 2159 ita
2416 2100 2514 2158 Dei
2558 2102 2730 2158 Filius
2768 2105 3083 2160 incarnatus
3126 2112 3238 2169 est,
3282 2113 3345 2159 ut
3384 2114 3493 2161 una
3536 2113 3685 2161 esset

2096 2195 2151 2250 in
2191 2209 2258 2250 eo
2292 2202 2490 2249 natura
2526 2196 2824 2252 divinitatis
2871 2205 2927 2252 et
2950 2188 2951 2191 “
2977 2198 3179 2253 carnis.
3212 2197 3398 2269 Neque
3449 2199 3593 2253 enim
3627 2198 3682 2252 in

2095 2285 2315 2340 Christo
2352 2285 2458 2340 hoc
2482 2285 2659 2342 deitas
2690 2288 2867 2357 potuit
2899 2301 3021 2344 esse
3052 2289 3199 2359 quod
3235 2302 3391 2354 caro,
3423 2294 3517 2343 aut
3552 2302 3684 2343 cam

2093 2370 2240 2447 quod
2275 2377 2492 2433 deitas:
2531 2379 2659 2448 quia
2696 2387 2925 2452 utraque
2962 2391 3157 2436 natura
3181 2421 3196 2448 ,
3241 2379 3295 2435 id
3328 2386 3444 2446 est,
3486 2379 3684 2435 divini—

2096 2468 2223 2522 tatis
2260 2476 2316 2523 et
2353 2469 2738 2537 humanitatis,
2770 2471 2821 2525 in
2860 2485 2958 2526 sua
2993 2472 3292 2542 pennansit
3327 2471 3679 2542 proprietate.

2093 2556 2389 2629 Propterea
2425 2559 2620 2629 utique
2656 2561 2950 2618 humanam
2991 2573 3274 2630 naturam,
3316 2562 3369 2618 id
3403 2570 3520 2629 est,
3559 2577 3683 2617 car-

2094 2656 2218 2706 item
2248 2652 2734 2723 rationabilemque
2761 2652 2998 2710 animam
3024 2671 3132 2710 non
3165 2666 3196 2710 ει
3224 2663 3338 2711 tota
3372 2656 3641 2712 Trinitate
3666 2694 3684 2719 ,

2093 2743 2188 2798 sed
2227 2759 2258 2797 a
2297 2744 2413 2800 solo
2442 2745 2582 2801 Filio
2612 2747 2937 2803 coniltemur
2960 2758 3295 2819 susceptam,
3329 2750 3385 2804 in
3418 2748 3685 2804 unitatem

2086 2834 2293 2905 quippe
2326 2849 2601 2904 personae,
2640 2852 2750 2892 non
2793 2839 2849 2892 in
2894 2840 3156 2895 unitatem
3208 2850 3436 2895 naturas.
3486 2837 3686 2909 Utique

2093 2940 2323 2999 persona
2354 2927 2479 2983 Filii
2513 2944 2622 2985 non
2660 2936 2744 2985 est
2778 2930 2998 2996 eadem,
3035 2947 3158 3001 quae
3205 2930 3386 2987 Patris
3427 2939 3541 2996 est,
3591 2938 3689 2985 aut

2096 3015 2336 3086 Spiritus
2362 3020 2556 3074 sancti.
2594 3019 2786 3076 Unitas
2809 3034 2939 3092 ergo
2964 3036 3241 3092 personat,
3267 3030 3518 3077 manente
3545 3022 3688 3076 dun-

2097 3116 2252 3163 taxat
2297 3110 2581 3183 utriusque
2632 3113 2969 3184 proprietate
3020 3113 3337 3171 substantiae
3363 3154 3379 3179 ,
3436 3115 3578 3170 sicut
3630 3114 3688 3169 in

2102 3158 2249 3163 ,πμ
2299 3158 2474 3166 ______
2517 3158 2581 3166 ν,
2632 3158 2729 3181 τη
2774 3158 2968 3171 ηπ-.-
3021 3158 3379 3179 ,,.--...-...,..,
3436 3158 3578 3170 ην..-

1904 3158 2056 3276 ξεῖξο
2094 3196 2312 3257 ChriSto
2341 3158 2631 3272 persgnam
2661 3158 2769 3259 ne;
2800 3203 2931 3260 fecit
2966 3206 3234 3276 duplicem
3257 3244 3272 3272 ,
3313 3206 3393 3261 sic
3431 3205 3688 3265 humana)

2095 3299 2305 3347 naturis
2362 3294 2768 3365 susceptionem
2821 3311 2929 3351 non
2987 3296 3118 3352 fecit
3173 3306 3376 3355 sancta:
3429 3297 3688 3357 Trinitati

2095 3397 2462 3438 communem.
2513 3384 2596 3439 Ad
2642 3398 2932 3454 personam
2980 3387 3179 3457 quippe
3222 3387 3324 3444 Dei
3354 3387 3519 3444 Verbi
3565 3395 3691 3444 tuna»

2096 3474 2371 3531 tummodo
2408 3475 2654 3546 acceptio
2687 3476 2779 3530 illa
2813 3476 3027 3532 servilis
3057 3475 3247 3537 formas
3279 3480 3557 3549 pertinet:
3592 3480 3688 3535 sed

2094 3565 2230 3621 nihil
2254 3565 2450 3621 divina:
2473 3566 2821 3636 plenitudinis
2846 3567 3109 3633 abstulit;
3138 3569 3273 3624 nihil
3300 3569 3689 3627 dominationis

2094 3659 2296 3716 ademit
2334 3660 2391 3715 in
2429 3658 2645 3717 Christo
2680 3661 3041 3717 humanitatis
3084 3664 3383 3734 susceptio.
3427 3663 3564 3719 Hinc
3604 3670 3690 3719 est

2093 3755 2240 3826 quod
2276 3755 2331 3809 in
2371 3771 2481 3811 uno
2517 3756 2818 3827 eodemque
2854 3754 3076 3813 Christo
3106 3764 3163 3811 et
3190 3757 3443 3812 humanm
3478 3764 3689 3812 natura:

2091 3844 2295 3901 veritas
2331 3845 2569 3911 claruit,
2606 3853 2663 3901 et
2697 3846 2897 3902 divinae
2933 3855 3142 3903 naturae
3170 3847 3693 3904 incommutabilitas

2090 3935 2396 4007 permansit
2439 3944 2663 3992 aeterna.
2711 3935 2827 3991 Hoc
2873 3944 3054 3991 tamen
3098 3936 3376 3992 sciendum
3416 3945 3503 3991 est
3543 3938 3693 4008 quod

2092 4032 2234 4088 hanc
2258 4032 2511 4088 servilem
2538 4025 2774 4087 formam
2793 4071 2808 4099 ,
2838 4046 3001 4103 quam
3029 4030 3178 4087 solus
3204 4028 3305 4087 Dei
3336 4029 3506 4086 Filius
3532 4038 3694 4087 acoe-

2090 4132 2200 4198 pit,
2244 4135 2355 4182 tota
2395 4126 2637 4183 Trinitas
2673 4127 2821 4184 fecit.
2864 4126 3037 4196 Quam
3066 4126 3251 4184 tamen
3290 4134 3500 4184 certum
3535 4136 3627 4187 est
3659 4146 3690 4185 a

2092 4229 2206 4277 tota
2252 4229 2439 4276 sancta
2491 4221 2760 4280 Trinitate
2804 4221 3038 4288 factam,
3086 4222 3154 4276 ad
3203 4221 3376 4277 sciam
3423 4220 3548 4276 Filii
3595 4214 3693 4277 Dei

2094 4312 2370 4383 pertinere
2393 4322 2704 4383 personam.
2730 4312 2848 4370 Non
2874 4315 3019 4370 enim
3046 4312 3209 4369 Pater
3236 4325 3455 4369 carnem
3483 4326 3692 4369 assum-

2091 4406 2233 4476 psit,
2266 4416 2444 4476 ncque
2487 4403 2722 4475 Spiritus
2751 4412 3000 4469 sanctus,
3035 4406 3130 4462 sed
3158 4400 3327 4459 Filius
3357 4412 3599 4466 tantum,
3631 4411 3691 4457 ut

2022 4507 2073 4568 ι)
2093 4499 2186 4571 qui
2217 4506 2337 4552 erat
2362 4496 2417 4552 in
2444 4496 2727 4553 divinitate
2755 4497 2851 4551 Dei
2881 4496 3060 4552 Patris
3087 4496 3128 4551 [ι’
3133 4496 3279 4562 ilius,
3307 4497 3425 4568 ipSe
3446 4496 3600 4550 ﬁeret
3632 4494 3689 4549 in

2094 4590 2315 4644 homine
2341 4591 2534 4644 manus
2560 4589 2787 4661 virginis
2815 4588 2958 4644 ﬁlius
2976 4630 2990 4654 ,
3019 4604 3088 4643 ne
3114 4584 3239 4643 Filii
3278 4597 3475 4644 nomen
3516 4589 3573 4643 in
3613 4585 3690 4641 aL

2096 4690 2266 4737 teram
2295 4681 2558 4739 transiret
2586 4690 2873 4753 personam
2895 4722 2913 4748 ,
2947 4682 3039 4751 qui
3069 4697 3177 4736 non
3219 4691 3370 4738 esset
3406 4680 3692 4736 nativitate

2095 4774 2260 4832 illius.
2292 4772 2391 4830 Dei
2419 4790 2550 4846 ergo
2578 4774 2768 4839 Filius,
2799 4773 3034 4829 hominis
3058 4773 3238 4829 factus
3265 4780 3352 4829 est
3378 4772 3557 4828 ﬁlius:
3591 4786 3692 4826 na-

2097 4877 2185 4923 tus
2213 4866 2510 4923 secundum
2540 4867 2826 4922 veritatem
2855 4874 3064 4920 natura:
3090 4876 3154 4919 ex
3189 4864 3342 4943 [Deo
3384 4862 3478 4920 Dei
3515 4862 3691 4919 Filius

2096 4966 2152 5013 et
2178 4958 2474 5014 secundum
2503 4958 2785 5014 veritatem
2817 4966 3026 5019 naturae
3049 4944 3158 5029 ex]
3196 4948 3419 5012 homine
3455 4954 3692 5015 hominis

2096 5052 2240 5109 illius
2278 5052 2333 5108 in
2363 5063 2598 5123 utraque
2626 5061 2856 5116 natura,
2887 5066 2999 5107 non
3037 5050 3400 5121 appellatione
3443 5059 3691 5117 tantum,

2094 5145 2180 5200 vel
2202 5146 2492 5217 emptione
2509 5183 2525 5212 ,
2552 5143 2649 5203 sed
2677 5144 2903 5202 veritate
2930 5140 3027 5199 Dei
3052 5143 3245 5201 Filius.

2613 5248 2775 5329 730
2806 5252 3036 5316 CAPUT
3076 5259 3167 5314 x1.

2099 5370 2176 5426 De
2219 5388 2278 5426 eo
2320 5373 2465 5443 quod
2503 5369 2723 5426 Verbum
2771 5364 2899 5439 Del,
2947 5388 3059 5430 sua;
3101 5373 3273 5443 carnis
3314 5370 3686 5443 conceptione,

2417 5450 2722 5514 conceptum
2751 5442 2818 5498 sit
2850 5446 2905 5499 in
2935 5455 3081 5499 utero
3123 5440 3370 5512 Virginis.

2167 5561 2329 5618 Solus
2372 5562 2591 5631 itaque,
2638 5560 2784 5616 sicut
2820 5560 3089 5624 diximus,
3125 5552 3292 5616 Filius
3335 5556 3434 5612 Dei
3477 5556 3688 5625 accep“

2095 5668 2346 5719 carnem,
2379 5664 2438 5709 ut
2464 5653 2639 5723 possit
2675 5651 2826 5725 (AL,
2850 5648 3073 5722 posset]
3102 5650 3380 5720 corporeis
3406 5647 3578 5704 oculis
3609 5649 3687 5702 vi-

2094 5746 2242 5815 deri,
2275 5754 2330 5803 et
2356 5745 2633 5816 corporeis
2659 5744 2908 5801 manibus
2934 5743 3277 5805 contrectari.
3309 5740 3469 5800 Solus
3495 5744 3687 5799 huma-
