3906 6186
192 353 246 411 l3
744 342 1159 400 DOGMATICA.
1201 373 1269 381 -
1307 338 1393 395 DE
1429 340 1586 397 FIDE
1628 340 1686 396 S.
1725 341 2119 398 TRINITATIS
2157 341 2337 398 LIBRI
2376 342 2459 399 III.
2501 373 2571 387 —-
2608 340 2735 397 LIB.
2774 343 2859 399 111.
3355 346 3433 408 46

191 480 291 523 nam
316 466 560 516 naturam
588 458 668 512 sic
696 456 936 525 accepit,
965 461 1026 510 ut
1067 468 1221 510 suam
1267 454 1508 521 faceret;
1552 462 1609 508 et
1646 466 1745 523 per
1774 454 1819 517 Α
1849 451 2047 525 (Joan.
2079 471 2173 519 ιιι,
2208 454 2335 525 l3).
2366 438 2495 510 Haec
2525 453 2846 525 loquebatur
2874 458 2926 511 in
2966 465 3109 511 terra
3138 457 3311 516 Filius
3336 462 3435 518 ho.

191 560 311 616 illam
338 552 632 610 divinitatis
657 560 874 621 quoque
905 560 1017 604 suae
1043 546 1291 602 notitiam
1321 544 1751 602 misericorditer

190 647 459 709 hominibus
489 641 804 699 infunderet
831 637 959 714 [AL
984 680 999 704 ,
1029 636 1396 711 insinuaret].
1429 636 1539 693 Nec
1568 646 1750 692 tamen

193 742 425 799 ullatenus
451 736 603 792 credi
634 719 798 790 debet
823 738 1042 788 carnem
1070 728 1273 786 Christi
1304 731 1422 785 sine
1469 729 1751 785 divinitate

194 840 468 902 conceptam
492 827 548 882 in
572 835 733 881 utero
751 822 1016 894 Virginis,
1045 823 1362 894 priusquam
1390 822 1754 892 susciperetur

195 942 215 981 ι
236 926 432 987 Verbo;
478 919 573 975 sed
616 916 796 988 ipsum
829 914 1060 972 Verbum
1102 914 1272 969 Deum
1303 912 1429 986 [ΑΙ.
1449 955 1462 977 ,
1494 910 1749 985 Domini]

194 1033 281 1073 sua:
302 1012 470 1070 carnis
494 1008 815 1080 acceptione
837 1015 1156 1077 conceptum
1173 1047 1189 1071 ,
1221 1005 1501 1075 ipsamque
1529 1016 1752 1060 carnem

195 1107 331 1164 Verbi
353 1105 442 1161 Dei
470 1101 853 1159 incarnatione
879 1107 1193 1169 conceptam
1212 1139 1227 1164 ,
1257 1096 1609 1167 eamdemque
1634 1111 1754 1152 car-

195 1216 298 1257 nem
318 1200 556 1255 humanae
581 1201 797 1248 naturae
823 1206 1007 1247 veram
1035 1189 1241 1245 habere
1264 1187 1361 1244 Dei
1386 1184 1582 1243 Filium
1601 1228 1616 1254 ,
1646 1200 1750 1257 qua

195 1296 245 1348 de
264 1292 465 1363 Virgine
488 1287 730 1344 Verbum
756 1286 900 1340 Deus
924 1279 1085 1339 natus
1108 1290 1209 1339 est.
1236 1283 1354 1338 Non
1381 1297 1511 1354 ergo
1536 1283 1605 1338 ad
1627 1284 1754 1338 hea-

196 1394 290 1441 lam
315 1384 572 1454 Virginem
601 1378 760 1434 locali
793 1386 945 1433 motu
978 1374 1138 1432 Verbi
1169 1373 1425 1431 divinitas
1452 1376 1630 1439 venit,
1660 1375 1753 1430 sed
1801 1391 1821 1405 κ

195 1476 418 1533 ineli'abiii
459 1473 713 1543 potentiae
756 1485 869 1525 sua:
916 1467 1392 1533 manifestatione,
1438 1474 1497 1521 et
1535 1474 1750 1523 uterum

196 1570 363 1626 matris
404 1564 698 1637 gignendus
746 1557 1022 1630 implevit,
1069 1572 1173 1614 nec
1237 1557 1446 1614 dimisit
1497 1554 1748 1623 Patrem,

193 1676 302 1717 cum
326 1660 466 1713 venit
490 1658 551 1712 ad
576 1655 879 1723 Virginem.
909 1652 1121 1723 Ubique
1166 1660 1312 1707 totus
1332 1692 1346 1716 ,
1390 1650 1591 1720 ubique
1631 1664 1755 1720 per-

193 1748 389 1804 lectus:
420 1760 511 1802 nec
532 1744 813 1816 plenitudo
839 1743 1137 1798 divinitatis
1178 1739 1375 1814 partiri
1416 1750 1627 1811 potest,
1659 1738 1753 1795 sed

1850 545 2044 609 minis,
2074 544 2169 601 sed
2212 545 2354 601 idem
2399 546 2512 616 ipse
2559 544 2730 602 Filius
2772 548 3009 604 hominis
3050 558 3169 629 erat
3193 551 3249 607 in
3275 560 3433 610 creto.

1851 637 2109 706 Quamvis
2136 639 2189 694 in
2219 639 2379 694 unius
2405 640 2710 709 corpusculi
2750 640 3025 696 videretur
3069 643 3293 701 latuisse
3333 654 3435 702 aa-

1851 732 2063 801 gustia,
2092 738 2273 786 tamen
2301 732 2542 787 omnium
2571 741 2943 788 creaturarum
2989 736 3208 806 regebat
3252 736 3435 793 latitat

1853 822 2054 879 dinem.
2088 820 2198 880 Nec
2230 823 2368 880 alius
2397 832 2480 880 est
2506 839 2605 896 per
2631 840 2790 896 quem
2821 824 2999 881 omnia
3044 837 3226 884 creata
3267 837 3434 897 sunt;

1852 913 2031 987 {alius
2055 914 2075 988 ]
2109 915 2199 986 qui
2230 924 2450 971 creatus
2478 924 2564 971 est
2590 917 2790 983 homo;
2827 917 2968 973 idem
2999 919 3114 989 ipse
3140 929 3358 976 creator
3383 924 3440 979 et

1853 1014 2150 1061 creatura:
2183 1016 2399 1062 creator
2427 1007 2482 1061 in
2513 1007 2828 1074 divinitate,
2869 1018 3119 1065 creatura
3156 1011 3210 1066 in
3246 1013 3440 1067 huma-

1851 1097 2041 1152 nitate.
2074 1095 2191 1153 Non
2222 1097 2392 1164 alius,
2432 1098 2528 1153 sed
2566 1098 2741 1165 aliud,
2785 1100 2912 1169 quia
2951 1114 3059 1156 non
3101 1118 3207 1158 una
3246 1112 3440 1160 natura

1855 1192 1909 1245 in
1951 1200 2045 1255 eo,
2091 1191 2186 1246 sed
2226 1204 2334 1244 una
2379 1196 2463 1245 est
2505 1191 2832 1247 omnimodis
2856 1206 3107 1263 persona.
3137 1193 3253 1249 Non
3283 1194 3357 1249 ita
3384 1194 3441 1251 in

1854 1291 2043 1335 sancta
2085 1278 2353 1335 Trinitate
2398 1280 2686 1337 dicendum
2734 1292 2820 1337 est
2860 1282 2943 1338 vel
2986 1282 3438 1356 intelligendum;

1855 1389 1962 1429 non
1993 1373 2139 1428 enim
2166 1371 2249 1427 fas
2277 1380 2359 1427 est
2390 1370 2572 1427 dicere
2600 1373 2667 1428 de
2690 1373 2852 1429 Patre
2880 1382 2934 1429 et
2958 1372 3117 1440 Filio,
3147 1384 3203 1431 et
3234 1375 3440 1446 Spiritu

1856 1472 2066 1527 sancto.
2095 1464 2265 1530 aliud,
2290 1460 2447 1535 731
2479 1465 2605 1534 quia
2629 1476 2735 1518 una
2762 1465 2958 1520 horum
2981 1474 3067 1520 est
3090 1473 3283 1521 natura
3305 1484 3319 1532 ;
3346 1468 3440 1522 sed

1857 1559 2014 1624 alius,
2033 1558 2159 1629 quia
2181 1571 2538 1628 personarum
2554 1556 2814 1622 distantia
2838 1569 2923 1612 est
2945 1557 2998 1613 in
3019 1559 3119 1614 eis.
3144 1558 3203 1613 In
3223 1558 3441 1615 Christo

1858 1650 2039 1720 itaque
2074 1667 2180 1706 non
2210 1659 2293 1705 est
2330 1664 2688 1722 personarum
2740 1649 3029 1715 distantia,
3079 1650 3176 1705 sed
3221 1657 3441 1705 natura-

1858 1758 2012 1807 rum;
2043 1742 2163 1796 ideo
2189 1741 2327 1797 alius
2352 1756 2460 1796 non
2486 1741 2648 1796 debet
2672 1739 2810 1807 dici,
2838 1741 2932 1796 sed
2956 1740 3104 1797 aliud
3126 1740 3192 1796 de
3215 1755 3281 1796 eo
3305 1738 3441 1814 [Al.,

191 1850 321 1899 totus
345 1839 500 1894 Filius
526 1838 582 1892 in
609 1835 807 1901 Patre,
838 1841 983 1890 totus
1008 1834 1180 1889 Filius
1207 1833 1263 1889 in
1290 1843 1449 1889 utero
1476 1830 1746 1904 Virginis;
1782 1834 1826 1893 Β
1854 1834 1921 1890 de
1950 1834 2121 1908 Deo].
2163 1834 2428 1902 Quocirca
2461 1832 2792 1889 omnimodis
2818 1849 2958 1890 unus
2994 1841 3078 1889 est
3111 1841 3273 1904 atque
3300 1834 3443 1890 idem

191 1941 314 1987 totus
335 1926 493 1985 Filius
517 1942 587 1984 ex
613 1936 773 1982 utero
797 1924 1039 1995 ejusdem
1062 1924 1236 1980 beata:
1261 1922 1500 1994 Virginis
1526 1934 1749 1978 carnem

1858 1926 2106 1981 mortalis
2149 1933 2204 1981 et
2251 1924 2610 1990 immortalis,
2657 1922 2933 1995 passibilis
2972 1931 3026 1979 et
3068 1922 3441 1995 impassibilis.

191 2034 471 2083 assumens,
499 2019 553 2072 in
580 2032 688 2088 qua
713 2014 1004 2072 cruciﬁxus
1028 2020 1138 2079 est,
1168 2022 1221 2070 et
1249 2012 1530 2084 sepultus;
1564 2014 1619 2067 in
1645 2024 1750 2082 qua
1852 2014 1979 2071 ideo
2027 2015 2315 2071 Dominum
2363 2016 2552 2087 gloria:
2601 2015 2738 2070 dixit
2783 2012 3074 2086 Apostolus
3115 2013 3442 2071 cruciﬁxum

193 2112 492 2176 resurrexit,
519 2118 577 2165 et
600 2110 658 2164 in
699 2108 898 2165 coelum
925 2105 1198 2171 ascendit,
1230 2113 1286 2162 et
1315 2105 1369 2160 in
1397 2102 1624 2160 dextera
1653 2102 1751 2157 Del
1855 2102 1926 2179 (Ι
1955 2106 2078 2162 Cor.
2106 2122 2179 2171 ιι,
2207 2104 2313 2178 8),
2347 2107 2598 2178 quamvis
2622 2106 2737 2161 sola
2764 2106 3074 2162 humanitas
3099 2105 3444 2176 passionibus

192 2204 349 2269 sedet;
398 2203 456 2257 in
500 2214 611 2272 qua
653 2200 810 2255 etiam
851 2205 1113 2253 venturus
1140 2206 1225 2253 est
1245 2194 1492 2266 judicare
1524 2194 1674 2250 vivos
1700 2200 1756 2248 et
1854 2193 2181 2265 subiaceret.
2214 2194 2520 2253 Cruciiixus
2546 2206 2630 2252 est
2667 2211 2796 2266 ergo
2838 2194 2937 2252 Dei
2977 2195 3174 2260 Filius,
3224 2198 3319 2252 sed
3359 2210 3445 2251 sc-

192 2303 449 2360 mortuos;
484 2301 541 2349 et
566 2293 622 2347 in
648 2306 749 2362 qua
773 2290 1037 2346 videbunt
1060 2303 1182 2345 eum
1213 2302 1405 2343 omnes
1434 2284 1608 2341 tribus
1640 2293 1750 2339 [ει-φ

192 2399 277 2452 ης
310 2398 414 2442 non
459 2382 516 2440 in
542 2400 607 2441 ea
637 2382 939 2439 humilitate
966 2397 1073 2454 qua
1106 2380 1386 2451 judicatur
1416 2374 1544 2450 [AL
1568 2417 1584 2443 ,
1605 2374 1750 2445 judi-

194 2486 321 2532 mnis
343 2474 460 2549 est]
479 2517 496 2542 ,
526 2473 625 2530 sed
655 2475 710 2529 in
738 2488 802 2529 ea
829 2472 1110 2539 claritate,
1143 2486 1249 2542 qua
1285 2469 1629 2542 iudicaturus
1670 2473 1755 2523 est

193 2567 473 2623 universum
502 2564 785 2621 mundum.

772 2670 1001 2734 CAPUT
1038 2672 1150 2731 XII.

192 2772 260 2827 De
283 2773 553 2827 mediatore
581 2768 680 2825 Dei
706 2779 755 2824 et
783 2768 1058 2823 hominum
1078 2808 1093 2833 ,
1123 2765 1333 2822 homine
1359 2766 1489 2821 Jesu
1518 2763 1753 2821 Christo.

252 2881 428 2937 Diutius
458 2881 607 2952 plane
634 2894 821 2935 veram
856 2893 1045 2949 pacem
1073 2893 1199 2934 cum
1228 2878 1341 2933 Deo
1367 2876 1571 2933 habere
1598 2886 1752 2949 pote-

189 2976 286 3040 rit,
314 2975 409 3030 nisi
446 2989 538 3044 per
574 2974 937 3031 mediatorem
978 2971 1267 3049 Dominum
1310 2966 1619 3037 Christum,
1662 2972 1754 3041 qui

189 3077 267 3123 est
302 3067 352 3122 in
387 3068 590 3123 duabus
627 3067 873 3132 naturis,
904 3080 1068 3121 verus
1093 3065 1235 3121 Deus
1258 3079 1528 3136 verasque
1556 3066 1751 3131 homo,

1854 2291 2092 2346 cundum
2122 2304 2342 2345 carnem
2361 2330 2374 2354 ,
2407 2289 2551 2345 sicut
2577 2289 2633 2344 in
2663 2288 2768 2344 alio
2794 2288 2913 2344 loco
2941 2287 3082 2345 idem
3115 2290 3193 2344 ait
3217 2288 3445 2359 Aposto-

1854 2379 1937 2437 lus
1969 2398 1980 2433 :
2028 2379 2141 2435 Nos
2186 2389 2362 2434 autem
2399 2379 2751 2451 prwdicamus
2791 2379 3058 2434 Christum
3096 2379 3445 2451 cruciﬁxum,

1851 2472 2060 2529 luditis
2088 2471 2298 2544 quidem
2326 2469 2639 2525 scandalum
2656 2511 2672 2536 ,
2703 2471 2941 2542 gentibus
2966 2480 3143 2525 autem
3167 2469 3446 2526 stultitiam

1857 2564 1875 2638 (
1901 2565 1931 2618 I
1958 2565 2082 2620 Cor.
2113 2581 2160 2631 ι,
2189 2564 2260 2619 25
2285 2564 2302 2634 )
2331 2580 2347 2630 ;
2378 2563 2513 2634 ipsis
2542 2571 2724 2619 autem
2750 2563 2960 2619 vocatis
2987 2560 3189 2619 Iudaeis
3213 2572 3269 2619 et
3294 2562 3446 2620 Gne-

1853 2658 1936 2715 cis
1963 2658 2240 2715 Christum
2281 2656 2375 2713 Dei
2413 2658 2701 2714 veritatem
2733 2653 2754 2729 [
2780 2655 2864 2711 Al.
2888 2697 2902 2722 ,
2934 2654 3234 2741 virtutem]
3265 2665 3321 2714 et
3352 2657 3448 2715 Dei

1857 2748 2202 2820 sapientiam.

2450 2856 2679 2915 CAPUT
2718 2854 2856 2914 XIV.

1966 2969 2044 3024 De
2078 2969 2255 3025 Maria
2292 2969 2526 3041 Virgine,
2559 2979 2606 3023 et
2634 2970 2999 3025 incarnatione
3036 2968 3192 3026 Verbi
3218 2971 3339 3026 Dei.

1929 3084 2128 3138 Beatus
2151 3083 2483 3154 evangelista
2510 3090 2572 3138 ut
2597 3081 2985 3152 proprietatem
3012 3081 3175 3137 unius
3200 3097 3448 3152 persona

192 3176 317 3216 unus
341 3160 615 3225 Christus,
637 3159 809 3246 idem
860 3158 1118 3214 sacerdos
1162 3166 1217 3213 et
1256 3157 1612 3222 sacriﬁcium,
1662 3172 1755 3213 ve—
1787 3182 1833 3246 ρ
1864 3176 1918 3230 in
1958 3173 2177 3230 Christo
2213 3173 2554 3237 ostenderet,
2587 3172 2664 3225 an
2691 3184 2705 3222 ε
2748 3167 2971 3225 Verbum
2998 3184 3124 3225 οανο
3150 3170 3345 3241 factum
3373 3183 3448 3227 σοι

192 3253 328 3307 aiens
353 3252 419 3306 ad
445 3267 546 3307 nos
571 3244 771 3307 oil‘crre
798 3264 898 3321 pro
924 3250 1080 3305 nobis
1106 3249 1251 3319 quod
1279 3249 1509 3319 sumpsit
1550 3263 1619 3303 ex
1661 3263 1759 3303 tio-

195 3344 293 3408 bis,
317 3352 372 3397 ut
412 3343 650 3400 auferret
691 3358 722 3396 a
769 3343 926 3398 nobis
970 3342 1115 3411 quod
1160 3343 1366 3397 invenit
1393 3341 1447 3396 in
1488 3342 1674 3408 nobis,
1706 3340 1760 3396 id

196 3443 294 3499 est,
317 3445 553 3506 peccata.
600 3446 627 3475 ι
659 3434 815 3489 Sicut
844 3433 990 3488 enim
1017 3431 1265 3488 diabolus
1289 3434 1556 3488 mediator
1581 3441 1665 3488 est
1689 3433 1760 3487 ad

198 3536 434 3595 mortem,
462 3529 557 3599 qui
586 3528 854 3597 superbus
878 3526 1281 3597 superbientem
1321 3525 1596 3581 hominem
1636 3540 1761 3595 per-

198 3621 326 3677 duxit
350 3623 415 3677 ad
440 3629 706 3687 mortem,
736 3621 811 3676 ita
852 3619 1102 3677 Christus
1143 3620 1411 3676 mediator
1451 3621 1521 3677 ad
1557 3621 1756 3686 vitam,

201 3712 389 3771 herilis
437 3714 716 3769 hominem
764 3712 1110 3769 obedientem
1161 3711 1376 3767 reduxit
1424 3711 1495 3766 ad
1545 3713 1754 3767 vitam:

198 3810 301 3879 quia
325 3810 461 3865 sicut
489 3809 580 3864 ille
607 3808 785 3864 elatus
826 3808 1048 3872 cecidit,
1081 3816 1138 3863 et
1184 3807 1381 3878 dejecit
1416 3808 1761 3864 consentien-

199 3907 316 3966 ιω,
343 3903 420 3957 sic
451 3901 555 3957 iste
600 3900 917 3956 humiliatus
942 3900 1180 3955 surrexit
1201 3939 1215 3960 ,
1247 3907 1304 3954 et
1328 3900 1507 3955 erexit
1537 3901 1761 3956 creden—

198 4000 304 4046 ιω.
333 3993 536 4048 Idcirco
562 4001 746 4048 autem
774 3992 1059 4056 mediator,
1088 3992 1217 4063 quia
1242 3991 1386 4047 idem
1417 3991 1562 4047 Deus
1597 3998 1760 4061 atque

194 4082 335 4140 homo
374 4100 565 4151 verus,
596 4085 806 4141 habens
848 4099 973 4138 cum
1001 4082 1160 4139 Patre
1187 4082 1435 4138 eamdem
1462 4082 1761 4139 divinitatis

193 4185 461 4241 naturam,
504 4184 559 4231 et
601 4173 921 4231 humilitatis
958 4173 1204 4229 eamdem
1249 4188 1374 4229 cum
1420 4182 1593 4229 matre
1632 4172 1761 4229 sub-

192 4267 453 4320 stantiam.
480 4264 692 4320 llahens
717 4280 784 4320 ex
816 4262 976 4319 nobis
1004 4278 1173 4333 usque
1198 4262 1268 4318 ad
1299 4272 1531 4319 mortem
1562 4263 1760 4332 iniqui-

192 4358 301 4415 tatis
324 4366 522 4413 nostrce
541 4372 754 4428 poenam
769 4396 786 4421 ,
814 4356 1021 4411 habens
1044 4355 1539 4417 incommutabilem
1562 4353 1631 4410 de
1651 4354 1760 4410 Deo

194 4450 332 4506 Patre
362 4449 654 4519 justitiam.
699 4449 933 4520 Propter
974 4456 1216 4503 nostram
1245 4447 1589 4517 iniquitatem
1620 4456 1759 4503 tem-

1861 3264 2064 3338 (Joon.
2094 3281 2143 3331 ι,
2170 3263 2300 3334 14).
2333 3262 2602 3328 Verbum,
2630 3260 2775 3332 quod
2802 3269 2922 3316 erat
2948 3261 3091 3332 apud
3117 3261 3290 3317 Deum
3310 3303 3325 3328 ,
3354 3277 3446 3316 an-

1859 3367 2078 3428 tequam
2106 3356 2341 3412 mundus
2368 3363 2539 3420 esset,
2567 3369 2667 3427 per
2694 3356 2842 3426 quod
2867 3355 3101 3410 mundus
3129 3353 3306 3411 factus
3329 3364 3450 3425 est;

1862 3448 2099 3504 Verbum
2130 3447 2275 3517 quod
2302 3459 2412 3503 non
2437 3446 2623 3503 amisit
2650 3446 3011 3503 aeternitatem
3042 3461 3199 3502 suam
3216 3486 3232 3511 ,
3260 3461 3446 3517 quam-

1859 3540 1943 3594 vis
1971 3540 2024 3594 in
2055 3549 2299 3610 tempore
2325 3552 2394 3595 ex
2420 3538 2673 3611 virginali
2700 3546 2856 3594 utero
2879 3552 3101 3594 carnem
3128 3537 3449 3594 assumenda

1858 3633 2023 3688 homo
2049 3632 2166 3688 fieri
2193 3633 2470 3690 voluisset.
2511 3632 2667 3701 Quod
2696 3633 2934 3690 Verbum
2975 3646 3075 3703 per
3111 3631 3449 3701 omnipoten-

1858 3725 1993 3780 tiam
2020 3734 2174 3779 suam
2206 3722 2377 3779 voluit
2404 3725 2549 3781 hunc
2592 3724 2867 3780 hominem
2910 3738 3073 3795 quem
3118 3725 3448 3795 assumpsit,

1856 3819 1964 3874 hoc
2012 3817 2133 3873 ﬁeri
2176 3830 2242 3873 ex
2292 3825 2565 3886 tempore,
2613 3817 2758 3887 quod
2801 3815 2919 3887 ipse
2958 3828 3175 3886 semper
3199 3816 3304 3873 fuit
3330 3819 3450 3875 sine

1860 3920 2135 3982 tempore,
2164 3911 2218 3966 id
2245 3917 2360 3975 est,
2387 3911 2642 3981 proprius
2666 3909 2835 3965 Filius
2858 3909 2985 3974 Dei,
3015 3917 3076 3964 ut
3103 3924 3208 3965 non
3240 3914 3452 3981 possint

1861 4000 1968 4061 dici
1997 4005 2106 4060 duo
2135 4004 2258 4060 Filii
2289 4002 2418 4070 Dei,
2462 4004 2603 4058 alius
2647 4010 2774 4057 ante
2814 4008 3061 4071 tempora
3106 4004 3356 4075 genitus,
3395 4014 3455 4060 et

1858 4099 2001 4153 alius
2048 4103 2213 4152 natus
2254 4110 2322 4152 ex
2366 4099 2638 4165 tempore,
2686 4094 2779 4149 sed
2818 4108 2961 4150 unus
3005 4095 3102 4151 Dei
3129 4093 3300 4153 Filius
3322 4110 3453 4169 pro-

1858 4190 2014 4262 prius
2050 4196 2107 4245 et
2143 4189 2418 4259 perlectus
2460 4186 2721 4242 Dominus
2756 4192 2942 4241 noster
2977 4184 3138 4243 Iesus
3168 4187 3443 4247 Christus.

1859 4283 2035 4352 Quem
2064 4281 2225 4337 beata
2251 4279 2408 4350 virgo
2434 4279 2635 4347 Maria,
2665 4279 2814 4336 salva
2847 4279 3161 4350 integritate
3200 4281 3285 4337 sui
3327 4296 3448 4339 eor-

1863 4374 2032 4446 poris,
2059 4371 2230 4429 Deum
2252 4370 2427 4427 edidit
2451 4380 2506 4428 et
2534 4370 2838 4437 hominem,
2867 4384 2992 4442 qua
3018 4371 3119 4427 fuit
3146 4372 3267 4427 lana
3296 4388 3453 4428 mun-

1864 4466 2116 4533 dissima,
2144 4474 2204 4521 et
2228 4462 2543 4537 virginitate
2565 4464 2870 4521 clarissima
2889 4505 2904 4531 ,
2933 4473 2988 4520 et
3015 4465 3456 4535 inoompsrabilis

194 4542 434 4609 poraliter
480 4550 749 4608 mortuus,
792 4545 1017 4612 propter
1050 4536 1319 4607 justitiam
1366 4552 1521 4593 suam
1548 4544 1604 4592 et
1644 4537 1757 4608 ipse

1868 4560 2136 4614 universis
2174 4572 2295 4628 qua:
2326 4536 2495 4611 erant
2534 4557 2634 4612 sub
2674 4556 2812 4613 coelo
2852 4555 3183 4627 virginibus,
3225 4564 3454 4630 eratque

196 4649 388 4704 semper
414 4633 603 4697 vivus,
633 4634 725 4703 qui
752 4630 1048 4687 crucifixus
1075 4637 1161 4684 est
1200 4645 1269 4684 ex
1309 4628 1623 4684 inﬁrmitate
1659 4644 1757 4684 no-

195 4733 309 4793 stra.
348 4725 448 4781 sed
472 4724 603 4780 vivit
629 4739 696 4779 ex
723 4724 928 4778 virtute
955 4736 1055 4777 sua
1084 4719 1104 4792 (
1127 4719 1156 4773 l
1185 4718 1310 4775 Cor.
1339 4736 1438 4775 xm
1465 4719 1506 4792 ).

764 4832 994 4890 CAPUT
1026 4831 1164 4887 XIII.

196 4943 261 5000 De
296 4958 355 5001 eo
394 4946 539 5018 quod
582 4947 638 5000 in
684 4945 896 5000 Christo
938 4945 1004 5018 si_t
1032 4952 1347 5018 naturarum
1374 4942 1626 4999 distantia
1658 4954 1763 4998 non

250 5014 524 5086 persona;
563 5025 612 5070 ει
650 5019 709 5070 in
746 5025 936 5070 sancta
964 5014 1217 5069 Trinitats
1242 5026 1586 5086 penetrarunt
1611 5050 1627 5079 ,
1659 5026 1763 5068 non

250 5096 472 5142 ωιτη.

249 5197 431 5269 Neque
472 5196 567 5254 Dei
610 5196 812 5264 Filius,
846 5198 991 5254 Dens
1014 5208 1252 5254 aeternus
1276 5212 1345 5253 ex
1370 5193 1564 5266 Patre,
1593 5200 1765 5257 Deum

188 5291 416 5349 her-Iit
440 5290 658 5347 Patrem
674 5331 692 5355 ,
720 5290 974 5362 quamvis
993 5291 1158 5347 homo
1181 5289 1358 5346 lhctus
1383 5300 1530 5349 esset
1556 5308 1623 5348 ex
1653 5308 1769 5349 ma-

189 5395 263 5443 tre
288 5404 307 5441 :
337 5385 427 5442 sed
456 5387 594 5443 idem
624 5387 718 5458 qui
747 5387 977 5456 gerebat
1001 5400 1124 5458 qua:
1153 5387 1391 5444 hominis
1419 5398 1547 5446 sunt
1572 5390 1628 5445 in
1656 5400 1767 5447 ter-

190 5481 291 5543 ra;
321 5479 460 5535 idem
489 5479 603 5552 ipse
631 5481 859 5550 gerebat
885 5479 943 5534 ln
972 5478 1125 5536 omlis
1148 5490 1271 5551 qua
1297 5479 1393 5537 Dei
1420 5490 1568 5536 sunt.
1613 5480 1768 5539 Sicut

188 5570 291 5637 φη
314 5570 393 5626 ιιι
418 5571 472 5625 in
504 5570 844 5643 Evangelia:
884 5569 1054 5627 Nemo
1079 5572 1311 5627 escendit
1337 5573 1393 5627 in
1421 5571 1635 5639 cretam,
1665 5577 1767 5632 nisi

185 5665 261 5729 {Ii
282 5663 549 5719 latendi:
570 5665 640 5719 de
662 5662 795 5719 caelo
812 5702 829 5727 ,
861 5660 1034 5716 Filius
1054 5663 1280 5720 hominis
1298 5704 1312 5728 ,
1338 5667 1429 5736 qui
1456 5675 1531 5720 ρει
1560 5668 1615 5721 in
1643 5667 1766 5723 coelo
1790 5676 1793 5679 '

246 5790 269 5816 ⁸
309 5782 439 5838 Vide
466 5784 527 5838 S:
555 5781 956 5853 Augustinum,
986 5780 1078 5835 lib.
1110 5796 1163 5837 tv
1183 5779 1251 5835 de
1272 5779 1533 5837 Trinitate
1553 5823 1571 5850 ,
1597 5799 1651 5836 ιι.
1684 5784 1765 5837 15.

1867 4650 1992 4705 talis
2016 4662 2083 4705 ac
2111 4659 2261 4705 tanta
2281 4691 2296 4715 ,
2326 4656 2389 4703 ut
2425 4646 2542 4703 sola
2569 4646 2728 4719 digna
2760 4647 2913 4702 fieret
2942 4645 3282 4706 divinitatem
3311 4651 3365 4706 in
3395 4667 3456 4708 se

1862 4744 2107 4814 recipere
2150 4739 2272 4796 Filii
2315 4738 2432 4795 Dei.
2476 4737 2628 4794 Sicut
2658 4737 2803 4793 enim
2831 4736 3101 4810 conchylii
3130 4743 3452 4814 sanguinem

1862 4838 1989 4894 lana
2026 4834 2285 4906 suscipit,
2330 4842 2391 4888 ut
2414 4846 2654 4903 purpura
2681 4842 2749 4885 ex
2773 4826 2966 4886 eadem
2995 4831 3119 4888 lana
3140 4875 3157 4901 ,
3188 4831 3450 4906 imperiali

1867 4929 2139 5002 majestati
2182 4921 2558 4982 tantummodo
2593 4922 2757 4995 digna
2801 4922 2927 4990 liat,
2969 4939 3076 4995 qua
3110 4926 3289 4982 nullus
3313 4926 3457 4981 alius

1864 5018 2126 5083 induitur,
2158 5017 2261 5073 nisi
2291 5022 2518 5088 augusta
2546 5015 2805 5088 praeditus
2834 5015 3099 5088 dignitate
3128 5036 3141 5072 :
3170 5019 3246 5073 ita
3277 5015 3451 5088 Spiri-

1868 5120 1956 5169 tus
1985 5120 2207 5168 sanctus
2236 5107 2623 5179 superveniens
2652 5107 2705 5162 in
2732 5108 2948 5163 beatam
2979 5106 3256 5179 Virginem
3278 5148 3292 5174 ,
3320 5102 3447 5183 [et]

1867 5207 2044 5262 virtus
2082 5200 2347 5258 Altissimi
2385 5199 2727 5256 obumbravit
2760 5214 2883 5255 eam
2904 5241 2919 5264 ,
2950 5206 3011 5254 ut
3034 5198 3159 5253 lana
3189 5198 3344 5256 ﬂeret
3372 5201 3452 5256 di-

1870 5300 2099 5355 vinitate
2134 5299 2430 5369 purpurata
2449 5332 2463 5356 ,
2510 5289 2849 5347 solummodo
2887 5297 3092 5346 artemo
3135 5288 3454 5363 imperatori

1874 5391 2025 5448 indui
2067 5386 2402 5460 dignissima.
2446 5377 2513 5463 Et
2553 5382 2636 5437 sic
2672 5378 2816 5437 theta
2854 5389 2939 5437 est
2962 5381 3274 5439 beatissima
3304 5384 3455 5459 virgo

1876 5483 2042 5539 Maria
2083 5478 2354 5541 Θαστὸκος,
2399 5476 2545 5532 sicut
2581 5481 2637 5529 et
2673 5475 3034 5552 Χμστοτόκος.
3068 5474 3205 5531 Nam
3244 5485 3300 5533 et
3329 5485 3457 5533 suto

1875 5591 1995 5631 eam
2046 5572 2262 5628 fuerunt
2312 5569 2432 5625 aliae
2476 5567 2531 5623 in
2580 5562 2779 5641 populo
2828 5568 3198 5646 Χριστοτὸκαι.
3250 5569 3305 5626 id
3335 5578 3455 5636 cst,

1876 5667 2206 5723 christorutn
2263 5659 2586 5732 genitrlccs,
2640 5670 2747 5714 non
2799 5666 2978 5715 tamen
3027 5659 3295 5731 virgines,
3353 5674 3458 5716 nec
