3952 6184
439 346 504 408 ξῖ
1249 343 1309 395 Β.
1353 342 1414 396 F.
1450 341 1675 398 ALBINI
1717 339 1848 396 SEU
1888 336 2163 393 ALCUINI
2202 334 2488 392 OPERUM
2528 333 2707 389 PARS
2743 329 2830 388 ΠΙ.
3632 329 3702 386 48

437 457 648 527 Spiritu
686 465 904 520 sancto,
935 464 990 510 et
1031 455 1227 509 virtute
1270 453 1533 507 Altissimi
1573 453 1933 514 obumbratae,
1970 458 2028 503 ut
2055 453 2103 510 Α
2132 447 2415 518 distinguit
2451 447 2612 518 [AI.,
2644 445 3018 518 distinguunt]
3055 446 3106 500 in
3156 444 3402 509 Christo,
3457 443 3708 502 divinitas

440 548 615 618 digna:
654 547 822 601 Deum
860 561 1118 615 generare
1157 545 1547 599 invenirentur.
1591 543 1716 597 Hanc
1753 553 1932 596 autem
1968 549 2022 595 et

440 643 815 717 Χριστοτὸκος,
849 650 904 696 et
941 641 1055 696 sola
1096 641 1365 704 Θεοτόκος,
1393 647 1449 692 et
1478 637 1590 691 sola
1621 637 1776 706 virgo
1803 649 1870 688 ex
1903 633 2022 702 Spi—

442 736 550 788 ritu
594 743 782 790 sancto
825 741 880 786 et
919 734 1121 787 virtute
1162 730 1424 785 Altissimi
1470 729 1812 797 concipiens,
1855 742 1917 780 ac
1946 726 2024 780 sic

441 824 743 896 glorificata
762 866 776 889 ,
808 833 869 878 ut
896 824 1066 879 Deum
1093 822 1188 877 Dei
1232 821 1426 875 Filium
1455 828 1782 875 coaeternum
1813 828 1867 873 et
1895 833 2024 872 con-

441 917 853 972 substantialem
883 915 1029 970 Patri
1058 921 1360 985 generaret.
1396 912 1562 982 Virgo
1605 919 1730 966 ante
1770 919 1984 979 partum
2009 950 2023 974 ,

443 1009 592 1077 virgo
633 1009 688 1062 in
727 1015 915 1076 partu,
959 1006 1114 1074 virgo
1147 1013 1269 1074 post
1315 1012 1574 1073 partum:
1620 1004 1838 1073 dignum
1880 1001 2024 1056 enim

440 1109 593 1162 erat,
625 1107 683 1152 ut
712 1099 824 1152 Deo
855 1104 1133 1158 nascente,
1161 1094 1412 1149 meritum
1439 1102 1710 1148 cresceret
1739 1092 2022 1156 castitatis,

431 1208 511 1246 .ne
532 1207 639 1260 per
667 1192 784 1260 ejus
807 1191 1097 1244 adventum
1124 1187 1456 1242 violarentur
1484 1186 1715 1255 integra,
1747 1186 1838 1254 qui
1867 1200 2026 1239 vene-

2123 537 2361 592 deseruit
2396 539 2784 592 humanitatem
2805 578 2821 601 ,
2863 552 2963 592 nec
3002 537 3056 590 in
3094 537 3208 605 ipsa
3243 535 3410 590 etiam
3437 535 3706 606 passione.

2123 629 2276 696 Quod
2305 640 2362 683 ut
2389 630 2600 686 facilius
2629 631 2847 702 intelligi
2876 629 3075 699 possit,
3103 629 3365 700 exemplis
3392 627 3524 684 fides
3554 628 3711 685 robo-

2126 723 2293 778 randa
2321 732 2423 778 est.
2455 723 2614 779 Verbi
2643 724 2839 794 gratia,
2863 723 2909 777 si
2934 723 3139 777 securis
3165 723 3270 776 ictu
3299 721 3548 776 arborem
3577 721 3708 796 [Al.,

2125 814 2370 870 dicamus
2399 817 2606 870 securis
2635 817 2742 871 ictu
2775 817 3026 869 arborem
3061 813 3262 884 quam]
3299 815 3675 869 verberaveris
3695 856 3708 875 .

2124 922 2181 966 ct
2213 913 2552 984 splendorem
2586 913 2638 966 in
2678 927 2744 965 ea
2776 887 2935 966 sim.ul
2973 910 3305 980 percusseris
3337 909 3466 964 solis
3485 951 3500 974 ,
3529 910 3711 964 arbori

2125 1004 2341 1073 quidem
2371 1003 2567 1058 vulnus
2595 1002 2820 1074 inﬂigis,
2851 1001 3018 1056 solem
3050 1016 3210 1065 vero,
3243 1000 3398 1070 cujus
3437 1009 3494 1054 et
3531 1000 3711 1071 splen-

2126 1100 2312 1153 dorem
2344 1097 2503 1154 simul
2534 1097 2772 1167 percntis
2801 1105 2856 1150 et
2890 1094 3122 1149 calorem
3144 1135 3160 1159 ,
3197 1094 3580 1165 impassibilem
3619 1095 3712 1149 de-

2127 1191 2407 1260 relinquis.
2445 1189 2598 1256 Quod
2639 1189 2684 1242 si
2727 1188 2975 1242 arborem
3018 1187 3122 1241 ictu
3163 1186 3372 1240 securis
3400 1201 3711 1255 percussam

440 1291 523 1334 rat
565 1296 760 1337 sanare
802 1288 1074 1349 corrupta.
1124 1277 1233 1333 Nec
1283 1285 1537 1348 regnator
1581 1277 1702 1333 caeli
1749 1277 2028 1348 virginalis
2127 1282 2206 1336 sol
2248 1297 2355 1336 non
2390 1281 2625 1345 deserit,
2669 1288 2872 1350 quanto
2912 1279 3083 1349 magis
3123 1287 3368 1333 sanctum
3413 1294 3569 1334 suum
3617 1279 3711 1332 Dei

441 1374 582 1426 uteri
629 1372 950 1441 dedignatus
999 1369 1127 1441 [ΑΙ.
1149 1409 1164 1434 ,
1203 1367 1553 1440 indignatus]
1609 1378 1694 1422 est
1748 1369 2028 1440 angustias
2127 1373 2317 1440 Filius,
2346 1372 2487 1442 quod
2519 1380 2604 1426 est
2632 1372 2865 1425 Verbum
2891 1411 2904 1434 ,
2936 1371 2989 1423 in
3018 1370 3271 1439 passione
3299 1386 3405 1423 non
3439 1369 3710 1434 deseruit,

436 1466 680 1529 intrare,
715 1464 807 1533 qui
852 1463 1092 1517 omnium
1139 1472 1512 1516 creaturarum
1564 1461 1749 1530 implet
1791 1461 2026 1517 latitudi-

442 1571 565 1610 nem
586 1597 600 1621 ,
623 1556 714 1611 cui
738 1554 1050 1624 angelorum
1079 1553 1271 1607 militia
1297 1563 1424 1608 nato
1454 1553 1740 1609 decantare
1764 1565 1984 1609 venerat
2010 1573 2022 1608 :

2126 1463 2372 1534 quamvis
2416 1465 2532 1533 ipsa
2574 1463 2829 1517 divinitas
2871 1460 3214 1530 impass‘bilis
3259 1475 3474 1530 semper
3520 1460 3571 1514 in
3615 1476 3710 1515 sua

2125 1565 2441 1626 permaneat
2481 1563 2693 1609 natura.
2735 1553 2887 1608 Sicut
2921 1553 3086 1624 Moysi
3128 1552 3287 1624 [Al.,
3320 1551 3536 1626 Moyse]
3576 1556 3712 1609 duce

439 1649 622 1702 Gloria
648 1649 702 1701 in
724 1645 938 1702 excelsis
959 1645 1090 1709 Deo,
1113 1655 1159 1700 et
1183 1646 1237 1698 in
1268 1636 1406 1697 terra
1431 1660 1537 1715 pax
1563 1644 1856 1698 hominibus
1881 1645 2028 1698 bona:
2125 1647 2306 1718 populi
2337 1645 2432 1700 Dei
2461 1645 2674 1700 vidente
2692 1685 2706 1709 ,
2740 1644 2906 1698 rubus
2933 1643 3202 1697 ﬂammam
3232 1643 3450 1710 habuit,
3480 1645 3560 1699 sic
3587 1659 3711 1699 vere

441 1739 720 1794 voluntatis
752 1739 770 1809 (
797 1738 920 1791 Luc.
952 1753 1022 1804 ιι,
1053 1736 1118 1790 Η
1139 1737 1179 1807 ).

1009 1861 1034 1888 ο
1070 1846 1296 1902 CAPUT
1335 1846 1452 1901 XV.

612 1919 750 1986 Quid
778 1920 963 1990 cuique
993 1929 1196 1972 natura?
1226 1920 1280 1970 in
1309 1916 1517 1971 Christo
1549 1919 1843 1972 conveniat.

508 2014 839 2068 Firmissimc
877 2011 1102 2066 credere
1140 2009 1398 2065 debemus
1435 2010 1537 2064 sub
1578 2009 1739 2063 unius
1778 2022 2023 2078 personae

439 2104 766 2174 proprietate
824 2101 1052 2156 duarum
1093 2115 1214 2155 esse
1249 2101 1304 2154 in
1339 2098 1558 2154 Christo
1593 2110 1908 2154 naturarum
1943 2100 2026 2154 in.

429 2197 612 2266 signia
648 2214 658 2249 :
702 2209 811 2248 non
851 2201 912 2246 ut
947 2192 1264 2246 divisionem
1301 2189 1566 2245 faciamus
1603 2191 1766 2244 unius
1800 2189 2019 2254 Christi,

437 2287 533 2342 sed
564 2295 623 2340 ut
651 2286 706 2339 in
735 2300 842 2339 uno
871 2283 966 2338 Dei
996 2281 1132 2337 Filio
1166 2291 1222 2336 et
1258 2297 1366 2336 uno
1404 2281 1620 2336 Christo
1654 2281 1790 2335 duas
1829 2279 2022 2334 distin—

435 2393 664 2447 guamus
701 2376 1034 2430 substantias
1065 2393 1076 2427 :
1120 2389 1284 2428 unam
1324 2389 1444 2443 qua:
1480 2373 1692 2426 initium
1733 2371 1922 2425 habuit
1953 2385 2019 2424 ex

2127 1754 2288 1809 passa
2312 1748 2395 1792 est
2421 1737 2729 1791 humanitas
2748 1734 2982 1800 Christi;
3013 1742 3066 1788 et
3088 1735 3227 1788 sicut
3244 1750 3368 1788 vere
3397 1751 3500 1789 non
3526 1735 3710 1790 incen-

2053 1797 2102 1858 Β
2129 1847 2222 1886 sus
2263 1839 2382 1895 est,
2425 1831 2503 1884 sic
2549 1843 2674 1884 vere
2715 1843 2822 1884 non
2859 1843 3016 1897 passa
3054 1836 3136 1882 est
3171 1827 3443 1882 divinitas.
3478 1827 3592 1882 Non
3631 1837 3708 1882 ta-

2126 1937 2248 1976 men
2277 1920 2471 1976 alicubi
2503 1920 2758 1983 divinitas
2787 1919 3175 1974 humanitatem
3196 1959 3210 1984 ,
3243 1933 3309 1972 ex
3339 1933 3446 1988 quo
3490 1918 3544 1972 in
3589 1919 3710 1973 uni-

2124 2020 2290 2067 tatem
2321 2026 2431 2067 snm
2457 2025 2702 2081 personae
2731 2017 3004 2080 assumpta
3039 2018 3153 2072 est,
3197 2009 3472 2072 deseruit;
3519 2025 3706 2064 verum

2121 2104 2286 2158 etiam
2312 2103 2379 2158 de
2404 2102 2591 2158 eodem
2622 2101 2812 2156 matris
2837 2110 3021 2165 utero,
3051 2100 3191 2154 idem
3235 2100 3375 2154 Deus
3415 2099 3579 2154 homo
3623 2099 3704 2154 fa-

2124 2203 2245 2250 ctus
2273 2194 2469 2258 exivit,
2499 2203 2552 2248 et
2582 2194 2634 2247 in
2664 2207 2825 2248 cruce
2855 2192 2995 2248 idem
3024 2192 3192 2254 Deus,
3224 2192 3385 2246 homo
3415 2191 3590 2246 factus
3617 2206 3709 2262 pe-

2123 2285 2344 2355 pendit,
2370 2292 2426 2338 et
2450 2284 2503 2336 in
2530 2282 2777 2353 sepulcro
2805 2281 2946 2337 idem
2971 2281 3113 2334 Deus
3139 2281 3299 2337 homo
3324 2279 3495 2336 factus
3514 2282 3706 2352 jacnit,

2124 2375 2218 2430 sed
2258 2376 2312 2428 in
2346 2373 2594 2443 sepulcro
2625 2371 2919 2426 secundum
2948 2370 3118 2425 solam
3149 2385 3368 2424 carnem
3397 2371 3538 2425 idem
3567 2371 3710 2426 Deus

437 2466 683 2536 virginali
712 2473 888 2529 utero,
918 2464 1142 2518 alteram
1170 2478 1289 2531 quze
1317 2462 1435 2514 sine
1464 2461 1618 2515 initio
1647 2469 1912 2514 cowterna
1939 2468 2026 2515 est
2123 2467 2284 2520 homo
2307 2464 2518 2533 jacuit;
2553 2471 2608 2515 et
2643 2463 2695 2516 in
2744 2461 3014 2515 infernum
3046 2461 3338 2515 secundum
3383 2461 3550 2515 solam
3592 2463 3712 2517 ani-

437 2557 548 2610 Deo
583 2555 728 2609 Patri
754 2571 768 2618 ;
799 2569 964 2607 unam
993 2567 1112 2622 qua:
1139 2560 1297 2605 (etate
1325 2550 1644 2621 proficiebat
1669 2558 1724 2603 et
1759 2549 2020 2620 sapientia

435 2647 602 2714 (Luc.
631 2663 702 2710 ιι,
729 2644 830 2716 52)
852 2685 868 2710 ,
895 2643 1124 2697 alteram
1153 2657 1274 2712 quae
1300 2650 1503 2696 aeterna
1533 2649 1616 2696 est
1646 2641 1740 2695 Dei
1767 2641 1938 2694 virtus
1968 2649 2024 2694 et

438 2737 534 2791 Dei
563 2735 843 2805 sapientia.
878 2733 949 2790 Ut
975 2733 1042 2788 de
1070 2732 1316 2802 plurimis
1344 2747 1518 2802 pauca
1549 2732 1790 2787 dicamus
1811 2773 1826 2798 ,
1856 2747 2021 2786 unam

440 2841 560 2895 qua!
597 2824 897 2879 dormiebat
934 2824 988 2877 in
1026 2838 1162 2877 nave
1190 2831 1246 2876 et
1271 2823 1504 2877 excitata
1535 2832 1618 2876 est
1647 2838 1676 2876 a
1704 2823 1981 2892 discipulis
2004 2863 2020 2886 ,

441 2916 670 2970 alteram
707 2931 828 2984 qua:
868 2915 1170 2984 imperabat
1202 2915 1376 2968 ventis
1411 2922 1467 2969 et
1498 2912 1746 2969 ﬂuctibus
1784 2913 2020 2985 (Matth.

440 3024 537 3062 vm
560 3008 578 3077 )
605 3024 619 3072 ;
659 3022 820 3061 unam
851 3022 958 3076 qua
990 3003 1139 3077 [Al.,
1170 3021 1289 3075 qua:
1309 3045 1322 3071 ,
1353 3015 1401 3059 et
1429 3006 1503 3059 sic
1534 3007 1589 3059 in
1623 3022 1761 3076 seqq.
1788 3005 1807 3077 ]
1846 3005 2025 3075 plorat

437 3099 672 3154 amicum
699 3105 968 3152 mortuum
990 3137 1004 3161 ,
1032 3096 1256 3151 alteram
1284 3112 1389 3165 qua
1418 3112 1550 3151 voce
1575 3097 1688 3152 sola
1715 3107 1874 3152 vocat
1897 3113 2020 3152 eum

433 3192 506 3247 de
532 3190 778 3261 sepulcro
805 3198 862 3244 et
891 3189 1178 3243 resuscitat
1203 3187 1270 3242 ad
1297 3189 1461 3243 vitam
1493 3188 1674 3259 (Joan.
1700 3188 1786 3259 xi)
1813 3205 1828 3254 ;
1858 3204 2018 3243 unam

436 3299 544 3354 qua
569 3283 816 3338 tristatur
840 3295 1011 3349 usque
1037 3280 1104 3334 ad
1129 3288 1359 3334 mortem
1387 3280 1614 3353 (Matth.
1641 3296 1764 3335 xxvi
1781 3281 1798 3351 )
1817 3321 1830 3344 ,
1862 3279 2020 3334 aliam

436 3388 543 3442 qua
569 3371 762 3426 liberat
786 3378 1003 3426 sanctus
1028 3384 1058 3423 a
1085 3370 1304 3424 tristitia
1329 3378 1385 3425 et
1405 3371 1500 3425 dat
1521 3371 1600 3424 eis
1623 3371 1874 3440 gaudium
1899 3371 2022 3425 vita:

437 3472 747 3536 perpetuae;
777 3477 941 3516 unam
962 3477 1067 3531 qua
1095 3461 1397 3517 videntibus
1419 3462 1674 3532 apostolis
1699 3463 1941 3518 ascendit
1967 3463 2021 3518 in

438 3556 608 3612 caelos
645 3554 863 3627 (Actor.
891 3554 982 3626 ι),
1019 3563 1076 3609 et
1110 3555 1263 3610 sedet
1297 3554 1363 3609 ad
1401 3556 1678 3611 dexteram
1706 3555 1914 3621 Patris,
1944 3555 2024 3610 al-

437 3656 610 3701 teram
646 3646 808 3716 732
837 3662 943 3716 qua
969 3646 1035 3700 de
1061 3646 1181 3701 sinu
1216 3645 1394 3702 Patris
1421 3662 1694 3717 nunquam
1723 3648 2020 3716 abscessit,

433 3736 532 3792 sed
568 3751 780 3806 semper
809 3752 932 3791 cum
971 3736 1133 3792 Patre
1161 3744 1217 3791 et
1245 3737 1299 3792 in
1330 3735 1492 3791 Patre
1519 3735 1652 3802 fuit,
1684 3746 1739 3793 et
1763 3753 1885 3794 esse
1914 3755 2021 3794 non

427 3827 656 3883 desinit.
690 3825 851 3882 Salva
886 3827 1050 3900 igitur
1082 3829 1415 3898 proprietate
1449 3827 1732 3898 utriusque
1769 3838 1981 3885 natura:
2005 3871 2020 3895 ,

434 3927 494 3973 et
517 3919 571 3972 in
605 3933 764 3973 unam
797 3928 1025 3973 coeunte
1047 3933 1372 3988 personam,
1401 3926 1652 3988 suscepta
1678 3928 1766 3974 est
1789 3935 1820 3974 a
1850 3919 2019 3989 maje-

425 4015 578 4066 state
604 4009 989 4074 humilitas,et
1032 4024 1065 4063 a
1107 4009 1306 4064 virtute
1346 4009 1658 4072 inﬁrmitas,
1695 4011 1764 4065 ab
1807 4011 2022 4066 aeterni-

423 4108 548 4157 .tate
572 4100 876 4155 mortalitas
900 4115 915 4164 ;
945 4107 1001 4154 et
1025 4099 1092 4153 ad
1119 4098 1506 4170 perﬁciendum
1532 4113 1668 4168 opus
1695 4098 1887 4155 salutis
1915 4100 2018 4154 hu-

436 4210 643 4258 manae,
697 4201 890 4247 natura
941 4191 1430 4258 incommutabilis,
1479 4200 1689 4246 natura:
1737 4200 1820 4246 est
1868 4193 2018 4246 unita

425 4283 677 4356 passibili
701 4323 716 4348 ,
753 4292 812 4337 ut
846 4282 1112 4337 mediator
1146 4282 1242 4336 Dei
1279 4290 1332 4336 et
1367 4283 1644 4337 hominum
1675 4283 1836 4338 homo
1862 4282 2015 4338 Chri-

431 4383 554 4431 stus
585 4371 744 4428 Jesus
779 4381 836 4428 et
866 4372 1003 4426 mori
1037 4372 1214 4442 possit
1247 4370 1406 4443 (AL,
1435 4372 1658 4444 posset]
1697 4389 1761 4428 ex
1793 4389 1934 4439 uno,
1962 4381 2017 4428 et

2122 2571 2268 2610 mam
2311 2553 2609 2608 descendit.
2656 2551 2924 2621 Quidquid
2969 2551 3112 2606 enim
3158 2553 3212 2606 in
3257 2551 3472 2607 Christo
3504 2551 3707 2608 factum

2122 2662 2242 2702 esse
2287 2645 2503 2716 legitur,
2536 2643 2605 2697 ab
2655 2658 2761 2698 uno
2789 2641 3036 2707 Christo,
3081 2651 3136 2698 et
3178 2645 3244 2697 ab
3283 2659 3390 2698 uno
3433 2644 3527 2698 Dei
3569 2644 3711 2700 Filio

2122 2747 2334 2810 gestum
2361 2751 2510 2802 esse,
2543 2735 2722 2790 nullus
2751 2734 3049 2789 catholicus
3079 2735 3326 2790 dubitare
3356 2735 3535 2791 debet.
3582 2735 3707 2792 Haec

2121 2846 2252 2884 vero
2280 2829 2460 2885 omnia
2492 2827 2849 2899 personaliter
2875 2836 3021 2881 totus
3049 2825 3299 2882 Christus
3337 2827 3586 2899 dignatus
3626 2839 3711 2885 est

2123 2935 2304 2992 agere.
2354 2919 2472 2990 Ipse
2517 2919 2714 2990 quippe
2757 2934 2883 2974 suas
2907 2919 3186 2989 passiones
3215 2919 3490 2974 invenitur
3515 2935 3708 2992 opera-

2123 3021 2245 3079 tus,
2291 3012 2384 3082 qui
2430 3012 2563 3066 nihil
2607 3011 2787 3066 habuit
2835 3010 2979 3080 quod
3020 3018 3297 3080 pateretur
3327 3011 3546 3066 invitus.
3591 3011 3706 3082 lpse

2126 3105 2290 3160 etiam
2319 3112 2375 3159 et
2396 3118 2531 3172 opus
2559 3110 2612 3157 et
2641 3111 2830 3157 auctor
2854 3102 3052 3172 operis.
3080 3100 3199 3156 Jam
3223 3116 3380 3167 vero,
3409 3118 3532 3157 cum
3559 3103 3708 3158 Chri-

2125 3205 2240 3252 stus
2267 3211 2374 3251 uno
2403 3198 2699 3265 eodemque
2726 3204 2967 3266 tempore
2993 3205 3046 3250 et
3072 3197 3132 3250 in
3156 3195 3404 3267 sepulcro
3426 3197 3624 3266 jacuit,
3653 3207 3707 3255 et

2121 3289 2174 3344 in
2204 3288 2473 3344 infernum
2500 3289 2805 3355 descendit,
2838 3289 2959 3358 quis
2987 3305 3090 3344 non
3122 3290 3476 3362 inseparabile
3501 3302 3707 3349 naturae

2120 3380 2403 3450 utriusque
2443 3395 2579 3449 opus
2616 3380 2840 3435 videat?
2879 3379 2948 3434 Et
2983 3381 3106 3448 quis
3147 3381 3200 3434 in
3243 3381 3358 3451 ipso
3398 3398 3506 3437 uno
3542 3395 3704 3454 atque

2123 3471 2464 3541 inseparabili
2494 3486 2659 3540 opere
2679 3511 2694 3536 ,
2724 3470 2941 3540 propria
2971 3471 3153 3525 carnis
3181 3479 3236 3525 et
3265 3472 3490 3538 animae,
3519 3489 3584 3528 ac
3623 3475 3706 3530 di-

2121 3563 2362 3617 vinitatis
2389 3561 2593 3634 [opera
2617 3561 2636 3634 ]
2663 3577 2773 3618 non
2802 3563 3077 3618 evidenter
3103 3565 3403 3633 agnoscat?
3446 3566 3516 3620 Ut
3559 3569 3702 3622 enim

2122 3656 2415 3712 secundum
2443 3652 2661 3711 carnem
2688 3656 2741 3710 in
2768 3655 3014 3726 sepulcro
3033 3656 3267 3725 jaceret,
3293 3667 3437 3714 totus
3458 3659 3706 3717 Christus

2123 3747 2290 3802 fecit?
2315 3747 2409 3802 sed
2441 3747 2728 3819 sepulturae
2753 3763 2922 3817 capax
2947 3748 3057 3804 sola
3083 3764 3213 3804 caro
3240 3752 3556 3807 naturaliter
3581 3752 3698 3808 fuit.

2121 3837 2179 3892 In
2208 3837 2478 3892 infernum
2502 3853 2716 3907 quoque
2746 3852 2806 3892 ut
2833 3828 3127 3894 secundum
3169 3841 3411 3898 animam
3455 3843 3704 3901 Christus

2122 3928 2504 3992 descenderet,
2534 3937 2740 3983 natura:
2765 3930 3069 3999 utriusque,
3099 3930 3152 3985 id
3179 3940 3294 3995 est,
3324 3933 3517 3988 divinae
3543 3944 3707 4005 atque

2121 4020 2370 4075 humanae
2393 4035 2560 4075 unum
2584 4019 2683 4074 fuit
2706 4034 2880 4089 opus;
2909 4019 3004 4075 sed
3033 4019 3198 4075 solius
3225 4023 3416 4078 animm
3447 4026 3706 4082 naturalis

2120 4108 2224 4164 fuit
2261 4109 2350 4165 ille
2393 4111 2723 4176 descensus;
2755 4112 2896 4166 sicut
2936 4111 3126 4168 eodem
3167 4122 3448 4184 tempore,
3476 4125 3622 4174 totus
3651 4119 3705 4174 in

2119 4202 2256 4257 caelo
2297 4211 2352 4257 et
2380 4205 2434 4257 in
2465 4212 2610 4258 terra
2630 4245 2644 4267 ,
2676 4219 2784 4259 non
2810 4207 3060 4262 cessabat
3084 4206 3332 4264 Christus
3359 4213 3574 4280 operari
3602 4232 3614 4267 :
3649 4222 3705 4269 at

2118 4294 2287 4350 solius
2311 4295 2610 4352 divinitatis
2639 4295 2738 4352 fuit
2756 4339 2771 4364 ,
2801 4307 2857 4352 et
2884 4299 3004 4354 loco
3030 4315 3137 4355 non
3168 4303 3470 4369 contineri,
3500 4313 3556 4360 et
3581 4321 3703 4376 qnze

2118 4386 2185 4441 ad
2207 4387 2649 4458 gubernationem
2677 4390 3046 4447 universitatis
3067 4394 3436 4463 pertinebant,
3458 4412 3578 4452 cum
3600 4396 3707 4451 Pa-

437 4466 578 4523 mori
612 4479 720 4521 non
754 4464 927 4536 possit
961 4479 1027 4519 ex
1065 4463 1254 4518 altero.
1292 4463 1522 4534 Propter
1568 4464 1728 4518 unius
1772 4480 2018 4534 persona:

2122 4485 2204 4531 tre
2227 4479 2549 4534 naturaliter
2569 4488 2625 4534 et
2650 4482 2929 4550 aequaliter
2957 4485 3189 4553 operari.
3219 4485 3346 4542 inde
3373 4497 3453 4542 est
3477 4489 3618 4558 quod
3645 4491 3700 4546 in

434 4557 806 4622 identitatem,
853 4553 1155 4610 communis
1201 4553 1312 4609 Deo
1356 4560 1412 4609 et
1444 4553 1647 4608 homini
1677 4553 1897 4618 dicitur,
1933 4553 2015 4608 vel

433 4647 608 4719 gloria
643 4647 728 4702 vel
763 4644 1086 4702 contumelia
1115 4663 1127 4698 :
1162 4643 1385 4714 proinde
1434 4644 1514 4700 sic
1554 4644 1610 4698 in
1654 4658 1762 4698 uno
1801 4643 2018 4700 Christo

437 4739 744 4792 communia
779 4746 986 4792 natura:
1020 4737 1302 4806 utriusque
1341 4736 1686 4791 inveniuntur
1722 4735 1894 4791 cilicia
1914 4777 1930 4802 ,
1959 4744 2021 4791 ut

434 4842 562 4882 cum
600 4841 707 4880 non
743 4827 1012 4881 dividatur
1048 4827 1102 4881 in
1135 4826 1424 4882 virtutibus
1454 4835 1614 4896 atque
1645 4827 1699 4881 in
1737 4827 2020 4882 infirmita-

444 4919 590 4974 tibus
617 4917 894 4982 Christus,
927 4926 1108 4972 tamen
1141 4918 1196 4971 in
1232 4933 1396 4988 opere
1435 4917 1638 4988 aliquid
1675 4919 1892 4988 utrique
1923 4935 2019 4973 na-

416 4995 571 5077 tura:
598 5027 705 5066 non
735 5011 807 5065 sit
833 5025 1138 5065 commune.
1171 5010 1442 5080 Quidquid
1471 5019 1652 5066 tamen
1683 5019 1897 5082 gestum
1933 5019 2020 5066 est

434 5104 494 5158 in
538 5102 785 5167 Christo,
836 5117 975 5157 unus
1023 5102 1126 5156 hoc
1171 5102 1395 5172 gerebat
1435 5103 1718 5168 Christus,
1769 5119 1877 5160 non
1913 5105 2018 5159 duo

434 5193 658 5250 Christi.
693 5193 753 5248 in
790 5193 1047 5264 operibus
1081 5193 1387 5263 proprietas
1421 5195 1751 5250 discernitur
1799 5206 2020 5252 natura-

435 5297 593 5350 rum,
622 5282 676 5337 in
704 5289 967 5354 potestate
995 5282 1174 5338 unitas
1200 5297 1443 5353 personae
1469 5283 1803 5355 intelligitur.

1023 5393 1250 5450 CAPUT
1288 5393 1425 5450 XVI.

435 5451 590 5552 Quod
630 5483 874 5538 divinitas
903 5486 1347 5608 hominenliﬂaer‘n
1397 5487 1714 5556 assumpsit,
1751 5505 2016 5560 nunquam

1167 5572 1303 5608 imm
1334 5597 1346 5608 .

1167 5565 1346 5610 imtsit.

503 5643 559 5700 In
588 5643 731 5698 nulla
757 5643 1018 5713 siquidem
1043 5646 1373 5716 proprietate
1398 5660 1622 5715 operum
1648 5663 1768 5718 quae
1794 5659 2020 5710 naturas

507 5770 534 5800 ι
571 5757 684 5814 lloc
713 5766 872 5828 caput
903 5757 1172 5814 omittitur
1202 5758 1256 5813 in
1286 5756 1408 5814 cod.
1442 5756 1748 5814 Vindobon.

2118 4569 2370 4625 omnibus
2395 4571 2500 4627 illis
2523 4573 2777 4642 operibus
2798 4575 3068 4643 passionis
3091 4583 3146 4630 et
3167 4579 3379 4634 mortis.
3405 4581 3700 4637 auctoritas

2119 4658 2411 4728 apostolica
2431 4701 2444 4724 ,
2472 4661 2614 4729 quod
2653 4669 2800 4718 totus
2841 4663 2896 4717 in
2941 4679 3000 4719 se
3025 4674 3278 4735 operatus
3305 4676 3387 4722 est
3414 4667 3662 4726 Christus
3681 4713 3696 4734 ,

2120 4750 2198 4804 sic
2237 4751 2332 4804 uni
2377 4766 2620 4821 personae
2659 4755 2936 4823 operantis
2975 4757 3243 4828 assignat,
3286 4766 3348 4812 ut
3387 4759 3515 4828 quid
3546 4762 3702 4834 cujus

2119 4847 2328 4894 natura:
2371 4841 2478 4906 sit,
2524 4842 2892 4899 indubitanter
2927 4847 3194 4901 ostendat.
3241 4848 3376 4904 Nam
3407 4860 3462 4905 et
3503 4851 3700 4909 beatus

2120 4929 2316 4986 Paulus
2345 4932 2410 4987 de
2438 4949 2544 4987 uno
2571 4934 2866 5005 eodemque
2894 4935 3110 4993 Christo
3139 4939 3270 4995 dicit
3301 4960 3312 4994 :
3347 4941 3416 4996 Et
3453 4943 3500 4999 si
3527 4946 3702 5000 cruci-

2119 5021 2258 5090 ﬁxus
2300 5034 2373 5077 est
2418 5041 2484 5080 ex
2524 5025 2858 5094 inﬁmitate,
2888 5028 2979 5082 sed
3009 5030 3131 5084 vivit
3163 5047 3229 5084 ea:
3256 5034 3442 5089 virtute
3471 5034 3564 5090 Dei
3593 5034 3696 5108 (II

2123 5111 2242 5166 Cor.
2277 5129 2412 5182 xm,
2445 5115 2539 5186 4).
2589 5117 2658 5170 Et
2699 5118 2890 5173 beatus
2934 5119 3160 5188 Petrus,
3205 5127 3577 5196 propheticum
3616 5129 3698 5184 sic

2120 5204 2343 5274 protulit
2369 5205 2436 5262 de
2473 5207 2702 5263 Psalmis
2745 5210 3050 5281 eloquium,
3081 5223 3142 5270 ut
3183 5216 3384 5273 Christi
3425 5219 3694 5284 animam,

2121 5309 2284 5364 quam
2312 5296 2366 5350 in
2401 5297 2671 5353 infernum
2699 5311 2923 5358 noverat
2950 5304 3318 5372 descendisse,
3350 5307 3523 5375 ipsam
3551 5309 3697 5365 diee-

2122 5391 2205 5436 ret
2247 5383 2302 5438 in
2344 5385 2555 5442 inferno
2600 5403 2706 5444 non
2750 5391 3061 5450 derelictam
3106 5395 3258 5466 (Act.
3299 5411 3371 5452 ιι.
3401 5395 3503 5464 27;
3542 5397 3693 5454 Paul.

2123 5491 2212 5539 xv,
2244 5477 2310 5530 10
2331 5477 2350 5549 )
2374 5495 2389 5544 ;
2420 5493 2526 5548 qua
2555 5480 2621 5536 de
2646 5482 2838 5539 inferis
2869 5487 2935 5542 ad
2965 5503 3180 5543 carnem
3209 5487 3296 5542 die
3324 5491 3485 5546 tertio
3510 5507 3694 5550 rever-

2122 5573 2268 5621 tente
2287 5607 2302 5632 ,
2332 5568 2470 5623 idem
2501 5571 2640 5628 Deus
2666 5577 2958 5633 secundum
2999 5592 3250 5643 carnem,
3281 5595 3385 5650 qua
3426 5582 3478 5637 in
3519 5583 3698 5654 sepul-

2122 5671 2218 5714 cro
2255 5659 2458 5729 jacuit,
2488 5659 2556 5718 dc
2584 5665 2831 5736 sepulcro
2875 5668 3129 5723 surrexit.
3178 5669 3243 5725 Et
3283 5673 3697 5745 quadragesimo
