3906 6186
190 313 254 368 l9
768 317 1185 374 DOGMATICA.
1225 347 1294 358 —
1328 316 1417 372 DE
1454 316 1608 372 FIDE
1647 316 1704 372 S.
1743 316 2130 373 TRINITATIS
2164 320 2351 375 LlBRl‘
2383 321 2466 375 ΙΙΙ.
2503 353 2570 363 -
2603 323 2728 379 LIB.
2769 325 2853 380 Ill.

3364 334 3448 389 δα

190 438 301 500 post
345 431 801 486 resurrectionem
847 431 936 488 die
974 431 1116 488 idem
1157 432 1330 497 Deus,
1363 433 1524 487 homo
1552 430 1754 496 factus,
1786 435 1832 492 Δ
1861 449 1977 486 cum
2000 433 2224 501 Christo,
2263 454 2378 508 quw
2416 455 2624 494 sursum
2653 452 2773 495 sunt
2794 446 3030 514 qua'rite,
3063 445 3150 500 ubi
3196 448 3432 510 Christus

191 520 241 574 in
258 519 452 575 omium
473 522 779 578 ascendens
798 523 851 578 in
871 523 1092 580 dextera
1109 524 1204 579 Dei
1224 524 1404 589 sedet,
1431 525 1553 579 inde
1577 525 1630 578 in
1655 524 1760 580 line

190 610 357 669 (sculi
383 613 451 667 ad
474 612 835 682 judicandum
861 615 1012 670 vivos
1040 624 1385 685 mortuosque
1410 625 1689 672 venturus.

662 749 822 819 733
851 748 1078 804 CAPUT
1113 749 1276 806 xvn.

193 855 261 911 De
278 858 530 942 baptismo
565 857 794 942 Christi.
821 869 870 912 et
893 860 1057 942 quod.
1081 862 1259 914 omnia
1285 878 1402 932 qua:
1447 865 1762 933 gerebantur

312 929 367 981 in
397 927 634 994 Christo,
668 939 860 984 nostra:
897 927 1085 984 salutis
1120 948 1281 986 causa
1297 927 1618 1002 'gesta'sunt.

250 1060 386 1117 Dicit
403 1061 744 1132 evangelista
773 1060 1050 1116 Christum
1089 1061 1248 1117 beato
1275 1064 1618 1133 respondisse
1659 1066 1761 1119 Ba-

189 1155 368 1224 ptistae.
411 1153 543 1207 dum
575 1154 644 1208 ad
673 1152 792 1222 ejus
818 1153 968 1208 venit
1009 1153 1332 1224 baptismum
1361 1173 1374 1208 :
1407 1154 1539 1211 Sine
1582 1159 1757 1222 modo,

189 1245 253 1297 sic
276 1243 411 1297 enim
451 1243 598 1297 decet
627 1259 722 1298 nos
752 1259 959 1297 omnem
983 1243 1196 1313 implere
1233 1243 1497 1313 justitiam
1542 1245 1755 1316 (Matth.

191 1349 262 1396 Ill,
291 1331 402 1401 15).
426 1331 568 1400 Quid
597 1332 746 1386 aliud
779 1331 930 1404 [est],
953 1333 1096 1402 quod
1118 1333 1195 1386 ait
1237 1347 1452 1388 omnem
1489 1334 1759 1404 justitiam

189 1423 418 1492 implere,
465 1423 568 1478 nisi
590 1423 737 1493 quod
766 1423 821 1476 in
863 1423 1042 1493 seipse
1084 1422 1250 1477 totius
1275 1422 1396 1476 vita:
1443 1431 1644 1478 nostrae
1671 1439 1762 1478 or-

185 1513 353 1567 dinem
380 1511 673 1567 ostendere
701 1511 894 1576 volnit,
925 1519 985 1565 ut
1035 1512 1148 1581 ipse
1191 1511 1296 1566 alio
1327 1512 1664 1567 demonstrat
1703 1513 1757 1568 in

186 1601 297 1658 loco
325 1603 515 1658 dicens
545 1622 558 1656 :
593 1601 698 1668 Qui
721 1603 959 1674 sequitur
997 1619 1096 1667 me,
1126 1619 1230 1657 non
1255 1603 1484 1657 ambulat
1522 1605 1578 1658 in
1620 1614 1760 1660 tene—

182 1691 306 1756 bris,
332 1692 425 1746 sed
455 1691 652 1746 habebit
680 1693 859 1747 lumen
881 1695 998 1748 vitta
1017 1691 1200 1764 (Joan.
1219 1710 1338 1758 νιιι,
1356 1694 1481 1764 12)?
1509 1695 1759 1765 Baptiza-

1861 521 2010 574 estin
2035 522 2247 576 dextera
2273 524 2364 578 Dei
2387 527 2604 593 sedens;
2629 546 2746 599 qua:
2770 547 2976 585 sursum
2990 543 3110 588 sunt
3130 537 3432 606 sapite,non

1861 624 1978 678 qua:
2020 625 2176 678 super
2202 620 2396 664 terram
2422 627 2440 663 :
2467 617 2659 668 mortui
2687 618 2823 671 enim
2849 621 2992 686 estis,
3024 633 3071 675 et
3115 625 3216 678 vita
3263 640 3432 683 vestra

1862 698 2165 755 abscondita
2196 712 2269 756 est
2293 719 2408 756 cum
2433 702 2640 762 Christo
2671 708 2724 762 in
2753 709 2860 764 Deo
2888 709 3111 783 (Coloss.
3145 733 3226 783 ιιι,
3253 719 3325 790 l).

2422 815 2648 874 CAPUT
2679 820 2859 876 XVI".

1863 899 2018 966 Quod
2036 901 2174 986 Deus
2205 902 2364 985 Pater
2380 908 2796 986 quadamgpera
2823 913 2953 986 facit
2974 933 3064 986 per
3089 917 3290 976 Filium
3335 926 3432 978 sibi

1930 981 2254 1057 epmternum’
2294 977 2347 1027 in
2389 977 2560 1057 forma
2773 977 3014 1057 quadam
3057 1005 3156 1057 per
3198 977 3432 1047 eumdem

1930 1038 2132 1094 Filium
2149 1043 2203 1095 in
2225 1038 2399 1112 [arma
2426 1047 2580 1112 servi,
2613 1038 2810 1103 Filium
2832 1038 3076 1111 hominis:

1927 1149 2046 1219 lpse
2075 1151 2218 1204 enim
2265 1151 2523 1208 Dominus
2553 1155 2618 1209 de
2659 1167 2943 1225 potestate,
2973 1179 3132 1232 quam
3183 1169 3343 1224 habet
3366 1186 3432 1226 ex

1859 1246 2060 1292 aeterno
2081 1255 2203 1294 cum
2233 1239 2408 1299 Patre.
2437 1251 2493 1298 et
2519 1244 2586 1298 de
2614 1255 2897 1314 potestate,
2926 1265 3086 1318 quam
3109 1258 3315 1326 accepit
3365 1274 3433 1313 ex

1861 1336 2102 1398 tempore
2147 1329 2202 1383 in
2256 1330 2429 1385 forma
2462 1335 2626 1399 servi,
2669 1336 2748 1391 sic
2773 1339 2885 1392 ait:
2916 1337 3062 1395 Sicut
3091 1347 3228 1400 enim
3273 1347 3436 1403 Pater

1858 1417 2010 1471 habet
2035 1420 2192 1473 vitam
2221 1421 2273 1474 in
2301 1424 2596 1493 semetipso,
2627 1426 2702 1478 sic
2722 1427 2865 1480 dedit
2889 1438 2937 1482 et
2965 1429 3014 1482 F
3017 1432 3106 1486 ilio
3135 1436 3292 1490 vitam
3337 1439 3434 1492 ha-

1859 1508 1976 1562 bere
2001 1510 2056 1563 in
2093 1513 2386 1582 semetipso,
2422 1523 2469 1566 et
2493 1523 2795 1583 potestatem
2825 1517 2967 1572 dedit
2993 1521 3040 1574 ei
3057 1522 3322 1590 judicium
3353 1528 3435 1596 [a-

1857 1615 1994 1665 cere,
2033 1602 2154 1672 quia
2182 1599 2355 1656 Filius
2376 1603 2600 1659 hominis
2647 1615 2722 1660 est
2762 1605 2943 1678 (Joan.
2993 1625 3045 1675 ν,
3099 1611 3210 1683 26).
3241 1613 3437 1670 Genuit

1859 1688 2039 1759 itaque
2072 1691 2213 1746 Deus
2244 1691 2406 1746 Pater
2454 1692 2650 1749 Filium
2703 1696 2868 1751 vitam
2897 1707 2952 1753 et
3000 1709 3327 1770 potestatem
3381 1707 3444 1761 in

182 1791 266 1837 tus
308 1792 394 1838 est
431 1798 556 1854 ergo
594 1783 873 1848 Christus,
921 1799 1026 1838 non
1055 1792 1115 1838 ut
1156 1782 1274 1853 ejus
1314 1785 1423 1838 ulla
1463 1785 1759 1840 dilueretur
1789 1780 1836 1840 Β
1864 1781 2154 1850 semetipso
2199 1783 2508 1840 habentem.
2559 1787 2716 1842 Dedit
2739 1790 2880 1843 enim
2901 1800 3229 1860 potestatem
3259 1797 3433 1854 cidem

182 1875 453 1944 iniquitas,
503 1877 597 1945 qui
639 1876 860 1931 omnino
911 1875 1112 1930 nullam
1158 1876 1364 1941 habuit,
1415 1877 1510 1931 sed
1540 1885 1600 1932 ut
1641 1876 1758 1946 ejus

183 1981 363 2035 magna
403 1967 884 2021 commendaretur
912 1967 1219 2032 humilitas;
1265 1969 1341 2023 ita
1372 1970 1568 2039 quippe
1609 1970 1662 2024 in
1691 1985 1757 2025 eo

181 2055 439 2124 baptisma
460 2057 608 2125 quod
630 2057 892 2121 ablueret,
920 2058 1064 2112 sicut
1090 2074 1238 2114 mors
1265 2059 1396 2114 nihil
1423 2061 1564 2130 quod
1602 2063 1760 2132 puni-

184 2153 272 2210 ret,
293 2146 547 2211 invenit;
575 2147 668 2216 qui
697 2146 841 2202 solus
870 2147 1055 2217 itaque
1077 2149 1158 2204 sic
1187 2150 1343 2205 nasci
1377 2151 1573 2221 potuit,
1623 2159 1684 2206 ut
1705 2154 1757 2208 ei

187 2249 276 2288 non
316 2249 469 2304 opus
517 2242 667 2289 esset
691 2236 935 2290 renasci:
976 2251 1082 2291 non
1111 2237 1257 2292 enim
1308 2239 1754 2304 renascebantur,

185 2329 260 2395 qui
281 2326 718 2397 baptizabantur
739 2328 1058 2399 baptismate
1077 2328 1327 2396 Joannis,
1352 2346 1383 2384 a
1412 2346 1521 2401 quo
1559 2339 1616 2387 et
1642 2333 1758 2402 ipse

187 2422 480 2491 baptizatus
508 2430 612 2476 est.
643 2420 979 2492 Quapropter
997 2421 1264 2493 baptisma
1293 2421 1496 2478 Christi
1520 2439 1627 2478 non
1657 2423 1758 2479 luit

186 2515 231 2568 in
256 2530 387 2584 aqua
430 2522 644 2568 tantum
666 2515 807 2570 sicut
829 2514 1074 2581 Joannis,
1100 2516 1196 2570 sed
1222 2516 1276 2571 in
1307 2515 1512 2586 Spiritu
1538 2525 1752 2582 sancto,

186 2605 232 2660 in
253 2605 626 2660 remissionem
653 2615 1024 2676 peccatorum,
1050 2607 1166 2676 ipso
1188 2607 1316 2662 alibi
1343 2607 1561 2663 dicente
1586 2625 1600 2663 :
1636 2606 1756 2662 Nisi

184 2696 284 2765 quis
315 2705 529 2750 renatus
555 2695 716 2764 fuerit
741 2713 808 2751 ea:
837 2713 976 2767 aqua
1001 2706 1050 2750 et
1072 2696 1274 2768 Spiritu
1297 2707 1500 2763 sancto,
1534 2716 1636 2754 non
1658 2716 1754 2770 po-

179 2795 268 2840 test
311 2787 530 2840 introire
575 2787 631 2839 in
675 2803 893 2857 regnum
941 2787 1039 2842 Dei
1095 2785 1278 2859 (Joan.
1334 2804 1420 2854 ιιι,
1463 2788 1518 2854 5)
1551 2808 1564 2844 :
1596 2797 1658 2844 ut
1688 2790 1756 2844 de

183 2875 378 2948 Spiritu
424 2887 614 2931 sancto
639 2879 971 2949 regenerati,
1010 2881 1176 2950 quiin
1202 2879 1477 2937 Christum
1504 2881 1754 2946 credunt,

179 2968 409 3023 habeant
443 2969 677 3024 omnium
719 2971 1098 3026 remissionem
1146 2979 1524 3043 peccatorum;
1553 2974 1619 3029 de
1647 2988 1756 3043 quo

179 3057 374 3127 Spiritu
395 3058 645 3114 Christus
665 3068 980 3130 generatus,
1008 3064 1418 3133 regeneratione
1438 3079 1546 3118 non
1570 3065 1750 3136 eguit:

181 3149 263 3217 qui
288 3147 520 3219 Spiritus
538 3159 790 3215 sanctus,
809 3165 876 3204 eo
895 3150 1186 3221 baptizato,
1212 3154 1265 3207 in
1288 3155 1470 3224 specie
1490 3154 1754 3211 columba:

181 3239 513 3296 descendisse
534 3254 702 3311 super
727 3257 852 3296 eum
874 3243 1022 3296 visus
1048 3250 1150 3298 est.
1177 3243 1288 3298 Nec
1318 3245 1646 3300 credendum
1672 3254 1756 3302 est

183 3339 294 3385 tunc
313 3331 452 3386 dona
472 3347 600 3386 eum
629 3333 806 3387 sancti
835 3333 1070 3403 Spiritus
1095 3333 1270 3404 primo
1308 3335 1632 3404 suscepisse,
1662 3337 1753 3405 qui

185 3434 210 3471 a
231 3419 391 3490 prima
418 3421 782 3490 conceptione
795 3420 997 3491 Spiritu
1015 3431 1202 3478 sancto
1221 3423 1412 3494 plenus
1433 3438 1647 3496 semper
1659 3440 1755 3479 ex-

183 3511 300 3566 stitit
335 3511 468 3584 [Al.,
498 3513 736 3585 existit],
769 3515 863 3569 sed
890 3522 951 3568 ut
977 3523 1178 3570 sanctae
1222 3523 1278 3572 et
1313 3516 1605 3572 individuus
1633 3517 1754 3571 Tri-

186 3601 350 3657 nitatis
407 3604 463 3656 in
517 3603 850 3672 baptismate
897 3604 1362 3661 demonstraretur
1412 3607 1748 3678 mysterium.

186 3686 330 3745 Filius
353 3691 447 3745 Dei
479 3692 794 3762 baptizatur
812 3693 865 3746 in
890 3693 1128 3760 homine,
1154 3693 1391 3764 Spiritus
1409 3696 1505 3751 Dei
1529 3695 1755 3752 descen-

184 3781 250 3837 dit
271 3783 319 3837 in
342 3784 618 3846 columba,
658 3785 821 3839 Pater
841 3784 984 3841 Deus
1007 3787 1162 3842 adest
1190 3788 1244 3841 in
1282 3803 1436 3853 voce,
1460 3789 1577 3844 sine
1599 3789 1753 3859 cujus

183 3874 526 3939 invocatione,
570 3875 625 3929 id
647 3884 754 3941 est,
785 3884 986 3931 sancta:
1012 3877 1315 3944 Trinitatis,
1342 3878 1548 3933 nullum
1573 3881 1752 3950 bapti-

182 3978 282 4018 sma
326 3965 589 4035 prodesse
643 3966 863 4035 poterit.
918 3965 1041 4022 Ideo
1077 3966 1174 4022 Dei
1198 3966 1367 4022 Filius
1403 3968 1612 4038 primus
1638 3970 1754 4040 ipse

181 4051 296 4121 [.tl.,
319 4055 440 4124 ipso
469 4053 592 4127 suo]
617 4070 718 4109 suo
746 4055 800 4110 in
831 4056 1152 4126 baptismate
1183 4065 1350 4112 totam
1396 4060 1756 4127 personaliter

176 4145 450 4199 ostendere
470 4145 639 4199 voluit
661 4145 856 4201 adesse
885 4146 1231 4212 Trinitatem,
1257 4147 1349 4216 qui
1383 4157 1754 4204 sacramento-

176 4249 286 4288 rum
332 4249 556 4288 suorum
599 4236 1066 4306 dispensatoribus
1091 4245 1210 4293 erat
1238 4247 1629 4310 przecepturus,
1658 4239 1754 4293 do-

175 4340 278 4376 cere
310 4339 496 4376 omnes
523 4335 709 4393 gentes,
734 4336 783 4380 et
810 4326 1077 4396 baptizare
1095 4344 1183 4382 eas
1223 4329 1277 4382 in
1310 4330 1520 4383 nomine
1547 4328 1750 4394 Patris,

174 4424 214 4466 et
246 4413 410 4477 Filii,
440 4424 488 4465 et
517 4413 731 4483 Spiritus
780 4419 951 4471 sancti
975 4417 1191 4488 (Matth.
1221 4435 1415 4485 xxvm,
1444 4418 1554 4490 l5).
1587 4417 1752 4485 Quid-

173 4507 290 4576 quid
319 4506 494 4577 igitur
515 4515 716 4575 gestum
737 4516 822 4562 est
857 4508 912 4563 in
937 4525 1101 4564 cruce
1126 4509 1347 4576 Christi,
1375 4511 1430 4564 in
1450 4510 1748 4580 sepultura,

175 4597 220 4653 in
247 4600 651 4654 resurrectione
679 4602 834 4656 tertia
863 4602 972 4667 die,
1002 4602 1056 4657 in
1092 4602 1410 4658 ascensione
1447 4603 1501 4658 in
1528 4602 1748 4669 omium,

175 4702 220 4744 et
246 4692 376 4747 sede
425 4690 496 4744 ad
525 4691 800 4748 dexteram
851 4691 948 4747 Dei
973 4692 1174 4758 Patris,
1219 4694 1292 4748 ita
1323 4701 1534 4764 gestum
1560 4703 1662 4756 est,
1693 4701 1753 4750 ut

177 4781 250 4835 his
268 4782 436 4835 rebus
489 4796 596 4834 non
622 4782 851 4852 mystice
879 4790 1091 4837 tantum
1120 4781 1304 4848 dictis,
1351 4784 1447 4838 sed
1472 4784 1636 4839 etiam
1659 4799 1750 4855 ge-

175 4870 284 4932 stis,
313 4867 753 4938 conﬂguraretur
773 4871 886 4925 vita
916 4871 1245 4933 Christiana,
1270 4887 1387 4941 qua":
1409 4871 1500 4926 hic
1518 4871 1744 4941 geritur.

174 4954 301 5012 Nam
346 4967 577 5029 propter
611 4958 730 5029 ejus
781 4975 1000 5017 crucem
1032 4962 1232 5018 dictum
1275 4971 1361 5018 est
1392 4979 1406 5016 :
1441 4960 1545 5028 Qui
1573 4972 1748 5017 autem

175 5042 356 5097 Christi
399 5043 534 5099 Iesu
583 5057 726 5112 sunt,
770 5064 981 5102 carnem
1017 5065 1168 5102 suam
1211 5048 1586 5117 cruci/iurant
1629 5065 1747 5103 cum

173 5136 522 5202 ﬁssionibus,
553 5146 598 5191 ei
647 5139 1079 5208 concupiscentiis
1106 5137 1249 5211 (Cal.
1295 5155 1350 5206 v,
1380 5138 1493 5210 24).
1523 5138 1751 5210 Propter

171 5228 494 5298 sepulturam
530 5245 545 5283 :
577 5229 881 5302 Consepulti
908 5233 1044 5287 enim
1083 5233 1206 5286 estis
1248 5249 1366 5286 cum
1414 5231 1622 5287 Christo
1656 5248 1749 5303 per

171 5317 423 5388 bqtisuta
459 5320 515 5376 in
552 5332 776 5375 mortem
802 5320 980 5392 (Rom.
1009 5338 1084 5386 vr,
1116 5322 1194 5394 4).
1246 5322 1474 5393 PrOpter
1505 5337 1746 5377 resurre-

171 5409 400 5464 ctionem
429 5428 442 5463 :
483 5409 551 5466 Ut
574 5411 1019 5482 quemadmodum
1040 5411 1277 5468 Christus
1304 5413 1532 5467 surrexit
1555 5430 1587 5466 a
1608 5429 1748 5466 mor-

172 5500 269 5553 luis
315 5501 367 5555 in
415 5501 636 5571 gloriam
681 5499 888 5566 Patris,
935 5517 1010 5556 ua
1053 5512 1101 5556 et
1132 5519 1223 5556 nos
1251 5503 1306 5556 in
1350 5501 1574 5557 novitate
1600 5502 1746 5556 'vita:

172 5595 503 5651 abs/emus.
528 5596 764 5666 Propter
791 5595 1165 5651 ascensionem
1203 5595 1255 5650 in
1281 5595 1497 5660 coelum,
1531 5594 1744 5650 sedem-

174 5701 272 5754 que
321 5689 388 5744 ad
437 5690 724 5747 dexteram
776 5687 995 5742 Patris:
1035 5687 1098 5744 Si
1127 5698 1297 5742 autem
1349 5687 1744 5743 ronsurrcxislis

1780 4467 1828 4528 D

1858 1868 1994 1925 Filio
2011 1870 2272 1940 judicium
2302 1872 2502 1939 facere,
2534 1877 2630 1947 qui
2657 1878 2709 1932 in
2754 1877 2926 1935 forma
2976 1885 3117 1938 servi
3140 1885 3314 1943 lactus
3353 1898 3447 1948 est

1859 1960 2038 2014 homo.
2066 1960 2208 2016 Deus
2240 1962 2403 2019 Pater
2429 1980 2526 2035 per
2551 1967 2686 2023 duas
2726 1969 2778 2023 in
2808 1969 3026 2028 Christo
3051 1986 3308 2046 Operatur
3336 1996 3436 2034 na-

1859 2060 2046 2106 turas:
2077 2067 2174 2122 per
2217 2069 2380 2108 unam
2417 2072 2537 2126 qua:
2581 2058 2632 2112 ei
2678 2063 2982 2118 communis
3028 2075 3112 2121 est
3157 2084 3278 2123 cum
3326 2070 3449 2126 Deo-

1856 2139 2036 2207 Patre,
2063 2157 2130 2197 ex
2159 2157 2224 2197 eo
2251 2159 2359 2213 quo
2386 2146 2525 2201 Deus
2553 2155 2668 2213 est;
2698 2165 2795 2218 per
2827 2151 3072 2220 alteram,
3097 2170 3202 2226 qua
3233 2174 3299 2212 ex
3324 2160 3436 2213 vir-

1857 2231 1983 2301 gine
2030 2233 2198 2288 Maria
2225 2236 2386 2290 homo
2428 2236 2602 2292 factus
2638 2249 2742 2294 est.
2774 2241 2880 2295 Per
2907 2244 3006 2299 has
3033 2246 3168 2302 duas
3216 2258 3438 2304 naturas

1857 2322 1911 2377 in
1939 2339 2048 2379 uno
2075 2324 2212 2380 Filio
2237 2325 2333 2380 Dei
2364 2327 2504 2382 Deus
2525 2328 2710 2390 Pater,
2746 2329 2885 2386 duas
2910 2332 3041 2388 facit
3082 2342 3438 2394 resurrectio-

1856 2429 1953 2469 nes
1974 2415 2196 2470 humani
2227 2417 2463 2487 generis,
2500 2419 2552 2474 id
2576 2431 2682 2486 est,
2717 2424 3019 2482 animarum
3047 2438 3102 2483 et
3127 2446 3432 2502 corporum.

1857 2501 2068 2558 Habent
2095 2505 2242 2558 enim
2270 2513 2326 2559 et
2352 2507 2547 2561 anima:
2573 2509 2734 2582 734
2771 2523 3000 2569 mortem
3053 2532 3204 2572 suam
3225 2501 3298 2573 fin
3329 2523 3434 2575 im-

1854 2600 2054 2668 pietate
2111 2609 2273 2670 atque
2329 2603 2586 2670 peccatis,
2637 2607 2933 2664 secundum
2991 2626 3152 2680 quam
3203 2623 3440 2670 mortem

1857 2681 2055 2747 mortui
2105 2702 2268 2747 sunt:
2322 2696 2388 2749 de
2421 2695 2618 2764 quibus
2670 2697 2814 2753 idem
2845 2697 3108 2756 Dominus
3153 2703 3274 2756 ait:
3307 2703 3440 2760 Sine

1854 2798 2088 2843 mortuos
2115 2788 2330 2859 sepelire
2352 2801 2586 2846 mortuos
2615 2809 2740 2847 suos
2762 2792 2913 2864 (Luc.
2940 2811 3016 2861 IX,
3049 2795 3161 2867 60),
3199 2805 3258 2851 ut
3285 2797 3431 2852 sciii-

1853 2887 1941 2933 cet
1967 2879 2020 2934 in
2049 2879 2228 2934 anima
2255 2882 2473 2947 mortui,
2502 2883 2556 2936 in
2586 2898 2815 2953 corpore
2844 2895 3087 2941 mortuos
3121 2887 3428 2957 sepelirent.

1856 2968 1998 3024 Mors
2037 2977 2122 3025 est
2145 2969 2393 3026 videlicet
2427 2972 2640 3037 animae,
2667 2974 2882 3042 quando
2926 2975 3067 3030 Deus
3093 2977 3293 3032 deserit
3312 2993 3436 3032 eam

1829 3051 1924 3113 ὀὶ)
1951 3067 2299 3127 peccatorum
2351 3059 2806 3130 magnitudinem;
2853 3065 3092 3133 corporis
3140 3081 3288 3122 mors
3325 3078 3432 3133 est,

1782 3124 1828 3186 ί)
1857 3124 2072 3218 quando
2119 3150 2187 3204 ab
2217 3149 2398 3203 anima
2443 3124 2730 3204 deseritur.
2762 3124 2844 3204 Ab
2877 3124 2964 3206 his
2999 3153 3204 3209 duobus
3247 3124 3438 3213 mortis

1853 3235 2140 3307 generibus
2171 3237 2520 3291 resuscitatos
2566 3237 2700 3292 duas
2728 3239 2957 3294 dicimus
3009 3245 3448 3301 resurrectiones-

1854 3325 2074 3380 habere.
2103 3323 2255 3380 Nunc
2280 3334 2459 3379 autem
2509 3327 2812 3381 animarum
2852 3329 2906 3383 in
2949 3329 3190 3387 Ecclesia
3221 3348 3322 3403 per
3344 3334 3432 3388 Fi-

1853 3414 1983 3469 lium
2025 3414 2119 3470 Dei
2147 3415 2254 3487 [Αι.
2288 3416 2455 3487 omitt.
2495 3415 2638 3490 Dei],
2669 3417 2903 3475 Verbum
2934 3421 3051 3489 Dei,
3101 3423 3162 3478 lit
3191 3438 3432 3480 resurre-

1852 3504 1980 3570 ctio,
2035 3505 2250 3574 quando
2276 3520 2372 3574 per
2407 3506 2637 3575 gratiam
2690 3507 2784 3562 Dei
2831 3509 3115 3568 vivificatm
3149 3526 3436 3586 resurgent

1855 3591 1988 3664 [Αιη
2016 3593 2331 3666 resurgunt]
2365 3609 2396 3648 a
2417 3603 2592 3650 morte
2614 3596 2936 3666 iniquitatis.
2965 3599 3033 3653 Et
3070 3600 3186 3656 haec
3204 3610 3288 3657 est
3326 3605 3435 3672 pri-

1852 3701 1938 3739 ma
1969 3687 2316 3751 resurrectio,
2341 3703 2504 3756 quam
2526 3687 2664 3761 [qui]
2697 3689 2916 3757 habent,
2950 3692 3002 3746 in
3026 3696 3282 3760 secunda,
3316 3711 3435 3764 qua:

1851 3785 1936 3830 est
1953 3791 2260 3846 corporum,
2293 3775 2518 3832 feliciter
2547 3789 2830 3851 resurgent
2863 3781 2916 3835 in
2955 3782 3121 3838 vitam
3153 3793 3432 3839 κιαι-πεπυ.

1853 3869 2019 3926 Filius
2071 3886 2201 3926 vero
2253 3871 2488 3926 hominis
2538 3874 2746 3942 accepit
2795 3875 3116 3943 potestatem
3165 3875 3430 3945 judicium

1853 3958 2050 4025 facere,
2080 3961 2221 4030 quod
2240 3956 2502 4030 judicium
2529 3960 2585 4014 in
2614 3960 2718 4016 line
2753 3964 2856 4017 erit
2878 3964 3076 4027 surculi,
3107 3973 3163 4018 et
3202 3965 3276 4019 ibi
3321 3981 3428 4019 non

1852 4053 1957 4106 erit
1982 4053 2308 4108 resurrectio
2344 4052 2668 4116 animarum,
2701 4054 2795 4106 sed
2823 4069 3130 4123 corporum.
3171 4053 3294 4110 Ideo
3321 4056 3432 4125 ipse

1856 4141 2110 4196 Dominus
2138 4141 2238 4196 has
2284 4141 2416 4195 duas
2441 4139 2684 4210 designat
2709 4140 2762 4194 in
2793 4141 2980 4196 eodem
3016 4141 3134 4199 loco
3186 4159 3432 4200 resurre-

1853 4229 2059 4284 ctiones
2087 4247 2098 4282 :
2127 4229 2454 4293 animarum,
2482 4228 2573 4282 ubi
2599 4229 2676 4283 ait
2700 4246 2712 4282 :
2739 4227 2922 4297 Amen,
2949 4247 3100 4286 amen
3122 4231 3240 4286 dico
3267 4234 3430 4300 vobis,

1851 4320 1974 4389 quia
2004 4319 2137 4372 venit
2168 4317 2317 4382 hora,
2346 4326 2394 4372 et
2440 4335 2576 4372 nunc
2603 4329 2700 4384 est,
2739 4321 2950 4391 quando
2979 4323 3170 4376 mortui
3215 4321 3431 4378 audient

1855 4425 2026 4463 vocem
2053 4406 2181 4461 Filii
2226 4407 2323 4462 Dei
2354 4407 2537 4480 (Joan.
2569 4425 2622 4475 ν,
2653 4409 2775 4482 25);
2804 4427 3090 4481 corporum
3120 4429 3250 4469 vero
3276 4432 3290 4467 :
3333 4411 3431 4469 Ve-

1853 4502 1956 4555 niet
1984 4501 2137 4566 hora,
2175 4501 2230 4555 in
2279 4518 2384 4573 qua
2424 4517 2634 4566 omnes,
2683 4504 2772 4573 qui
2797 4504 2853 4557 in
2899 4504 3244 4558 monumentis
3285 4515 3428 4569 sunt,

1851 4592 2064 4647 audient
2091 4609 2262 4647 vocem
2283 4593 2396 4663 ejus
2425 4591 2613 4663 [Ibid.,
2631 4593 2744 4662 28).
2772 4592 2916 4648 Hora
2945 4605 3124 4648 autem
3154 4609 3296 4648 nunc
3319 4605 3429 4662 est,

1852 4692 1911 4739 ut
1942 4693 2228 4755 resurgant
2247 4685 2478 4749 mortui;
2514 4684 2648 4738 hora
2675 4685 2780 4738 erit
2806 4684 2860 4738 in
2907 4683 3013 4739 line
3039 4685 3306 4740 szeculiut
3343 4701 3430 4743 re-

1849 4783 2075 4846 surgant
2102 4775 2330 4840 mortui;
2362 4774 2456 4830 sed
2474 4782 2762 4844 resurgunt
2787 4789 2935 4847 nune
2976 4775 3032 4830 in
3073 4785 3274 4842 mente,
3302 4785 3429 4832 tunc

1850 4867 1906 4922 in
1934 4883 2129 4933 carne;
2162 4874 2450 4938 resurgunt
2477 4879 2622 4919 nunc
2650 4864 2704 4918 in
2729 4871 2910 4920 mente
2936 4879 3033 4934 per
3075 4865 3305 4921 Verbum
3332 4866 3427 4920 Dei

1853 4958 2048 5013 Filium
2093 4957 2222 5023 Dei;
2273 4963 2560 5028 resurgent
2606 4964 2735 5011 tunc
2782 4955 2837 5010 in
2864 4970 3028 5011 carne
3053 4970 3152 5027 per
3190 4956 3426 5012 Verbum

1853 5048 1969 5114 Dei,
2020 5063 2240 5104 carnem
2284 5048 2508 5112 factum,
2545 5046 2742 5102 Filium
2769 5047 3021 5102 hominis.
3048 5046 3270 5102 Animas
3296 5059 3427 5114 ergo

1850 5153 1994 5193 nunc
2020 5138 2246 5196 suscitat
2282 5138 2424 5193 Deus
2454 5152 2550 5207 per
2580 5136 2830 5200 Verbum,
2870 5136 3066 5191 Filium
3092 5135 3205 5200 Dei,
3230 5141 3290 5188 ut
3336 5134 3417 5188 vi-

1848 5237 1980 5283 vant
1999 5229 2053 5284 in
2076 5228 2324 5295 Christo;
2353 5244 2578 5298 corpora
2598 5229 2826 5284 suscitat
2843 5229 2984 5282 Deus
3009 5227 3061 5280 in
3088 5225 3194 5281 line
3212 5225 3419 5293 saeculi,

1850 5339 1948 5394 per
1980 5323 2231 5379 eumdem
2253 5323 2447 5378 Filium
2489 5323 2757 5388 hominis,
2785 5331 2846 5376 ut
2870 5319 3196 5376 mternaliter
3241 5319 3426 5376 vivant

1851 5429 1975 5468 cum
2018 5412 2254 5468 Christo.
2286 5412 2470 5482 Neque
2516 5412 2659 5467 enim
2699 5411 2765 5464 ad
2789 5408 3054 5479 judicium
3081 5409 3327 5464 vivorum
3366 5418 3426 5466 et

1854 5513 2190 5560 mortuorum
2233 5504 2394 5557 Pater
2420 5504 2532 5571 ipse
2557 5509 2814 5556 venturus
2832 5507 2944 5564 est;
2973 5514 3073 5554 nec
3108 5507 3286 5555 tamen
3334 5515 3425 5555 re-

1853 5595 1995 5651 cedit
2015 5610 2044 5648 a
2068 5595 2202 5649 Filio
2221 5594 2411 5656 Pater;
2445 5593 2709 5662 quomodo
2735 5606 2862 5661 ergo
2888 5606 2992 5645 non
3024 5591 3137 5660 ipse
3166 5601 3423 5647 venturus

1855 5686 1979 5741 cst?
2025 5685 2157 5752 Quia
2215 5700 2319 5738 non
2379 5683 2495 5752 ipse
2543 5681 2758 5738 indutus
2804 5690 2885 5737 cst
2929 5680 3102 5736 forma
3130 5681 3293 5748 servi,
3324 5694 3421 5736 nec
