3906 6186
456 297 519 355 5|
1296 296 1357 351 Β.
1397 295 1461 351 F.
1502 294 1731 352 ALBINI
1767 294 1899 353 SEU
1937 294 2028 351 AL

2134 293 2212 361 [Nl
2251 293 2537 353 ΟΡΕΒΠΜ
2574 294 2756 352 PARS
2793 296 2880 353 lll.
3121 363 3124 366 ἢ
3657 296 3723 370 52

456 409 726 467 videbitur
748 409 803 464 in
821 407 1042 479 judicio.
1078 405 1335 461 Videbunt
1358 422 1590 477 namque
1620 406 1793 477 impii,
1815 408 1874 463 in
1890 422 2042 478 quem
2075 411 2117 469 Δ

456 509 871 575 compumrunt
898 499 1083 573 (Zach.
1116 516 1214 567 xu,
1244 500 1355 573 l0).
1379 500 1577 559 Forma
1614 500 1702 555 illa
1725 501 1831 556 erit
1852 500 2042 569 iudex,

456 610 578 668 quae
631 595 784 650 stetit
812 593 913 648 sub
936 590 1117 665 judice
1148 611 1159 643 :
1207 591 1298 649 illa
1331 589 1617 660 iudicabit,
1648 606 1770 661 qua:
1802 590 2044 661 iudicata

456 695 562 744 est.
606 684 856 743 Judicata
883 694 968 741 est
995 685 1139 741 enim
1185 685 1398 754 inique,
1420 684 1688 754 iudicabit
1713 683 1887 753 juste;
1920 685 2044 744 talis

459 779 740 852 apparebit
776 779 962 850 judex,
1008 777 1184 847 qualis
1217 778 1387 833 videri
1409 778 1653 849 possitet
1683 779 1750 833 ab
1775 779 1856 833 eis
1882 778 2043 851 [quos

457 878 815 927 coronaturus
856 875 962 935 est,
1011 876 1066 924 et
1088 867 1154 923 ab
1199 868 1301 934 eis,
1342 867 1502 941 quos]
1556 869 1910 925 damnaturus
1936 877 2040 925 est.

456 962 815 1035 Forma‘ergo
834 960 978 1017 servi
1008 960 1303 1025 videbitur;
1334 961 1545 1017 occulta
1567 962 1674 1017 erit
1721 961 1894 1017 forma
1923 961 2040 1027 Dei,

458 1072 577 1126 quae
590 1054 753 1124 justis
771 1054 958 1110 videre
982 1053 1320 1109 solummodo
1340 1054 1678 1125 promittitur
1697 1055 1764 1110 ad
1780 1063 2043 1111 mtemum

456 1146 806 1203 beatitudinis
830 1144 1131 1216 praemium.

1049 1275 1275 1363 CAPUT
1312 1277 1453 1331 xrx.

764 1389 842 1445 De
869 1391 1163 1447 novissimis
1190 1392 1371 1448 δίπυιί
1399 1394 1739 1467 temporibus.

525 1501 783 1569 Quaedam
831 1503 1082 1563 videlicet
1131 1505 1304 1575 signa,
1361 1521 1483 1576 quae
1528 1506 1646 1577 ipse
1688 1505 1949 1563 Dominus
1989 1508 2043 1563 in

454 1592 746 1664 Evangelia
773 1602 902 1648 ante
950 1593 1112 1652 linem
1166 1597 1351 1653 mundi
1398 1595 1578 1651 fumra
1608 1611 1730 1653 esse
1770 1597 2041 1666 praedixit,

455 1691 727 1741 transacta
758 1683 1038 1756 leguntur;
1076 1685 1324 1755 quaedam
1368 1699 1498 1741 vero
1522 1684 1863 1741 imminentia
1906 1701 2044 1755 quo-

2740 407 2971 471 CAPUT
3006 408 3129 466 XX.

2280 541 2361 596 De
2391 545 2765 599 resurrectione
2786 560 3062 611 corporum
3085 546 3141 600 in
3172 542 3452 602 novissimo
3478 547 3583 609 die.

2212 674 2331 746 Ipse
2373 676 2635 732 Dominus
2684 688 2872 733 noster
2917 676 3075 734 Jesus
3103 677 3356 735 Christus
3382 680 3436 734 in
3486 695 3723 737 resurre-

2142 767 2322 823 ctione
2366 769 2548 824 carnis
2590 784 2722 836 suae,
2774 786 2936 840 quam
2990 772 3077 826 die
3137 773 3302 827 tertio
3355 773 3633 828 suscitavit
3661 776 3724 830 de

2142 860 2390 929 sepulcro
2414 901 2428 924 ,
2488 861 2646 919 nobis
2694 871 2898 917 nostrae
2923 864 3108 919 carnis
3144 879 3330 920 veram
3370 868 3605 922 ostendit
3641 882 3725 923 re

2143 951 2555 1017 surrectionem,
2604 968 2770 1022 quam
2796 954 3048 1009 videlicet
3094 954 3300 1026 absque
3339 960 3485 1014 omni
3521 960 3725 1016 dubita-

2146 1038 2291 1095 tione
2322 1038 2629 1097 ﬁrmissime
2673 1042 2902 1100 credere
2928 1043 3216 1113 debemus;
3245 1056 3307 1102 ut
3332 1049 3389 1105 in
3431 1064 3497 1105 ea
3542 1066 3722 1116 carne.

2143 1146 2249 1201 qua
2297 1132 2389 1189 hic
2444 1135 2676 1205 quisque
2725 1136 2941 1193 vivebat
2988 1138 3043 1192 in
3073 1140 3178 1196 hac
3213 1144 3465 1211 praesenti
3508 1146 3637 1205 vita.
3670 1147 3724 1203 in

2142 1224 2332 1281 eadem
2354 1240 2639 1297 resurgere
2658 1228 2870 1285 debeat.
2904 1229 3017 1288 Nec
3036 1231 3195 1289 alicui
3228 1233 3549 1292 incredibile
3573 1238 3727 1293 debet

2143 1331 2265 1377 esse
2285 1318 2581 1386 potentiam
2611 1320 2846 1378 divinam
2874 1337 3101 1392 corpora
3129 1333 3315 1382 nostra
3342 1328 3410 1384 de
3443 1328 3728 1398 cujuscun-

2143 1420 2249 1476 que
2301 1408 2626 1467 conditionis
2675 1412 3024 1482 corruptione
3093 1417 3423 1473 resuscitare
3480 1435 3659 1489 posse.
3698 1421 3726 1465 δ

2141 1496 2298 1557 Absit
2320 1498 2427 1557 hoc
2448 1514 2481 1555 a
2513 1498 2617 1555 iidc
2636 1510 2820 1559 nostra
2841 1502 3112 1569 dubitare,
3135 1513 3196 1560 ut
3218 1508 3589 1564 resuscitanda
3612 1525 3728 1566 cor-

2141 1603 2274 1658 pora
2322 1590 2554 1661 vitaque
2603 1593 2896 1661 reddenda,
2943 1612 3050 1651 non
3082 1598 3299 1667 possint
3341 1602 3727 1672 omnipotentis

2143 1682 2405 1740 creatoris
2430 1684 2612 1743 ornnia
2660 1688 2906 1741 revocari
2936 1687 3068 1760 [Al.,
3097 1705 3204 1745 non
3240 1693 3478 1761 possit...
3509 1708 3728 1751 revoca—

456 1774 585 1833 tidie
610 1776 917 1832 sentiuntur
939 1817 953 1833 .
983 1775 1243 1845 Quaedam
1271 1778 1454 1848 itaque
1475 1777 1708 1833 necdum
1735 1785 1859 1835 acta
1879 1787 2029 1844 sunt,
2064 1765 2108 1826 Β
2138 1767 2241 1841 ι’θ],
2267 1785 2388 1840 qua:
2411 1772 2498 1830 vel
2517 1774 2688 1830 bestia
2705 1815 2719 1843 ,
2751 1776 2835 1831 vel
2883 1777 3024 1849 ignis
3044 1779 3362 1850 absumpsit,
3394 1783 3477 1838 vel
3506 1784 3563 1839 in
3611 1785 3727 1855 pul-

454 1868 549 1925 sed
578 1868 755 1924 futura
782 1884 902 1929 esse
926 1872 1233 1928 certissime
1275 1872 1592 1939 creduntur,
1637 1872 1693 1929 id
1739 1880 1844 1938 est,
1902 1866 2040 1927 ﬁdes

453 1959 729 2019 lsraelitici
753 1961 955 2032 populi,
985 1963 1051 2019 de
1075 1978 1182 2034 qua
1226 1963 1517 2035 Apostolus
1542 1965 1622 2020 ait
1650 1982 1664 2020 :
1694 1965 1827 2020 Cum
1870 1965 2039 2018 intra-

452 2050 579 2106 verit
603 2049 873 2121 plenitudo
892 2055 1146 2124 gentium,
1174 2064 1301 2111 tunc
1320 2057 1492 2113 omnis
1540 2055 1710 2111 Israel
1735 2056 1912 2113 salvus
1946 2057 2036 2126 ﬁet

452 2137 630 2209 (Rom.
661 2157 739 2206 ιι.
770 2141 863 2207 25,
896 2143 1021 2212 26);
1051 2152 1106 2200 et
1148 2160 1374 2218 regnum
1401 2147 1724 2204 Antichristi
1761 2156 1817 2202 et
1844 2148 2038 2203 crude-

452 2227 575 2284 litas
602 2229 718 2298 ejus
740 2231 793 2287 in
823 2241 1071 2300 sanctos;
1100 2236 1219 2291 haec
1237 2238 1383 2292 enim
1411 2238 1517 2293 erit
1534 2239 1829 2294 novissima
1850 2253 2040 2309 perse-

449 2320 617 2385 cutio,
659 2324 956 2383 novissimo
1009 2326 1327 2384 imminente
1374 2328 1599 2400 judicio,
1646 2345 1809 2401 quam
1847 2340 2035 2387 sancta

449 2410 689 2470 Ecclesia
715 2422 827 2471 toto
848 2423 1123 2473 terrarum
1143 2420 1277 2476 orbe
1300 2420 1573 2489 patietur;
1598 2424 1854 2479 universa
1884 2423 2035 2478 scili-

448 2511 537 2558 cet
590 2505 784 2563 civitas
834 2507 1058 2573 Christi,
1106 2510 1177 2564 ah
1225 2510 1476 2567 universa
1524 2511 1724 2566 diaboli
1778 2512 2031 2579 civitate;

448 2603 863 2668 quantacunque
892 2598 1001 2657 erit
1028 2606 1261 2671 utraque
1287 2616 1452 2671 super
1481 2609 1710 2668 terram,
1740 2602 1894 2674 cujus
1913 2618 2038 2672 per-

450 2688 744 2747 secntionis
772 2698 1047 2748 auctorem
1079 2707 1202 2749 esse
1221 2693 1472 2749 eumdem
1503 2694 1897 2751 Antichristum
1925 2711 2032 2751 non

447 2782 670 2841 dubium
698 2790 802 2848 est,
828 2799 991 2855 quem
1018 2785 1308 2857 Apostolus
1329 2785 1500 2855 ﬁlium
1531 2788 1834 2845 nominavit
1850 2788 2033 2859 perdi-

446 2873 605 2929 tionis
658 2880 820 2944 atque
861 2874 1129 2947 refugam,
1158 2877 1349 2947 utique
1391 2893 1423 2932 a
1466 2877 1700 2934 Domino
1745 2878 1886 2945 Deo;
1939 2879 2033 2950 qui

445 2963 725 3023 extolletur
750 2982 913 3036 supra
964 2983 1116 3023 omne
1154 2967 1297 3038 quod
1323 2967 1522 3022 dicitur
1546 2967 1709 3032 Dens,
1741 2979 1836 3023 aut
1864 2967 1889 3041 ς
1891 2968 2033 3040 quod

446 3054 659 3128 colitur]
716 3057 792 3113 ita
828 3066 887 3113 ut
941 3059 999 3113 in
1027 3057 1217 3129 templo
1264 3057 1366 3112 Dei
1403 3059 1604 3123 sedeat,
1655 3059 1933 3115 ostendens
1976 3076 2033 3115 se

444 3118 694 3221 tamquam
718 3150 785 3205 sit
811 3148 956 3206 Deus
982 3149 1071 3223 (ΙΙ
1094 3118 1275 3205 Thess.
1306 3168 1365 3217 rt,
1398 3150 1476 3223 4).
1505 3118 1745 3209 Ecclesia
1777 3150 2031 3224 equidem
2057 3118 2106 3184 ε

442 3250 657 3308 sancta,
679 3242 879 3298 dicitur
904 3243 1049 3299 Deus
1073 3256 1122 3297 ι.
1164 3243 1371 3299 Colitur
1398 3244 1579 3315 itaque
1598 3253 1749 3301 recte
1793 3252 2033 3301 tantum-

440 3334 609 3389 modo
642 3343 831 3391 sancta
861 3335 1099 3391 Trinitas
1140 3337 1285 3391 Deus
1311 3355 1324 3391 :
1354 3338 1511 3409 cujus
1534 3339 1796 3394 honorem
1828 3340 2033 3410 impiis-

443 3423 613 3479 simns
636 3423 727 3479 ille
745 3422 930 3495 refuga
953 3425 1055 3480 sibi
1085 3426 1373 3483 vendicare
1408 3426 1542 3499 [Αι.,
1562 3427 1869 3502 .vindicare]
1894 3437 2033 3499 prte-

443 3522 639 3568 snmet.
667 3514 816 3571 Alios
857 3516 1288 3583 adulationibus,
1342 3519 1477 3575 alios
1524 3521 1845 3588 terroribus,
1897 3522 2032 3580 alios

441 3604 608 3675 signis
634 3604 912 3672 illicitans,
942 3616 1000 3662 ut
1024 3622 1086 3663 se
1102 3608 1283 3665 colant
1310 3625 1410 3680 pro
1438 3611 1570 3677 Deo,
1601 3612 1755 3683 cujus
1773 3627 2029 3685 persecu-

443 3696 644 3755 tionem
687 3698 852 3752 trium
894 3700 1060 3756 semis
1081 3698 1352 3757 'annorum
1405 3705 1599 3773 spatio,
1630 3707 2030 3766 excandescere

440 3799 604 3854 super
630 3793 832 3842 terram
859 3788 912 3842 in
944 3788 1266 3862 Apocalypsi
1291 3793 1610 3863 praedictum
1632 3804 1714 3851 est
1735 3796 1920 3870 (Apoc.
1950 3816 2025 3861 xi,

440 3876 563 3947 12);
604 3877 702 3933 sed
751 3891 821 3933 ne
865 3886 974 3933 tam
1024 3880 1293 3947 immanis,
1342 3891 1398 3938 et
1441 3886 1678 3942 crudelis
1719 3889 2029 3957 persecutio

439 3970 730 4041 improvisa
771 3971 1013 4037 veniens,
1058 3987 1249 4030 omnes
1273 3975 1453 4031 minus
1496 3987 1720 4047 paratos
1761 3978 2024 4046 involvat,

437 4061 612 4119 Etiam
657 4069 715 4117 et
754 4063 940 4120 Euoch
975 4064 1241 4122 maximos
1266 4067 1561 4139 prophetas
1605 4076 1860 4126 venturos
1909 4087 2030 4128 esse

437 4150 693 4207 Ecclesiae
714 4152 879 4209 habet
905 4152 1042 4210 ﬁdes
1073 4172 1086 4208 :
1124 4170 1223 4227 per
1247 4166 1476 4228 quorum
1505 4157 1828 4226 doctrinam,
1858 4176 2029 4233 popu-

435 4241 524 4299 lus
546 4241 875 4299 lsraeiiticus
917 4255 1266 4303 convertatur
1293 4249 1361 4304 ad
1400 4248 1581 4306 ﬁdem.
1624 4251 1751 4321 Qui,
1778 4269 1900 4310 cum
1926 4255 2027 4325 ipsi

432 4333 611 4406 primo
628 4341 740 4389 tres
765 4335 933 4390 semis
952 4350 1123 4390 annos
1146 4338 1581 4408 praedicavcrint,
1606 4342 1663 4397 in
1692 4343 1810 4414 ipsa
1837 4345 2026 4400 eadem

432 4423 813 4497 persecutione
854 4438 979 4479 cum
1038 4426 1159 4481 aliis
1211 4427 1459 4484 ﬁdelibus
1505 4430 1743 4497 Christi,
1795 4434 2027 4505 glorioso

433 4517 840 4573 comitabuntur
863 4516 1127 4587 martyrio
1167 4526 1189 4570 τ’
1224 4532 1484 4587 percusso
1521 4527 1700 4576 autem
1724 4521 1818 4579 illo
1839 4526 2022 4593 perdi-

434 4607 600 4663 tionis
649 4608 779 4672 illio,
829 4617 888 4663 et
935 4608 1258 4680 impiissimo
1303 4608 1466 4685 735
1519 4613 1688 4668 totius
1719 4615 2023 4687 iniquitatis

434 4697 714 4764 magistro,
742 4700 811 4755 ab
828 4700 946 4771 ipso
965 4700 1211 4766 Domino,
1233 4701 1373 4758 sicut
1396 4702 1681 4774 Apostolus
1701 4705 1779 4760 ait
1804 4725 1818 4760 :
1854 4705 2020 4773 Quem

435 4783 692 4840 Dominus
735 4788 893 4844 Iesus
912 4791 1191 4861 interﬁt-iet
1216 4793 1404 4864 spiritu
1433 4794 1539 4848 oris
1563 4794 1670 4862 sui,
1697 4805 1746 4850 et
1790 4798 2020 4855 destruet

433 4873 790 4931 illustrations
822 4878 1072 4935 aduentus
1097 4883 1182 4936 sui
1210 4882 1299 4955 (II
1330 4882 1512 4939 Thess.
1534 4901 1597 4951 ιι,
1627 4885 1703 4959 8),
1752 4903 1861 4943 non
1890 4904 2019 4945 con-

432 4966 587 5021 tinuo
631 4966 751 5023 dies
788 4966 977 5038 iudicii
1021 4979 1309 5027 secuturus
1339 4990 1459 5031 esse
1480 4977 1785 5034 credendus
1825 4988 1927 5045 est,
1958 4989 2020 5035 ut

433 5058 791 5130 adimpleatur
822 5060 965 5129 quod
1006 5060 1122 5130 ipse
1170 5061 1429 5122 Dominus
1472 5069 1527 5123 in
1577 5068 1868 5141 Evangelio
1899 5073 2013 5127 ait:

432 5148 514 5204 De
542 5150 629 5205 die
652 5158 827 5207 autem
854 5149 948 5204 illo
991 5160 1041 5206 et
1081 5152 1213 5206 hora
1243 5170 1393 5208 nemo
1442 5158 1602 5224 norit,
1632 5176 1794 5234 neque
1822 5161 2015 5233 angeli,

431 5254 595 5310 neque
620 5238 815 5307 Filius,
873 5241 976 5296 nisi
1028 5239 1191 5296 Pater
1216 5240 1359 5297 solus
1402 5243 1620 5315 (Matth.
1676 5264 1828 5315 xxrv,
1872 5248 1965 5322 36)
2000 5269 2013 5305 :

431 5332 701 5398 quomodo
726 5335 844 5390 haec
883 5333 1095 5392 Domini
1139 5335 1305 5391 verba
1351 5336 1697 5409 intelligenda
1730 5340 1859 5405 sint,
1896 5340 2017 5398 loco

432 5428 734 5491 opportuno
760 5427 1011 5495 superius
1028 5427 1393 5498 exposuimus.

504 5568 531 5598 ³
555 5556 728 5640 Lycus
744 5575 1047 5640 corruptus,
1072 5567 1164 5640 qui
1188 5583 1289 5638 ope
1311 5583 1440 5627 mss.
1469 5568 1668 5640 corrigi
1687 5585 1793 5626 non
1814 5571 2011 5640 potuit.

435 5627 562 5683 Mss.
581 5627 768 5686 Relch.
792 5627 955 5709 habet
977 5627 1043 5709 εί
1076 5627 1247 5709 Supra
1264 5655 1446 5704 omne,
1471 5627 1829 5709 quod‘dicilur'
1848 5642 2008 5703 Deus,

436 5708 527 5754 aut
570 5710 709 5769 quod
757 5704 948 5760 colitur
995 5704 1231 5764 Ecclesia
1270 5704 1517 5780 equidem
1548 5718 1767 5777 sancta,
1816 5710 2013 5767 dicitur

2139 1875 2323 1921 verem
2351 1864 2699 1937 cineremque
2720 1868 2982 1940 collapsa,
3010 1870 3093 1926 vel
3122 1871 3174 1926 in
3198 1873 3482 1930 humorem
3520 1878 3728 1936 resolu-

2140 1959 2219 2017 ta.
2248 1953 2332 2011 vel
2356 1955 2410 2013 in
2450 1971 2616 2015 auras
2645 1968 2773 2017 sunt
2792 1960 3027 2016 exaltata
3071 1960 3203 2033 [Al.,
3234 1958 3548 2036 collapsum,
3577 1984 3728 2025 reso-

2138 2044 2333 2112 lutum,
2363 2049 2707 2124 exaltatum].
2735 2052 2894 2108 Absit
2917 2063 2977 2108 ut
2997 2055 3149 2111 sinus
3175 2056 3315 2113 ullus
3344 2067 3726 2132 secretumque

2138 2144 2346 2196 Iamne
2408 2139 2486 2195 ita
2550 2142 2778 2212 recipiat
2832 2144 3037 2216 aliquid
3089 2146 3425 2204 subtractum
3477 2152 3730 2209 sensibus

2137 2229 2365 2295 nostris,
2392 2238 2454 2286 ut
2474 2232 2717 2287 omnium
2738 2236 3001 2290 creatoris
3027 2246 3123 2292 aut
3144 2239 3508 2308 cognitionem
3542 2240 3725 2306 lateat,

2139 2330 2233 2377 aut
2254 2320 2479 2393 eﬂ‘ugiat
2499 2332 2847 2394 potestatem.
2894 2326 3206 2399 Resurgent
3233 2329 3482 2399 equidem
3512 2340 3730 2389 sancto-

2138 2426 2258 2471 rum
2304 2426 2536 2483 corpora
2574 2415 2646 2470 ad
2690 2415 2943 2486 gloriam,
2989 2418 3108 2473 sine
3142 2418 3256 2477 ullo
3284 2421 3435 2485 vitio,
3468 2422 3589 2477 sine
3619 2422 3729 2479 ulla

2137 2502 2511 2571 deformitate;
2560 2507 2614 2561 in
2643 2507 2840 2575 quibus
2868 2516 3021 2562 tanta
3050 2507 3282 2567 felicitas
3311 2510 3443 2583 [Αι.,
3468 2511 3727 2586 facilitas]

2136 2589 2244 2647 erit
2291 2599 2493 2660 quanta
2517 2601 2573 2649 et
2617 2592 2872 2651 felicitas.
2913 2592 3172 2662 Quamvis
3199 2596 3347 2654 enim
3383 2598 3590 2670 aliquid
3634 2602 3726 2657 de—

2135 2678 2429 2743 formitatis
2456 2683 2694 2742 habeant
2735 2700 2967 2756 corpora
3000 2702 3195 2745 eorum
3239 2690 3294 2745 in
3322 2691 3427 2747 hac
3470 2694 3728 2762 prasenti

2136 2774 2268 2840 vita.
2295 2774 2380 2833 vel
2414 2773 2588 2844 majus
2616 2776 2701 2833 vel
2745 2778 2928 2833 minus
2974 2779 3248 2846 habentia,
3291 2796 3456 2851 quam
3479 2783 3730 2840 humanas

2135 2873 2343 2925 naturae
2384 2868 2574 2925 deccat
2609 2868 3092 2938 pulchritudinem,
3140 2872 3270 2927 nihil
3310 2873 3418 2928 tale
3451 2874 3729 2931 habebunt

2133 2956 2191 3014 in
2210 2955 2298 3013 illa
2323 2962 2599 3026 perpetua:
2634 2955 2909 3016 felicitatis
2939 2958 3306 3030 perfectione:
3341 2963 3395 3016 in
3423 2977 3488 3017 ea
3518 2963 3728 3020 scilicet

2133 3061 2388 3104 mensura
2422 3053 2482 3103 et
2522 3045 2803 3117 dignitate.
2851 3063 2959 3117 qua
2983 3049 3066 3105 vel
3094 3049 3277 3105 futura
3302 3059 3478 3117 erant,
3503 3053 3552 3108 si
3600 3061 3729 3111 ante

2133 3135 2392 3207 perfectae
2414 3137 2595 3194 tetatis
2640 3138 2890 3197 decorem
2921 3140 3249 3206 moriuntur,
3275 3142 3389 3198 sive
3427 3143 3594 3201 etiam
3630 3145 3731 3201 ha-

2134 3228 2367 3287 buerunt
2388 3238 2514 3289 ante
2537 3232 2813 3302 vergentis
2834 3233 2903 3288 ad
2939 3233 3308 3291 inﬁrmitatem
3333 3237 3510 3293 aetatis
3529 3252 3727 3304 annos,

2133 3322 2503 3380 membrorum
2532 3323 2773 3379 omnium
2797 3323 3203 3395 pulchritudine
3236 3341 3476 3398 congruo
3528 3329 3731 3386 decore

2133 3420 2366 3479 servam,
2395 3412 2471 3470 ita
2500 3420 2561 3469 ut
2585 3413 2721 3471 nihil
2742 3414 3096 3486 incongruum
3135 3418 3414 3477 habebunt
3455 3418 3592 3492 [At.,
3628 3421 3729 3477 ba-

2133 3501 2318 3575 beast]
2367 3502 2422 3559 in
2464 3502 2575 3561 ulla
2626 3504 2875 3574 corporis
2912 3512 3107 3575 parte,
3151 3507 3276 3576 quia
3326 3508 3572 3578 spiritale
3623 3512 3728 3567 erit

2132 3607 2331 3664 corpus
2354 3609 2466 3651 non
2499 3595 2741 3651 carnale.
2769 3594 3027 3663 Quamvis
3068 3611 3199 3652 mro
3221 3598 3296 3653 sit
3320 3614 3427 3654 non
3476 3601 3725 3670 spiritus,

2131 3703 2239 3744 non
2263 3697 2445 3744 tamen
2463 3689 2773 3745 carnalibus
2794 3688 3037 3758 subiacet
3060 3689 3196 3763 (AL,
3212 3691 3536 3767 subiacebit]
3558 3696 3724 3761 vitiis,

2131 3780 2199 3835 de
2220 3780 2417 3850 quibus
2441 3779 2736 3850 Apostolus
2754 3782 2863 3836 ait:
2890 3780 3032 3848 Quia
3052 3799 3178 3838 caro
3197 3792 3249 3838 et
3269 3785 3483 3855 sanguis
3506 3802 3724 3857 regnum

2128 3870 2228 3927 Dei
2272 3888 2381 3926 non
2428 3874 2764 3943 possidebunt
2807 3874 2866 3946 (I
2901 3874 3024 3929 Cor.
3066 3891 3160 3942 xv,
3206 3876 3320 3948 50).
3371 3877 3569 3934 Procul
3615 3882 3723 3937 erit

2128 3962 2199 4019 ab
2238 3962 2322 4020 eis
2359 3964 2537 4025 omnis
2567 3963 2888 4029 inﬁrmitas,
2938 3967 3117 4021 omnis
3157 3966 3492 4034 deformitas,
3545 3974 3726 4029 omnis

2129 4055 2391 4121 tarditas,
2438 4054 2617 4113 omnis
2673 4056 2973 4125 corruptio,
3030 4058 3210 4112 omnis
3261 4068 3494 4130 egestas,
3545 4065 3725 4121 omnis

2128 4148 2447 4220 indigentia,
2475 4157 2532 4203 et
2558 4148 2603 4203 si
2629 4147 2759 4219 quid
2789 4148 2933 4203 aliud
2960 4147 3127 4221 [quod
3156 4151 3308 4224 illud]
3346 4155 3548 4209 summi
3577 4159 3723 4232 regis

2128 4259 2235 4299 non
2265 4243 2422 4299 decet
2464 4257 2692 4313 regnum
2714 4242 2769 4299 in
2794 4258 2903 4314 quo
2947 4245 3364 4302 resurrectionis
3403 4255 3459 4302 et
3480 4253 3721 4318 promis-

2128 4336 2299 4392 sionis
2322 4332 2417 4391 lilii
2429 4334 2836 4405 .equaleserunt
2858 4335 3064 4407 angelis
3085 4334 3179 4391 Dei
3199 4335 3413 4409 (Matth.
3439 4355 3580 4410 xm,
3604 4343 3717 4415 50).

2130 4428 2273 4499 Ergo
2295 4428 2556 4499 quidquid
2585 4427 2652 4481 de
2678 4426 3000 4497 corporibus
3020 4427 3178 4492 vivis,
3205 4428 3291 4484 vel
3319 4440 3445 4500 post
3482 4442 3718 4493 mortem

2129 4521 2197 4575 de
2222 4519 2580 4575 cadaveribus
2602 4518 2782 4588 periit,
2807 4520 3181 4588 humanosque
3205 4519 3392 4594 eii‘ugit
3432 4524 3605 4594 visus,
3652 4527 3721 4583 si-

2126 4608 2236 4663 mul
2263 4623 2389 4663 cum
2418 4623 2507 4675 eo,
2552 4609 2696 4678 quod
2746 4609 2802 4663 in
2837 4609 3102 4679 sepulcris
3129 4614 3425 4681 remansit,
3458 4615 3515 4671 in
3559 4619 3718 4690 spiri-

2124 4700 2249 4755 talis
2274 4699 2521 4771 corporis
2546 4699 2842 4755 novitatem
2881 4698 3014 4772 [Αι.,
3041 4701 3328 4777 novitate],
3356 4720 3423 4761 ex
3463 4706 3717 4765 animalis

2122 4792 2366 4863 corporis
2389 4799 2656 4847 vetustate
2675 4799 2967 4859 mutatum,
3012 4804 3262 4867 resurget
3308 4797 3715 4870 incorruptione

2121 4894 2285 4956 aurae
2328 4884 2729 4941 immortalitate
2773 4886 3049 4943 vestitum.
3101 4887 3405 4962 Resurgent
3452 4898 3508 4946 et
3557 4892 3711 4966 impii

2120 4978 2493 5047 unusquisque
2537 4993 2662 5033 cum
2702 4992 2799 5033 sua
2830 4993 3014 5045 carne,
3045 4987 3106 5034 ut
3131 4995 3255 5035 cum
3276 4980 3491 5039 diabolo
3514 4992 3572 5039 et
3614 5001 3713 5041 an-

2122 5067 2260 5137 gelis
2289 5067 2404 5135 ejus
2439 5068 2754 5139 puniantur.
2779 5066 2977 5124 Utrum
3014 5084 3145 5125 sane
3177 5072 3277 5142 ipsi
3301 5088 3423 5128 cum
3450 5075 3621 5142 vitiis,
3653 5085 3709 5132 et

2120 5158 2554 5216 deformitatibus
2577 5175 2768 5215 eorum
2795 5177 3085 5233 corporum
3114 5174 3420 5237 resurgant,
3445 5183 3706 5237 qumoun-

2120 5266 2225 5321 que
2260 5251 2316 5306 in
2354 5252 2433 5307 eis
2465 5252 2660 5308 vitiosa
2687 5260 2742 5306 et
2770 5251 3033 5309 deformia
3061 5256 3306 5311 membra
3335 5266 3705 5331 gestaverunt,

2120 5345 2442 5415 inquirendo
2471 5344 2718 5401 laborare
2748 5346 2876 5415 quid
2902 5362 3039 5418 opus
3064 5349 3187 5404 est?
3209 5348 3391 5419 Neque
3410 5350 3557 5406 enim
3580 5350 3710 5408 fati-

2119 5454 2250 5509 gare
2278 5442 2381 5492 nos
2404 5438 2562 5494 debet
2587 5437 2793 5495 incerta
2812 5453 3001 5496 eorum
3030 5440 3307 5500 habitudo,
3338 5440 3423 5497 vel
3464 5443 3706 5514 pulchri-

2118 5570 2401 5767 ῡοξθξέάθ
2458 5641 2513 5699 S.
2568 5642 2944 5717 Augustinum,
2995 5643 3088 5709 lib.
3121 5659 3233 5699 xm
3282 5645 3358 5709 De
3409 5647 3522 5706 Civ.
3579 5646 3703 5715 Dei,

2118 5728 2233 5767 can.
2339 5751 2358 5764 .

2117 5728 2233 5786 cap.
2262 5728 2358 5767 zu.
