3906 6186
241 285 305 341 53
823 285 1238 343 οοοιιΑῐιοΑ.
1279 315 1348 324 -—
1389 284 1476 338 DE
1513 283 1668 338 FIDE
1707 285 1765 335 S.
1809 283 1834 338 Ἰ

1938 281 2199 340 NITATIS
2229 285 2434 340 LIBRI.
2477 287 2560 340 III.
2584 316 2654 326 —
2692 286 2817 340 LIB.
2860 286 2942 340 IlI.
3436 285 3512 342 δε

246 395 385 458 tudo,
438 410 679 464 quorum
726 397 835 452 erit
881 407 1031 451 certa
1063 406 1122 451 et
1176 395 1506 466 sempiterna
1536 393 1830 449 damnatio.
1865 399 1907 454 Α

248 488 350 544 Hoc
384 489 708 546 certissime
755 491 1038 545 sciendum
1083 499 1188 556 est,
1228 490 1357 560 quia
1397 504 1558 544 nemo
1602 489 1704 544 nisi
1736 504 1830 558 per

248 579 540 635 indeizitatn
590 581 1020 636 miscricordiam
1052 581 1147 636 Dei
1185 580 1543 636 liberabitur:
1571 588 1626 635 et
1671 596 1830 636 nemo

247 674 340 732 nisi
373 687 474 741 per
511 673 765 728 debitum
787 672 1048 742 judicium
1073 674 1435 736 damnabitur.
1475 672 1628 728 Tunc
1659 672 1831 727 sancti

251 766 409 828 scient
434 763 682 832 plenius,
733 765 866 836 quid
902 764 1029 820 boni
1057 765 1138 819 eis
1163 765 1453 820 contulerit
1489 765 1697 834 gratia:
1747 763 1830 818 vel

252 854 365 922 quid
410 862 610 908 essent
653 855 934 909 consecuti
988 852 1122 924 [AI.,
1151 853 1537 925 consecuturi],
1565 854 1612 908 si
1652 853 1833 908 divina

250 959 334 1002 eos
379 946 636 1016 gratuito
681 960 910 1001 munere
955 960 1061 1000 non
1118 944 1368 1014 elegisset
1417 945 1829 1011 misericordia;

252 1043 299 1086 ct
353 1049 522 1103 quam
586 1049 779 1089 verum
836 1035 934 1097 sit,
991 1034 1134 1104 quod
1196 1033 1251 1092 in
1297 1033 1520 1091 Psalmo
1561 1035 1774 1090 canitur
1816 1050 1830 1096 ;

255 1122 674 1186 uicerit-ordinm
726 1133 775 1184 et
823 1125 1087 1194 judicium
1146 1124 1368 1182 cantabo
1413 1125 1549 1190 tibi,
1614 1124 1835 1181 Domine

256 1213 413 1282 (Paul.
436 1230 496 1280 c,
530 1214 604 1286 l).

849 1351 1076 1408 CAPUT
1105 1349 1245 1405 XXI.

401 1467 477 1520 De
497 1467 776 1537 justorum
799 1465 1038 1535 pra'mio,
1067 1473 1115 1518 et
1143 1479 1293 1534 poma
1319 1474 1670 1532 peccatorum.

323 1595 540 1665 Deigne
567 1594 671 1648 diei
695 1593 888 1664 judicii
929 1591 1217 1662 Apostolus
1253 1593 1366 1646 ait:
1413 1590 1834 1663 Uniuscujusquc

261 1703 390 1755 aptis
414 1685 566 1756 quale
584 1687 675 1750 sit,
723 1686 864 1756 ignis
892 1683 1180 1740 declarabit
1207 1683 1262 1754 (I
1318 1684 1441 1742 Cor.
1475 1699 1559 1748 ιιι,
1592 1683 1702 1756 l3).
1757 1683 1833 1738 De

2512 396 2739 454 CAPUT
2771 397 2934 452 XXII.

2216 487 2292 540 De
2321 498 2516 542 a’terna
2561 488 2878 542 beatitudine
2907 498 3225 548 sanctorum.

2004 574 2143 640 Quid
2165 590 2291 628 vero
2315 576 2488 634 acturi
2515 577 2624 636 sint
2645 578 2815 634 sancti
2865 578 2918 636 in
2951 577 3035 633 illa
3066 580 3252 646 requie
3289 593 3514 635 summa:

1933 664 2299 728 beatitudinis,
2353 666 2638 722 Psalmista
2659 669 2908 738 exposuit
2952 667 3182 728 dicens:
3222 670 3374 725 Beati
3420 674 3513 741 qui

1933 755 2166 809 habitant
2189 757 2241 808 in
2263 756 2420 810 domo
2441 768 2552 821 tua,
2569 758 2810 822 Domina,
2840 760 2894 814 in
2919 759 3169 818 sarculum
3191 759 3371 816 seculi
3394 759 3515 815 lau-

1933 847 2130 901 dabunt
2155 859 2202 900 te
2227 847 2396 919 (Psal.
2424 866 2654 916 Lxxxm,
2678 851 2752 923 5).
2780 852 2846 904 Et
2865 853 3173 920 expressius
3193 853 3309 922 ipse
3334 852 3513 907 Domi-
3571 887 3578 894 ι

1935 953 2036 993 uus
2051 937 2102 992 iu
2120 937 2408 1008 Evangelio
2429 940 2838 1006 demonstravit,
2855 941 2967 1013 [ubi
2995 941 3124 1014 ait]:
3147 942 3297 999 Beati
3317 943 3512 997 mundo

1936 1027 2108 1094 corde,
2143 1031 2388 1098 quoniam
2437 1031 2537 1099 ipsi
2563 1031 2732 1086 Deum
2783 1031 3024 1090 videbant
3077 1030 3380 1101 (Mettium
3430 1032 3510 1101 8).

1938 1114 2061 1168 [hcc
2088 1115 2214 1188 [est]
2244 1117 2444 1188 absque
2467 1120 2611 1176 omni
2633 1122 3038 1189 perturbatione
3071 1122 3228 1183 beata
3254 1123 3351 1180 Dei
3383 1137 3508 1192 pax,

1935 1221 2057 1275 quae
2105 1220 2392 1280 exsuperat
2438 1227 2652 1268 omnem
2685 1228 2924 1278 sensum,
2974 1215 3028 1270 in
3085 1229 3190 1284 qua
3243 1215 3513 1272 videbitur

1937 1298 2077 1352 Deus
2115 1299 2338 1356 deorum
2374 1302 2428 1356 in
2471 1303 2624 1368 Sion,
2671 1304 2724 1360 id
2774 1313 2878 1369 est,
2925 1304 2979 1360 in
3007 1304 3223 1373 speculo
3244 1312 3517 1374 perpetuae

1935 1393 2151 1460 quietis.
2189 1391 2380 1448 Omnia
2421 1394 2620 1464 quippe
2649 1397 2891 1454 membra
2941 1404 2995 1450 et
3025 1397 3237 1452 viscera
3267 1397 3518 1452 incorru-

1935 1483 2138 1552 ptibiiis
2195 1485 2458 1552 corporis,
2486 1499 2606 1553 quae
2633 1501 2778 1541 nunc
2806 1486 3051 1544 videmus
3092 1501 3190 1555 per
3240 1500 3372 1540 usus
3415 1500 3515 1539 ne-

1934 1575 2206 1628 cessitatis
2257 1573 2541 1628 distributa
2597 1577 2798 1630 habere
2850 1577 3170 1642 ministeria,
3235 1575 3516 1646 proficient

1935 1663 2180 1723 laudibus
2209 1664 2328 1732 Dei,
2358 1666 2485 1737 quia
2516 1667 2660 1721 nulla
2690 1669 2796 1726 erit
2817 1667 2921 1722 illis
2944 1676 3072 1724 tunc
3100 1667 3398 1723 necessitas
3441 1667 3518 1720 la-

263 1776 385 1846 igne
405 1776 713 1848 purgatorio
738 1775 844 1828 hoc
863 1788 986 1827 eum
1011 1774 1208 1828 dixisse
1231 1789 1334 1828 non
1357 1785 1439 1829 est
1459 1774 1830 1838 dubitandum,

1938 1755 2182 1820 borandi,
2235 1756 2379 1810 nulla
2413 1757 2696 1827 cujuslibet
2755 1759 3062 1830 indigentia:
3108 1758 3379 1823 molestia,
3419 1757 3515 1819 sed

262 1883 415 1936 quem
440 1869 610 1936 ignem
647 1867 805 1923 aliter
828 1866 976 1935 impii
998 1865 1252 1929 sentient,
1274 1865 1429 1922 aliter
1446 1865 1652 1929 sancti,
1679 1863 1835 1919 aliter

253 1958 397 2027 justi.
424 1959 580 2028 Impii
609 1958 876 2028 siquidem
895 1956 964 2012 de
992 1956 1133 2011 illius
1156 1956 1296 2026 ignis
1337 1956 1578 2011 cruciatu
1601 1956 1669 2010 ad
1711 1971 1835 2025 per-

259 2061 444 2120 petuas
502 2051 706 2122 ignium
749 2049 994 2103 ﬂammas
1043 2049 1414 2103 dctrudentur.
1464 2047 1649 2103 Sancti
1679 2063 1831 2112 vero,

258 2145 341 2213 qui
371 2143 492 2202 sine
516 2143 664 2200 omni
687 2141 848 2214 733
870 2150 1214 2211 peccatorum
1245 2141 1458 2195 macula
1487 2141 1541 2195 in
1594 2141 1836 2210 corpori-

259 2237 355 2291 bus
405 2236 528 2291 suis
572 2242 862 2306 resurgent,
897 2234 989 2304 qui
1018 2250 1180 2304 supra
1209 2233 1613 2288 fundamentum
1639 2273 1654 2297 ,
1691 2233 1834 2302 quod

256 2336 338 2384 est
391 2323 663 2392 Christus,
707 2340 910 2390 aurum,
957 2332 1242 2394 argentum
1293 2332 1347 2378 et
1388 2323 1595 2396 lapides
1629 2324 1832 2394 pretio-

257 2434 344 2473 sos
369 2415 792 2481 ardificaverunt,
831 2424 981 2470 tanta
1015 2415 1274 2470 facilitate
1301 2415 1450 2470 illum
1482 2415 1835 2485 pervolabunt

259 2509 450 2579 ignem,
479 2516 684 2577 quanta
707 2507 1012 2578 integritate
1035 2506 1176 2571 ﬁdei,
1216 2515 1272 2562 et
1297 2506 1602 2564 dilectionis
1627 2506 1831 2562 Christi

260 2600 309 2652 in
335 2600 437 2653 hac
470 2598 578 2652 vita
622 2599 997 2652 custodierunt
1032 2607 1330 2668 praecepta,
1363 2599 1576 2668 eritque
1613 2598 1718 2655 illis
1746 2599 1834 2658 ille

261 2690 393 2760 ignis
417 2689 524 2746 diei
541 2688 758 2757 judicii,
795 2689 937 2746 sicut
961 2689 1134 2745 tribus
1161 2690 1344 2760 pueris
1385 2690 1630 2748 caminus
1656 2690 1831 2761 Baby-

264 2781 411 2835 lonia:
437 2780 669 2835 fornacis
699 2780 900 2844 fuerat,
941 2781 1032 2849 qui
1073 2781 1276 2852 absque
1319 2781 1466 2835 omni
1495 2780 1832 2840 ﬂammarum

265 2871 476 2934 hesione
522 2873 575 2930 in
600 2872 821 2928 Domini
859 2871 1050 2926 laudes
1094 2872 1333 2927 omnium
1381 2873 1833 2944 pulchritudinem

267 2969 626 3016 creaturarum
669 2961 1059 3026 convocabant.
1121 2962 1258 3017 Sunt
1299 2978 1428 3034 ergo
1451 2965 1668 3034 quidam
1701 2963 1834 3032 justi

264 3053 479 3114 minutis
507 3055 826 3124 quihusdam
847 3055 1087 3124 peccatis
1119 3055 1358 3121 obnoxii,
1386 3056 1508 3130 quia
1542 3055 1673 3131 [Al.,
1715 3055 1830 3129 qui]
1862 3103 1908 3164 Ο

261 3144 657 3199 πέξὶῦωτετυηι
714 3160 879 3213 supra
925 3143 1352 3212 fundamentum,
1395 3147 1540 3215 quod
1567 3155 1653 3207 est
1680 3146 1832 3204 Chri-

262 3243 389 3300 stus,
414 3233 620 3302 fenum,
651 3235 818 3305 ligna,
846 3235 1091 3308 stipulas,
1117 3252 1236 3306 quae
1283 3236 1424 3293 illius
1464 3237 1602 3309 ignis
1644 3238 1836 3294 ardore

262 3333 574 3397 purgantur,
600 3341 629 3378 a
659 3326 856 3394 quibus
878 3326 1136 3389 mundati,
1160 3334 1373 3384 :eternae
1395 3326 1668 3384 felicitatis
1691 3329 1836 3404 digni

261 3413 553 3476 elﬁcientur
595 3415 789 3486 gloria.
835 3415 1036 3486 Illoque
1075 3417 1387 3476 transitorio
1427 3418 1570 3488 igne,
1614 3427 1674 3476 et
1727 3427 1837 3476 toto

262 3507 480 3562 extremi
531 3506 639 3563 diei
659 3504 865 3574 judicio
893 3507 1178 3580 completo,
1208 3507 1512 3566 dividentur
1551 3507 1671 3566 duze
1710 3525 1837 3564 con-

264 3600 614 3671 gregationes,
673 3607 988 3656 sanctorum
1017 3609 1072 3656 et
1121 3601 1442 3671 impiorum;
1475 3617 1581 3664 una
1612 3601 1833 3667 Christi,

267 3694 420 3747 altera
447 3691 686 3756 diaboli;
719 3707 824 3748 una
851 3692 1132 3760 bonorum,
1162 3691 1332 3754 altera
1353 3691 1616 3748 malorum
1646 3710 1659 3744 z
1691 3699 1839 3746 utra~

269 3799 357 3853 quc
407 3783 732 3855 angelorum
787 3791 842 3840 et
898 3783 1199 3842 hominum.
1255 3784 1374 3844 Istis
1419 3783 1687 3849 voluntas,
1731 3784 1838 3839 illis

268 3871 481 3930 facultas
501 3890 611 3927 non
633 3873 833 3943 poterit
859 3872 964 3928 ulla
994 3886 1111 3932 esse
1135 3872 1415 3944 peccandi,
1443 3887 1545 3932 nec
1583 3873 1690 3930 ulla
1710 3889 1840 3930 con-

266 3968 386 4024 ditio
411 3968 712 4031 moriendi;
741 3966 858 4022 istis
889 3965 942 4019 in
963 3974 1166 4026 mterna
1207 3966 1316 4026 vita
1341 3980 1469 4022 vere
1505 3963 1839 4038 feliciterque

266 4063 584 4124 viventibus,
611 4059 720 4113 illis
745 4057 1028 4114 infeliciter
1056 4059 1108 4118 in
1135 4057 1351 4114 aeternis
1400 4057 1687 4118 tormentis
1717 4058 1837 4114 sine

267 4151 521 4214 moriendi
550 4159 816 4233 potestate
838 4149 1170 4208 durantibus.
1199 4148 1464 4215 Quoniam
1513 4149 1700 4221 utique
1743 4165 1840 4208 ex-

267 4245 421 4298 tremi
454 4242 636 4310 iudicii
691 4242 1048 4302 ventilabrum
1078 4241 1334 4304 discernit
1377 4239 1513 4315 [ΛΙ.,
1541 4242 1837 4316 discernet]

267 4337 597 4393 frumentum
624 4350 653 4388 a
674 4333 872 4403 paleis;
902 4332 1265 4409 unusquisque
1295 4333 1587 4388 secundum
1620 4334 1837 4392 modum

265 4423 587 4479 meritorum
611 4433 698 4476 aut
718 4420 1078 4482 damnabitur,
1101 4428 1194 4476 aut
1211 4419 1577 4480 comitabitur.
1610 4419 1836 4488 Quidam

265 4515 517 4570 videlicet
554 4511 705 4582 juxta
753 4519 1096 4582 peccatorum
1149 4510 1462 4584 qualitatem
1499 4511 1683 4568 mitius
1729 4519 1838 4566 tor-

261 4615 523 4676 quentur,
572 4605 661 4673 qui
695 4603 902 4657 minore
928 4599 1058 4672 [Αι.,
1088 4599 1380 4672 minorum]
1413 4601 1676 4656 scelerum
1704 4616 1838 4674 pon—

264 4698 391 4770 dere
438 4704 750 4764 gravantur.
791 4692 929 4747 Sunt
976 4692 1137 4748 etiam
1179 4700 1235 4746 et
1280 4699 1596 4746 sanctorum
1646 4693 1837 4748 merita

267 4792 510 4854 diversa;
543 4801 771 4856 quorum
792 4785 1017 4854 quisque
1041 4783 1332 4840 secundum
1363 4782 1679 4839 meritorum
1724 4798 1837 4838 ma-

266 4880 597 4951 gnitudinem
653 4884 867 4931 aeterna:
931 4875 1150 4945 recipiet
1195 4874 1414 4944 praemia
1465 4873 1834 4930 beatitudinis.

268 4973 415 5044 Quod
438 4972 553 5042 ipse
572 4969 830 5031 Dominus
865 4969 919 5022 in
944 4965 1230 5037 Evangelio
1259 4965 1594 5034 significabat
1615 4966 1799 5022 dicens
1824 4985 1836 5020 :

272 5061 333 5115 In
353 5063 508 5115 domo
537 5059 717 5114 Patris
738 5061 837 5112 mei
858 5058 1152 5111 mansiones
1173 5055 1352 5109 multa:
1376 5064 1496 5109 sunt
1519 5053 1699 5124 (Joan.
1726 5071 1838 5121 xiv,

267 5154 321 5223 2)
345 5171 360 5219 ;
386 5153 477 5208 sed
515 5168 675 5208 neruo
715 5152 768 5208 in
797 5151 902 5204 illis
926 5149 1149 5222 alicujus
1170 5148 1388 5210 ltetitim,
1441 5145 1525 5200 vel
1548 5145 1839 5206 beatitudi-

266 5244 350 5300 nis
394 5244 592 5299 sentiet
645 5241 1048 5304 detrimentum,
1097 5239 1220 5308 quia
1247 5237 1536 5308 unicuique
1589 5237 1839 5302 sulliciet,

268 5335 410 5404 Quod
441 5335 690 5404 accipiet,
734 5333 862 5402 quia
907 5331 1154 5390 Christus
1185 5330 1290 5388 erit
1314 5328 1568 5387 omniain
1589 5329 1842 5385 omnibus

265 5425 483 5496 (σοιοεε.
520 5445 604 5494 ιιι,
637 5427 745 5499 ιι).
783 5488 788 5492 ,

337 5574 366 5602 ⁸
396 5562 489 5618 IIic
507 5564 698 5619 titulus
719 5562 875 5618 deest
905 5553 957 5614 in
990 5559 1111 5612 aliis
1140 5559 1292 5613 codd.
1325 5573 1451 5613 mss.
1485 5558 1598 5627 Ipsa
1625 5572 1838 5626 quoque

268 5630 528 5688 invocatio
541 5637 610 5689 ad
641 5633 745 5687 SS.
772 5631 1090 5688 Trinitatem
1113 5629 1166 5683 in
1187 5627 1305 5683 cod.
1333 5645 1430 5683 ms.
1449 5627 1836 5694 Tegernsrensi

267 5710 324 5757 et
344 5705 394 5760 iu
415 5706 569 5761 editis
586 5703 914 5777 quibusdam
933 5701 1019 5754 hic
1041 5700 1325 5760 omitittttr,
1351 5698 1651 5768 symlmlum
1671 5711 1829 5750 vero:

1936 1845 2092 1914 plena
2140 1857 2394 1916 certaque
2426 1850 2686 1906 securitas
2718 1858 2775 1904 et
2819 1851 3146 1920 sempiterna
3190 1850 3421 1906 felicitas
3464 1858 3518 1904 et

1935 1938 2250 1994 indeftciens
2303 1939 2506 1995 latitia.
2559 1939 2730 2007 Quam
2795 1939 3081 1995 iueﬂ‘abilis
3132 1939 3238 1995 erit
3291 1937 3517 1994 felicitas

1938 2031 2024 2084 illa
2054 2032 2143 2085 ubi
2167 2032 2370 2085 nullum
2392 2021 2842 2095 erit‘malum,ubi
2871 2031 3074 2085 nullum
3097 2029 3513 2086 deeritbonuml

1938 2121 2230 2176 Vacabitur
2283 2122 2378 2178 Dei
2432 2121 2696 2185 laudibus,
2749 2121 2840 2192 qui
2888 2123 2993 2182 erit
3018 2137 3181 2182 omne
3227 2121 3430 2179 bonum
3460 2119 3516 2173 in

1936 2214 2204 2268 omnibus.
2241 2213 2392 2270 Unus
2420 2230 2573 2272 amor
2612 2215 2884 2279 omnibus,
2913 2231 3018 2270 una
3049 2213 3336 2270 concordia
3382 2227 3517 2270 cum

1935 2303 2060 2367 etis,
2113 2315 2268 2357 verus
2295 2305 2488 2368 honor,
2534 2304 2625 2372 qui
2655 2303 2784 2358 nulli
2821 2304 3107 2373 negabitur
3152 2303 3333 2375 digno,
3383 2301 3516 2358 nulli

1935 2389 2208 2446 deferetur
2238 2392 2476 2461 indigno.
2518 2391 2722 2454 Necad
2749 2408 2871 2448 eum
2901 2393 3182 2462 perveniet
3205 2391 3346 2448 ullus
3372 2391 3513 2446 indi-

1934 2497 2092 2552 gnus,
2121 2482 2210 2535 ubi
2258 2482 2433 2537 nullus
2461 2484 2792 2553 permittitur
2837 2482 2970 2556 [ΛΔ.
3000 2481 3362 2555 permittetur]
3395 2499 3515 2538 esse

1934 2572 2039 2626 nisi
2080 2571 2294 2640 dignus,
2330 2571 2422 2629 ubi
2463 2561 2590 2642 pax,
2630 2573 2720 2628 ubi
2753 2569 2888 2631 nihil
2933 2572 3220 2627 adversum
3255 2586 3290 2648 ρ
3336 2571 3516 2642 seipse

1933 2665 2183 2734 quisque,
2212 2679 2312 2719 nec
2339 2663 2408 2718 ab
2454 2664 2634 2734 aliquo
2678 2664 2944 2734 patietur;
2976 2663 3256 2734 prtemium
3299 2663 3517 2722 virtutis

1933 2759 2039 2812 erit
2073 2759 2207 2828 ipse,
2251 2758 2341 2828 qui
2389 2759 2644 2814 virtutem
2666 2759 2849 2826 dedit;
2887 2767 2942 2815 et
2982 2760 3073 2829 qui
3112 2759 3370 2828 seipsum,
3402 2775 3512 2830 quo

1935 2848 2128 2905 melius
2156 2859 2211 2905 et
2237 2849 2410 2924 majus
2439 2851 2573 2908 nihil
2601 2851 2769 2922 possit
2794 2866 2933 2916 esse,
2964 2851 3246 2926 promisit,
3274 2852 3364 2922 qui
3410 2853 3514 2908 erit

1933 2941 2091 2995 beata
2119 2941 2342 2996 satietas
2369 2942 2651 3008 omnibus;
2692 2942 2834 3011 quod
2875 2941 3143 3012 Propheta
3184 2940 3387 3012 Spiritu
3429 2941 3516 3004 in-

1935 3030 2171 3099 spiratus
2196 3039 2384 3086 sancto
2406 3033 2650 3102 praevidit
2687 3031 2923 3102 optando
2949 3031 3232 3100 inquiens:
3269 3031 3517 3088 Satiabor

1937 3120 2062 3174 dum
2085 3119 2505 3188 manifestabitur
2531 3120 2700 3190 gloria
2734 3130 2825 3176 tua
2856 3117 3028 3190 (Psal.
3061 3134 3173 3183 xw,
3209 3118 3318 3189 15).
3368 3119 3517 3175 Tunc

1937 3211 2040 3264 erit
2055 3211 2170 3281 ipse
2191 3211 2333 3264 Deus
2356 3217 2666 3264 sanctorum
2689 3210 2932 3273 satietas,
2960 3207 3244 3264 beatorum
3264 3208 3517 3280 jucundi-

1939 3312 2040 3368 tas,
2068 3309 2123 3358 et
2147 3301 2326 3357 omnia
2373 3315 2706 3370 quaacunque
2751 3300 2819 3354 ab
2849 3299 2928 3354 eis
2959 3299 3186 3356 honeste
3212 3299 3510 3355 desiderari

1936 3399 2180 3462 possunt,
2215 3400 2268 3446 et
2308 3391 2435 3454 vita,
2481 3399 2536 3444 et
2578 3390 2742 3456 salus,
2773 3398 2829 3444 et
2852 3389 3024 3445 virtus
3048 3389 3180 3462 [Al.,
3209 3388 3428 3462 victus],
3461 3400 3518 3444 et

1937 3481 2112 3556 Copia,
2133 3488 2186 3536 et
2203 3479 2392 3553 gloria,
2417 3488 2471 3536 et
2489 3481 2679 3546 honor,
2705 3489 2758 3536 et
2777 3497 2904 3550 pax,
2927 3489 3126 3540 teterna
3147 3482 3440 3545 beatitudo,
3462 3491 3518 3537 et

1935 3575 2093 3628 beata
2120 3575 2414 3629 aeternitas.
2448 3572 2565 3642 Ipse
2594 3574 2698 3628 erit
2723 3572 2985 3645 perfectio
3011 3574 3398 3632 desideriorum
3416 3590 3512 3632 no-

1937 3674 2191 3730 strorum,
2222 3667 2312 3738 qui
2339 3666 2456 3721 sine
2493 3666 2598 3720 fine
2626 3665 2916 3731 videbitur,
2970 3665 3085 3722 sine
3115 3663 3333 3724 fastidio
3367 3682 3516 3722 ama-

1938 3759 2095 3822 bitur,
2129 3759 2244 3814 sine
2283 3757 2596 3828 fatigatione
2627 3757 2947 3813 laudabitur.
2985 3757 3138 3812 Tunc
3162 3765 3371 3814 tantum
3405 3759 3514 3812 erit

1937 3865 2063 3912 vera
2110 3850 2506 3916 immortalitas,
2550 3851 2642 3906 ubi
2691 3849 2868 3905 nullus
2894 3850 3032 3906 mori
3078 3856 3276 3918 potest.
3328 3848 3508 3903 Prima

1938 3942 2174 3998 conditio
2198 3942 2434 3998 hominis
2478 3941 2579 3996 fuit
2627 3956 2786 4012 posse
2810 3958 2916 3996 non
2956 3940 3094 3994 mori
3138 3937 3247 4010 [cui
3294 3948 3516 4008 propter

1935 4037 2142 4106 peccati
2164 4049 2380 4106 poenam
2411 4033 2635 4104 contigit
2663 4048 2768 4086 non
2797 4047 2954 4102 posse
2978 4046 3083 4086 non
3117 4027 3274 4099 mori]
3303 4046 3316 4083 :
3348 4038 3518 4088 restat

1941 4127 1992 4180 in
2024 4126 2110 4181 illa
2139 4125 2394 4181 felicitate
2417 4125 2545 4179 illud
2568 4123 2806 4189 tertium,
2835 4137 2942 4178 non
2987 4137 3143 4191 posse
3171 4122 3328 4177 mori.
3361 4121 3516 4180 Tunc

1937 4218 2093 4287 plene
2121 4217 2226 4272 erit
2264 4217 2491 4273 liberum
2546 4215 2850 4282 arbitrium,
2899 4215 3041 4285 quod
3083 4215 3260 4288 primo
3309 4215 3512 4270 homini

1938 4308 2041 4361 fuit
2065 4307 2141 4362 sic
2163 4306 2369 4372 datutn,
2399 4318 2558 4377 posse
2578 4321 2684 4361 non
2710 4321 2966 4376 peccare;
3013 4307 3108 4362 sed
3132 4307 3263 4362 illud
3301 4305 3516 4362 beatius

1939 4397 2060 4458 erit,
2085 4397 2298 4472 quando
2320 4396 2426 4451 tale
2462 4396 2586 4464 erit,
2609 4412 2715 4454 non
2746 4411 2906 4469 posse
2931 4411 3174 4465 peccare.
3205 4396 3356 4452 Tunc
3386 4395 3512 4450 sab-

1871 4459 2202 4545 l)batismus
2247 4489 2380 4562 [Αι.,
2430 4459 2863 4560 Sabbatissimus]
2900 4459 3116 4546 telorum
3157 4487 3354 4557 quietis
3399 4487 3514 4543 dies

1941 4581 2101 4656 737
2129 4580 2378 4639 omnibus
2405 4579 2608 4638 sanctis
2625 4579 2762 4645 erit;
2791 4579 2864 4633 ibi
2894 4577 3164 4636 videbitur
3193 4578 3283 4647 qui
3309 4578 3515 4634 amabi-

1938 4682 2047 4736 tur,
2062 4680 2117 4726 et
2136 4673 2228 4742 qui
2248 4673 2536 4736 amabitur,
2554 4671 2877 4726 laudabitur.
2908 4668 3060 4723 Nunc
3085 4683 3214 4740 ergo
3237 4669 3330 4740 qui
3355 4671 3512 4728 nobis

1940 4763 2098 4835 hujus
2123 4762 2387 4817 sermonis
2423 4760 2633 4813 initium
2677 4766 2731 4812 ct
2753 4772 2918 4826 causa
2944 4755 3064 4823 fuit,
3090 4758 3160 4816 sit
3197 4745 3359 4816 etiam
3388 4776 3510 4831 per-

1941 4851 2100 4906 fectio
2121 4859 2176 4906 et
2204 4850 2353 4916 fluis;
2375 4862 2476 4918 pro
2511 4849 2664 4920 cujus
2692 4862 2875 4902 amore
2920 4846 3161 4926 legentes
3188 4847 3510 4920 ﬂagitamus,

1938 4959 2037 5014 pro
2072 4944 2227 4998 nobis
2261 4943 2398 5013 apud
2439 4941 2555 5010 ejus
2585 4939 2919 4995 intercedere
2967 4941 3412 5005 misericordiam,
3455 4952 3514 4994 ut

1941 5049 2063 5088 cum
2086 5032 2188 5096 eis,
2217 5046 2283 5086 eo
2315 5030 2629 5094 miserante,
2659 5042 2964 5084 mereamur
2984 5030 3051 5084 ad
3082 5030 3212 5086 illud
3232 5029 3512 5099 pervenire

1942 5140 2168 5195 regnum
2193 5121 2342 5194 cujus
2364 5121 2538 5176 nullus
2557 5129 2641 5176 est
2668 5120 2807 5180 ﬁnis.
2835 5120 3027 5177 Amen.

1943 5251 1969 5280 ι
2023 5234 2388 5296 INVOCATIO
2422 5236 2515 5294 AD
2553 5235 2654 5291 SS.
2696 5234 3155 5297 TRINI'I‘ATEM,
3198 5232 3286 5288 ΕΤ
3332 5232 3509 5290 FIDEI

2359 5328 2733 5385 SYMBOLUM
2769 5325 3096 5384 EIUSDEM.

2019 5424 2232 5490 Adesto,
2258 5423 2437 5480 lumen
2466 5437 2672 5488 verum,
2698 5420 2880 5483 Pater,
2919 5419 3258 5492 omnipotens
3276 5418 3438 5476 Deus.

1945 5556 2239 5639 Credimus,
2261 5563 2316 5610 ut
2339 5554 2498 5620 infra,
2523 5553 2704 5608 statim
2735 5551 2786 5606 in
2811 5552 2914 5610 nnc
2943 5552 3101 5624 hujus
3124 5553 3294 5614 ultimi
3319 5553 3507 5622 capitis

1943 5635 2086 5700 ponit
2097 5643 2126 5681 tt
2135 5643 2176 5679 ι’.
