3906 6186
212 246 265 302 5⁸1
906 236 1318 295 DOGMA'I‘ICA.
1360 265 1429 279 -
1466 233 1925 303 QUIESTIONES
1965 235 2175 308 XXVIII
2216 234 2303 289 DE
2337 233 2728 290 TRINITATE.
3378 233 3448 288 58

215 370 350 413 unum
377 353 550 408 Deum
588 351 1042 422 omnipotentem,
1073 351 1232 405 unius
1252 352 1587 415 substantite,
1617 350 1776 405 unius
1807 353 1851 412 Α
1880 349 1933 404 in
1960 349 2236 419 operibus,
2262 348 2508 418 quamvis
2530 347 2776 417 qumdam
2817 360 2979 416 opera
3017 346 3112 402 Dei
3135 348 3450 417 quibusdam

214 447 448 510 essentize,
475 444 644 499 unius
687 444 992 514 potestatis,
1019 450 1320 497 creatorem
1343 443 1584 498 omnium
1626 457 1778 498 crea-
1876 437 2122 508 personis
2151 436 2459 506 specialiter
2480 435 2832 501 conveniant;
2873 436 3012 490 sicut
3039 434 3187 491 Patri
3211 453 3310 492 vox
3339 437 3453 505 illa,

217 550 461 602 arratum;
489 553 522 590 a
545 551 658 607 quo
681 537 883 598 omnia,
917 550 1014 606 per
1039 550 1199 605 quem
1225 536 1422 599 omnia,
1453 535 1506 589 in
1531 549 1638 605 quo
1662 550 1780 590 om-
1879 545 1999 600 quae
2037 529 2103 585 de
2126 528 2263 584 caelo
2295 528 2476 583 sonuit
2522 542 2683 597 super
2708 526 2980 582 Christum
3009 526 3373 596 baptizatum;
3403 540 3454 584 et

217 630 305 684 nia.
342 623 679 700 [Credimus]
709 623 927 678 Patrem
969 639 1000 678 a
1031 623 1232 694 scipso,
1273 639 1379 679 non
1418 622 1487 678 ab
1521 623 1658 689 alio;
1685 623 1780 678 Fi-
1879 621 1947 675 ad
1978 621 2100 676 Filii
2124 635 2408 690 personam
2435 618 2787 674 humanitatis
2821 619 3194 676 tantummodo
3221 620 3454 688 pertinet

219 719 323 774 lium
346 734 376 772 a
401 717 575 772 Patre
625 717 894 787 genitum,
921 716 1090 770 Deum
1146 731 1332 771 verum
1379 716 1446 771 de
1487 714 1596 770 Deo
1626 730 1780 781 vero,
1880 714 2182 784 susceptio;
2214 721 2269 768 et
2292 710 2524 781 Spiritus
2568 710 2741 766 sancti
2786 725 3032 780 persona:
3079 711 3292 781 proprie
3323 726 3455 765 con-

218 810 366 864 lumeu
393 823 592 862 verum
641 806 710 862 de
752 805 958 861 lumine
991 820 1121 860 vero
1149 823 1164 858 :
1194 821 1301 861 non
1351 813 1532 859 tamen
1567 805 1672 860 duo
1699 804 1781 857 lu-
1881 808 2027 879 gruit
2048 806 2136 860 illa
2165 805 2437 870 columba,
2460 804 2515 858 in
2540 803 2693 872 cujus
2715 803 2894 874 specie
2914 804 3054 860 idem
3080 803 3314 873 Spiritus
3335 819 3447 859 san-

220 902 360 964 mina,
396 901 495 956 sed
521 916 692 955 unum
739 900 941 955 lumen.
972 898 1233 970 Spiritum
1258 905 1500 954 sanctum
1546 914 1577 953 a
1621 896 1784 951 Patre
1883 907 2000 954 ctus
2025 897 2303 954 descendit
2328 909 2489 967 super
2517 896 2763 950 eumdem
2792 894 2988 948 Filium
3033 893 3126 948 Dei
3162 893 3458 949 secundum

219 1005 261 1049 et
293 992 428 1047 Filio
469 990 755 1060 aqualiter
791 989 1202 1059 procedentem;
1242 987 1785 1053 consubstantialem,
1883 989 2157 1046 hominem
2187 988 2516 1058 baptizatum
2557 1004 2572 1039 :
2616 995 2794 1041 tamen
2827 987 3031 1056 absque
3060 985 3206 1041 omni
3250 986 3461 1041 dubita-

221 1091 530 1138 coteternum
555 1080 707 1134 Patri
742 1088 798 1135 et
843 1079 997 1135 Filio.
1034 1079 1194 1134 Pater
1214 1078 1405 1149 plenus
1446 1078 1589 1133 Deus
1619 1076 1673 1131 in
1705 1091 1784 1140 se,
1886 1081 2033 1136 tione
2085 1079 2230 1134 illam
2276 1092 2480 1142 vocem,
2514 1086 2570 1132 et
2613 1077 2758 1132 illam
2788 1077 3116 1142 columbam,
3154 1085 3211 1132 et
3261 1075 3462 1132 Christi

221 1169 362 1226 Filius
387 1171 588 1239 plenus
614 1169 759 1224 Deus
789 1185 820 1224 a
858 1168 1022 1224 Patre
1047 1168 1278 1239 genitus,
1312 1166 1547 1237 Spiritus
1570 1152 1789 1222 sanctus
1885 1169 2276 1226 humanitatem
2318 1175 2431 1222 tota
2465 1176 2651 1222 sancta
2677 1167 2913 1221 Trinitas
2933 1175 3156 1238 operata
3185 1175 3286 1232 est,
3313 1165 3466 1235 cujus

221 1261 392 1332 plenus
433 1261 576 1315 Deus
620 1275 650 1313 ει
676 1258 840 1314 Patre
883 1267 941 1314 et
959 1257 1096 1313 Filio
1123 1257 1440 1328 procedens.
1464 1256 1578 1310 Non
1609 1264 1789 1309 tamen
1887 1278 2049 1333 opera
2089 1259 2467 1330 inseparabilia
2496 1267 2642 1313 sunt.
2675 1257 2956 1314 Credimus
2992 1258 3238 1313 eumdem
3265 1257 3464 1312 Filium

225 1363 318 1407 "'88
349 1351 487 1407 deos
529 1351 781 1414 ἀίείῐηυδν
810 1349 907 1405 sed
931 1365 1096 1404 unum
1131 1349 1301 1404 Deum
1345 1347 1788 1416 οωηίροῐθηιειηθ
1889 1354 2006 1419 Dei,
2037 1353 2271 1408 Verbum
2314 1351 2405 1405 Dei
2447 1349 2779 1404 aeternaliter
2806 1357 2993 1403 natum
3017 1350 3085 1403 de
3120 1348 3302 1415 Patre,
3337 1365 3466 1404 con-

224 1451 489 1504 aternum,
535 1438 886 1504 invisibilem,
937 1436 1432 1493 incommutabilem
1455 1477 1471 1501 ,
1515 1437 1606 1506 qui
1647 1443 1792 1490 totus

1929 1443 2297 1500 ubstantialem
2336 1441 2482 1496 Patri
2509 1455 2609 1510 per
2649 1438 2854 1506 omnia,
2877 1437 3250 1508 temporaliter
3279 1446 3463 1491 natum

226 1535 410 1602 ubique
430 1542 532 1596 est.
557 1538 708 1586 lotus
728 1530 930 1600 ubique
949 1544 1225 1599 prasenst
1253 1545 1360 1585 non
1385 1544 1484 1600 per
1501 1539 1683 1599 partes
1713 1529 1794 1584 ἀί·
1891 1537 1959 1593 de
1996 1536 2201 1607 Spiritu
2247 1543 2434 1589 sancto
2463 1543 2518 1587 et
2553 1532 2716 1586 Maria
2745 1545 2956 1601 semper
2986 1529 3132 1602 [Vox
3174 1544 3389 1598 semper
3411 1531 3469 1583 in

227 1625 388 1688 visus.
416 1623 510 1679 sed
538 1630 680 1678 lotus
701 1621 758 1676 in
785 1621 1037 1676 omnibus
1063 1635 1169 1676 non
1201 1620 1463 1685 localiter.
1486 1620 1581 1675 sed
1600 1628 1793 1688 poten-
1894 1625 2154 1697 aliquibus
2179 1624 2331 1679 editis
2355 1621 2633 1694 omittitur]
2656 1620 2886 1692 virgine,
2918 1621 3051 1675 duas
3069 1618 3353 1675 habentem
3380 1634 3473 1673 na-

228 1715 443 1768 tialiter.
498 1711 593 1780 Qui
648 1712 770 1767 sine
824 1710 1312 1767 communicatione
1365 1709 1472 1774 sui,
1520 1707 1792 1762 mutabilia

1929 1721 2155 1784 ivitates,
2186 1731 2347 1772 unam
2371 1731 2437 1770 ex
2463 1714 2622 1768 Patre
2642 1720 2919 1777 aeternam,
2953 1710 3178 1767 alteram
3204 1725 3270 1766 ex
3297 1718 3472 1766 matre

229 1803 427 1859 creavit
454 1812 506 1857 et
527 1810 708 1857 creata
732 1801 1018 1872 gubernat,
1045 1813 1258 1869 semper
1277 1814 1500 1854 manens
1522 1799 1663 1868 quod
1689 1806 1791 1853 est.
1897 1810 2273 1882 temporalem;
2309 1807 2400 1875 qui
2432 1804 2592 1859 etiam
2625 1802 2810 1857 .Filius
2840 1801 2935 1858 Dei
2961 1817 3072 1857 sua:
3101 1801 3281 1857 carnis
3332 1816 3466 1855 con-

228 1895 317 1948 Cui
345 1892 477 1947 nihil
504 1892 760 1948 accidens
805 1905 929 1946 esse
960 1891 1178 1960 poterit,
1204 1890 1330 1961 quia
1356 1889 1587 1960 simplici
1607 1889 1798 1944 divini—

1929 1901 2143 1971 eptione
2161 1907 2453 1966 conceptus
2478 1903 2581 1960 est,
2619 1901 2674 1950 et
2698 1909 2809 1948 sua:
2849 1894 3027 1949 carnis
3063 1893 3344 1948 nativitate
3372 1909 3472 1947 na-

233 1986 346 2039 ιῖίῑίε
377 1994 584 2038 “illum
609 1983 682 2037 ηίι
711 1983 860 2047 addi»
887 1980 975 2037 νει
1015 1981 1186 2036 mimi
1215 1989 1410 2052 Ροῐθεῐν
1438 1981 1562 2050 (ιιιῖει
1589 1993 1800 2049 θεωρεῖ
1896 2001 1986 2047 tus
2010 1999 2112 2046 est.
2145 1989 2312 2044 Deum
2343 2003 2470 2042 vero
2501 1985 2635 2059 [Al.,
2660 1983 2870 2058 verum]
2893 1985 3213 2041 conﬁtemur
3242 1999 3474 2054 concep-

231 2077 471 2146 estquod
499 2085 603 2141 est,
628 2077 714 2130 cui
740 2076 1018 2146 proprium
1050 2084 1154 2140 est,
1173 2076 1261 2130 cui
1284 2075 1668 2144 sempiternum
1693 2079 1800 2137 est,

233 2169 307 2223 cui
343 2169 494 2223 idem
517 2177 623 2231 est,
646 2183 782 2232 esse,
807 2167 1012 2232 vivere,
1031 2173 1087 2222 et
1114 2167 1433 2237 intelligere.
1456 2166 1523 2219 Et
1558 2166 1674 2220 haec
1699 2164 1802 2218 tria

235 2272 370 2311 unus
397 2256 563 2319 Deus,
599 2265 654 2309 et
699 2271 832 2310 unus
879 2255 1022 2311 Deus
1067 2257 1183 2311 haec
1227 2257 1360 2320 tria;
1393 2255 1533 2309 idem
1571 2253 1715 2309 Deus
1749 2262 1805 2308 et

235 2346 492 2401 Dominus
514 2344 645 2416 [Με.
670 2345 1045 2401 Sana-Germ.
1075 2360 1094 2399 :
1117 2347 1184 2402 Et
1212 2347 1330 2402 huic
1359 2346 1463 2400 tria
1495 2361 1635 2400 unus
1663 2345 1806 2400 Deus

238 2448 286 2492 et
311 2454 448 2492 unus
475 2437 765 2502 Dominus;
798 2437 914 2492 haec
957 2437 1061 2491 tria
1093 2437 1231 2492 idem
1261 2435 1404 2491 Deus
1439 2443 1494 2491 et
1523 2435 1804 2500 Dominus,

239 2528 356 2602 etc.]
381 2543 510 2583 vera
539 2535 596 2584 et
619 2528 952 2599 sempiterna
978 2529 1215 2584 Trinitas
1235 2529 1288 2584 in
1311 2529 1578 2600 personis,
1604 2543 1730 2584 vera
1753 2536 1810 2583 et

243 2619 551 2687 sempiterna
604 2617 786 2672 unitas
837 2618 892 2672 in
923 2619 1244 2685 substantia,
1271 2619 1396 2690 quia
1444 2634 1551 2674 una
1574 2627 1660 2674 est
1685 2619 1811 2673 sub-

242 2708 427 2761 stantia
457 2705 641 2772 Pater,
681 2715 739 2761 et
784 2706 992 2772 Filius,
1033 2716 1090 2763 et
1130 2708 1361 2778 Spiritus
1405 2717 1641 2764 sanctus.
1685 2708 1812 2763 Hmc

244 2810 364 2850 vero
391 2805 576 2850 sancta
602 2795 865 2861 Trinitas,
894 2796 972 2850 nil
995 2795 1166 2865 majus
1188 2804 1270 2851 est
1295 2797 1348 2851 in
1373 2796 1548 2852 tribus
1566 2795 1814 2868 personis

246 2885 403 2940 simul
430 2887 711 2940 nominatis
730 2901 897 2955 quam
921 2887 974 2940 in
1003 2903 1109 2941 una
1137 2886 1376 2956 qualibet
1396 2901 1624 2958 persona
1646 2885 1814 2942 semel

250 2975 416 3041 dicta;
445 2977 565 3046 quia
593 2991 930 3046 unaquaeque
963 2991 1190 3047 persona
1225 2975 1381 3046 plena
1407 2985 1490 3032 est
1516 2976 1816 3032 substantia

1899 2091 2036 2148 tum,
2065 2091 2121 2138 et
2149 2081 2315 2135 Deum
2339 2093 2529 2134 verum
2566 2085 2775 2144 uatum,
2813 2079 3061 2133 eumdem
3089 2091 3275 2132 verum
3303 2076 3472 2130 Deum

1900 2180 1956 2228 et
1985 2186 2175 2226 verum
2202 2169 2496 2234 hominem,
2531 2183 2697 2222 unum
2723 2168 3022 2233 Christum,
3068 2182 3236 2222 unum
3280 2165 3478 2220 Filium

1902 2262 1997 2318 Dei
2025 2259 2381 2332 unigenitum,
2413 2258 2691 2328 proprium
2741 2266 2795 2312 et
2829 2256 3127 2326 perfectum
3182 2257 3237 2311 in
3273 2257 3484 2311 duabus

1903 2353 2136 2416 naturis,
2175 2351 2228 2404 in
2269 2351 2432 2405 unius
2482 2363 2725 2420 personae
2753 2348 3142 2418 singularitate.
3171 2348 3484 2417 lmpassibi-

1905 2444 2008 2499 lem
2040 2450 2094 2500 et
2122 2440 2457 2512 passibiletn,
2485 2438 2768 2495 mortalem
2797 2435 2924 2510 [Με.
2960 2436 3350 2502 Sana-Germ,
3401 2438 3485 2491 in-

1906 2534 2168 2590 visibilem
2187 2541 2241 2588 et
2259 2530 2592 2603 passibiliter
2613 2529 2892 2584 mortalem
2913 2528 3179 2600 mendose]
3203 2537 3364 2598 atque
3385 2528 3487 2583 im-

1907 2624 2212 2691 mortalem,
2261 2621 2579 2679 crucilixum
2628 2621 2687 2676 in
2717 2620 3028 2675 inﬁmitate
3067 2626 3275 2684 nostra,
3329 2633 3487 2674 eum-

1909 2719 2138 2788 demque
2185 2730 2400 2788 semper
2430 2715 2697 2770 viventem
2725 2712 2782 2768 in
2822 2713 3022 2767 virtute
3048 2727 3167 2768 sua.
3212 2711 3314 2780 Qui
3344 2727 3491 2767 mor-

1912 2815 2036 2862 tuus
2059 2815 2143 2861 est
2165 2804 2350 2861 carnis
2371 2819 2484 2860 sua:
2513 2813 2709 2868 morte,
2739 2811 2795 2858 et
2819 2801 3092 2874 sepultus;
3123 2810 3285 2872 atque
3311 2801 3379 2856 ab
3409 2801 3491 2855 in—

1912 2896 2066 2958 feris.
2095 2897 2349 2951 damnato
2374 2904 2429 2949 et
2451 2893 2678 2965 spoliato
2702 2893 2946 2963 principe
2973 2893 3137 2947 totius
3167 2891 3492 2960 iniquitatis,

1917 2988 2155 3053 rediens,
2183 2987 2342 3042 tertia
2370 2986 2457 3041 die
2505 2984 2824 3048 resurrexit,
2859 2991 3022 3052 atque
3046 2997 3171 3037 cum
3223 2981 3495 3050 triumpho

249 3069 306 3124 in
330 3086 406 3134 se.
435 3086 543 3126 non
579 3079 761 3125 tamen
800 3078 912 3124 tres
961 3069 1296 3134 ευῦειθηιὶω.
1346 3069 1440 3125 Sed
1483 3083 1622 3123 unus
1649 3068 1814 3133 Deus.
1843 3073 1890 3137 C
1919 3077 2103 3148 gloriae
2127 3077 2432 3132 videntibus
2453 3073 2727 3144 discipulis
2767 3072 2964 3128 caelum
3010 3069 3275 3134 ascendit,
3303 3069 3498 3122 sedens

250 3175 346 3213 una
386 3159 712 3224 substantia,
754 3175 863 3214 una
889 3159 1150 3229 potentia,
1174 3174 1280 3214 una
1321 3157 1579 3224 essentia,
1609 3174 1716 3212 una
1739 3172 1815 3212 aa-

256 3250 488 3314 ternitas,
517 3265 626 3304 una
655 3249 988 3328 magnitudo,
1035 3264 1142 3303 una
1181 3249 1394 3304 bonitas
1421 3248 1602 3313 Pater,
1643 3256 1699 3304 et
1730 3247 1820 3302 Fi-

255 3339 368 3404 lius,
391 3349 447 3395 et
473 3338 710 3409 Spiritus
751 3347 992 3395 sanctus.
1022 3338 1132 3395 Nec
1168 3339 1313 3395 aliud
1340 3347 1424 3396 est
1444 3339 1605 3395 Pater
1643 3340 1698 3396 in
1723 3355 1820 3394 na-

263 3441 361 3487 tura
389 3448 553 3504 quam
581 3431 750 3486 Filius
771 3431 854 3485 vel
886 3431 1120 3500 Spiritus
1146 3441 1392 3499 sanctus;
1433 3447 1536 3488 nec
1559 3431 1704 3487 aliud
1727 3431 1820 3486 Fi-

263 3521 371 3587 lius,
399 3531 456 3579 et
492 3523 732 3594 Spiritus
756 3529 974 3578 sanctus
1001 3538 1164 3594 quam
1204 3522 1365 3578 Pater
1386 3523 1440 3577 in
1463 3531 1678 3588 natura,
1699 3522 1820 3591 qui-

269 3613 352 3668 bus
375 3622 460 3667 est
485 3627 596 3666 una
636 3619 852 3666 natura.
882 3611 987 3668 Sed
1015 3611 1155 3666 alius
1178 3620 1264 3667 est
1287 3611 1448 3666 Pater
1473 3612 1529 3667 in
1574 3626 1826 3680 persona,

273 3700 390 3757 alius
411 3701 579 3757 Filius
604 3702 657 3756 in
681 3715 934 3771 persona,
963 3701 1100 3756 alius
1133 3699 1366 3771 Spiritus
1393 3709 1611 3758 sanctus
1632 3701 1688 3756 in
1707 3716 1831 3771 per-

276 3807 406 3848 sona.
436 3793 498 3849 In
542 3793 709 3848 Patre
744 3795 1016 3849 aeternitas
1045 3791 1173 3865 [Με.
1211 3790 1622 3858 Sana-Germ;
1649 3793 1706 3848 in
1731 3792 1832 3848 Pa-

280 3892 344 3938 tre
364 3893 545 3940 manet
573 3885 893 3958 eternitasj,
934 3886 989 3940 in
1030 3885 1166 3940 Filio
1189 3883 1493 3954 aequalitas,
1521 3884 1576 3939 in
1622 3884 1827 3956 Spiritu

277 3985 445 4030 saneto
487 3977 806 4031 mternitatis
849 3975 1277 4046 arqualitatisque
1323 3975 1607 4031 connexio.
1651 3975 1828 4031 Unum

278 4077 452 4117 omnes
493 4064 548 4117 in
578 4065 900 4129 substantia,
945 4072 1000 4119 et
1044 4066 1301 4132 essentia,
1349 4064 1754 4136 omnipotentia,
1781 4072 1836 4120 et

281 4151 490 4207 deitate.
528 4154 686 4225 739
711 4169 736 4196 ι
761 4153 914 4210 Sicut
949 4155 1091 4209 enim
1133 4157 1321 4212 eadem
1367 4165 1556 4212 sancta
1599 4157 1836 4212 Trinitas

281 4243 640 4312 inseparabilis
667 4255 749 4302 est
794 4247 848 4302 in
880 4247 1204 4312 substantia,
1233 4247 1309 4303 ita
1339 4247 1715 4318 inseparabilis
1757 4255 1843 4304 est
1873 4251 1924 4314 ι)

1919 3171 1974 3225 in
2000 3169 2220 3223 dextera
2247 3166 2446 3232 Patris,
2477 3165 2532 3220 id
2559 3172 2663 3229 est,
2693 3163 2976 3236 majestate
3019 3158 3331 3215 divinitatis.
3371 3157 3499 3213 Inde

1913 3259 2031 3330 jam
2069 3267 2328 3315 venturus
2348 3256 2594 3326 judicare
2621 3256 2772 3310 vivos
2795 3262 2852 3309 et
2873 3258 3139 3316 mortuos,
3162 3265 3322 3320 quem
3349 3247 3499 3318 impii

1922 3351 2180 3407 videbunt
2195 3349 2532 3418 judicantem
2565 3347 2618 3401 in
2643 3361 2708 3401 ea
2731 3344 2905 3401 forma
2933 3358 3039 3413 qua
3065 3339 3358 3398 cruciﬁxus
3383 3347 3497 3403 est;

1927 3460 2032 3501 non
2057 3445 2112 3499 in
2137 3459 2200 3500 ea
2227 3441 2530 3498 humilitate
2553 3455 2659 3509 qua
2681 3437 2876 3508 injuste
2891 3435 3164 3506 judicatus
3188 3441 3292 3499 est,
3323 3431 3416 3488 sed
3445 3432 3502 3485 in

1928 3552 1992 3593 ea
2036 3535 2280 3591 claritate
2308 3548 2414 3603 qua
2435 3532 2581 3604 juste
2600 3529 2943 3600 judicaturus
2967 3537 3053 3584 est
3079 3527 3356 3583 mundum.
3399 3523 3506 3581 Cu-

1920 3627 2010 3698 jus
2036 3624 2381 3701 [majestatis]
2411 3624 2547 3680 visio
2575 3633 2778 3679 :eterna
2803 3621 2908 3676 erit
2932 3620 3170 3676 omnium
3193 3624 3505 3672 sanctorum

1926 3721 2205 3778 beatitudo
2229 3727 2284 3774 et
2304 3717 2496 3788 gloria.
2523 3716 2804 3782 Gratia,et
2829 3729 2934 3786 pax
2963 3729 2997 3768 a
3023 3713 3132 3768 Deo
3159 3711 3320 3766 Patre
3342 3716 3398 3764 et
3417 3708 3508 3764 Fi-

1929 3815 2003 3870 lio
2025 3813 2141 3884 ejus
2161 3809 2286 3866 Jesu
2312 3809 2528 3868 Christo
2552 3807 2778 3862 Domino
2799 3813 2984 3861 nostro
3004 3803 3076 3859 sit
3099 3803 3202 3858 ista
3232 3799 3512 3857 conﬁtenti

1935 3904 1992 3960 in
2019 3901 2201 3958 omnia
2227 3899 2424 3956 saecula
2453 3897 2789 3953 saeculorum.

2011 4015 2098 4071 Ea:
2122 4029 2247 4068 mss.
2273 4020 2321 4066 et
2349 4009 2475 4064 edit.
2502 4005 2754 4078 [Explicit
2783 4005 2912 4058 liber
2938 4020 2998 4058 ιιι
3025 4003 3091 4058 de
3117 4010 3300 4058 sancta
3341 4000 3516 4054 Trini-

1939 4117 2076 4171 tate,
2113 4119 2272 4175 quam
2309 4100 2560 4170 excerpsit
2601 4096 2853 4153 Alcuinus
2896 4096 2962 4151 de
3002 4095 3150 4152 libris
3191 4095 3360 4150 sancti
3401 4095 3517 4148 Au-

1942 4193 2184 4270 guunt]

353 4387 380 4415 ι
409 4375 489 4429 Ex
534 4388 706 4436 sancto
728 4380 1052 4452 Augustino,
1093 4380 1162 4436 de
1211 4380 1464 4438 Doctrina
1508 4378 1838 4448 Christiana,
1874 4381 1970 4438 lib.
1999 4398 2040 4449 ι,
2075 4397 2195 4453 cap.
2229 4382 2283 4437 5.

1204 4605 1586 4668 MAGISTRI
1624 4604 1892 4667 ALBINI
1936 4604 2218 4667 FLACCI
2260 4603 2585 4666 ALCUINI

974 4749 1064 4805 DE
1100 4747 1469 4805 TRINITATE
1501 4748 1593 4804 AD
1630 4746 2074 4805 FBEDEGISUM
2111 4744 2569 4816 QUIESTIONES
2606 4743 2842 4802 XXVIII.

363 4968 818 5026 Desideratissimo
845 4965 956 5022 lilio
979 4963 1268 5036 Fredegiso
1292 4963 1515 5019 Albinus
1535 4963 1782 5020 salutem.

1961 4961 2132 5018 virilis
2155 4961 2349 5016 robore
2373 4974 2560 5015 sensus
2582 4967 2759 5015 tecum
2785 4961 2889 5016 hoc
2910 4959 3015 5030 egi,
3039 4970 3099 5017 ut
3125 4961 3373 5017 robustus
3393 4974 3532 5028 prai-

361 5060 560 5116 Placuit
595 5057 895 5131 prudentizc
936 5066 1146 5119 vestrze,
1177 5056 1250 5111 fili
1288 5054 1620 5117 charissime,
1651 5054 1859 5125 aliquas
1964 5053 2172 5108 dicatur
2209 5060 2264 5108 et
2305 5051 2680 5121 insuperabilis
2707 5052 2896 5108 doctor
2933 5052 2988 5107 in
3030 5052 3135 5108 {ide
3179 5050 3534 5107 sanctissima:

300 5167 587 5222 proponere
627 5151 759 5205 mihi
803 5149 870 5203 ad
914 5147 1196 5204 solvendas
1235 5148 1300 5201 de
1338 5146 1674 5201 sanctissima
1724 5144 1855 5217 [A!.,

1969 5145 2248 5200 Trinitatis
2275 5159 2395 5200 esse
2422 5143 2712 5210 videreris;
2749 5145 2835 5199 cui
2862 5159 2969 5198 non
3000 5143 3204 5207 deesse,
3228 5141 3382 5211 juxta
3407 5156 3538 5216 apo-

299 5241 500 5314 saneta]
529 5242 791 5296 Trinitate
815 5238 1157 5309 qutestiones,
1185 5237 1380 5308 quibus
1405 5235 1649 5291 fortassis
1670 5245 1862 5292 vestra:
1967 5237 2208 5292 stolicam
2242 5236 2600 5307 prophetiam,
2627 5234 3048 5290 contradictores
3089 5231 3216 5288 olim
3262 5232 3539 5302 prioribus

299 5349 455 5389 aures
479 5333 751 5402 sapientia:
777 5331 1078 5400 inquietare
1103 5327 1235 5402 [Al.,
1260 5326 1570 5398 inquietari]
1593 5335 1862 5396 putamus.

303 5424 408 5480 Nec
435 5424 700 5480 ullatenus
737 5419 1095 5477 eruditionem
1139 5427 1395 5484 vestram,
1429 5427 1482 5472 et
1511 5419 1564 5473 in
1604 5417 1868 5472 catholica

1971 5335 2028 5383 et
2056 5343 2197 5382 nunc
2230 5326 2428 5382 nostris
2449 5328 2732 5396 probatum
2763 5325 3022 5378 habemus
3045 5324 3411 5394 temporibus:
3443 5327 3538 5382 sed

1975 5418 2105 5473 satis
2132 5417 2357 5486 benigne
2396 5415 2652 5484 suscipio,
2688 5415 2992 5484 quicunque
3021 5412 3155 5487 [Al.,
3179 5415 3536 5488 quaecunque]

301 5515 406 5570 ﬁde
440 5515 745 5585 puritatem,
775 5511 958 5567 minus
992 5509 1192 5580 aliquid
1233 5511 1285 5566 in
1317 5511 1512 5567 talibus
1547 5509 1872 5566 intellexisse
1976 5516 2078 5573 est,
2106 5509 2171 5564 (lc
2197 5506 2500 5578 hujusmodi
2543 5504 2703 5561 rebus
2743 5505 3124 5576 interrogantis
3168 5507 3541 5573 devotionem,

301 5619 450 5673 reor,
473 5605 596 5661 dum
630 5603 862 5661 maxime
885 5601 1064 5658 divina
1087 5611 1343 5672 operante
1363 5602 1533 5673 gratia
1565 5603 1632 5657 ah
1659 5601 1875 5656 ineunte

1982 5608 2035 5654 at
2079 5599 2245 5670 magis
2264 5597 2430 5655 laudo
2458 5596 2596 5652 hanc
2625 5593 2759 5669 HL,
2795 5595 2932 5670 hmo]
2961 5597 3306 5668 praedicautis
3334 5597 3542 5654 instan-
