3906 6186
398 267 469 325 59
1236 263 1298 319 Β.
1339 264 1403 322 r.
1441 266 1672 327 suum
1713 267 1984 343 sensu

2094 269 2162 327 Ni
2198 269 2487 329 OPERUM
2524 272 2704 371 PARS
2734 272 2827 333 ili.
3600 276 3684 335 {60

395 382 549 445 tiam,
579 378 705 451 quia
744 393 934 455 parum
960 377 1181 448 prodest
1211 379 1453 439 discendi
1483 380 1720 447 devotio,
1748 382 1866 439 siue
1893 382 1988 439 de,
2017 386 2064 445 Α
2090 380 2576 481 ilius,‘relationis
2594 386 2778 457 regula
2799 395 3016 481 tenetur
3034 387 3169 460 HL,
3186 388 3383 459 regula:
3402 391 3681 467 tenentur]

396 471 554 527 condi
576 469 781 538 studio,
798 470 953 547 juxta
975 471 1297 533 sententiam
1322 470 1662 532 Salomonis:
1691 472 1988 533 Thesaurus

395 561 594 616 invisus
615 570 663 617 et
684 563 941 632 sapientia
963 561 1291 629 abscondita,
1316 580 1434 637 qua?
1461 562 1659 625 utilitas
1680 566 1735 623 in
1760 568 1990 639 utrisque

399 650 592 723 (Eccli.
619 669 731 718 xu,
762 652 889 724 i7)?
915 652 1180 721 Quocirca
1208 661 1320 713 tota
1349 654 1507 718 debet
1543 671 1662 711 esse
1695 672 1824 717 cura
1851 658 1990 723 bene

397 742 712 819 intelligenti
748 743 800 796 in
832 742 1094 807 docendo.
1123 758 1191 803 ne
1214 742 1414 801 frustra
1443 744 1653 805 laboret
1678 744 1810 825 [Αι.,
1841 746 1991 807 labo-

397 832 571 910 raret]
610 833 664 891 in
693 833 988 893 discendo:
1014 834 1141 903 quia
1184 833 1325 895 sicut
1356 834 1408 895 in
1449 834 1716 908 PrOpbeta
1750 837 1985 908 legitur:

401 922 508 989 Qui
546 922 738 977 multos
768 924 1035 991 erudiunt,
1063 925 1198 981 sicut
1239 924 1632 994 ﬁrmamentum
1662 929 1713 985 in
1739 939 1989 1000 perpetua

392 1012 669 1086 fulgebunt
696 1012 936 1068 claritate
964 1013 1127 1087 (Dan.
1153 1030 1253 1082 xu,
1277 1013 1355 1086 5).
1754 1104 1759 1109 Ξ

470 1103 824 1179 Interrogatio
858 1106 905 1164 l.
936 1105 1217 1177 Quomodo
1253 1107 1397 1169 Deus
1434 1123 1561 1171 vere
1596 1110 1666 1169 sit
1698 1104 1904 1177 Unitas,
1934 1121 1990 1175 et

396 1209 526 1251 vere
553 1194 1072 1268 Trinitas?—Resp.
1099 1194 1291 1261 Umlas
1315 1200 1370 1259 in
1399 1202 1720 1269 substantia,
1750 1204 1988 1271 Trinitas

396 1283 455 1338 in
485 1283 754 1354 personis.
1546 1354 1551 1359 _

470 1387 495 1416 α
521 1374 691 1431 Inter.
725 1377 779 1436 2.
815 1375 953 1453 Quid
983 1378 1055 1441 sit
1086 1383 1369 1455 proprium
1412 1385 1836 1465 uniuscujusque
1864 1406 1989 1468 perv

395 1482 543 1524 sonte
572 1468 625 1523 in
657 1476 843 1527 sancta
875 1470 1173 1535 Trinitate?
1190 1505 1262 1514 —-
1279 1475 1432 1547 Resp.
1460 1477 1744 1553 Prortrium
1774 1493 1859 1538 est
1885 1484 1988 1541 Pan

397 1560 517 1628 tris,
547 1562 692 1633 quod
718 1561 866 1625 solus
906 1573 990 1623 est
1019 1564 1210 1634 Pater;
1243 1576 1298 1627 et
1333 1571 1475 1640 quod
1514 1572 1582 1631 ab
1609 1574 1717 1633 alio
1755 1591 1864 1632 non
1904 1585 1988 1639 est

397 1652 561 1729 750
585 1654 689 1713 nisi
717 1671 747 1713 a
778 1671 856 1717 se.
884 1656 1169 1728 Proprium
1200 1670 1284 1720 est
1309 1661 1452 1728 Filii,
1478 1664 1622 1734 quod
1646 1681 1678 1720 a
1704 1664 1867 1725 Patre
1892 1681 1985 1736 ge.

2094 490 2149 535 ιιι
2177 490 2261 533 00.

2164 565 2333 627 Inter.
2361 568 2413 629 9.
2441 567 2622 637 Quare
2658 570 2921 639 aequalem
2959 586 3065 635 non
3101 570 3266 628 habet
3291 572 3573 629 relationis
3597 591 3684 632 re-

2088 656 2271 727 gulam
2293 656 2529 728 Spiritus
2546 670 2786 725 unctus,
2811 662 2953 721 sicut
2970 662 3133 719 Pater
3151 672 3208 717 et
3227 663 3397 719 Filius
3410 665 3680 740 ἒβη-τηειρ.

2092 748 2229 821 Quia
2263 751 2601 813 circumferri
2629 762 2809 825 potest
2836 755 3019 817 Patris
3041 766 3098 812 et
3128 755 3250 812 Filii
3278 773 3477 815 nomen
3500 762 3570 816 ad
3596 763 3682 817 in-

2089 842 2285 909 vicem,
2310 851 2371 899 ut
2394 844 2443 907 si
2470 843 2736 912 dicamus,
2763 847 2929 904 Pater
2952 848 3076 903 Filii
3106 848 3284 915 Pater,
3308 860 3365 906 et
3387 850 3555 909 Filius
3576 854 3683 909 Pa-

2089 932 2191 991 tris
2228 932 2427 1000 Filius.
2465 951 2574 997 non
2618 937 2693 998 ita
2734 938 2932 1009 duplex
2974 938 3252 996 relationis
3290 942 3680 1002 circumversio

2092 1022 2227 1097 [Αι.,
2254 1026 2590 1098 duplicem...
2619 1030 3155 1105 circumvemionem]
3182 1033 3236 1087 in
3263 1036 3484 1094 nomine
3505 1038 3682 1094 sancti

2092 1115 2329 1186 Spiritus
2354 1119 2587 1179 inveniri
2617 1129 2813 1191 potest.

2161 1206 2330 1269 Inter.
2359 1210 2444 1269 10.
2475 1209 2590 1285 Qua
2621 1214 2947 1276 necessitate
2989 1215 3189 1270 accidit
3221 1225 3284 1271 ut
3320 1218 3398 1272 ita
3431 1235 3537 1275 non
3568 1221 3682 1277 eir-

2089 1298 2350 1361 cumferri
2374 1303 2547 1371 possit
2568 1302 2802 1373 Spiritus
2823 1308 2999 1361 sancti
3019 1306 3489 1382 relatioi—Resp.
3511 1310 3685 1370 Recte

2089 1387 2270 1451 dicere
2309 1404 2599 1459 possumus
2631 1391 2893 1464 Spiritum
2938 1406 3188 1455 sanctum
3231 1396 3411 1454 Patris
3455 1409 3511 1456 et
3558 1400 3684 1459 Filii

2088 1476 2372 1548 Spiritum.
2399 1482 2496 1542 sed
2525 1496 2790 1539 converso
2816 1486 3007 1543 ordine
3032 1501 3141 1543 non
3176 1503 3465 1559 possumus
3497 1492 3683 1552 dicere

2088 1564 2306 1629 Patrem
2351 1568 2588 1639 Spiritus
2616 1576 2815 1642 sancti,
2842 1577 2986 1635 sicut
3025 1576 3255 1635 dicimus
3281 1579 3498 1637 Patrem
3533 1583 3678 1651 Filii,

2088 1671 2159 1719 ne
2198 1658 2307 1718 duo
2336 1659 2460 1723 Filii
2499 1661 2555 1723 in
2584 1673 2777 1722 sancta
2804 1666 3070 1725 Trinitate
3096 1671 3512 1729 aestimarentur.
3544 1674 3677 1732 item

394 1743 544 1799 nitus
566 1752 667 1809 est,
699 1744 846 1809 solus
874 1764 902 1805 a
931 1746 1064 1815 solo.
1094 1761 1397 1811 comternus
1425 1763 1480 1811 et
1507 1756 1986 1819 consubstantialis
2016 1759 2063 1825 Β
2089 1761 2197 1807 1101³
2242 1763 2530 1818 Ροδβιιωυδ
2567 1753 2750 1812 dicem
2794 1754 2992 1814 Filium
3031 1760 3266 1830 δρίΐίίιιε
3311 1765 3505 1831 sane“.
3539 1766 3682 1823 ϐίοιη

394 1832 626 1903 genitori
664 1832 953 1913 Proprium
973 1848 1056 1897 est
1080 1839 1315 1921 Spiritus
1337 1845 1534 1913 sancti,
1556 1846 1699 1914 quod
1717 1863 1825 1905 non
1848 1847 1980 1921 [Al.,

391 1925 520 2000 nec]
568 1930 858 2001 ingenitus,
884 1949 985 1993 nec
1015 1938 1229 2014 genitus
1253 1947 1361 2008 est,
1386 1939 1482 1996 sed
1500 1957 1542 2002 .a
1572 1941 1732 2007 Patre
1758 1954 1813 2006 et
1846 1944 1985 2001 Filio

395 2020 677 2091 aequaliter
704 2026 1025 2096 procedens.

466 2109 635 2169 Inter.
650 2115 703 2168 5.
725 2114 904 2190 Quare
922 2117 1159 2188 Spiritus
1184 2131 1405 2181 sanctus
1432 2123 1705 2196 ingenitus
1724 2127 1807 2187 vel
1831 2129 1985 2199 genia

393 2208 483 2255 tus
503 2218 609 2261 non
633 2205 739 2265 dici
763 2207 1181 2283 debet?——Resp.
1197 2211 1334 2280 Quia
1356 2215 1401 2268 si
1424 2216 1694 2286 ingenitus
1714 2218 1989 2281 diceretur

393 2291 535 2347 sicut
554 2292 737 2362 Pater,
752 2295 858 2357 duo
878 2298 1100 2365 Patres;
1126 2303 1169 2359 si
1194 2303 1432 2379 genitus,
1457 2306 1563 2363 duo
1582 2307 1705 2369 Filii
1725 2309 1983 2372 mstimarl

398 2393 622 2452 possent
648 2387 702 2441 in
730 2398 918 2450 sancta
948 2391 1232 2451 Trinitate.

463 2496 632 2557 Inter.
654 2500 711 2555 4.
742 2500 937 2562 Utrum
976 2504 1124 2565 auius
1155 2506 1335 2571 Pater,
1366 2517 1463 2567 aut
1490 2510 1638 2565 solus
1670 2511 1860 2579 Filius,
1890 2524 1985 2572 aut

396 2589 546 2651 solus
575 2590 811 2661 Spiritus
838 2602 1058 2654 sanans
1086 2612 1184 2666 per
1210 2613 1271 2654 se
1310 2600 1507 2669 plenus
1536 2603 1679 2662 Deus
1717 2612 1772 2660 et
1810 2607 1987 2677 perfe-

394 2689 516 2740 ctus
560 2680 668 2746 dici
711 2680 1030 2746 debeat‘lw-
1052 2685 1208 2758 Resp.
1251 2689 1450 2761 Utique
1488 2691 1652 2749 Pater
1684 2709 1782 2765 per
1808 2711 1867 2751 se
1903 2706 1989 2753 est

389 2770 590 2841 plenus
618 2772 782 2839 Deus,
809 2775 1064 2835 similiter
1083 2785 1139 2834 et
1170 2779 1340 2834 Filius
1364 2782 1554 2852 plenus
1590 2784 1734 2841 Deus
1756 2787 1803 2841 si
1840 2789 1990 2845 solus

399 2862 732 2932 nemiuetur,
775 2872 831 2925 et
881 2865 1123 2938 Spiritus
1169 2880 1391 2927 sanctus
1425 2873 1621 2943 plenus
1673 2876 1818 2934 Deus
1861 2893 1987 2934 ores

397 2954 563 3016 ditur.
836 2990 837 2993 η
1424 2992 1427 2993 ν

465 3043 636 3105 Inter.
659 3048 714 3109 ὕ.
740 3048 799 3111 Si
825 3067 1161 3124 unaquaeque
1180 3070 1413 3125 persona
1436 3073 1533 3129 per
1554 3075 1611 3116 se
1628 3061 1822 3132 plenus
1841 3063 1983 3121 Deus

2088 1835 2318 1897 dicimus
2352 1839 2552 1901 Filium
2583 1841 2784 1910 Patris.
2813 1862 2883 1905 ne
2905 1848 3013 1903 duo
3040 1849 3231 1910 Patres
3258 1854 3314 1908 in
3348 1864 3537 1912 sancta
3561 1856 3682 1915 Tri-

2087 1928 2661 2012 nitate‘intelligantur,
2684 1936 2925 2001 Dicimus
2945 1940 3130 2012 itaque
3148 1942 3412 2014 Spiritum
3432 1955 3680 2006 sanctum

2085 2009 2266 2083 Patris
2302 2031 2358 2083 et
2385 2022 2532 2089 Filii,
2560 2027 2677 2091 sine
2718 2009 3149 2101 reciprocatione
3186 2009 3557 2096 conversionis
3583 2057 3682 2097 no-

2087 2109 2294 2177 minum
2320 2113 2697 2176 relativorum.

2156 2202 2324 2263 Inter.
2356 2206 2443 2261 ii.
2480 2208 2674 2269 Utrum
2714 2213 3099 2285 inseparabilis
3136 2220 3245 2275 sint
3281 2236 3448 2293 opera
3477 2232 3680 2280 sancte

2088 2290 2411 2355 Trinitatis?
2430 2325 2499 2343 -‹
2527 2298 2685 2370 Resp.
2715 2302 2912 2375 Utique
2940 2308 3200 2378 quidquid
3224 2290 3369 2368 Deus
3396 2325 3677 2384 operatur,

2086 2388 2263 2445 totum
2310 2396 2497 2446 sancta
2553 2388 2792 2447 Trinitas
2840 2395 3301 2474 inseparabiliter;
3319 2402 3439 2457 haec
3485 2405 3678 2460 eadem

2085 2483 2348 2544 cperatur
2396 2492 2599 2547 Opera;
2650 2482 2775 2551 quia
2828 2500 2933 2540 una
2985 2495 3069 2542 ost
3124 2498 3325 2546 sancire
3387 2492 3676 2552 Trinitatis

2086 2566 2351 2634 operatio.
2378 2568 2517 2629 sicut
2550 2586 2659 2629 una
2690 2580 2778 2628 est
2813 2574 3148 2646 substantia,
3180 2583 3450 2653 essentia,
3486 2594 3544 2644 et
3579 2602 3678 2643 vo-

2085 2656 2288 2717 luntas.

2156 2748 2324 2811 Inter.
2352 2750 2439 2811 12.
2472 2751 2668 2810 Utrum
2712 2767 2900 2813 sancta
2949 2758 3188 2817 Trinitas
3215 2763 3269 2817 in
3299 2767 3551 2835 personis
3581 2782 3673 2825 sc-

2084 2843 2347 2912 parahilis
2367 2844 2452 2900 vel
2480 2847 2859 2918 inseparabilis
2888 2850 3115 2907 dicenda
3144 2855 3235 2925 sit,
3266 2856 3394 2911 dum
3424 2857 3562 2923 alius
3588 2870 3678 2919 est

2086 2934 2267 3002 Pater,
2296 2937 2439 2994 alius
2461 2939 2654 3005 Filius,
2691 2942 2830 2999 allus
2870 2943 3106 3015 Spiritus
3148 2951 3491 3005 sanctus?—
3516 2952 3673 3027 Resp.

2089 3027 2230 3084 Vere
2254 3029 2395 3087 alius
2428 3040 2513 3087 est
2550 3032 2714 3090 Pater
2751 3052 2915 3106 quam
2957 3037 3125 3096 Filius
3161 3041 3217 3096 in
3243 3057 3499 3113 persona,
3535 3048 3677 3105 sicut

396 3136 503 3199 dici
530 3146 741 3208 potest,
767 3119 1214 3212 quare-nonne}.
1239 3145 1379 3209 Deos
1402 3119 1648 3207 dicimus
1662 3151 1902 3220 Patrem,
1928 3119 1984 3210 et
2012 3122 2057 3187 ο
2086 3119 2256 3183 Enim
2293 3123 2434 3220 aut}?
2467 3133 2553 3182 ea
2580 3127 2651 3220 in-
2674 3138 2904 3197 persona
2947 3148 3110 3202 quam
3137 3132 3317 3202 Pater’
3354 3146 3411 3193 et
3439 3137 3677 3215 Spimus

394 3227 611 3297 Filium.
639 3240 693 3291 et
718 3229 978 3301 Spiritum
1006 3239 1540 3312 “ndomita—Resp.
1565 3242 1705 3310 Quia
1730 3259 1836 3300 una
1862 3248 1986 3303 sub-

393 3321 595 3383 stantia
619 3331 708 3380 est
735 3324 916 3389 Pater,
944 3334 1000 3381 et
1027 3326 1217 3394 Filius,
1254 3339 1308 3385 et
1346 3330 1580 3401 Spiritus
1608 3343 1847 3403 sanctus,
1875 3354 1984 3393 non

395 3420 508 3471 tres
532 3414 867 3471 substantiae.
900 3417 1134 3474 Proinde
1156 3421 1337 3477 unitas
1367 3424 1684 3481 substantia:
1706 3436 1817 3485 tres
1844 3428 1984 3486 Deos

394 3501 649 3569 prohibet
671 3501 852 3563 dicere
879 3504 965 3561 vel
990 3506 1233 3569 credere.

468 3608 635 3666 Inter.
669 3611 721 3667 ϐ.
753 3614 888 3669 Dum
934 3625 1047 3672 tres
1085 3632 1345 3689 personas
1392 3621 1620 3681 dicimus
1663 3626 1900 3694 Patrem,
1930 3626 1985 3693 et

398 3696 617 3768 Filium,
646 3712 702 3758 et
734 3704 994 3775 Spiritum
1026 3717 1298 3777 sanetum,
1326 3728 1493 3791 quare
1531 3732 1639 3772 non
1669 3726 1780 3775 tres
1819 3719 1981 3795 Deos,

394 3808 498 3851 nec
534 3802 648 3852 tres
692 3798 1111 3869 omnipotentes,
1152 3817 1255 3859 nec
1290 3812 1404 3861 tres
1449 3823 1691 3881 magnos,
1724 3828 1823 3869 nec
1870 3821 1984 3879 tres

395 3882 568 3941 bonos
592 3885 774 3942 dicere
802 3886 887 3944 fas
912 3891 1282 3964 est?—-Resp.
1315 3894 1452 3962 Quia
1478 3894 1622 3955 Deus
1648 3909 1701 3955 et
1739 3903 1985 3972 omnipo-

394 3984 537 4043 tens,
565 3985 623 4034 et
650 3994 894 4050 magnus,
927 3991 983 4037 et
1012 3984 1209 4052 bonus,
1236 3993 1289 4041 et
1318 3996 1569 4054 reternus,
1603 3994 1982 4051 substantialis

394 4068 616 4127 nomina
644 4079 793 4138 sunt.
834 4081 892 4133 et
922 4074 990 4133 ad
1031 4091 1092 4132 se
1118 4077 1411 4143 dicuntur:
1445 4080 1566 4137 ideo
1606 4098 1715 4138 non
1762 4084 1891 4141 licet
1919 4103 1985 4142 ea

381 4156 586 4229 plurali
626 4176 856 4225 numero
887 4164 1086 4231 dicere,
1125 4168 1220 4224 sed
1254 4169 1544 4242 singulari;
1584 4184 1637 4230 et
1684 4188 1853 4237 omne
1881 4195 1984 4234 no.

384 4263 544 4316 anen,
567 4253 709 4321 quod
736 4254 1093 4311 substantiam
1123 4257 1217 4314 Dei
1248 4262 1332 4316 vel
1371 4267 1665 4322 essentiam
1690 4269 1981 4340 significat,

380 4353 613 4410 semper
639 4341 901 4412 singulari
929 4361 1154 4401 numero
1180 4350 1563 4418 proferendum
1592 4365 1694 4411 est.
1723 4359 1906 4427 Pater,
1930 4371 1987 4417 et

380 4430 585 4496 Filius,
612 4439 668 4487 et
693 4430 929 4503 Spiritus
967 4443 1208 4503 sanctus,
1237 4440 1462 4495 relativa
1503 4452 1628 4500 sunt
1663 4450 1906 4517 nomina,
1929 4460 1985 4506 et

392 4522 511 4578 .deo
534 4530 649 4580 tres
674 4539 923 4601 personae
952 4535 1101 4584 recte
1126 4529 1403 4593 dicuntur.

461 4631 628 4689 Inter.
659 4636 711 4690 7.
747 4638 1028 4706 Quomodo
1077 4642 1300 4700 relativo
1319 4646 1342 4699 ?
1363 4676 1441 4691 ——-
1470 4646 1625 4724 Resp.
1671 4652 1981 4720 Secundum

380 4721 733 4781 dialecticam
764 4730 990 4786 relativa
1029 4735 1246 4790 nomina
1275 4746 1420 4803 sunt,
1463 4721 1583 4817 quae
1609 4744 1678 4799 ad
1705 4745 1853 4803 aliud
1882 4750 1981 4813 ali-

381 4814 523 4884 quid
566 4814 893 4886 referuntur,
923 4823 1064 4879 sicut
1092 4825 1360 4884 dominus
1394 4814 1735 4904 adservum,
1763 4845 1818 4894 et
1862 4856 1980 4897 scr-

384 4919 490 4960 vus
517 4904 586 4960 ad
613 4905 889 4965 dominum
910 4951 925 4976 ,
963 4922 1122 4983 pater
1158 4918 1227 4972 ad
1257 4917 1460 4987 filium,
1500 4932 1556 4979 et
1586 4923 1728 4983 ﬁlius
1769 4930 1839 4984 ad
1878 4946 1978 5003 pa-

380 5005 551 5094 trem.
576 4996 806 5061 Prorsus
827 5016 953 5063 cum
977 5002 1099 5064 dico
1123 5006 1312 5077 Pater,
1342 5012 1543 5071 Filium
1572 5015 1777 5092 [simul]
1804 4996 1976 5094 signia

390 5082 520 5163 ilco,
560 5091 686 5163 quia
716 5109 823 5155 non
854 5103 938 5157 est
964 5093 1126 5153 Pater
1158 5099 1264 5155 nisi
1313 5102 1482 5161 Filius
1523 5082 1593 5167 sii
1640 5111 1726 5168 cui
1758 5082 1977 5169 iura-

384 5189 493 5234 ser.
533 5180 669 5245 Item
712 5200 822 5249 non
862 5193 943 5251 est
978 5185 1151 5249 Filius
1196 5191 1300 5250 nisi
1343 5194 1416 5257 sit
1451 5195 1614 5261 Pater
1652 5200 1740 5261 cui
1768 5204 1843 5259 sit
1882 5205 1977 5261 Fi—

383 5271 520 5331 lius.

462 5364 628 5424 Inter.
659 5368 713 5431 8.
740 5373 935 5437 Utrum
961 5374 1195 5450 Spiritus
1225 5388 1449 5439 sanctus
1479 5382 1705 5443 relative
1724 5388 1811 5444 vel
1852 5392 1981 5446 sub-

384 5457 723 5521 stantialiter
748 5464 997 5521 dicatur?
1019 5499 1089 5519 ς-τν
1124 5468 1276 5548 Resp.
1315 5472 1513 5544 Utique
1559 5477 1814 5542 relative.
1853 5484 1978 5552 quis

385 5548 631 5625 Spiritus
658 5554 885 5625 alicujus
918 5557 1154 5635 Spiritus
1176 5574 1280 5630 est,
1308 5565 1402 5627 sed
1442 5582 1548 5627 non
1575 5570 1716 5633 sicut
1742 5548 1905 5632 Pater
1925 5586 1981 5634 ct

454 5698 491 5729 ιι
524 5684 729 5745 ineas
754 5689 1082 5763 Paris.,cap.
1108 5697 1196 5752 89.

2086 3222 2307 3269 sanctus
2346 3214 2487 3270 alius
2526 3217 2693 3272 estin
2720 3233 2954 3287 persona
2995 3237 3157 3292 quam
3187 3224 3349 3282 Pater
3392 3238 3447 3284 et
3483 3214 3674 3293 Filius.

2083 3299 2201 3356 Non
2222 3309 2403 3360 tamen
2430 3303 2574 3361 aliud
2597 3306 2704 3372 ille,
2731 3308 2816 3362 vel
2840 3309 2929 3364 ille
2951 3311 3004 3365 in
3028 3321 3240 3379 natura,
3260 3315 3344 3372 vel
3366 3315 3420 3375 in
3446 3318 3674 3387 deitatc,

2085 3401 2181 3447 aut
2205 3394 2261 3448 in
2288 3397 2547 3450 essentia.
2586 3395 2698 3452 Nec
2735 3400 2878 3455 enim
2909 3401 3123 3459 Patrem
3153 3414 3308 3475 potes
3337 3409 3539 3477 dicere,
3566 3413 3676 3477 nisi

2083 3483 2282 3540 Filium
2334 3484 2636 3556 intelligas;
2683 3503 2783 3543 nec
2828 3489 3025 3546 Filium
3064 3494 3265 3563 dicere,
3309 3498 3412 3563 nisi
3459 3499 3677 3565 Patrem

2086 3572 2382 3644 intelligas;
2406 3589 2507 3630 nec
2529 3574 2792 3646 Spiritum
2818 3589 3085 3648 sanctum,
3109 3585 3215 3639 nisi
3236 3587 3500 3661 intelligas
3522 3593 3676 3669 cujus

2087 3663 2323 3735 Spiritus
2368 3665 2456 3720 sit.
2500 3666 2766 3733 Quocirca
2810 3672 3122 3729 omnimodo
3166 3673 3546 3748 inseparabilis
3588 3663 3675 3743 est

2083 3762 2274 3817 sancta
2301 3753 2539 3811 Trinitas
2561 3757 2703 3813 sicut
2726 3759 2781 3814 in
2810 3763 3086 3839 operibus,
3114 3765 3192 3821 sic
3216 3767 3380 3831 etiam
3408 3770 3461 3833 in
3490 3787 3670 3842 perso-

2084 3841 2171 3897 nis
2193 3842 2440 3904 dicenda.

2155 3949 2312 4023 75],
2339 3950 2505 4007 Inter.
2534 3954 2715 4011 15.Αο
2745 3956 2876 4030 [ΑΙ.,
2904 3959 2985 4039 Si]
3009 3962 3077 4016 ad
3099 3963 3268 4025 solam
3292 3965 3472 4029 Patris
3494 3986 3685 4041 per-so.

2084 4057 2213 4096 nam
2223 4045 2512 4115 pertineat,
2535 4047 2625 4103 ubi
2642 4047 2772 4121 [Al.,
2797 4051 2965 4133 quod]
2980 4056 3178 4119 dicitur
3201 4077 3213 4113 :
3241 4057 3345 4126 Qui
3360 4061 3489 4131 facit
3516 4068 3685 4127 mira-

2084 4131 2211 4186 bilia
2240 4150 2433 4205 magna
2455 4136 2597 4192 solus
2624 4138 2794 4211 (Psal.
2816 4131 2966 4216 Lxxt,
2989 4146 3099 4218 18).
3126 4148 3191 4209 Et
3212 4148 3503 4221 Apostolus
3527 4173 3541 4209 :
3569 4157 3677 4229 Qui

2082 4221 2226 4278 solus
2246 4224 2398 4279 habet
2440 4227 2889 4288 immortalitatem
2922 4235 2975 4306 (1
3004 4235 3137 4293 Tim.
3165 4255 3251 4311 γι,
3282 4241 3404 4315 i6)?
3424 4221 3674 4322 —Be;p.

2084 4313 2401 4375 Nullatenus
2412 4320 2480 4375 ad
2492 4321 2663 4378 solam
2676 4323 2856 4382 Patris
2869 4343 3155 4399 personam
3170 4313 3426 4405 pertinet,
3451 4338 3576 4393 dum
3594 4313 3675 4396 di-

2084 4408 2230 4469 citur
2258 4411 2407 4473 solus
2440 4413 2603 4481 Deus.
2632 4418 2747 4477 sive
2775 4421 2833 4477 in
2863 4421 3032 4489 Novo,
3057 4422 3175 4485 sive
3196 4427 3249 4481 in
3274 4428 3455 4485 Veteri
3487 4431 3681 4489 Testa-

2010 4515 2057 4581 υ
2086 4509 2289 4567 mento,
2316 4511 2371 4557 et
2395 4506 2539 4576 quod
2562 4505 2705 4570 Deus
2728 4508 2877 4568 solus
2899 4513 3016 4568 sive
3037 4515 3142 4572 hoc
3161 4516 3276 4573 sive
3300 4519 3430 4576 illud
3453 4522 3674 4592 habeat,

2083 4588 2168 4643 vel
2215 4588 2409 4656 faciat;
2443 4592 2538 4646 sed
2569 4594 2637 4648 ad
2678 4603 2844 4657 totam
2878 4610 3123 4656 sanctam
3166 4603 3520 4674 Trinitatem,
3551 4588 3673 4681 qua:

2078 4686 2165 4733 est
2190 4695 2331 4735 unus
2355 4679 2499 4737 Deus
2525 4687 2886 4757 omnipotens,
2914 4693 3096 4747 omnia
3122 4691 3349 4763 iaciens,
3390 4715 3511 4769 quae
3546 4679 3671 4759 sunt

2081 4772 2137 4829 in
2165 4772 2304 4837 omlo
2330 4781 2384 4837 et
2408 4775 2467 4830 in
2490 4783 2658 4839 tem.

2150 4864 2317 4921 Inter.
2364 4866 2447 4921 ιι.
2496 4867 2777 4936 Quomodo
2822 4872 3014 4933 beatus
3056 4873 3295 4937 Joannes
3337 4884 3670 4955 evangelista

2080 4955 2210 5011 dicit
2234 4976 2247 5012 :
2274 4957 2440 5021 Deum
2466 4976 2615 5017 nemo
2640 4962 2765 5018 vidit
2787 4981 3018 5037 unquam
3048 4968 3231 5040 (Joan.
3254 4989 3296 5040 ι,
3325 4972 3446 5048 i8);
3476 4986 3531 5035 et
3556 4978 3673 5050 ipse

2079 5046 2338 5104 Dominus
2366 5050 2419 5105 in
2459 5050 2565 5108 alio
2592 5052 2670 5109 ait
2710 5054 2830 5111 loco
2855 5074 2868 5110 :
2898 5057 3048 5115 Beati
3093 5064 3290 5119 munda
3319 5046 3499 5139 corde,
3531 5046 3669 5138 ano-

2080 5137 2222 5192 niam
2251 5141 2352 5213 ipsi
2395 5140 2565 5197 Deum
2594 5144 2833 5201 videbunt
2859 5147 3074 5219 (Matth.
3101 5166 3157 5218 v,
3182 5153 3271 5225 8);
3300 5166 3356 5213 et.
3377 5137 3671 5229 Apostolus

2079 5227 2406 5291 invisibilcm
2444 5233 2615 5290 Deum
2652 5236 2784 5292 dicit
2828 5238 2881 5311 (ι
2915 5240 3052 5302 Tim.
3077 5261 3119 5311 ι,
3146 5247 3358 5316 me...
3382 5227 3538 5322 Resp.
3570 5254 3673 5311 Vi-

2081 5317 2197 5374 deri
2226 5322 2370 5377 enim
2400 5331 2577 5396 potest
2625 5324 2790 5396 Deus,
2834 5330 2888 5391 id
2934 5341 3047 5402 est,
3089 5335 3340 5410 intelligi,
3370 5317 3670 5407 secundum

2082 5424 2194 5465 sine
2216 5411 2413 5468 donum
2443 5416 2654 5488 gratim,
2678 5417 2793 5479 sive
2817 5422 2886 5483 ab
2906 5427 3135 5497 angelis.
3161 5427 3275 5491 sive
3293 5429 3363 5486 ab
3383 5432 3671 5501 animabus

2081 5510 2392 5560 sanctorum
2423 5520 2437 5559 :
2464 5506 2681 5578 plenam
2729 5527 2860 5569 vero
2905 5515 3200 5576 divinitatis
3248 5531 3533 5589 naturam,
3566 5539 3669 5585 nec

2084 5594 2303 5663 angelus
2347 5599 2600 5671 quislibet
2655 5601 2787 5676 ML,
2832 5607 3173 5683 quisquam],
3214 5628 3313 5672 nec
3352 5626 3668 5687 sanctorum
