3906 6186
255 297 308 354 5|
964 285 1358 347 DOGMATICA
1375 331 1387 344 .
1430 322 1499 334 -ν
1523 287 1853 359 ΟυΑΞΒΤΙ(

1969 291 2009 348 S
2043 291 2262 350 XXVlll
2299 295 2388 350 DE
2426 293 2820 354 TRINITA'I'E.
3470 303 3541 356 δᾶ

258 409 442 478 aliquis
469 405 716 479 perfecte
761 403 1062 472 intelligere
1105 405 1324 474 poterit.
1369 404 1496 459 Ideo
1538 404 1847 476 incompre—
1875 408 1925 468 Α
1952 414 2099 461 ctum
2124 407 2448 477 sapientiam
2470 420 2526 467 et
2553 410 2869 484 virtutem];
2898 412 3058 486 742
3089 431 3194 470 non
3227 424 3403 472 tamen
3435 427 3545 473 tres

257 501 536 561 hensibilis
562 499 763 553 dicitur
792 497 953 550 Deus.

319 595 487 652 Inter.
517 592 608 646 15.
636 591 772 646 Cum
801 589 1008 644 sanctis
1033 603 1304 643 summum
1345 590 1683 658 promittitur
1711 606 1849 660 prte-

258 689 416 746 mium
438 693 651 740 aeterna
677 681 772 736 Dei
799 681 956 745 visio,
985 679 1335 750 aaqttaliterne
1363 680 1623 736 videbunt
1650 681 1732 735 vel
1767 681 1852 734 in~

263 779 492 850 telligent
514 777 576 830 αἳ
596 805 667 816 ——
687 773 840 843 Resp.
866 771 1183 828 Nullatenus
1206 773 1491 841 aequaliter
1514 787 1723 835 omnes,
1763 772 1850 826 vel

267 873 427 946 angeli
446 872 537 926 vel
558 870 753 925 anima:
773 877 1087 924 sanctorum
1110 868 1280 921 Deum
1300 881 1400 920 nec
1421 863 1680 937 [Al.,'vel]
1708 879 1852 918 nunc

267 969 456 1030 vident,
479 966 565 1020 vel
593 971 716 1034 post
745 961 1202 1017 resurrectionem
1227 959 1504 1024 videbunt,
1533 959 1627 1013 sed
1658 973 1848 1012 secun-

265 1060 378 1112 dum
407 1057 689 1111 donator-is
716 1053 1198 1124 dispensationem,
1229 1058 1285 1106 et
1331 1051 1649 1104 meritorum
1676 1049 1852 1118 quali—

266 1160 438 1205 tatem.
473 1147 860 1216 Unusquisque
905 1154 1087 1198 tamen
1129 1142 1485 1200 suillcientem
1525 1142 1580 1195 in
1624 1141 1740 1209 ejus
1767 1142 1884 1194 νίς--

264 1242 402 1296 sione
439 1239 556 1294 suis
604 1237 818 1292 meritis
866 1233 1087 1289 habebit
1121 1233 1531 1306 beatitudinem.
1573 1231 1686 1286 Nec
1727 1232 1852 1301 plus

265 1341 460 1404 quaeret
485 1347 653 1403 quam
683 1331 868 1393 habet,
895 1344 996 1384 nec
1030 1344 1089 1383 se
1124 1327 1302 1381 minus
1336 1325 1538 1380 habere
1565 1340 1730 1394 quam
1758 1339 1849 1377 vo-

264 1425 350 1490 let,
378 1425 603 1481 dolebit.

328 1518 489 1572 Inter.
520 1515 602 1570 i6.
640 1515 724 1569 An
766 1513 972 1584 aliquid
1009 1513 1171 1567 distet
1213 1512 1265 1566 in
1298 1512 1429 1576 Deo,
1471 1526 1613 1575 esse,
1643 1510 1848 1571 vivere,

263 1594 574 1679 intelligere,
621 1607 910 1676 posse?—
937 1603 1090 1674 Resp.
1136 1603 1452 1657 Nullatcnus
1500 1602 1644 1656 aliud
1683 1610 1765 1655 est
1799 1600 1849 1653 in

264 1702 374 1758 Deo
402 1718 545 1764 esse,
567 1700 710 1754 aliud
739 1700 947 1762 vivere,
971 1697 1053 1756 vel
1076 1697 1220 1752 aliud
1250 1695 1568 1766 intelligere,
1592 1695 1676 1749 vel
1706 1693 1848 1748 aliud

261 1806 449 1862 posse;
483 1792 605 1860 quia
639 1791 783 1845 Deus
825 1803 890 1843 eo
923 1789 1039 1858 ipso
1081 1803 1188 1857 quo
1217 1795 1320 1851 est,
1352 1787 1512 1850 vivit;
1558 1794 1612 1840 et
1638 1801 1704 1840 eo
1744 1801 1851 1854 quo

260 1887 409 1949 vivit,
458 1885 741 1955 intelligit;
790 1892 844 1938 et
875 1898 941 1937 eo
980 1897 1088 1951 quo
1136 1882 1414 1952 intelligit,
1460 1888 1666 1952 potest;
1703 1888 1759 1934 et
1787 1894 1852 1933 eo

259 1977 393 2046 quod
428 1984 632 2047 potest,
659 1984 773 2040 est;
804 1974 932 2044 quia
963 1973 1188 2047 simplex
1217 1972 1432 2034 deitatis
1459 1980 1654 2031 natura
1685 1987 1851 2024 unum

257 2065 433 2129 habet,
458 2075 566 2130 est,
603 2065 755 2128 vivit,
786 2062 1058 2133 intelligit,
1095 2071 1150 2116 et
1184 2061 1367 2115 omnia
1395 2067 1593 2130 potest.
1626 2059 1744 2115 Non
1777 2061 1850 2114 ita

256 2157 305 2212 in
331 2157 516 2220 nobis,
538 2157 667 2210 dum
689 2154 830 2208 aliud
855 2161 938 2207 est
960 2153 1015 2206 in
1041 2161 1228 2206 nostra
1251 2159 1447 2205 natura
1472 2150 1673 2229 vivere,
1701 2149 1852 2208 aliud

256 2247 593 2318 intelligere,
616 2246 757 2300 aliud
776 2259 949 2314 posse.
968 2243 1024 2298 in
1051 2244 1162 2298 Deo
1184 2257 1314 2298 vero
1335 2243 1454 2296 hate
1474 2241 1656 2296 omnia
1686 2255 1852 2294 unum

253 2345 425 2411 atque
448 2337 595 2392 idem
621 2345 762 2391 sunt.

321 2427 495 2482 Inter.
527 2428 551 2481 ri
565 2427 614 2481 7.
650 2427 840 2483 Utrum
870 2427 936 2482 de
965 2427 1060 2484 Dei
1092 2425 1251 2487 Filio,
1277 2425 1417 2480 sicut
1443 2425 1642 2480 dicitur
1670 2424 1850 2478 lumen

259 2521 318 2582 de
354 2521 582 2587 lumine,
614 2519 761 2575 Deus
787 2519 852 2578 de
887 2520 1016 2585 Deo,
1047 2526 1228 2591 potest
1269 2517 1374 2572 dici
1412 2516 1754 2588 omnipotens
1786 2514 1852 2569 de

258 2613 645 2681 omnipotente,
673 2611 849 2665 bonus
875 2610 941 2667 de
969 2609 1131 2670 bono.
1161 2623 1392 2679 magnus
1431 2607 1500 2663 de
1544 2621 1762 2672 magno,
1795 2615 1852 2663 et

257 2711 448 2760 cetera
477 2701 732 2756 talla?—
756 2699 908 2771 Resp.
953 2698 1299 2770 Regulariter
1325 2699 1510 2768 utique
1540 2705 1724 2752 tenere
1752 2696 1848 2751 de-

259 2792 443 2850 bemus
471 2793 614 2862 quod
637 2791 825 2846 omnia
857 2799 1065 2847 natura:
1093 2788 1311 2846 nomina
1335 2804 1454 2858 qua:
1477 2786 1759 2857 aequaliter
1784 2787 1852 2840 de

260 2885 397 2941 Filio
430 2885 532 2942 dici
565 2894 797 2955 possunt
816 2883 959 2940 sicut
987 2883 1053 2940 de
1074 2881 1257 2946 Patre,
1284 2881 1464 2938 omnia
1490 2889 1719 2949 possunt
1744 2880 1850 2936 dici

265 2977 343 3030 sic
369 2975 438 3029 de
465 2975 569 3028 illo.
601 2975 726 3028 ideo
751 2974 898 3028 sicut
921 2972 1118 3027 dicitur
1155 2971 1297 3025 Deus
1317 2970 1386 3025 de
1421 2969 1549 3033 Deo,
1578 2969 1759 3023 lumen
1784 2969 1852 3022 de

262 3065 475 3130 lumine,
500 3066 572 3118 ita
595 3064 890 3119 dicendum
912 3072 995 3118 est
1013 3062 1359 3134 omnipotens
1375 3061 1441 3116 de
1459 3062 1849 3131 omnipotente,

1951 499 2203 566 virtutes,
2237 517 2336 556 nec
2365 510 2476 557 tres
2502 504 2814 574 sapientias,
2842 505 2969 573 quia
3002 505 3264 574 sapientia
3294 509 3548 562 substan-

1952 589 2081 646 tiale
2109 606 2303 646 nomen
2332 602 2444 660 est,
2465 596 2604 650 sicut
2631 596 2822 650 virtus.
2876 595 2986 652 Nec
3021 597 3164 651 aliud
3206 607 3290 652 est
3338 598 3389 652 in
3439 598 3547 653 Deo

1951 696 2092 749 esse,
2133 682 2279 738 aliud
2311 699 2523 754 sapere,
2569 685 2713 740 aliud
2753 702 2945 757 posse;
2977 686 3070 742 sed
3115 703 3282 742 unum
3325 696 3409 743 est
3437 687 3549 745 Deo

1952 788 2093 837 esse,
2121 790 2139 824 Ε
2150 789 2332 842 apere,
2360 791 2538 845 posse.

2021 863 2189 918 Inter.
2219 865 2307 918 21.
2346 866 2537 921 Utrum
2577 869 2645 922 ad
2691 869 2858 923 solam
2891 869 3065 924 sancti
3101 868 3337 940 Spiritus
3364 886 3548 941 perso-

1951 969 2075 1009 nam
2111 957 2404 1024 pertineat,
2445 959 2572 1012 dum
2616 959 2902 1029 Apostolus
2933 961 3102 1015 dicit:
3142 961 3284 1015 Deus
3315 963 3547 1015 cltaritas

1952 1058 2025 1102 est
2063 1047 2115 1121 (Ι
2143 1049 2302 1103 Joau.
2329 1065 2398 1113 tv,
2430 1049 2506 1119 8),
2541 1052 2629 1120 qui
2661 1039 2794 1122 [Αί.,
2821 1051 2965 1124 quae]
3011 1053 3232 1108 dilectio
3269 1052 3447 1107 Patris
3493 1059 3550 1106 et

1953 1139 2074 1193 Filii
2107 1154 2229 1194 esse
2276 1139 2598 1212 lcgituﬂw-
2631 1142 2784 1213 Resp.
2831 1142 3145 1199 Nuilatenus
3193 1145 3264 1198 ita
3313 1143 3550 1214 Spiritus

1953 1237 2176 1285 sanctus
2210 1231 2452 1285 charitas
2481 1232 2821 1303 intelligitur,
2851 1235 3005 1303 quasi
3036 1250 3145 1288 non
3191 1235 3262 1289 sit
3305 1234 3467 1288 Pater
3495 1236 3568 1288 ct~

1953 1323 2122 1377 Filius
2151 1323 2413 1378 charitas.
2445 1323 2600 1378 Sicut
2637 1324 2870 1394 Spiritus
2915 1334 3134 1381 sanctus
3163 1335 3247 1381 est
3286 1326 3547 1389 charitas,

1893 1487 1898 1493 I
1951 1415 2027 1474 ita
2051 1422 2107 1472 et
2131 1413 2292 1476 Pater
2315 1424 2399 1471 est
2425 1415 2666 1476 charitas
2706 1416 2783 1495 [et
2806 1417 2976 1476 Filius
3005 1427 3089 1473 est
3115 1417 3404 1492 cbaritaS,]
3431 1433 3542 1478 non

1952 1512 2134 1558 tamen
2177 1512 2288 1559 tres
2332 1506 2648 1569 charitatcs,
2691 1511 2785 1563 sed
2825 1523 2931 1562 una
2972 1508 3230 1563 Charitas.
3277 1509 3384 1563 Sed
3423 1509 3551 1578 quia

1954 1593 2190 1664 Spiritus
2216 1604 2437 1650 sanctus
2482 1597 2682 1652 donum
2713 1599 2806 1652 Dei
2841 1600 3059 1670 proprie
3096 1599 3319 1666 dicitur,
3349 1608 3405 1654 et
3434 1601 3550 1654 nul~

1953 1687 2064 1746 lum
2093 1687 2187 1746 Dei
2215 1687 2418 1743 donum
2445 1689 2710 1746 charitate
2735 1690 2908 1766 majus
2934 1699 3040 1756 est,
3071 1692 3179 1746 imo
3203 1693 3319 1746 sine
3341 1707 3406 1746 eo
3432 1694 3552 1746 nul-

1886 1769 1926 1825 Β
1954 1781 2066 1833 lum
2094 1781 2295 1834 donum
2320 1781 2390 1836 ad
2417 1791 2731 1852 perpetuam
2762 1785 3035 1839 hominem
3064 1785 3328 1841 deducere
3352 1786 3553 1856 poterit

1955 1871 2346 1930 beatitudinem
2375 1891 2386 1926 :
2421 1874 2650 1944 proinde
2679 1873 2915 1946 Spiritus
2955 1885 3176 1932 sanctus
3212 1877 3432 1947 proprie
3471 1876 3553 1931 di-

1956 1963 2097 2017 citur
2123 1965 2386 2020 Charitas.

2025 2055 2193 2110 Inter.
2216 2057 2305 2111 22.
2335 2057 2586 2128 Nunquid
2607 2060 2758 2130 impii
2777 2061 2919 2117 dona
2943 2063 3035 2118 Dei
3060 2063 3378 2118 habent?—
3397 2063 3549 2133 Resp.

1956 2146 2166 2206 Habent
2200 2149 2432 2226 [utique]
2465 2167 2562 2222 per
2603 2168 2750 2218 eum,
2781 2156 2874 2224 qui
2910 2155 3180 2210 illuminat
3206 2173 3423 2212 omnem
3456 2157 3554 2210 ho-

1955 2240 2156 2295 minem
2189 2244 2495 2297 venientem
2528 2245 2580 2298 in
2627 2246 2773 2300 hunc
2803 2248 3084 2313 mundum,
3116 2250 3169 2302 in
3201 2265 3308 2318 quo
3338 2265 3548 2314 sumus,

1957 2345 2236 2386 movemur
2259 2342 2315 2388 et
2342 2334 2573 2392 vivimus
2602 2336 2741 2403 (Act.
2765 2353 2898 2401 xvii,
2927 2337 3019 2411 28)
3047 2357 3058 2390 :
3086 2340 3226 2400 bona
3257 2346 3384 2393 sunt
3408 2340 3553 2394 enim

1957 2421 2096 2476 dona
2126 2423 2220 2479 Dei
2243 2424 2321 2482 eis
2343 2425 2435 2496 qui
2465 2423 2602 2480 bene
2634 2435 2859 2481 utuntur
2887 2427 3011 2488 illis.
3036 2428 3160 2483 ideo
3181 2431 3422 2491 charitas
3447 2431 3557 2485 siu-

1957 2513 2143 2583 gulare
2170 2524 2253 2570 est
2285 2515 2339 2569 in
2369 2517 2571 2576 sanctis
2597 2517 2820 2589 donum,
2851 2519 2906 2576 in
2936 2535 3042 2590 qua
3072 2520 3197 2582 Filii
3227 2521 3324 2579 Dei
3349 2521 3554 2584 discer-

1957 2612 2164 2660 nuntur
2189 2619 2221 2658 a
2252 2604 2377 2664 (iliis
2408 2606 2723 2675 impietatis.

2031 2695 2198 2750 Inter.
2221 2697 2316 2752 εδ.
2347 2696 2528 2764 Quare
2556 2700 2601 2754 si
2635 2701 2779 2756 Deus
2801 2709 2948 2758 totus
2973 2703 3178 2773 ubique
3201 2710 3306 2769 est,
3332 2704 3388 2758 in
3417 2704 3558 2760 enato

1958 2785 2160 2844 dicitur
2184 2788 2355 2862 magis
2380 2787 2652 2856 habitare,
2677 2807 2841 2861 quam
2872 2794 2926 2848 in
2955 2795 3394 2868 terra?—-Resp.
3419 2795 3555 2868 Quia

1959 2879 2132 2948 major
2176 2880 2414 2950 cognitio
2449 2890 2534 2938 est
2582 2883 2636 2942 in
2672 2886 2876 2942 sanctis
2905 2887 3134 2957 angelis,
3163 2888 3557 2960 animabusque

1959 2978 2274 3024 sanctorum
2295 2971 2617 3039 divinitatis,
2641 2992 2765 3030 cum
2787 2977 3060 3046 sintapud
3086 2980 3275 3044 Deum,
3309 2981 3366 3034 in
3395 2980 3554 3035 caelis

1960 3075 2122 3127 quam
2156 3058 2208 3112 in
2251 3061 2435 3115 terris.
2465 3061 2622 3122 Sicut
2649 3066 2792 3118 enim
2833 3066 2885 3119 in
2920 3068 3024 3124 hoc
3067 3069 3280 3124 mortali
3327 3085 3568 3140 corpore-

258 3153 425 3209 bonus
452 3155 518 3210 de
546 3155 712 3216 bono,
738 3169 968 3224 magnus
992 3153 1060 3208 de
1087 3167 1306 3224 magno,
1328 3152 1427 3208 sed
1456 3166 1563 3208 non
1589 3150 1664 3207 ita
1689 3151 1745 3207 in
1771 3166 1858 3207 re-
1882 3154 1929 3214 C
1961 3149 2183 3220 quidam
2249 3151 2420 3222 magis
2481 3153 2790 3224 intelligunt
2855 3157 3092 3216 divinam
3166 3159 3523 3223 substantiam
3541 3204 3558 3230 ,

263 3249 460 3305 latitia.

322 3337 490 3394 Inter.
519 3339 605 3394 18.
640 3337 748 3394 Sed
779 3338 1046 3409 quomodo
1080 3337 1134 3392 iu
1162 3336 1406 3392 relativis
1432 3333 1747 3392 nominibus
1774 3335 1857 3394 di-

255 3431 478 3488 cendum
503 3431 625 3488 est?
647 3460 716 3470 ——
743 3429 901 3499 Resp.
931 3428 1047 3484 Non
1077 3443 1366 3504 possumus
1399 3427 1581 3484 dicere
1613 3426 1852 3506 Verbum

257 3523 318 3580 de
343 3523 542 3586 Verbo,
572 3521 704 3591 quia
733 3519 1022 3575 relativum
1067 3533 1262 3576 nomen
1293 3527 1376 3576 est
1404 3519 1667 3590 Verbum,
1707 3517 1855 3586 quod

252 3614 395 3671 solus
417 3625 502 3669 est
528 3613 735 3678 Filius;
769 3613 910 3667 sicut
936 3611 1190 3676 dicimus,
1219 3612 1387 3665 Deum
1426 3610 1496 3664 de
1535 3609 1665 3674 Deo,
1707 3609 1856 3678 quod

254 3721 357 3763 non
387 3717 470 3762 est
498 3707 650 3764 solus
678 3704 867 3760 Filius.
899 3704 1008 3762 Nec
1030 3704 1323 3775 imaginem
1356 3704 1422 3760 de
1449 3703 1700 3774 imagine,
1728 3703 1856 3774 quia

256 3798 398 3854 solus
423 3807 510 3853 est
537 3797 713 3852 Filius
758 3797 936 3866 imago
962 3814 974 3850 :
1010 3796 1151 3849 sicut
1177 3795 1431 3859 dicimus,
1465 3798 1645 3866 lumen
1673 3795 1739 3849 de
1768 3794 1855 3850 lu-

256 3891 420 3955 mine,
457 3889 606 3959 quod
644 3902 752 3942 non
795 3895 880 3941 est
925 3886 1073 3941 solus
1111 3885 1305 3952 Filius,
1334 3886 1461 3956 quia
1498 3884 1855 3940 substantiale

256 3995 448 4036 nomen
476 3991 564 4036 est
589 3981 795 4035 lumen.

313 4072 494 4142 Inter.
532 4073 618 4128 l9.
649 4070 906 4142 Nunquid
944 4069 1087 4126 aliud
1115 4069 1298 4126 lumen
1329 4069 1493 4130 Pater
1513 4077 1574 4125 et
1595 4069 1740 4127 aliud
1765 4069 1857 4126 Fi-

255 4163 486 4218 lius?—
512 4163 666 4234 Resp.
712 4163 1065 4233 Nequaquam
1111 4163 1286 4226 aliud,
1315 4162 1412 4218 sed
1455 4178 1625 4216 unum
1667 4162 1854 4216 iumen

257 4264 350 4311 est
372 4257 534 4311 Pater
561 4264 616 4311 et
641 4255 830 4319 Filius,
875 4256 1016 4310 sicut
1053 4271 1161 4309 una
1193 4255 1517 4310 substantia.
1555 4255 1680 4309 ideo
1710 4263 1856 4308 recte

256 4346 472 4403 dicitur
499 4346 620 4418 μμ
635 4346 888 4419 dicimus]
912 4347 1096 4401 lumen
1117 4346 1185 4400 de
1209 4347 1431 4407 lumine,
1458 4347 1601 4408 sicut
1621 4345 1763 4404 Deus
1787 4345 1854 4400 de

256 4436 400 4492 lico.
435 4436 584 4492 Sicut
611 4454 746 4494 unus
774 4439 922 4496 Deus
944 4448 1031 4496 εει
1060 4437 1242 4506 Pater,
1271 4446 1327 4493 et
1359 4437 1550 4502 Filius,
1583 4438 1658 4491 ita
1685 4453 1853 4491 unum

255 4528 448 4584 limen
476 4538 578 4583 est.

329 4622 503 4675 Inter.
527 4621 615 4674 20.
646 4621 900 4695 Legimus
923 4623 1237 4695 Apostoium
1277 4623 1543 4677 dicentem
1573 4621 1852 4678 Christum

257 4714 352 4772 Dei
378 4730 504 4772 esse
530 4716 784 4772 virtutem
810 4725 866 4771 et
887 4717 984 4772 Dei
1012 4717 1366 4787 sapientiam;
1391 4717 1480 4772 hic
1505 4715 1856 4785 intelligimus

259 4809 313 4864 in
340 4809 440 4864 Dei
472 4810 691 4866 nomine
718 4809 960 4875 Patrem,
990 4819 1045 4865 et
1077 4811 1130 4864 in
1159 4810 1364 4868 CbriSti
1391 4810 1610 4864 nomine
1636 4808 1674 4862 ιτ
1680 4809 1853 4872 ilium,

260 4897 402 4953 sicut
434 4914 670 4968 semper.
701 4899 952 4970 Nunquid
975 4901 1137 4955 Pater
1161 4917 1267 4955 non
1295 4901 1461 4956 habet
1487 4901 1542 4959 in
1564 4915 1625 4958 se
1649 4899 1859 4970 sapien-

261 4990 389 5046 tiam
419 4991 506 5046 vel
535 4991 790 5047 virtutem
835 4992 939 5049 nisi
980 4994 1033 5050 in
1062 4993 1220 5058 Filio,
1248 5008 1410 5062 quem
1441 4991 1732 5062 Apostolus
1773 5006 1860 5048 sn-

261 5083 523 5150 pientiam
567 5084 662 5138 Dei
709 5093 765 5139 et
804 5085 1060 5139 virtutem
1103 5085 1198 5140 Dei
1239 5085 1665 5144 nominavit?-—
1695 5083 1853 5156 Resp.

258 5171 484 5230 Plurimi
516 5176 591 5231 ita
616 5174 877 5230 Arianam
921 5177 1201 5237 destruunt
1227 5177 1585 5246 impietatem,
1617 5177 1858 5235 dicentes

258 5263 483 5335 impium
507 5281 629 5322 esse
651 5268 876 5326 credere
897 5284 1133 5338 unquam
1157 5269 1327 5325 Deum
1349 5268 1567 5324 Patrem
1592 5284 1712 5326 esse
1739 5269 1858 5326 sine

256 5369 356 5411 sua
401 5358 683 5425 sapientia,
719 5366 815 5412 aut
849 5360 966 5416 sine
1009 5376 1108 5416 sua
1138 5359 1358 5418 virtute.
1404 5359 1507 5414 Sed
1536 5360 1730 5418 melius
1775 5369 1862 5416 est

257 5445 560 5521 intelligere
589 5448 813 5505 Patrem
841 5465 964 5506 esse
985 5451 1306 5521 sapientiam
1333 5458 1389 5505 et
1411 5451 1690 5520 virtutem,
1717 5452 1858 5508 sicut

257 5537 456 5597 Filium
486 5544 814 5614 sapientiam
834 5551 893 5598 et
915 5544 1168 5599 virtutem
1194 5543 1329 5618 [imo
1357 5551 1416 5598 ct
1440 5543 1703 5614 Spiritum
1733 5561 1860 5600 san-

325 5687 354 5713 a
399 5674 493 5730 )is.
525 5674 638 5732 Sal.
681 5685 738 5730 ct
785 5675 856 5728 al.
891 5693 909 5724 ς
941 5673 1104 5728 Inter.
1138 5675 1217 5729 l5.
1260 5675 1413 5742 Quod
1460 5680 1666 5735 sanctis
1711 5698 1854 5737 sum-

257 5759 410 5802 mum
453 5747 803 5822 promittitur
849 5746 1259 5818 pnemium?-—
1290 5746 1443 5819 Resp.
1491 5747 1718 5808 zEtcrna
1768 5753 1860 5809 Dei

1957 3243 2178 3313 quidam
2228 3244 2428 3311 minus,
2466 3246 2542 3300 ita
2575 3255 2630 3301 et
2676 3248 2728 3300 in
2762 3248 2900 3303 cmlo
2943 3251 3117 3320 magis
3165 3252 3366 3307 dicitur
3416 3253 3560 3310 Deus

1955 3350 2076 3390 esse
2119 3351 2282 3408 quam
2329 3337 2385 3392 in
2415 3346 2585 3404 terra,
2615 3340 2742 3410 quia
2776 3341 2988 3410 plenius
3022 3342 3265 3413 ejusdem
3309 3345 3561 3406 substan-

1957 3426 2032 3484 tia
2077 3427 2398 3497 intelligitur
2441 3429 2510 3486 ab
2553 3430 2953 3492 habitatoribus
3000 3435 3125 3492 cudi
3186 3453 3349 3513 quam
3397 3449 3559 3497 terra:

1957 3517 2169 3577 incolis.

2029 3610 2195 3664 Inter.
2240 3610 2332 3665 24.
2368 3611 2426 3667 Si
2469 3629 2576 3668 una
2607 3617 2913 3676 substantia
2943 3628 3028 3674 est
3053 3621 3238 3690 Pater,
3283 3633 3340 3680 et
3369 3625 3555 3692 Filius,

1957 3713 2014 3758 et
2054 3703 2294 3778 Spiritus
2338 3717 2585 3774 sanctus,
2617 3725 2789 3783 quare
2830 3711 2982 3773 solus
3028 3713 3197 3772 Filius
3243 3716 3564 3778 incarnatus

1955 3794 2285 3856 dicitur?w
2324 3797 2482 3868 Resp.
2523 3799 2660 3866 Quia
2708 3801 2814 3859 alia
2863 3812 2946 3863 est
2982 3819 3214 3874 persona
3262 3806 3415 3872 Filii,
3453 3809 3565 3866 alia

1956 3883 2154 3951 Patris,
2182 3887 2290 3940 alia
2319 3886 2553 3955 Spiritus
2577 3891 2776 3944 sancti.
2802 3891 2868 3945 Et
2891 3892 3005 3946 sola
3033 3895 3295 3962 siquidem
3327 3911 3565 3965 persona

1957 3977 2079 4031 Filii
2121 3979 2400 4038 incarnata
2429 3988 2548 4034 est:
2577 3991 2842 4052 operante
2871 3991 3052 4040 tamen
3090 3986 3338 4046 eamdem
3381 3988 3566 4047 incur-

1959 4070 2233 4126 nationem
2269 4079 2380 4126 tota
2405 4080 2596 4128 sancta
2624 4071 2914 4140 Trinitate,
2943 4073 3102 4144 cujus
3128 4092 3298 4147 opera
3325 4088 3453 4142 sunt
3481 4080 3570 4139 ἱππ..

1959 4162 2306 4230 separabilia.

2028 4251 2196 4306 Inter.
2230 4252 2320 4306 25.
2354 4251 2491 4309 Dum
2523 4254 2577 4311 in
2626 4254 2883 4326 Symbolo
2914 4258 3185 4314 catholico
3215 4261 3426 4316 cantari
3475 4276 3563 4320 so-

1958 4344 2054 4408 let,
2083 4343 2179 4398 Dei
2209 4343 2409 4400 Filium
2439 4345 2507 4402 de
2555 4345 2762 4420 Spiritu
2809 4359 3020 4414 sancto,
3053 4361 3109 4406 ct
3139 4350 3306 4407 Maria
3349 4351 3562 4424 virgine

1959 4438 2325 4502 incarnatum,
2351 4454 2524 4508 quare
2547 4456 2656 4495 non
2684 4442 2886 4496 dicitur
2904 4443 3076 4498 Filius
3101 4443 3336 4513 Spiritus
3357 4445 3560 4510 sancti,

1882 4518 1928 4576 υ
1956 4531 2097 4587 sicut
2123 4531 2324 4587 dicitur
2351 4533 2522 4588 beatae
2548 4534 2892 4608 virginisi—
2909 4534 3062 4605 Resp.
3095 4535 3212 4589 Non
3240 4536 3321 4590 sic
3348 4535 3412 4592 de
3442 4535 3559 4602 illo,

1961 4626 2105 4684 sicut
2123 4635 2180 4683 et
2205 4627 2274 4684 de
2299 4627 2391 4682 illa
2422 4636 2584 4686 natus
2603 4637 2687 4684 est
2715 4628 2883 4685 Filius
2903 4628 3020 4684 Dei.
3049 4626 3123 4684 De
3149 4628 3238 4684 illa
3263 4627 3557 4704 siquidem,

1962 4721 2017 4776 id
2065 4728 2178 4783 est.
2220 4729 2411 4776 sancta
2457 4721 2667 4790 virgine
2703 4728 2861 4776 natus
2901 4727 2987 4774 est
3027 4717 3197 4776 Filius
3247 4720 3374 4785 Dei,
3421 4721 3565 4780 sicut

1962 4815 2031 4870 de
2077 4825 2280 4886 matre;
2318 4833 2424 4874 non
2457 4818 2522 4871 de
2560 4817 2672 4884 illo,
2722 4818 2776 4874 id
2804 4827 2909 4884 est,
2939 4817 3144 4888 Spiritu
3177 4829 3389 4887 sancto,
3422 4820 3563 4876 sicut

1967 4908 2032 4964 de
2059 4907 2242 4974 Patre,
2276 4924 2345 4968 nc
2369 4909 2477 4968 duo
2509 4907 2699 4966 Patres
2726 4909 3036 4967 dicerentur
3063 4911 3118 4972 in
3159 4921 3348 4970 sancta
3386 4911 3572 4971 Triuia

1969 5008 2098 5056 tate.

2036 5092 2200 5146 Inter.
2232 5093 2321 5147 26.
2355 5092 2416 5153 Si
2446 5110 2551 5148 una
2583 5103 2778 5150 natura
2806 5103 2891 5150 est
2917 5096 3098 5151 Patris
3131 5103 3188 5150 et
3212 5094 3361 5160 Filii,
3389 5103 3445 5149 et
3473 5093 3569 5154 πμ

1965 5184 2069 5240 lius
2100 5185 2417 5243 incarnatus
2453 5186 2642 5257 plenus
2683 5197 2771 5244 est
2807 5187 2952 5244 Deus
2996 5196 3050 5242 et
3085 5186 3384 5256 perfectus,
3425 5202 3568 5260 quo~

1967 5279 2125 5336 modo
2149 5293 2257 5334 non
2286 5279 2448 5336 Pater
2471 5281 2788 5338 incarnatus
2816 5281 2938 5338 est?
2957 5309 3027 5322 ——
3056 5277 3212 5348 Resp.
3249 5279 3420 5336 Filius
3449 5279 3556 5349 ple-

1965 5385 2066 5423 nus
2095 5377 2176 5424 est
2207 5369 2348 5426 Dens
2372 5379 2426 5425 ct
2454 5371 2758 5442 perfectus;
2797 5371 2891 5439 qui
2921 5369 3072 5424 solus
3101 5371 3420 5428 incarnatus
3452 5382 3560 5438 eat,

1966 5468 2020 5514 et
2049 5461 2212 5518 homo
2256 5460 2433 5519 factus
2475 5472 2578 5517 est.
2617 5461 2751 5516 Nam
2785 5462 2922 5536 ignis
2952 5478 3056 5520 una
3103 5471 3187 5519 est
3232 5465 3560 5531 substantia,

1967 5552 2060 5607 sed
2086 5553 2230 5609 aliud
2257 5555 2308 5608 in
2335 5555 2455 5626 igne
2478 5554 2607 5609 facit
2632 5555 2801 5621 calor,
2830 5555 2972 5611 aliud
2997 5555 3088 5611 lux
3111 5575 3122 5610 :
3152 5556 3240 5612 lux
3269 5557 3568 5622 illuminat,

1968 5684 2215 5829 ξέειξῗὸ-
2245 5686 2408 5743 Inter.
2442 5687 2522 5743 An
2569 5688 2849 5758 mqualitcr
2893 5689 3182 5756 videbunt,
3223 5689 3305 5745 vel
3357 5689 3564 5748 intellix

2112 5799 2122 5810 .
2151 5777 2168 5810 ι

2112 5777 2168 5810 ἶ)
