3906 6186
313 324 376 377 67
1159 315 1220 370 Β.
1261 315 1324 369 F.
1365 313 1588 370 ALBlNl
1629 313 1758 369 SEU
1798 311 2073 367 ALCL'lNl
2113 311 2398 368 OPERUM
2439 309 2620 366 PARS
2655 310 2743 364 lli.
2819 320 2824 324 '
3513 303 3582 357 68

313 445 561 495 sanctum
589 432 844 503 apostolis
872 430 1020 485 dedit
1046 428 1365 484 insufliando
1387 429 1440 482 in
1464 439 1653 484 eorum
1676 425 1887 481 faciem.
1919 432 1964 485 Α
1995 435 2134 489 cata,
2168 425 2504 478 remittuntur
2547 425 2644 487 eis,
2673 432 2721 476 et
2749 435 2972 492 quorum
3011 419 3352 480 retinuerunt,
3389 426 3585 470 retenta

314 529 449 584 Hinc
473 529 586 597 ipse
607 524 898 596 Gregorius
921 523 1049 577 dicit
1081 541 1092 574 :
1121 521 1354 591 Spiritus
1378 529 1599 576 sanctus
1619 518 1895 589 discipulis

312 619 515 677 Christi
544 633 648 672 non
693 616 863 670 solum
891 612 1231 683 cooperando
1271 611 1484 674 aderat,
1515 620 1704 664 verum
1731 609 1894 664 etiam

313 709 533 766 deitatis
574 714 842 778 potestate
888 713 1050 775 atque
1097 703 1419 758 auctoritate
1457 708 1652 754 cuncta
1683 700 1898 770 diSpen-

313 817 459 856 sans.
482 797 668 854 Adfuit
693 798 858 868 igitur
876 795 1040 850 etiam
1065 793 1152 848 his
1175 793 1354 854 tertio,
1372 798 1534 860 prout
1555 805 1679 845 eum
1704 801 1896 859 capere

312 898 581 963 poterant,
615 898 917 958 temporum
939 898 1152 953 quoque
1182 881 1528 937 distinctione
1559 889 1772 934 servata
1798 897 1810 932 :
1844 879 1898 933 id

313 994 416 1048 est,
445 992 570 1038 ante
605 982 910 1053 passionem
939 977 1171 1038 Christi,
1209 984 1263 1028 et
1289 983 1412 1043 post
1441 973 1896 1027 resurrectionem

312 1073 430 1143 ejus
457 1075 676 1135 iterum,
719 1069 884 1124 tertio
918 1067 1082 1121 etiam
1111 1073 1233 1134 post
1259 1062 1648 1118 Ascensionem
1679 1062 1746 1114 ad
1787 1073 1899 1114 cte-

312 1165 411 1219 ios.
443 1165 508 1217 Et
528 1163 715 1232 prima:
737 1159 953 1228 quidem
983 1155 1100 1224 ejus
1138 1152 1437 1223 praesentia:
1471 1151 1726 1206 virtutem
1754 1150 1896 1204 indi-

312 1261 438 1308 cant
476 1251 662 1323 gratiae
707 1248 1000 1302 sanitatum
1025 1285 1040 1310 ,
1072 1253 1129 1298 et
1175 1243 1426 1314 purgatio
1456 1250 1618 1310 atque
1647 1239 1900 1310 effugatio

311 1344 611 1397 dmmonum
639 1356 705 1394 ex
732 1337 1060 1401 hominibus,
1095 1349 1258 1405 quam
1281 1333 1467 1403 utique
1495 1350 1602 1387 non
1629 1333 1747 1386 sine
1776 1346 1901 1386 san-

311 1443 397 1487 cto
428 1432 628 1502 Spiritu
660 1429 884 1500 apostoli
931 1428 1319 1498 procurabant.
1369 1427 1506 1480 Tum
1535 1427 1731 1481 deinde
1781 1433 1903 1494 post

312 1522 764 1576 resurrectionem
787 1518 1072 1573 manifeste
1094 1517 1224 1572 dicit
1247 1516 1499 1574 Salvator
1517 1517 1586 1571 ad
1611 1517 1901 1586 discipulos

309 1630 438 1668 suos
470 1628 484 1666 :
518 1613 748 1682 Accipite
770 1609 1024 1680 Spiritum
1060 1617 1318 1671 sanctum,
1350 1617 1399 1660 et
1428 1607 1706 1678 insuﬁiavit
1729 1608 1783 1659 in
1819 1607 1902 1676 fas

309 1708 441 1759 ciem
467 1719 646 1759 eorum
691 1701 880 1775 .(Joan.
937 1714 1028 1764 xx,
1074 1697 1186 1768 33).
1220 1697 1405 1752 Tertio
1435 1712 1566 1752 vero
1597 1697 1653 1750 in
1702 1696 1899 1767 linguis

309 1798 486 1868 igneis
511 1794 701 1850 adfuit.

381 1887 612 1942 Sanctus
652 1897 865 1954 quoque
912 1881 1275 1952 Hieronymus
1323 1893 1348 1921 α
1403 1881 1653 1951 egregius
1703 1881 1898 1936 divinas

307 1981 440 2052 legis
467 1981 766 2047 interpres,
795 1983 850 2029 et
874 1988 1036 2043 sagax
1065 1971 1272 2041 praafati
1305 1971 1482 2026 Patris
1514 1970 1762 2042 Gregorii
1791 1972 1900 2026 dis-

308 2073 537 2144 cipulus,
577 2071 951 2142 prmscriptum
999 2067 1275 2137 Evangelii
1312 2065 1608 2120 secundum
1635 2061 1898 2118 Joannem

307 2165 496 2218 eodem
553 2176 716 2217 sensu
769 2169 1047 2228 exponens
1105 2156 1401 2226 capitulum
1455 2162 1704 2218 testatur,
1755 2154 1900 2223 quod

309 2254 560 2308 Salvator
589 2260 778 2305 noster
807 2248 1074 2318 Spiritum
1118 2255 1369 2300 sanctum
1397 2245 1466 2298 ab
1487 2259 1554 2298 eo
1581 2244 1748 2297 etiam
1775 2255 1901 2313 pro-

310 2346 587 2399 cedentem
612 2349 739 2412 post
759 2337 1210 2394 resurrectionem
1235 2345 1390 2389 suam
1412 2333 1544 2387 flatu
1567 2349 1668 2389 suo
1689 2341 1903 2402 aposto.

305 2435 373 2490 iis
401 2433 584 2496 dedit;
611 2432 753 2485 sicut
773 2439 882 2483 tam
914 2428 967 2482 in
990 2426 1214 2497 epistola
1244 2440 1409 2495 quam
1439 2425 1508 2478 ad
1532 2424 1813 2477 Hedibiam
1835 2423 1902 2477 de

311 2523 592 2580 duodecim
621 2521 841 2589 scripsit
861 2517 1272 2589 quaestionibus,
1316 2514 1571 2579 afﬁrmat,
1604 2522 1796 2568 octavo
1826 2513 1902 2567 ita

309 2617 492 2671 dicens
537 2612 772 2682 capitulo
798 2629 810 2664 :
850 2630 868 2662 ι
897 2610 1179 2676 Quomodo
1211 2608 1461 2662 SaivatOr
1486 2615 1674 2661 noster
1705 2622 1904 2661 secun-

312 2706 435 2760 dum
458 2703 726 2759 Joannem
751 2700 990 2756 insufﬂat
1029 2697 1294 2768 Spiritum
1319 2705 1569 2752 sanctum
1594 2696 1650 2750 ln
1682 2689 1903 2766 aposio-

307 2794 409 2856 ios,
438 2801 494 2848 et
519 2791 813 2846 secundum
840 2789 1043 2842 Lucam
1066 2793 1190 2851 post
1205 2784 1578 2840 ascensionem
1605 2784 1902 2837 missurum

311 2899 427 2940 esse
456 2883 618 2938 dicit?
667 2880 838 2951 Hujus
866 2878 1181 2951 qu'aastionis
1201 2875 1474 2948 perfacilis
1495 2875 1692 2931 solutio
1721 2882 1822 2939 est,
1855 2875 1902 2928 si

311 2979 534 3035 docente
574 2975 815 3046 apostolo
845 2973 1011 3028 Paulo
1038 2971 1277 3040 Spiritus
1304 2969 1478 3026 sancti
1505 2970 1751 3024 diversas
1775 2981 1900 3040 gra-

311 3071 411 3125 tias
441 3070 771 3124 noverimus.
823 3065 1054 3136 Scripsit
1082 3062 1244 3136 746
1272 3063 1418 3116 enim
1466 3063 1523 3116 in
1567 3061 1743 3130 prima
1780 3060 1902 3130 Epi‘

1999 529 2145 572 erunt
2179 518 2361 584 (Joan.
2413 532 2504 581 xx,
2547 515 2758 586 21-23).
2789 513 2971 567 Primo
3015 511 3180 582 igitur
3223 511 3310 565 die
3342 523 3588 564 resurre-

1997 607 2193 662 ctionis
2215 606 2333 675 ejus
2373 613 2700 674 acceperunt
2723 602 2956 673 Spiritus
2984 600 3159 664 sancti
3199 599 3453 664 gratiam,
3476 613 3588 668 qua

1996 707 2219 768 peccata
2247 698 2600 760 dimitterent,
2629 703 2686 749 et
2727 695 3090 764 haptizarent,
3117 700 3172 745 et
3201 690 3337 745 ﬁlios
3378 691 3474 746 Dei
3505 689 3591 745 fa-

1997 796 2201 850 cerent,
2237 795 2292 841 et
2333 786 2582 856 spiritum
2610 783 2916 854 adoptionis
2940 781 3286 836 credentibus
3317 781 3586 852 largiren-

2000 890 2088 936 tur
2112 881 2226 951 ipso
2251 880 2532 934 Saivatore
2556 877 2772 933 dicente
2808 894 2820 928 :
2862 875 3100 940 Quorum
3140 874 3443 927 remiseritis
3467 891 3588 944 pec-

1998 981 2142 1037 cata,
2170 974 2508 1026 remittuntur
2534 972 2629 1024 eis.
2664 971 2759 1023 Die
2783 974 2964 1023 autem
2993 967 3340 1022 Peutecostes
3365 967 3445 1022 eis
3468 984 3590 1022 am-

1997 1063 2137 1132 plius
2166 1063 2550 1132 repromissum
2573 1068 2679 1124 est,
2707 1067 2769 1112 ut
2792 1058 3202 1128 baptizarentur
3227 1056 3431 1126 Spiritu
3459 1072 3591 1112 san-

1997 1165 2110 1220 cto,
2156 1164 2213 1209 et
2239 1155 2591 1210 induerentur
2615 1153 2816 1206 virtute
2857 1167 2962 1220 qua
2999 1149 3202 1205 Christi
3235 1151 3589 1222 Evangelium

1999 1248 2211 1304 cunctis
2259 1248 2508 1317 gentibus
2547 1244 2930 1316 praedicarent,
2972 1241 3126 1312 juxta
3165 1243 3293 1298 illud
3340 1244 3481 1313 quod
3532 1245 3589 1299 in

1999 1339 2338 1411 sexagesimo
2365 1339 2596 1408 septimo
2622 1336 2831 1406 psalmo
2862 1335 3091 1404 legimus
3117 1353 3130 1386 :
3159 1334 3417 1389 Dominus
3437 1335 3590 1388 dabit

2001 1431 2208 1487 tverbum
2239 1427 2714 1499 euangelizantibus
2745 1429 2986 1481 virtutem
3028 1425 3249 1479 multum
3292 1425 3447 1496 [μεθ.
3486 1427 3595 1481 uir-

1999 1534 2107 1578 tute
2133 1521 2318 1595 multa]
2359 1521 2530 1593 (Psal.
2562 1535 2766 1584 Lxxvn,
2809 1518 2919 1588 12),
2947 1521 3007 1571 ut
3034 1517 3298 1572 haberent
3320 1518 3594 1586 operatio-

1999 1629 2124 1672 nem
2149 1616 2433 1679 virtutum,
2461 1623 2517 1667 et
2554 1613 2781 1684 gratiam
2811 1611 3127 1675 sanitatum,
3155 1619 3214 1664 et
3239 1609 3591 1680 prmdicaturi

2001 1705 2184 1762 multis
2212 1706 2458 1778 gentibus
2487 1706 2798 1775 acciperent
2826 1714 3022 1774 genera
3053 1701 3380 1772 linguarum.
3417 1719 3434 1752 s

1931 1783 1976 1843 Β
2073 1798 2272 1852 Beatus
2312 1810 2528 1866 quoque
2556 1803 2612 1849 et
2649 1792 2973 1848 venerabilis
3013 1792 3296 1861 episcopus
3338 1791 3594 1861 Augusti-

2001 1903 2103 1944 nus
2133 1890 2182 1954 ι),
2214 1890 2280 1943 de
2321 1900 2432 1958 quo
2479 1886 2640 1957 paulo
2676 1893 2802 1939 ante
2844 1875 3073 1953 priefati,
3129 1897 3316 1936 sumus
3359 1880 3595 1937 afllrmat

2001 1981 2142 2050 quod
2173 1987 2394 2033 sanctus
2438 1975 2674 2031 Joannes
2718 1976 2772 2028 in
2805 1989 2868 2029 eo
2909 1972 3144 2041 capitulo
3172 1972 3225 2025 in
3264 1986 3371 2041 quo
3413 1972 3591 2026 dixit:

2002 2069 2321 2141 Insuﬂiaoit,
2362 2077 2420 2123 et
2442 2068 2672 2137 Accipite
2699 2064 2954 2136 Spiritum
2985 2073 3249 2130 sanctum,
3293 2064 3596 2133 processio-

2002 2173 2127 2213 nem
2155 2159 2390 2229 Spiritus
2416 2157 2589 2212 sancti
2619 2167 2651 2210 a
2679 2154 2842 2210 Patre
2863 2165 2920 2208 et
2948 2154 3084 2208 Filio
3109 2160 3294 2222 aperte
3334 2154 3591 2219 declarat,

2003 2254 2143 2308 sicut
2193 2252 2248 2305 in
2284 2251 2625 2321 expositione
2673 2247 2947 2318 Evangelii
2999 2247 3295 2302 secundum
3333 2245 3596 2301 Joannem

2003 2350 2232 2397 testatur
2255 2343 2443 2398 dicens
2481 2359 2494 2393 :
2538 2358 2555 2390 ι
2593 2337 2739 2393 Sicut
2768 2339 2908 2391 misit
2940 2353 3020 2390 me
3041 2333 3228 2398 Pater,
3253 2346 3302 2388 et
3327 2352 3420 2405 ego
3446 2337 3597 2390 mitto

2004 2448 2124 2502 vos;
2160 2437 2249 2491 hic
2291 2448 2412 2490 esse
2455 2435 2689 2488 medium
2733 2429 2968 2487 ostendit
2998 2431 3226 2484 dicendo
3257 2448 3268 2481 :
3300 2426 3402 2481 Ille
3431 2442 3514 2480 me
3540 2433 3595 2480 et

2002 2535 2096 2594 ego
2121 2541 2226 2578 vos.
2261 2523 2569 2594 Insuﬂiaoit,
2605 2529 2652 2574 et
2679 2522 2752 2574 ait
2778 2521 2853 2573 eis
2876 2533 2894 2570 :
2920 2519 3149 2588 Accipite
3177 2517 3435 2585 Spiritum
3467 2531 3596 2569 sau-

2003 2625 2142 2669 ctum
2170 2614 2352 2687 (Joan.
2382 2628 2470 2679 xx,
2495 2613 2607 2686 Si).
2633 2611 2954 2667 insuiliando
2977 2610 3304 2680 signiﬁcavit
3331 2607 3596 2679 Spiritum

2004 2715 2253 2763 sanctum
2283 2720 2388 2761 non
2431 2706 2605 2775 Patris
2635 2704 2804 2759 solius
2827 2714 2949 2758 esse
2995 2702 3278 2771 Spiritum,
3311 2701 3405 2756 sed
3437 2713 3596 2754 suum

2006 2797 2164 2870 [Αιιῃ.
2199 2796 2293 2851 sed
2333 2804 2390 2850 et
2413 2795 2616 2867 suum].
2650 2793 2890 2860 Quorum
2923 2793 3230 2846 remiseritis
3253 2800 3488 2860 peccata,
3518 2802 3599 2842 re-

2003 2891 2282 2942 mittuntur
2306 2888 2414 2952 eis;
2445 2897 2490 2940 et
2513 2901 2736 2958 quorum
2769 2883 3110 2946 retinueritis,
3144 2883 3453 2935 retinentur.
3494 2880 3598 2934 Ec~

2003 2981 2181 3035 ciesire
2211 2980 2475 3046 cbaritas,
2507 2992 2627 3048 quae
2653 2991 2751 3048 per
2779 2977 3041 3047 Spiritum
3065 2985 3316 3030 sanctum
3344 2969 3599 3029 diffundi-

2007 3075 2096 3126 tur
2125 3072 2178 3124 in
2205 3068 2457 3125 cordibus
2483 3069 2683 3122 vestris
2705 3110 2720 3132 ,
2751 3066 3076 3136 participem
3106 3077 3328 3120 suorum
3377 3072 3599 3134 peccata

310 3165 445 3220 stola
473 3163 541 3218 ad
571 3162 882 3218 Corinthios
908 3179 922 3214 :
959 3160 1250 3214 Diuisione:
1277 3158 1536 3212 donorum
1570 3165 1693 3210 sunt
1713 3196 1727 3222 ,
1762 3157 1900 3210 idem
1927 3147 1976 3219 C
2005 3161 2256 3215 dimittit:
2278 3175 2466 3214 eorum
2480 3167 2660 3212 autem
2683 3159 2775 3227 qui
2793 3173 2900 3210 non
2925 3156 3378 3226 suntparticipes,
3396 3161 3592 3210 tenet.-

308 3264 482 3308 autem
515 3253 804 3316 Dominus;
830 3261 878 3305 et
904 3250 1182 3304 divisiones
1204 3248 1566 3319 operationum
1595 3256 1739 3310 sunt,
1762 3245 1902 3299 idem

309 3354 486 3398 autem
519 3343 679 3405 Deus,
713 3345 801 3410 qui
830 3349 1076 3410 operatur
1100 3338 1279 3390 onmia
1306 3337 1361 3389 in
1390 3335 1653 3388 omnibus.
1685 3333 1904 3387 Unicui-

309 3453 408 3507 que
434 3443 606 3487 autem
634 3433 796 3486 datur
815 3429 1171 3498 manifestatio
1209 3425 1438 3496 Spiritus
1462 3425 1531 3479 ad
1557 3427 1613 3478 id
1639 3425 1778 3496 quod
1813 3441 1905 3479 είς-ο

307 3527 468 3597 pedit.
506 3523 612 3576 Alii
635 3522 843 3592 quidem
881 3520 1042 3573 datur
1063 3534 1237 3572 sermo
1262 3517 1554 3586 sapientiae,
1593 3515 1688 3569 alii
1732 3530 1904 3569 sermo

307 3618 540 3672 scientia:
568 3614 855 3669 secundum
884 3611 1122 3666 eumdem
1168 3609 1423 3681 Spiritum
1442 3649 1456 3674 ,
1488 3608 1583 3662 alii
1608 3608 1781 3678 gratia
1811 3623 1904 3660 san

306 3713 531 3765 uitatum
576 3709 629 3762 in
660 3723 762 3760 uno
791 3704 1022 3776 Spiritu,
1063 3702 1157 3758 alii
1191 3703 1322 3772 ﬁdes
1362 3702 1419 3755 in
1456 3701 1637 3754 eodem
1677 3698 1901 3770 Spiritu,

307 3805 401 3859 alii
449 3800 681 3873 operatio
723 3799 1001 3862 uirtutum,
1042 3795 1135 3850 alii
1171 3795 1479 3866 prophetia,
1522 3791 1624 3873 alii
1651 3793 1905 3846 discretio

307 3871 608 3970 spirituum,
635 3891 728 3947 alii
753 3906 943 3962 genera
972 3889 1295 3960 linguarum,
1326 3886 1417 3940 alii
1447 3871 1905 3955 interpretationes

309 4003 611 4045 sermonum
653 4004 670 4042 :
721 3984 898 4038 omnia
951 3982 1062 4036 lucc
1106 3989 1356 4050 operatur
1395 3994 1531 4031 unus
1579 3986 1735 4047 atque
1763 3975 1906 4029 idem

311 4079 568 4150 Spiritus,
599 4076 836 4130 dividens
865 4074 1145 4144 unicuique
1173 4081 1328 4144 prout
1357 4070 1462 4124 vult
1492 4068 1546 4141 (ι
1571 4068 1695 4123 Cor.
1726 4082 1827 4132 xu,
1870 4068 1904 4122 4

307 4167 495 4240 seqq.).
550 4165 695 4236 Ergo
748 4165 1008 4220 Dominus
1070 4172 1195 4233 post
1236 4160 1695 4217 resurrectionem
1749 4174 1906 4215 suam

307 4260 459 4330 juxta
491 4254 1046 4326 Luca'Evangeiium
1095 4255 1350 4310 dixerat:
1395 4253 1510 4324 Ego
1536 4255 1742 4307 mittam
1781 4268 1908 4323 pro-

307 4354 609 4407 missionem
639 4347 818 4402 Patris
849 4349 948 4401 mei
976 4348 1032 4400 in
1060 4363 1148 4400 vos
1174 4359 1192 4397 :
1222 4362 1309 4400 vos
1338 4357 1513 4400 autem
1537 4347 1708 4401 sedete
1737 4349 1796 4400 in
1823 4349 1904 4401 ci-

307 4446 484 4507 vitate,
537 4440 878 4512 quoadusque
901 4438 1202 4491 induamini
1246 4438 1487 4492 oirtutem
1516 4451 1581 4493 ett:
1607 4439 1716 4493 alto
1746 4439 1900 4511 (Luc.

309 4549 463 4597 xxrv,
495 4533 611 4604 49).
647 4530 715 4585 Et
735 4529 892 4600 juxta
920 4528 1170 4584 eumdem
1200 4529 1254 4582 in
1285 4526 1653 4598 apostolorum
1677 4528 1903 4584 Actibus

309 4633 394 4678 cst
419 4624 631 4679 locutus
665 4641 676 4677 :
716 4621 976 4692 Prtrcepit
1010 4621 1086 4675 eis
1125 4619 1190 4673 ab
1233 4618 1614 4690 Hierosolymis
1641 4633 1707 4674 ne
1735 4619 1904 4673 disce-

309 4714 514 4777 derent,
540 4712 628 4766 sed
671 4719 1027 4782 exspectarent
1061 4710 1458 4781 promissionem
1495 4707 1698 4775 Patris,
1742 4719 1902 4780 quam

309 4805 552 4867 audistis,
579 4804 764 4873 inquit,
813 4820 904 4872 per
932 4819 989 4857 os
1017 4816 1210 4856 meum.
1244 4801 1387 4868 Quia
1426 4797 1662 4856 Joannes
1691 4802 1907 4872 quidem

310 4895 590 4969 baptizavit
621 4907 780 4965 aqua,
805 4911 892 4948 vos
921 4904 1096 4948 autem
1121 4895 1518 4964 baptisabimitti
1544 4893 1750 4966 Spiritu
1779 4909 1903 4950 san-

311 5000 394 5044 cto
425 5006 527 5043 non
556 4997 670 5059 post
699 4983 892 5040 multos
915 4986 1016 5039 llos
1051 4985 1164 5039 dies
1194 4987 1336 5058 (Act.
1374 5001 1414 5051 ι,
1465 4985 1542 5057 5).
1575 4987 1811 5043 Rursum
1845 4989 1900 5043 in

311 5081 420 5136 tiae
445 5079 723 5152 Evangelii
751 5076 1049 5134 secundum
1078 5074 1343 5132 Joannem
1369 5087 1436 5132 eo
1466 5078 1554 5134 die
1587 5087 1694 5148 quo
1721 5088 1905 5134 resur-

313 5180 555 5237 rexerat,
593 5173 650 5228 id
676 5179 778 5237 est,
823 5169 912 5225 die
947 5168 1227 5224 Dominica
1256 5167 1455 5224 clausis
1477 5169 1658 5239 ianuis
1683 5173 1752 5227 ad
1777 5181 1904 5242 spoa

317 5260 484 5316 stolos
527 5262 779 5320 introisse
829 5268 1107 5326 narratur,
1156 5267 1213 5315 et
1257 5256 1460 5314 dixisse
1494 5263 1577 5316 eis
1615 5264 1853 5319 secundo
1887 5279 1901 5318 :

315 5350 438 5408 Pas:
464 5353 637 5418 vobis;
665 5362 721 5409 et
750 5355 998 5410 intulisse
1026 5371 1039 5408 :
1070 5351 1222 5408 Sicut
1247 5352 1389 5406 misit
1417 5364 1500 5408 me
1527 5351 1707 5420 Pater,
1735 5365 1784 5410 et
1813 5365 1908 5426 ego

316 5446 469 5501 mitto
515 5461 622 5500 vos.
670 5445 788 5500 Hoc
823 5461 942 5501 cum
969 5446 1214 5511 dicitur,
1253 5445 1534 5517 insaniam
1570 5451 1620 5500 et
1661 5447 1793 5502 dixit
1833 5445 1910 5502 eis

318 5535 548 5607 Accipite
574 5534 831 5606 Spiritum
873 5548 1139 5604 sanctum,
1183 5545 1410 5608 quarunt
1447 5537 1755 5593 remittet-itis
1796 5551 1910 5608 pec-

388 5725 413 5755 ι
455 5713 683 5770 Sanctus
714 5713 1090 5785 Hieronymus,
1121 5715 1279 5784 epist.
1309 5713 1429 5780 120,
1456 5729 1574 5786 cap.
1598 5717 1650 5771 9.

2073 3252 2217 3306 idem
2251 3264 2469 3321 quoque
2492 3250 2824 3321 Augustinus
2850 3249 2904 3302 in
2937 3247 3076 3301 libro
3102 3256 3299 3318 quarto
3329 3248 3395 3302 de
3419 3245 3602 3300 Trini-

2005 3352 2113 3398 tate
2141 3386 2154 3408 ,
2198 3359 2289 3398 xxi
2329 3344 2566 3415 capitulo
2595 3343 2971 3415 praescriptum
2999 3353 3277 3410 exponens
3307 3339 3599 3410 capitulum

2007 3444 2238 3493 testatur
2257 3438 2399 3507 quod
2421 3437 2730 3508 unigenitus
2754 3433 2851 3489 Dei
2879 3431 3049 3486 Filius
3070 3432 3330 3503 Spiritum
3353 3437 3600 3485 sanctum

2005 3539 2036 3582 a
2067 3543 2125 3584 se
2154 3529 2450 3598 procedere
2479 3527 2721 3581 declarat
2743 3567 2756 3591 ,
2804 3523 3124 3580 insuliiando
3166 3523 3220 3576 in
3248 3520 3519 3592 apostolos
3548 3528 3602 3573 et

2006 3619 2233 3677 dicendo
2287 3636 2299 3674 :
2353 3618 2586 3690 Accipite
2618 3614 2874 3688 Spiritum
2912 3625 3174 3671 sanctum.
3214 3613 3352 3667 Hinc
3381 3617 3602 3665 sanctus

2005 3708 2342 3782 AuguStinus
2379 3709 2546 3766 dicit:
2583 3729 2601 3760 (
2633 3707 2742 3764 Nec
2771 3719 3060 3780 possumus
3091 3706 3273 3761 dicere
3307 3702 3448 3773 quod
3478 3700 3602 3771 Spi-

2006 3805 2145 3856 ritus
2173 3811 2395 3856 sanctus
2427 3807 2483 3855 et
2530 3815 2560 3853 a
2592 3797 2728 3854 Filio
2757 3813 2860 3854 non
2909 3799 3200 3869 procedat;
3251 3808 3427 3863 neque
3455 3793 3601 3846 enim

2006 3883 2210 3945 frustra
2245 3889 2384 3945 idem
2422 3888 2658 3958 Spiritus
2684 3896 2739 3942 et
2778 3887 2956 3942 Patris
2983 3895 3038 3939 et
3059 3884 3182 3938 Filii
3213 3883 3450 3952 Spiritus
3477 3882 3604 3938 dici-

2007 3991 2114 4038 tur.
2160 3982 2271 4038 Nec
2310 3981 2468 4036 video
2505 3979 2635 4050 quid
2673 3978 2818 4033 aliud
2848 3977 3156 4045 significare
3181 3974 3436 4038 voluerit,
3476 3985 3602 4028 cum

2006 4074 2225 4129 sufflans
2248 4075 2352 4127 ait:
2374 4072 2605 4143 Accipite
2629 4069 2882 4142 Spiritum
2905 4076 3141 4123 sanctum
3165 4066 3344 4136 (Joan.
3370 4076 3462 4130 xx,
3483 4064 3600 4136 ‘22).

2006 4165 2192 4233 Neque
2217 4163 2362 4219 enim
2396 4161 2556 4218 flatus
2586 4159 2674 4216 ille
2700 4169 3014 4231 corporeus,
3061 4171 3183 4213 cum
3222 4171 3385 4212 sensu
3407 4165 3605 4227 corpo-

2007 4257 2197 4310 raliter
2238 4255 2491 4326 tangendi
2538 4251 2838 4324 procedens
2881 4265 2946 4307 ex
2995 4263 3244 4321 corpore,
3297 4249 3604 4305 substantia

2008 4347 2243 4417 Spiritus
2267 4348 2442 4402 sancti
2474 4345 2596 4411 fuit,
2627 4345 2723 4401 sed
2751 4343 3142 4402 demonstratio
3166 4357 3262 4412 per
3300 4355 3600 4412 congruam

2009 4439 2482 4511 significationem,
2528 4453 2634 4491 non
2666 4446 2876 4492 tantum
2907 4453 2937 4490 a
2967 4432 3149 4500 Patre,
3182 4435 3274 4489 sed
3315 4441 3371 4487 et
3397 4449 3428 4487 a
3467 4431 3605 4487 Filio

2009 4537 2304 4606 procedere
2337 4531 2600 4604 Spiritum
2632 4540 2898 4594 sanctum,
2940 4539 3088 4585 certa
3133 4537 3232 4583 est.
3277 4526 3409 4594 Quis
3458 4527 3603 4581 enim

2011 4626 2450 4685 dementissimus
2482 4623 2704 4688 dixerit,
2754 4621 2916 4675 alium
2966 4619 3132 4674 fuisse
3181 4617 3440 4689 Spiritum
3481 4632 3604 4672 san-

2009 4726 2156 4775 etum
2177 4729 2337 4786 quem
2363 4713 2586 4770 sumans
2608 4712 2774 4777 dedit,
2819 4720 2873 4766 et
2899 4710 3062 4764 alium
3084 4723 3244 4780 quem
3273 4719 3395 4779 post
3415 4723 3607 4764 ascen-

2009 4813 2217 4867 sionem
2246 4825 2399 4864 suam
2424 4803 2614 4863 misit?
2646 4806 2796 4862 Unus
2822 4805 2965 4858 enim
2997 4799 3234 4873 Spiritus
3255 4809 3337 4857 est
3367 4797 3604 4872 Spiritus

2013 4905 2106 4959 Dei
2136 4903 2370 4974 Spiritus
2411 4899 2592 4955 Patris
2642 4907 2700 4954 et
2753 4897 2896 4962 Filii,
2932 4895 3170 4965 Spiritus
3214 4902 3456 4956 sanctus,
3507 4893 3604 4961 qui

2003 5009 2262 5071 operatur
2287 4997 2468 5052 omnia
2493 4995 2547 5049 in
2577 4994 2847 5050 omnibus.
2881 4990 3036 5057 Quod
3056 5005 3184 5061 ergo
3209 4989 3286 5042 ait
3315 4988 3603 5053 Dominus,

2004 5103 2155 5160 quem
2179 5105 2271 5159 ego
2296 5089 2498 5142 mittam
2525 5085 2664 5140 vobis
2693 5103 2725 5138 a
2766 5081 2949 5147 Patre,
2982 5080 3220 5137 ostendit
3258 5077 3520 5152 Spiritum
3551 5088 3608 5136 et

2005 5179 2187 5234 Patris
2211 5187 2266 5233 et
2293 5178 2434 5233 Filii.
2462 5178 2597 5244 Quia
2626 5177 2790 5231 etiam
2825 5191 2947 5230 cum
2981 5175 3226 5237 dixisset,
3264 5191 3418 5246 quem
3439 5175 3606 5228 mittet

2010 5268 2193 5336 Pater,
2239 5268 2467 5334 addidit,
2517 5270 2570 5322 in
2607 5268 2816 5322 nomine
2865 5279 3013 5330 meo;
3050 5281 3158 5321 non
3199 5273 3381 5321 tamen
3425 5265 3602 5320 dixit:

2015 5371 2167 5432 quem
2192 5361 2356 5414 mittet
2385 5359 2545 5413 Pater
2580 5373 2612 5412 a
2649 5373 2754 5426 me,
2786 5359 3239 5430 quemadmodum
3274 5359 3428 5422 dixit,
3451 5372 3606 5430 quem

2016 5463 2111 5519 ego
2136 5452 2341 5504 mittam
2380 5451 2521 5505 vobis
2562 5463 2595 5504 tt
2622 5447 2786 5504 Patre
2809 5464 2828 5503 .'
2854 5451 3104 5507 videlicet
3125 5448 3436 5515 ostendens,
3463 5451 3608 5522 quod

2018 5543 2180 5597 totius
2211 5542 2528 5608 divinitatis,
2555 5541 2641 5597 vel
2667 5543 2713 5597 si
2741 5543 2935 5598 melius
2963 5542 3180 5606 dicitur,
3212 5536 3436 5598 Deitatis
3458 5543 3608 5613 prin-

2087 5715 2113 5752 δ
2159 5710 2235 5768 Ex
2264 5714 2324 5772 S.
2359 5717 2520 5788 Aug.,
2560 5727 2718 5772 tract.
2744 5733 2867 5773 cxxt
2898 5718 2949 5773 in
2971 5709 3152 5773 Joan..
3194 5731 3344 5774 num.
3374 5717 3462 5776 45.
