3906 6186
225 363 282 419 ες,
985 352 1400 413 DOGMATICA.
1443 382 1513 398 -
1549 352 1680 413 un.
1723 336 1818 414 nr.
1855 350 2329 414 ruonsssttm;
2368 344 2426 413 ς.
2467 340 2800 418 stautros.
3437 371 3513 427 70

222 477 419 550 cipium
468 473 639 530 Pater
682 482 791 529 est.
843 472 970 541 Qui
994 482 1125 545 ergo
1161 490 1227 529 ex
1270 468 1434 529 Patre
1472 469 1719 544 procedit
1760 485 1815 531 et
1844 476 1890 538 Α
1918 480 2055 542 quas
2080 468 2247 528 iidem
2273 473 2373 542 ipsi
2401 470 2611 544 ρωπίαιί
2633 477 2915 545 pontiﬁces
2937 480 3288 550 scripserunt,
3308 491 3364 537 et
3389 497 3509 555 qua:

221 569 373 635 Filio,
397 566 468 622 ad
490 580 621 623 eum
648 562 886 621 refertur
905 574 936 619 a
967 577 1076 636 quo
1106 572 1265 620 natus
1289 568 1373 621 est
1403 560 1589 622 Filius.
1622 580 1642 619 ι

283 676 451 755 747
487 676 641 736 Idem
685 695 902 751 quoque
936 676 1185 751 egregius
1210 676 1399 735 doctor
1422 676 1757 752 Augustinus
1787 694 1812 723 α

222 776 601 833 auctoritatem
625 783 939 833 sanctorum
969 774 1448 846 cvangelistarum,
1479 772 1640 830 Luca:
1667 776 1817 831 vide-

225 869 338 924 licet
382 873 441 923 et
478 865 715 922 Joannis
737 866 1035 936 sequendo,
1066 867 1122 921 in
1168 866 1307 922 libro
1330 878 1401 921 xv
1432 868 1499 922 de
1528 867 1810 934 Triuitate,

226 972 340 1017 xm
374 961 616 1033 capitulo
639 956 904 1031 Spiritum
936 968 1186 1014 sanetum
1217 974 1247 1014 a
1273 957 1434 1015 Patre
1456 968 1512 1015 et
1533 956 1670 1015 Filio
1690 976 1816 1032 pro-

227 1053 413 1108 cedere
441 1060 680 1106 testatur
709 1050 898 1105 dicens
938 1067 952 1103 :
1012 1068 1030 1101 t
1066 1040 1124 1104 in
1156 1048 1247 1103 illa
1289 1064 1501 1104 summa
1528 1051 1812 1116 Trinitate,

228 1159 337 1214 qua:
383 1135 531 1198 Deus
558 1148 664 1208 est,
713 1132 1002 1196 intervalla
1031 1150 1335 1211 temporum
1361 1141 1507 1196 nulla
1535 1148 1681 1209 sunt,
1718 1158 1815 1213 per

227 1248 338 1306 qua:
365 1228 542 1306 possit
566 1234 818 1301 ostendi,
852 1238 944 1288 aut
965 1234 1151 1289 saltem
1178 1234 1415 1305 requiri,
1457 1244 1635 1290 utrum
1665 1234 1815 1309 prius

226 1324 286 1379 de
312 1321 471 1379 Patre
498 1330 661 1379 natus
686 1325 762 1378 sit
784 1316 976 1389 Filius,
1007 1334 1061 1378 et
1091 1332 1275 1394 postea
1306 1326 1372 1380 de
1407 1322 1668 1385 ambobus
1691 1330 1815 1397 pro-4

229 1414 449 1470 cesserit
474 1412 717 1485 Spiritus
742 1418 999 1479 Sanctus;
1030 1412 1284 1484 quoniam
1316 1410 1597 1485 Scriptura
1627 1421 1813 1469 Saucia

229 1504 486 1576 Spiritum
509 1518 632 1559 eum
663 1506 799 1561 dicit
836 1500 1136 1560 amborum.
1170 1498 1288 1575 ipSe
1312 1504 1395 1560 est
1418 1507 1584 1570 enim,
1612 1504 1678 1561 de
1706 1520 1812 1576 quo

230 1596 359 1651 dicit
401 1591 695 1666 Apostolus
741 1613 757 1650 :
822 1588 1083 1662 Quoniam
1129 1607 1304 1649 autem
1343 1597 1461 1650 estis
1507 1595 1631 1667 (itii,
1669 1598 1812 1650 misit

229 1686 371 1741 Deus
414 1686 663 1757 Spiritum
696 1679 830 1740 Filii
863 1687 946 1740 sui
971 1687 1025 1740 in
1055 1687 1215 1740 corda
1248 1694 1428 1741 nostra
1452 1683 1593 1759 (Gal.
1628 1682 1701 1753 tv,
1730 1676 1817 1760 ti).

230 1779 296 1834 Et
326 1781 441 1851 ipse
466 1789 566 1845 est,
591 1778 657 1834 de
682 1790 795 1851 quo
823 1778 957 1835 dicit
981 1779 1122 1834 idem
1146 1777 1314 1834 Filius
1346 1799 1357 1831 :
1405 1776 1529 1835 Non
1554 1780 1690 1835 enim
1724 1798 1810 1835 vos

226 1878 345 1929 estis
371 1876 463 1946 qui
501 1872 794 1946 loquimini,
827 1874 918 1929 sed
943 1873 1171 1945 Spiritus
1210 1872 1391 1933 Patris
1439 1879 1591 1932 vestri
1615 1874 1704 1952 qui
1734 1877 1811 1933 lo-

227 1970 398 2035 quitur
428 1970 487 2022 in
525 1969 665 2023 vobis
693 1964 910 2040 (Μιιιιιι.
940 1985 996 2035 x,
1022 1959 1136 2040 ΞΟ).
1162 1966 1232 2025 Et
1256 1971 1440 2026 multis
1468 1968 1588 2026 aliis
1607 1966 1815 2028 divino-

229 2074 338 2113 rum
378 2061 720 2130 eioquiorum
766 2062 1094 2118 testimoniis
1134 2064 1521 2134 comprobatur
1560 2056 1739 2129 Patris
1762 2073 1816 2125 et

229 2150 337 2205 Filii
360 2166 489 2207 esse
510 2148 797 2222 Spiritum,
838 2153 931 2224 qui
972 2155 1191 2226 proprie
1234 2154 1434 2211 dicitur
1466 2150 1519 2210 in
1551 2150 1816 2219 Trinitate

230 2243 467 2313 Spiritus
492 2252 732 2299 sanctus.
748 2244 822 2300 De
841 2262 948 2315 quo
977 2245 1105 2300 item
1129 2240 1260 2301 dicit
1282 2245 1395 2316 ipse
1414 2240 1621 2302 Filius:
1649 2232 1815 2312 Quem

229 2350 316 2405 ego
344 2334 504 2388 mitto
535 2335 676 2389 vobis
699 2346 731 2388 a
758 2331 915 2390 Patre
944 2333 1127 2407 (loan.
1161 2351 1256 2401 xv,
1280 2328 1393 2407 26).
1427 2330 1495 2390 Et
1521 2335 1627 2393 alio
1656 2333 1774 2391 loco
1798 2351 1812 2391 :

235 2419 392 2489 Quem
414 2423 590 2477 mittet
611 2420 773 2478 Pater
792 2424 847 2479 in
877 2426 1083 2479 nomine
1111 2442 1225 2478 meo
1259 2420 1441 2497 (Joan.
1466 2442 1577 2492 xiv,
1601 2418 1713 2498 96).
1740 2418 1817 2484 De

235 2518 450 2581 utroque
476 2516 659 2567 autem
689 2514 982 2583 procedere
1019 2514 1098 2568 sic
1140 2511 1386 2580 docetur,
1423 2515 1556 2593 quia.
1582 2510 1696 2585 ipse
1730 2506 1816 2570 iii-

235 2599 324 2657 lius
350 2604 428 2657 ait
459 2619 474 2657 :
509 2600 590 2657 De
632 2599 796 2657 Patre
833 2598 1068 2674 praeedit
1113 2608 1131 2656 .‘
1179 2619 1304 2659 cum
1350 2606 1745 2664 resurrexisset
1782 2621 1815 2661 a

235 2694 470 2758 mortuis,
500 2703 558 2749 et
600 2695 947 2765 apparuisset
974 2693 1247 2764 discipulis
1276 2688 1410 2761 suis,
1439 2690 1727 2769 lusu/ﬂavit
1766 2705 1815 2751 et

233 2785 340 2838 sit:
387 2780 619 2854 Aecipite
662 2783 923 2857 Spiritum
964 2793 1203 2838 sanctum
1237 2782 1420 2856 (Joan.
1471 2802 1563 2851 xx,
1611 2782 1727 2858 ‘22),
1756 2790 1817 2842 ut

232 2884 347 2927 enim
372 2874 536 2928 etiam
577 2872 643 2929 de
675 2887 735 2929 se
777 2873 1070 2945 procedere
1107 2874 1434 2930 ostenderet.
1468 2868 1534 2930 Et
1575 2872 1691 2947 ipsa
1731 2885 1818 2932 est

232 2966 410 3030 virtus,
436 2976 553 3034 qua:
593 2965 656 3019 de
695 2963 789 3018 illo
821 2964 1019 3030 exibat,
1041 2962 1183 3019 sicut
1218 2964 1416 3036 legitur
1440 2966 1495 3023 in
1523 2962 1815 3039 Evangelia

231 3056 515 3111 semiudum
542 3054 766 3120 Lucam,
801 3060 850 3110 et
878 3056 1096 3111 tonabat
1127 3070 1324 3111 omnes.
1361 3077 1380 3110 ι

291 3145 445 3202 Luem
470 3146 618 3202 enim
644 3148 699 3202 in
725 3160 792 3203 eo
816 3142 959 3214 loco,
984 3148 1035 3201 in
1059 3163 1165 3217 quo
1186 3148 1381 3218 legitur
1406 3145 1459 3201 in
1480 3142 1770 3229 Evangelio
1795 3166 1807 3201 :
1836 3168 1881 3240 α

234 3239 327 3310 Ego
364 3241 595 3311 cognovi
639 3241 899 3296 virtutem
946 3241 1012 3296 de
1041 3256 1126 3296 me
1151 3240 1348 3297 exiisse
1392 3238 1540 3313 (Luc.
1573 3249 1651 3313 vi,
1702 3226 1808 3312 19),

231 3326 435 3385 eiii:ch
461 3330 663 3385 divinat
690 3330 987 3385 curationis
1011 3328 1179 3384 virtus
1200 3324 1422 3401 intelligi
1449 3337 1649 3401 potest,
1673 3324 1823 3386 sicut

233 3421 405 3476 beatus
432 3419 757 3493 Fulgentius
783 3422 1052 3490 expOSuit.
1088 3422 1423 3492 Augustinus
1451 3429 1630 3477 tamen
1657 3422 1810 3487 dicit,

234 3510 355 3581 quod
380 3510 796 3583 processionem
837 3510 1072 3583 Spiritus
1118 3513 1289 3568 sancti
1329 3529 1361 3567 a
1389 3512 1528 3569 Filio
1554 3513 1729 3569 Lucas
1756 3514 1812 3568 in

235 3605 533 3674 praeripio
572 3604 779 3659 indicat
819 3603 1056 3674 capitulo
1082 3605 1343 3661 dicendo:
1379 3604 1519 3672 Quia
1556 3607 1718 3661 virtus
1749 3606 1814 3662 de

234 3688 307 3745 ilio
328 3694 524 3748 exibat.
554 3692 613 3748 in
654 3688 895 3765 prteiatis
919 3694 1083 3766 igitdr
1108 3697 1279 3751 sancti
1309 3695 1587 3768 Evangelii
1618 3714 1811 3753 secun-

235 3787 341 3841 dum
380 3785 591 3840 Lucam
619 3790 675 3840 et
713 3782 976 3841 Joannem
1016 3787 1379 3854 sermonibus,
1406 3797 1462 3843 et
1489 3786 1543 3843 in
1573 3788 1813 3861 Epistola

235 3875 458 3948 ejusdem
498 3876 752 3943 Joannis,
794 3884 913 3948 qna:
937 3886 1041 3933 una
1065 3870 1131 3933 de
1161 3885 1369 3947 septem
1399 3887 1482 3935 est
1509 3880 1812 3947 catholicis,

236 3979 402 4041 aperte
426 3966 738 4025 ostenditur
764 3967 999 4041 Spiritus
1023 3976 1242 4025 sanctus
1262 4010 1278 4035 ,
1302 3969 1393 4041 Qui
1418 3967 1568 4025 Patri
1595 3972 1651 4026 et
1677 3968 1827 4033 Filio,

234 4062 512 4134 comqualis
555 4070 639 4118 est
666 4068 721 4117 et
762 4070 1080 4126 coaeternus,
1113 4061 1257 4134 quod
1303 4079 1333 4118 a
1373 4059 1536 4120 Patre
1571 4062 1827 4143 Filioque.

233 4153 490 4226 procedit,
536 4153 683 4209 sicut
724 4156 837 4207 tam
883 4152 1129 4223 praedicti
1168 4152 1387 4219 Patres,
1418 4153 1528 4208 Leo
1567 4150 1819 4211 videlicet

234 4258 394 4317 papa,
419 4242 712 4319 Gmgorius
736 4244 1135 4323 Nazianzenus,
1156 4242 1539 4318 Hieronymus,
1565 4244 1819 4319 Augusti-

236 4354 360 4404 nus,
388 4338 552 4392 verba
576 4339 748 4393 sancti
781 4334 1053 4409 Evangelii
1085 4334 1191 4393 ﬁda
1220 4338 1557 4408 expositione
1592 4340 1815 4396 investi-

235 4429 427 4500 gando,
454 4430 632 4484 testati
659 4438 807 4485 sunt.

1916 563 1971 617 in
1992 565 2480 635 conspectu-tutius
2510 566 2780 638 Epheseni
2810 579 2864 625 et
2892 566 3374 643 Chalcedonensis,
3403 586 3507 634 nec

1915 662 2022 710 non
2045 664 2103 711 et
2147 655 2201 711 in
2245 654 2421 727 quinti
2446 660 2680 727 concilii,
2720 663 2861 732 quod
2898 664 2998 719 Sub
3025 664 3222 736 Vlgilio
3271 676 3409 741 papa
3440 676 3497 727 et

1913 744 2219 802 iustiniauo
2258 749 2501 820 principe
2548 750 3015 826 Constantinopoli
3070 766 3353 828 pernotum
3395 767 3504 828 est,

1915 839 2202 907 praesentia
2236 837 2391 894 lectae
2418 849 2581 911 atque
2608 840 2852 912 probatae
2878 854 3024 901 sunt.
3065 844 3304 915 Quarum
3340 850 3507 908 etiam

1915 929 2293 983 auctoritatem
2319 934 2523 985 rectam
2546 938 2706 1001 atque
2730 934 3089 1004 probabilem,
3120 934 3357 1009 Spiritus
3381 948 3507 996 San-

1915 1018 1989 1072 cti
2020 1018 2383 1075 illustratione
2409 1037 2747 1092 expressam,
2773 1028 3099 1097 expositioni
3128 1046 3158 1084 a
3185 1038 3376 1086 saneto
3408 1030 3507 1086 Ni-

1915 1122 2066 1162 caeno
2084 1109 2310 1164 concilio
2335 1108 2510 1175 factae,
2539 1123 2595 1169 et
2620 1112 2746 1169 ﬁdei
2776 1125 2831 1168 et
2855 1117 3053 1196 regulis
3091 1118 3436 1196 [consonam]
3471 1136 3507 1178 tt

1914 1197 2102 1251 sancta
2149 1206 2203 1253 et
2230 1210 2427 1269 magna
2467 1199 2736 1270 Ephesina
2767 1188 2972 1275 synodo
3001 1188 3307 1277 expositam
3335 1188 3506 1265 Chai-

1915 1287 2233 1342 cedouensis
2260 1289 2497 1359 synodus
2527 1292 2701 1346 credit
2721 1307 2841 1347 esse
2868 1294 2941 1348 ita
2974 1296 3160 1352 dicens
3196 1312 3212 1352 :
3258 1317 3277 1350 ι
3306 1299 3509 1355 Didici-

1914 1388 2037 1429 mus
2066 1384 2281 1431 sanctos
2309 1376 2502 1432 Patres
2530 1379 2703 1448 sequi.
2744 1381 2955 1437 Etenim
2980 1383 3170 1442 Patres
3190 1389 3386 1455 nostri,
3412 1390 3508 1460 qui

1915 1464 1970 1519 in
2001 1465 2215 1525 Nicaena
2234 1479 2755 1538 convenerunt,non
2782 1488 2814 1527 a
2843 1477 3151 1547 semetipsis
3187 1479 3351 1537 locuti
3378 1491 3511 1539 sunt

1919 1574 2040 1629 qute
2082 1558 2248 1614 locuti
2278 1569 2428 1626 sunt,
2455 1563 2550 1617 sed
2575 1564 2721 1633 quod
2750 1564 2988 1635 Spiritus
3017 1579 3242 1627 satiatus
3262 1572 3507 1629 dictavit.

1916 1640 2180 1706 Similiter
2199 1653 2580 1708 sanctissimus
2605 1664 2663 1711 et
2681 1657 2793 1713 Deo
2823 1659 3036 1716 amicus
3064 1661 3257 1719 beatus
3278 1663 3511 1736 Cyrinus

1914 1755 1981 1795 ex
2013 1736 2220 1813 Spiritu
2262 1752 2474 1810 sancto,
2513 1760 2634 1814 qum
2657 1756 2786 1817 sunt
2809 1760 3122 1809 sanctorum
3147 1753 3395 1820 Patrum,
3426 1756 3508 1811 lo—

1844 1816 1886 1885 Β
1916 1840 2074 1885 cutus
2101 1840 2185 1887 est
2208 1840 2263 1888 et
2285 1834 2486 1890 docuit.
2527 1856 2547 1888 ›
2581 1836 2649 1891 Et
2673 1816 2796 1908 post
2831 1855 3005 1910 pauca
3040 1843 3228 1901 eadem
3255 1816 3509 1914 praedicta

1917 1916 2153 2003 synodus
2180 1924 2309 1979 dicit
2334 1943 2346 1978 :
2385 1944 2404 1976 ι
2442 1925 2664 1985 Lectam
2692 1944 2725 1983 a
2750 1939 2938 1986 sancta
2961 1933 3171 2004 synodo
3196 1944 3509 1992 sanctorum

1917 2014 2143 2069 Patrum
2168 2016 2556 2089 expositionem
2575 2059 2590 2084 ,
2623 2029 2678 2074 et
2706 2020 2878 2077 lectas
2901 2024 3058 2079 nobis
3085 2024 3344 2095 epistolas
3378 2043 3510 2083 san»

1917 2103 2143 2160 ctissimi
2176 2115 2233 2162 et
2258 2106 2369 2164 Deo
2405 2109 2553 2179 digni
2603 2112 2878 2183 quondam
2924 2116 3164 2188 episcopi
3213 2116 3427 2190 Cyriili,
3455 2127 3508 2174 et

1916 2197 2189 2275 expositas
2218 2198 2433 2269 regulas
2457 2207 2513 2254 et
2555 2198 2715 2256 ﬁdem
2742 2218 2773 2256 a
2797 2212 2983 2259 sancta
3011 2213 3071 2260 et
3102 2221 3299 2278 magna
3328 2208 3511 2277 Ephe-

1916 2280 2055 2352 sina,
2086 2301 2321 2342 consona
2349 2289 2530 2342 omnia
2568 2292 2952 2361 comperimus.
2984 2313 3005 2351 »
3038 2294 3209 2366 igitur
3229 2305 3285 2354 et
3309 2313 3409 2367 ego
3430 2300 3516 2356 sic

1915 2377 2078 2433 credo
2102 2387 2158 2433 et
2183 2379 2467 2444 conﬁteor,
2500 2388 2555 2436 et
2582 2384 2674 2452 qui
2703 2392 2903 2455 praeter
2931 2386 3050 2443 haec
3075 2388 3241 2458 sapit,
3270 2388 3507 2447 aliemtm

1909 2466 2095 2538 judico
2135 2486 2163 2525 a
2208 2479 2403 2525 sancta
2444 2473 2712 2529 catholica
2739 2474 2987 2532 Ecclesia
3023 2490 3091 2533 et
3119 2495 3150 2533 a
3203 2480 3312 2537 ﬁdo
3358 2490 3510 2540 recta

1916 2554 2277 2617 credentium.
3446 2582 3449 2585 '

1985 2644 2185 2709 Beatus
2209 2654 2375 2723 igitur
2402 2652 2635 2726 Cyriiius
2661 2657 2689 2697 δ
2736 2658 2790 2713 in
2814 2660 3077 2729 prmdicts
3103 2664 3368 2719 canonica
3392 2666 3509 2735 opi-

1915 2736 2055 2797 stoia
2083 2784 2099 2811 ,
2143 2759 2309 2813 quam
2362 2745 2433 2799 ad
2478 2744 2795 2803 Nestorium
2831 2750 3199 2820 conscripsit,
3246 2750 3510 2822 Spiritum

1914 2840 2161 2888 sanctum
2193 2850 2223 2886 a
2251 2834 2413 2889 Patre
2440 2843 2492 2890 et
2517 2826 2656 2891 Filio
2681 2838 2978 2906 procedere
3004 2847 3238 2897 testatur
3263 2843 3452 2900 dicens
3487 2858 3505 2900 :

1922 2938 1940 2971 ι
1967 2916 2224 2989 Quamvis
2251 2932 2335 2981 est
2364 2924 2419 2978 in
2444 2926 2799 2983 subsistentia
2826 2927 3063 2998 Spiritus
3099 2934 3317 3003 speciali
3334 2972 3351 3001 ,
3382 2940 3511 2991 nam

1919 3018 1977 3066 et
2021 3010 2338 3085 intelligitur
2362 3030 2462 3084 per
2493 3030 2553 3071 se
2594 3016 2891 3074 secundum
2921 3019 3253 3092 7484mm
3277 3024 3511 3095 Spiritus

1919 3110 2020 3163 est,
2060 3110 2117 3157 et
2143 3120 2249 3159 non
2276 3105 2474 3170 Filius;
2508 3108 2603 3162 sed
2639 3117 2822 3163 tamen
2851 3125 2958 3165 non
2981 3121 3067 3167 est
3094 3112 3306 3170 alienus
3328 3115 3403 3171 ab
3424 3129 3510 3173 eo.

1915 3189 2149 3266 Spiritus
2194 3198 2338 3253 enim
2379 3200 2625 3254 veritatis
2673 3203 3001 3268 nominatur,
3040 3213 3098 3260 et
3143 3214 3228 3261 est
3264 3205 3510 3264 Christus

1913 3285 2145 3352 veritas,
2176 3301 2231 3346 et
2258 3285 2477 3358 proﬂuit
2504 3289 2574 3347 ab
2599 3304 2700 3357 eo,
2740 3292 2881 3346 sicut
2922 3307 2991 3351 ex
3037 3293 3154 3349 Deo
3181 3302 3237 3351 et
3262 3295 3447 3352 Patre.
3486 3313 3509 3353 ι

1909 3375 2056 3431 idem
2100 3384 2314 3448 qucque
2355 3389 2579 3437 sanctus
2607 3380 2841 3453 Cyrillus
2867 3395 2890 3424 ο
2920 3385 2990 3439 .in
3033 3385 3207 3442 altera
3248 3389 3511 3446 «conice

1911 3468 2161 3539 epistola,
2190 3485 2356 3541 quam
2396 3474 2467 3529 ad
2510 3471 2777 3531 Joannem
2820 3477 3043 3548 scripsit
3082 3480 3510 3549 Antischenum,

1911 3558 2143 3615 similem
2179 3560 2247 3615 de
2282 3560 2517 3633 Spiritus
2566 3566 2740 3621 sancti
2771 3582 2807 3621 a
2847 3566 3011 3625 Patre
3040 3578 3099 3625 et
3127 3569 3266 3627 Filio
3292 3586 3510 3642 procem

1915 3650 2066 3707 sione
2105 3654 2328 3722 protulit
2376 3659 2707 3714 sententiam
2748 3660 2823 3714 ita
2867 3661 3054 3718 dicens
3079 3680 3094 3718 :
3121 3682 3142 3714 ι
3172 3664 3510 3724 Meminimus

1914 3745 2059 3800 enim
2090 3755 2147 3801 et
2196 3747 2440 3805 dicentes
2469 3736 2484 3805 ί
2515 3750 2645 3805 Noli
2669 3756 2966 3824 transgredi
2988 3758 3237 3813 terminos
3261 3768 3504 3830 arma,

1912 3849 2045 3905 quos
2087 3846 2373 3906 posuerunt
2425 3849 2601 3910 patres
2645 3842 2723 3896 tui
2775 3840 2958 3913 (Prov.
2987 3852 3125 3912 xm,
3157 3846 3271 3918 98).
3326 3847 3511 3921 Neque

1913 3926 2060 3981 enim
2105 3925 2468 3997 loquebantur
2510 3929 2612 3996 illi,
2641 3933 2740 3988 sed
2778 3932 3013 4001 Spiritus
3046 3936 3143 3991 Dei
3176 3935 3377 4006 Patris,
3418 3941 3511 4011 qui

1913 4015 2159 4086 procedit
2185 4018 2404 4089 quidem
2432 4034 2499 4075 ex
2529 4021 2668 4092 ipso.
2720 4023 2815 4083 Est
2855 4033 3036 4081 autem
3061 4036 3118 4082 et
3156 4041 3188 4083 a
3227 4025 3365 4086 Filio
3404 4042 3511 4090 non

1915 4108 2126 4163 alienus
2152 4109 2449 4165 secundum
2470 4112 2631 4167 unius
2651 4115 2906 4171 essentia:
2927 4118 3216 4187 rationem,
3240 4129 3297 4177 et
3316 4125 3385 4180 ad
3411 4125 3510 4183 hoc

1916 4198 2094 4267 ipsum
2144 4205 2459 4255 sanctorum
2509 4216 2711 4257 arcana
2754 4202 3066 4262 docentium
3109 4210 3275 4268 verba
3314 4213 3510 4273 conﬁr-

1916 4290 2124 4369 manti
2156 4278 2212 4369 in
2257 4282 2484 4340 Actibus
2533 4296 2769 4360 namque
2830 4291 3197 4362 apostolorum
3246 4298 3510 4369 scriptum

1916 4372 2039 4422 est:
2082 4360 2354 4421 Venientes
2383 4378 2556 4425 autem
2591 4370 2651 4427 in
2677 4360 2879 4429 Asiam?
2898 4377 3168 4434 tentabant
3207 4380 3285 4436 ire
3326 4360 3384 4436 in
3421 4381 3510 4439 Bi-

1919 4452 2153 4541 thyniam
2179 4450 2328 4527 [Ms.,
2359 4447 2652 4535 Bythiam],
2687 4468 2735 4517 et
2764 4481 2869 4520 non
2888 4462 3122 4538 permisit
3162 4486 3251 4525 eos
3282 4468 3511 4541 Spiritus

235 4539 520 4613 uncaque
543 4540 607 4595 de
626 4538 1495 4663 Euna’e’ljp;ua:iti;g:;anouibus
1512 4550 1817 4597 mactarunt
1849 4539 1896 4599 D
1917 4538 2048 4663 1{ﬁsa
2068 4542 2209 4663 Eiet;
2239 4554 2349 4613 avt,
2372 4544 2748 4663 1)..Similiter
2772 4548 2962 4611 scribit
2989 4566 3171 4614 autem
3192 4568 3249 4615 et
3274 4538 3510 4619 admira-

844 4621 1018 4685 atrum
1050 4606 1254 4683 incipit.

298 4724 607 4781 Beatissimi
633 4740 847 4797 quoque
862 4734 926 4795 et
944 4724 1383 4782 reverendissimi
1401 4724 1707 4794 pontiﬁces,
1724 4725 1825 4795 qui

237 4821 430 4875 sanctis
449 4828 507 4874 et
528 4820 817 4889 prmcipuis
840 4820 1126 4887 beatorum
1151 4818 1375 4873 Patrum
1398 4816 1665 4888 prmiuere
1686 4830 1819 4873 cono

412 4917 472 4961 et
497 4923 730 4977 quorum
771 4923 1009 4967 canones
1044 4916 1209 4977 atque
1246 4907 1466 4963 decreta
1496 4906 1821 4965 universalis

236 4999 474 5068 sequitur
484 4997 760 5064 Ecclesia;
781 4998 1019 5070 Cyrilius
1037 4998 1286 5054 videlicet
1305 4997 1655 5054 Alexandria
1672 4997 1821 5053 urbis

237 5092 534 5163 eriswpus,
566 5093 662 5162 qui
688 5092 744 5148 in
773 5093 1049 5164 priseua
1072 5093 1175 5166 [ita
1194 5093 1331 5167 In]
1359 5093 1567 5166 synodo
1589 5108 1653 5148 co
1677 5102 1819 5165 prte-

236 5179 397 5238 tuisse
420 5184 640 5239 videtur
661 5185 931 5256 episcopis
968 5202 983 5241 ε
1028 5201 1131 5247 nec
1150 5197 1260 5247 non
1284 5193 1340 5242 et
1358 5186 1471 5243 Leo
1497 5184 1822 5242 venerabilis

235 5274 540 5343 apostolicae
564 5275 711 5332 sedis
736 5275 980 5349 pontifex
1003 5318 1019 5345 ,
1059 5275 1621 5346 ettjosﬁnetoritntem
1644 5288 1825 5333 scan

233 5361 420 5420 Patres
445 5364 791 5424 Chalcedone
819 5368 1130 5439 congregati
1173 5369 1345 5424 secuti
1383 5376 1528 5432 sunt,
1560 5366 1821 5438 Spiritum

233 5461 477 5509 sanctum
501 5454 572 5510 ab
589 5455 873 5527 unigenito
901 5456 996 5512 Dei
1019 5456 1181 5524 Filio,
1219 5458 1423 5529 quiest
1449 5457 1691 5515 Verbum
1718 5458 1822 5514 Pa-

230 5540 350 5609 tris,
391 5546 685 5616 procedere
730 5547 785 5603 in
837 5548 1111 5623 synodicis
1160 5550 1340 5607 testati
1384 5556 1513 5606 sunt
1551 5550 1823 5621 epistolis,

302 5667 326 5733 ξ
364 5656 445 5733 ξι
466 5657 525 5733 S.
558 5659 840 5733 Aug.,lii1.
862 5672 935 5733 xv
971 5660 1038 5717 de
1060 5661 1345 5729 Trinitate,
1368 5668 1486 5732 cap.

301 5724 328 5804 ξ
366 5726 429 5804 S.
454 5724 768 5804 Cyrillu'sin
792 5726 1060 5804 Ephesina
1093 5724 1487 5804 synodo,'tom.
1520 5730 1585 5788 ill
1609 5732 1816 5792 Concil.

229 5794 426 5869 arieti,
461 5794 582 5873 pag.
625 5802 756 5873 955,
784 5794 933 5859 num.
968 5801 1054 5857 10.

1918 4636 2041 4694 bilis
2068 4632 2271 4695 Paulus
2308 4656 2320 4693 :
2371 4639 2477 4707 Qui
2505 4644 2679 4698 autem
2716 4644 2772 4699 in
2807 4664 2965 4701 carne
2992 4660 3135 4715 sunt,
3164 4649 3371 4722 placere
3396 4653 3506 4710 Deo

1918 4739 2022 4784 non
2048 4739 2285 4800 passum.
2340 4726 2445 4795 Vos
2490 4741 2665 4788 autem
2718 4753 2821 4790 non
2863 4734 2985 4792 estis
3014 4736 3067 4795 in
3098 4758 3285 4808 carne,
3334 4746 3426 4801 sed
3454 4747 3512 4801 in

1917 4818 2139 4889 spiritu;
2169 4820 2423 4892 siquidem
2464 4820 2690 4892 Spiritus
2732 4818 2825 4879 Dei
2850 4813 3120 4886 habitabat
3149 4828 3205 4886 in
3245 4833 3405 4891 vobis.
3444 4833 3517 4895 Si

1916 4908 2033 4979 quis
2059 4919 2233 4963 autem
2259 4906 2510 4981 Spiritum
2532 4904 2728 4968 Christi
2749 4933 2850 4984 non
2871 4916 3045 4987 habet,
3066 4914 3150 4977 hic
3175 4941 3279 4978 non
3299 4932 3375 4979 est
3395 4924 3515 4995 ejus

1920 4998 2099 5073 (Rom.
2130 5016 2253 5065 vui,
2280 5000 2335 5066 8,
2366 5000 2444 5074 9).
2483 5021 2502 5054 ι
2546 4998 2753 5061 Cuncta
2783 5008 2966 5080 igitur,
2998 5027 3119 5083 qua:
3144 5020 3368 5069 sanctus
3405 5004 3512 5085 Cy-

1919 5090 2073 5147 rinus
2101 5099 2155 5148 et
2183 5100 2244 5148 cc
2271 5095 2445 5150 sancti
2474 5095 2666 5153 Patres
2696 5099 2750 5154 in
2771 5092 3044 5173 Ephesius
3073 5098 3279 5176 synodo
3299 5098 3510 5164 collecti

1919 5182 1986 5240 de
2014 5176 2120 5242 ﬁde
2143 5178 2409 5242 Catholica
2439 5194 2493 5246 et
2520 5188 2586 5243 de
2630 5190 3012 5249 ecclesiasticis
3039 5191 3303 5252 institutis
3322 5195 3511 5254 decre-

1922 5284 2138 5340 verunt,
2166 5277 2513 5334 beatissimus
2537 5289 2677 5351 papa
2715 5276 3040 5337 Caelestinus
3088 5280 3386 5354 apostolica
3415 5283 3517 5344 lir-

1922 5371 2091 5427 mavit
2136 5373 2483 5438 auctoritate,
2523 5381 2580 5429 et
2628 5374 2699 5429 ab
2748 5375 3045 5435 universali
3092 5377 3350 5435 Ecclesia:
3392 5394 3515 5437 cre-

1921 5462 2094 5523 denda
2128 5461 2538 5532 esseiudioavit
2575 5475 2747 5536 atque
2783 5466 3075 5537 mea,
3105 5466 3211 5527 hoe
3234 5466 3402 5528 modo
3430 5473 3516 5529 σιμ

1921 5566 2099 5610 cens:
2158 5566 2181 5605 ο
2212 5552 2539 5611 Cmieatinus
2587 5556 2872 5630 episcopus
2914 5560 2967 5615 ά.
3021 5554 3515 5621 Communitortum

1995 5680 2017 5748 ς
2058 5664 2258 5748 iterum
2287 5664 2519 5748 Cyrillus
2553 5670 2608 5726 in
2638 5676 2854 5748 synodo
2878 5676 3169 5748 Ephesius,
3194 5686 3323 5735 tom.
3349 5680 3437 5737 ili.

1992 5739 2018 5779 δ
2058 5739 2303 5817 Mandata
2328 5739 2523 5817 legatis
2540 5739 2747 5817 scripto
2771 5739 3063 5817 impertita,
3088 5739 3511 5806 commonitoria

1923 5818 2211 5878 vocantur,
2251 5812 2327 5867 ait
2365 5811 2673 5893 Severinus:
2699 5811 2883 5874 Biuin's
2913 5820 2967 5876 in
2997 5811 3138 5878 notis
3178 5821 3246 5876 ad
3288 5820 3509 5891 capit.5
