3906 6186
303 5665 316 5690 κ
389 5674 541 5716 nova:
559 5663 689 5718 edit.
715 5664 776 5719 D.

399 324 458 378 Ἠ
1246 325 1306 381 Β.
1348 326 1410 382 F.
1449 326 1674 382 ALBlNl
1711 324 1841 381 SEU
1881 323 2156 382 ALCUlNl
2196 322 2476 382 OPERUM
2517 328 2699 384 PARS
2737 330 2821 385 lll.
3584 332 3657 388 72

398 433 660 508 episcopis
687 442 741 488 et
763 435 1096 506 presbyteris
1123 439 1374 494 euntibus
1401 441 1469 495 ad
1496 439 1791 496 Orientem.
1833 438 1968 493 Cum
1997 442 2046 500 Α
2074 436 2202 492 lium
2224 447 2280 493 et
2307 437 2567 508 Spiritum
2594 438 2842 497 sanctu’m
2870 443 2986 498 sine
3022 444 3338 500 confusione
3367 445 3656 513 indivisos,

401 525 508 582 Deo
531 535 737 590 nostro,
765 527 905 581 sicut
927 528 1197 584 credimus
1225 538 1280 584 et
1306 546 1610 600 speramus,
1633 540 1876 597 auctore,
1904 531 1973 587 ad

397 616 663 673 destinata
691 626 870 672 vestra
893 619 1128 676 cbaritas
1154 623 1365 676 venerit
1384 623 1525 688 loca,
1567 623 1634 678 ad
1669 622 1892 679 fratrem
1918 633 1975 680 et

394 712 772 782 coepiscopum
798 722 1042 769 nostrum
1065 715 1322 786 Cyrillum
1347 717 1630 773 consilium
1658 734 1818 774 omne
1845 737 1973 776 con-

394 803 606 868 vertite,
629 813 683 858 et
711 805 966 875 quidquid
995 806 1048 860 in
1071 806 1185 875 ejus
1200 807 1447 864 videritis
1466 810 1712 875 arbitrio,
1743 809 1972 878 facietis,

394 902 449 948 et
499 899 873 952 auctoritatem
930 901 1074 955 sedis
1110 901 1416 969 apostolica:
1459 904 1719 960 custodiri
1774 905 1972 963 debere

397 986 738 1042 mandamus.
787 1008 806 1040 ι

395 1135 677 1220 [lucusque
693 1141 1092 1220 denquctoritate
1117 1141 1392 1220 Ephesini}:
1415 1147 1633 1220 Synodi.
1662 1153 1714 1206 Ν
1719 1171 1819 1208 unc
1844 1155 1970 1210 inci-

569 1211 644 1279 pit
666 1212 733 1264 de
756 1211 1192 1269 Chalcedonensis
1219 1218 1426 1272 concilii
1454 1211 1786 1277 ductorimte.

461 1378 811 1438 Beatissimus
858 1392 914 1438 et
961 1387 1461 1457 reverendissimus,
1512 1392 1620 1449 Leo
1660 1399 1968 1466 apostolica:

390 1472 537 1528 sedis
560 1475 820 1542 pontifex,
849 1478 1003 1548 cujus
1023 1481 1349 1538 auctoritate
1379 1492 1434 1539 et
1450 1484 1654 1555 judicio
1671 1488 1970 1546 Chalcedo-

391 1563 574 1617 nensis
623 1567 970 1634 comprobata
1005 1575 1092 1622 est
1126 1577 1181 1624 et
1219 1571 1557 1639 conﬁrmata,
1603 1585 1654 1630 et
1685 1579 1798 1648 qui,
1830 1580 1969 1636 sicut

391 1652 558 1706 verba
602 1653 771 1722 ipsius
819 1658 1007 1729 synodi
1043 1667 1330 1728 testantur,
1362 1664 1554 1735 spiritu
1583 1683 1963 1739 prmsenserat,

389 1753 446 1797 et
496 1747 830 1816 complacere
884 1758 1142 1822 tanquam
1199 1755 1460 1812 fratribus
1511 1759 1860 1828 deliberabat,
1913 1775 1968 1820 et
1999 1787 2044 1849 Β

390 1855 489 1909 per
509 1835 726 1898 suorum
740 1844 1064 1901 vicariorum
1083 1863 1287 1918 praesen
1296 1850 1423 1906 tiam
1443 1852 1727 1910 videbatur
1747 1858 1814 1912 ab
1839 1857 1963 1913 illis.

389 1928 489 1984 llic
509 1944 638 2002 ergo
666 1935 956 2002 praedictus
987 1947 1205 1994 sanctus
1233 1939 1342 1996 Leo
1364 1945 1766 2013 processionem
1798 1947 1969 2021 Spiri-

389 2029 477 2076 tus
507 2024 678 2079 sancti
709 2040 740 2080 a
767 2026 904 2082 Filio
928 2029 1213 2085 conﬁrmat
1252 2032 1307 2087 in
1335 2037 1592 2106 synodica,
1615 2041 1860 2111 epistola,
1899 2045 1966 2101 de

386 2125 494 2180 qua
521 2115 682 2184 paulo
702 2125 826 2171 ante
846 2118 1101 2186 diximus,
1125 2137 1288 2192 quam
1314 2126 1531 2196 scripsit
1556 2130 1621 2184 ad
1649 2131 1964 2190 Flavianum

386 2204 995 2279 Constantinopolitano:
1015 2212 1165 2267 urbis
1181 2215 1665 2289 archiepiscopum,
1681 2223 1784 2279 hoc
1806 2227 1965 2283 modo

385 2294 573 2351 dicens
615 2311 632 2351 :
674 2308 701 2337 ι
736 2315 756 2348 σ
791 2297 921 2354 Post
951 2304 1404 2360 resurrectionem
1425 2323 1554 2364 vero
1576 2309 1812 2380 Domini,
1844 2331 1964 2386 qua:

383 2384 569 2454 utique
592 2387 703 2440 veri
734 2391 978 2459 corporis
1004 2389 1125 2457 fuit,
1161 2394 1286 2463 quia
1315 2411 1422 2451 non
1451 2398 1588 2454 alter
1610 2411 1698 2456 est
1730 2384 1966 2462 resusci-

384 2481 544 2537 tatus,
576 2490 738 2545 quam
780 2479 872 2547 qui
911 2478 1086 2534 fuerat
1120 2483 1410 2541 cruciﬁxus
1449 2496 1503 2542 et
1531 2500 1791 2558 mortuus,
1832 2497 1962 2567 quid

383 2563 529 2618 aliud
553 2566 908 2636 quadraginta
931 2568 1140 2626 dierum
1165 2587 1314 2628 mora
1339 2585 1550 2647 gestum
1576 2589 1659 2635 est
1677 2622 1691 2646 ,
1716 2563 1878 2652 quam
1903 2594 1963 2643 ut

385 2652 509 2708 ﬁdei
544 2663 745 2711 nostra:
789 2658 1069 2730 integritas
1107 2663 1176 2718 ab
1222 2667 1368 2720 omni
1406 2668 1633 2741 caligine
1673 2676 1962 2733 mundare-

382 2743 504 2796 ωιιῖ
540 2741 862 2816 Colloquens
887 2749 1031 2804 enim
1061 2767 1183 2806 cum
1206 2753 1482 2826 discipulis
1509 2760 1622 2816 suis
1647 2770 1701 2818 et
1741 2765 1960 2822 cohabi-

382 2840 505 2889 tans
544 2841 708 2904 atque
743 2852 1089 2906 eonvescens,
1135 2852 1189 2899 et
1233 2850 1558 2917 pertractari
1603 2867 1663 2908 se
1692 2853 1958 2927 diligenti,

381 2924 704 2998 curiosoque
732 2938 984 2986 contactu
1022 2935 1090 2990 ab
1118 2935 1186 2992 iis
1211 2977 1226 3002 ,
1257 2954 1392 3011 quos
1419 2942 1666 3002 dubietas
1697 2924 1959 3018 perstrin-i

380 3015 561 3084 gebat,
592 3017 918 3077 admittens:
949 3023 1072 3079 ideo
1094 3033 1150 3080 et
1167 3026 1367 3085 clausis
1389 3032 1545 3089 ostiis
1571 3035 1638 3091 ad
1667 3015 1959 3110 discipulos

382 3105 674 3175 introibat,
709 3117 766 3164 et
791 3110 916 3168 ﬂatu
957 3129 1056 3171 suo
1085 3117 1248 3174 dabat
1283 3119 1542 3192 Spiritum
1579 3105 1864 3198 sanctum;
1903 3140 1961 3189 et
1983 3140 2034 3203 ο

381 3195 582 3253 donato
602 3199 961 3272 intelligentiae
992 3205 1192 3264 lumine
1215 3220 1524 3270 sanctarum
1552 3195 1957 3289 Scripturarum

381 3289 595 3344 occulta
619 3292 910 3360 pandebat.
950 3315 968 3347 ι
1019 3295 1149 3354 Post
1174 3299 1458 3359 lectionem
1483 3315 1664 3363 autem
1691 3311 1959 3380 praedicta:

379 3377 621 3448 epistola:
649 3383 1078 3440 reverendissimi
1100 3389 1335 3460 episcopi
1356 3377 1722 3454 clamaverunt
1747 3416 1762 3454 :
1795 3421 1811 3454 ‹
1834 3403 1959 3460 llaec

380 3465 604 3524 Patrum
650 3468 815 3538 ﬁdes;
857 3472 969 3528 haec
1010 3478 1370 3544 apostolorum
1416 3483 1548 3541 ﬁdes
1587 3505 1601 3542 :
1650 3505 1837 3548 omnes
1885 3496 1958 3551 ita

381 3560 654 3616 credimus
697 3563 1007 3630 orthodoxi,
1057 3567 1132 3622 ita
1178 3570 1465 3629 credimus.
1513 3576 1817 3636 Anathema
1863 3585 1952 3651 sit,

380 3649 474 3717 qui
504 3649 576 3705 ita
616 3666 721 3706 non
760 3655 972 3709 credit:
1026 3656 1218 3716 Petrus
1252 3677 1349 3732 per
1375 3663 1609 3723 Leonem
1648 3669 1722 3724 ita
1749 3649 1959 3733 locutus

381 3749 497 3806 cst;
530 3743 757 3812 apostoli
787 3744 862 3799 ita
891 3745 1214 3816 docuerunt;
1260 3753 1348 3823 pie
1373 3763 1429 3810 et
1445 3771 1578 3814 .vere
1600 3759 1708 3818 Leo
1731 3763 1915 3820 docuit
1939 3784 1953 3831 ;

381 3831 612 3901 Cyrillus
642 3834 717 3889 ita
747 3837 946 3892 docuit.
969 3837 1150 3911 Cyrilli
1189 3851 1390 3901 aeterna
1418 3852 1678 3908 memoria
1712 3872 1725 3908 :
1768 3853 1876 3912 Leo
1903 3867 1960 3913 et

379 3922 611 3993 Cyrillus
637 3925 887 3983 similiter
909 3929 1208 3987 docuerunt
1236 3951 1250 3988 :
1280 3934 1604 4008 Anatbema,
1635 3944 1725 4013 qui
1752 3946 1958 4011 siclnon

381 4014 572 4068 credit.
611 4014 737 4072 Haec
768 4033 897 4074 vera
924 4019 1056 4078 ﬁdes
1093 4040 1106 4078 :
1140 4027 1393 4084 catholici
1423 4029 1498 4085 ita
1536 4033 1794 4103 sapimus.
1833 4035 1958 4092 Hinc

380 4103 603 4160 Patrum
637 4107 788 4164 ﬁdes.
818 4128 840 4163 ι

451 4212 595 4270 Idem
620 4231 833 4288 quoque
857 4221 1231 4282 sanctissimus
1253 4242 1392 4300 papa
1429 4228 1539 4287 Leo
1564 4248 1799 4292 consona
1838 4252 1958 4294 ver-

381 4306 465 4363 bis
485 4311 758 4365 canonica:
786 4312 1058 4381 praedicta:
1099 4317 1339 4386 epistola:
1370 4322 1435 4376 de
1460 4326 1805 4391 processione
1836 4326 1958 4398 Spi-

380 4398 516 4454 ritus
540 4400 711 4456 sancti
739 4415 770 4454 a
793 4400 929 4458 Filio
951 4411 1180 4460 testatur
1206 4407 1259 4461 in
1291 4411 1542 4480 epistola,
1566 4431 1727 4484 quam
1756 4419 1957 4476 Turbio

384 4485 552 4561 [Leg.
611 4489 903 4565 Turribio]
972 4493 1277 4550 Asturiensi
1351 4499 1569 4568 scripsit
1624 4504 1877 4576 episcopo
1938 4527 1952 4562 :

386 4599 404 4632 ι
435 4583 463 4622 b
481 4583 661 4640 Primo
675 4584 909 4656 capitulo
937 4586 1341 4643 demonstratur
1360 4606 1522 4660 quam
1545 4593 1706 4664 impie
1718 4600 1956 4656 sentiant

380 4674 446 4728 de
470 4675 734 4734 Trinitate
763 4681 960 4746 divina,
993 4682 1086 4754 qui
1115 4691 1170 4738 et
1199 4683 1397 4751 Patris,
1435 4694 1490 4742 et
1526 4686 1668 4753 Filii,
1694 4698 1750 4744 et
1792 4691 1956 4762 Spiri-

382 4773 469 4820 tus
495 4769 663 4822 sancti
689 4785 852 4826 unam
872 4783 1035 4844 atque
1070 4777 1315 4833 eamdem
1352 4789 1600 4834 asserunt
1624 4796 1744 4838 esse
1769 4800 1960 4854 perso-

381 4873 526 4922 nam,
567 4866 822 4928 tanquam
854 4863 995 4918 idem
1024 4866 1165 4923 Deus
1206 4885 1348 4925 nunc
1375 4869 1554 4936 Pater,
1585 4889 1728 4929 nunc
1767 4875 1959 4943 Filius,

381 4964 524 5004 nunc
549 4947 785 5021 Spiritus
812 4962 1032 5010 sanctus
1064 4960 1373 5015 nominetur
1405 4979 1420 5015 :
1454 4978 1554 5018 nec
1578 4963 1715 5020 alius
1755 4968 1827 5021 sit
1861 4970 1954 5038 qui

381 5042 580 5113 genuit,
609 5042 746 5099 alius
772 5043 936 5117 749
961 5047 1050 5115 qui
1081 5051 1290 5119 genitus
1317 5062 1422 5119 est,
1451 5055 1588 5112 alius
1606 5057 1698 5127 qui
1727 5059 1792 5114 de
1814 5069 1957 5116 utro-

385 5147 489 5200 que
525 5135 878 5203 processit....
934 5135 1094 5191 Fides
1135 5139 1279 5192 enim
1326 5143 1591 5199 catholica
1634 5146 1956 5206 Trinitatem

386 5227 613 5286 Deitatis
637 5233 716 5290 sic
743 5233 1062 5290 bomousion
1099 5235 1404 5306 conﬁtetur,
1447 5250 1508 5296 ut
1544 5243 1761 5300 Patrem
1787 5256 1843 5303 et
1867 5248 1960 5304 Fi-

381 5449 598 5527 concilii
646 5451 1088 5527 Carthaginensis
1134 5475 1208 5515 vt.
1264 5460 1743 5522 Commonitorium
1782 5467 1957 5526 Coele-

382 5519 726 5608 s‘tininlpapte
742 5519 946 5608 editum
971 5529 1199 5608 habetur
1227 5533 1396 5589 tom.l
1425 5519 1950 5608 Ερξξιᾲξιὶῌᾶιζρὂιὶ.

383 5589 445 5644 D.
500 5589 780 5659 Constant,
802 5609 939 5719 Sag.
994 5599 1152 5664 “52,
1194 5611 1250 5656 et
1295 5612 1422 5660 tom.
1468 5589 1951 5664 'ivcohéiiiaéﬁi

389 5674 541 5716 nova:
559 5663 689 5718 edit.
715 5664 776 5719 D.
855 5667 992 5734 ausi,
1014 5683 1134 5739 pag.

2077 527 2192 582 sine
2239 537 2480 598 tempore
2526 533 2904 601 sempiternos,
2954 535 3071 590 sine
3122 536 3425 592 differentia
3467 540 3661 594 credat

2075 616 2309 685 :equales
2363 636 2374 670 :
2430 619 2556 688 quia
2603 621 2868 676 unitatem
2917 623 2971 677 in
3018 624 3284 680 Trinitate
3321 641 3428 682 non
3463 628 3654 684 eadem

2075 723 2298 778 persona
2323 749 2337 775 ,
2368 711 2461 766 sed
2491 713 2678 767 eadem
2707 713 2892 784 implet
2919 717 3176 772 essentia.
3216 737 3235 771 ι

2076 835 2448 917 llugsqueﬂe
2475 842 2706 917 epistolis
2753 843 2940 917 Leonis
2973 864 3143 917 papre,
3170 859 3218 902 et
3244 850 3309 903 de
3342 855 3662 911 auctoritate

2145 907 2809 988 Chﬂcedonenkigsynodi,
2836 907 2983 988 nunc
2997 907 3175 988 incipit
3200 920 3265 974 de
3286 907 3656 979 Constantino;

2142 977 2390 1049 politam!
2416 982 2601 1051 synodi
2629 977 3044 1054 conﬁrmatione.

2145 1091 2341 1150 Sancta
2368 1110 2579 1166 quoque
2609 1099 2846 1168 synodus
2869 1099 3453 1176 Constantinopolitana
3480 1106 3657 1180 Spiri-

2073 1188 2187 1236 tum
2234 1195 2481 1241 sanctum
2509 1203 2540 1241 a
2567 1189 2730 1244 Patre
2769 1199 2825 1244 et
2866 1191 3004 1248 Filio
3039 1196 3330 1263 procedere
3371 1201 3542 1256 credit
3584 1215 3655 1258 ac

2069 1275 2373 1344 proﬁtetur,
2407 1281 2545 1335 sicut
2572 1298 2603 1337 a
2631 1282 2829 1353 Cyrillo
2858 1285 2911 1339 in
2932 1297 3221 1358 conspectu
3248 1291 3501 1360 Ephesini
3527 1295 3651 1350 uni-

2070 1363 2298 1420 versalis
2323 1368 2536 1424 concilii
2565 1371 2916 1428 constitutum
2947 1383 3110 1445 atque
3135 1378 3509 1438 conﬁrmatum
3543 1391 3650 1453 est,

2071 1457 2520 1524 quemadmodum
2554 1460 2606 1515 in
2643 1462 2732 1517 illo
2761 1463 2896 1520 libro
2921 1466 3163 1536 ejusdem
3203 1472 3473 1540 praedicta:
3510 1474 3653 1530 Con-

2070 1548 2567 1618 stantinopolitanm
2593 1555 2781 1624 synodi
2821 1571 3058 1613 consona
3094 1577 3218 1616 cum
3258 1565 3436 1621 verbis
3473 1569 3649 1625 sancti

2070 1635 2253 1706 Cyrilli
2288 1639 2572 1696 collatione
2594 1644 2696 1699 hoc
2722 1645 2880 1701 modo
2909 1649 3243 1705 continetur:
3273 1671 3292 1706 ‹
3320 1652 3451 1709 Cum
3480 1655 3650 1713 Filius

2070 1725 2200 1781 dicit
2229 1727 2295 1782 de
2327 1727 2529 1800 Spiritu
2555 1749 2568 1787 :
2606 1732 2708 1788 Ille
2728 1752 2808 1789 me
2834 1735 3145 1807 gloriﬁcabit
3176 1739 3356 1812 (Joan.
3383 1761 3490 1809 xw,
3523 1747 3643 1818 l4);

2071 1816 2429 1890 intelligentes
2453 1832 2617 1890 recte,
2640 1841 2745 1880 non
2773 1837 2831 1882 ut
2859 1828 3026 1899 gloria
3053 1831 3376 1902 indigentem
3401 1816 3648 1907 alterius,

2069 1906 2299 1965 dicimus
2324 1927 2490 1968 unum
2515 1909 2790 1971 Christum
2813 1926 2869 1972 et
2901 1918 3093 1975 Filium
3137 1937 3167 1976 a
3207 1933 3394 1980 sancto
3438 1906 3647 1997 Spiritu

2067 1997 2291 2070 gloriam
2315 2003 2582 2074 accipere,
2606 2006 2730 2076 quia
2766 2024 2866 2063 nec
2898 2011 3074 2080 potior
3098 2027 3163 2069 eo
3200 2021 3302 2081 est,
3345 2032 3445 2072 nec
3483 2035 3645 2091 supra

2066 2103 2191 2144 eum
2221 2091 2456 2162 Spiritus
2481 2095 2668 2165 ipsius.
2700 2098 2964 2165 Quoniam
2990 2113 3169 2158 autem
3197 2106 3264 2161 ad
3303 2107 3648 2168 demonstra-

2066 2180 2269 2239 tionem
2309 2200 2422 2241 sua:
2451 2187 2749 2245 divinitatis
2782 2192 3032 2248 utebatur
3059 2211 3156 2251 suo
3192 2195 3418 2267 Spiritu,
3448 2217 3645 2274 magna

2065 2275 2382 2341 operatione
2407 2277 2764 2348 gloriﬁcatum
2791 2297 2850 2338 se
2875 2299 2995 2340 esse
3035 2287 3104 2342 ab
3141 2303 3206 2343 eo
3233 2289 3379 2354 dicit,
3407 2292 3564 2348 veluti
3595 2294 3645 2349 si

2064 2361 2280 2430 quidem
2311 2362 2514 2435 [Forte,
2555 2369 2797 2444 quidam]
2842 2373 3004 2430 homo
3049 2377 3193 2432 dicat
3225 2380 3291 2434 de
3336 2382 3497 2437 insita
3539 2384 3643 2439 sibi

2063 2449 2379 2510 fortitudine
2404 2455 2586 2513 forsan
2610 2460 2694 2516 vel
2719 2463 2998 2534 disciplina
3025 2467 3284 2535 qualibet,
3323 2472 3446 2540 quia
3476 2473 3644 2544 glori-

2063 2541 2299 2600 ﬁcabunt
2326 2561 2434 2602 me.
2463 2546 2716 2614 Quamvis
2753 2553 2896 2608 enim
2921 2564 3005 2610 est
3034 2556 3088 2610 in
3118 2541 3628 2633 subsistentia'spe-

2061 2633 2215 2692 cialis
2243 2636 2498 2707 Spiritus,
2537 2649 2593 2696 et
2635 2643 2948 2715 intelligitur
2991 2649 3304 2718 separatim,
3343 2655 3640 2710 secundum

2060 2725 2204 2797 quod
2229 2727 2461 2799 Spiritus
2483 2741 2564 2787 est
2587 2741 2642 2788 et
2675 2749 2784 2790 non
2810 2735 2978 2792 Filius
2996 2778 3012 2803 ,
3060 2739 3154 2795 sed
3200 2749 3383 2799 tamen
3425 2760 3531 2800 non
3559 2755 3645 2802 est

2061 2814 2266 2872 alienus
2298 2818 2365 2873 ab
2388 2835 2471 2874 eo.
2513 2819 2745 2892 Spiritus
2769 2825 2913 2880 enim
2942 2827 3187 2884 veritatis
3214 2832 3546 2900 nominatur,
3583 2843 3642 2890 et

2061 2914 2145 2962 est
2170 2906 2415 2965 Christus
2441 2911 2661 2978 veritas,
2693 2923 2748 2968 et
2773 2913 3063 2972 eiiunditur
3085 2921 3153 2973 ab
3173 2935 3259 2986 eo,
3288 2922 3425 2976 sicut
3443 2937 3509 2978 ex
3530 2925 3640 2980 Deo

2061 3005 2115 3051 et
2142 2996 2322 3053 Patre.
2363 3020 2381 3052 ι
2418 2999 2616 3056 Sancta
2637 3017 2764 3074 ergo
2784 3007 3018 3076 synodus
3044 3005 3639 3082 Constantinopolitana

2062 3088 2347 3145 conﬁrmat
2369 3099 2424 3147 et
2450 3101 2700 3160 testatur,
2735 3097 2877 3166 quod
2905 3114 2968 3153 ea
3007 3113 3340 3171 quaecunque
3365 3106 3642 3161 sanctissi-

2060 3193 2182 3234 mus
2211 3196 2348 3252 papa
2374 3182 2484 3237 Leo
2510 3193 2566 3240 et
2596 3187 2939 3243 beatissimus
2970 3188 3198 3260 Cyrillus
3229 3192 3294 3246 de
3322 3193 3426 3249 ﬁde
3447 3198 3639 3252 catho-

2058 3269 2160 3325 lica
2186 3280 2242 3327 et
2266 3273 2332 3329 de
2359 3278 2569 3332 caeteris
2598 3279 2978 3338 ecclesiasticis
3013 3282 3276 3339 institutis
3306 3287 3642 3344 tradiderunt

2057 3371 2113 3417 et
2135 3363 2510 3433 decreverunt,
2527 3371 2816 3426 convenire
2835 3380 2890 3426 et
2912 3375 3241 3430 concordare
3265 3393 3387 3431 eum
3408 3379 3641 3436 decretis

2057 3465 2114 3511 et
2154 3459 2534 3515 traditionibus
2573 3470 2805 3530 quatuor
2843 3464 3219 3536 principalium
3261 3471 3638 3535 conciliorum,

2057 3547 2161 3602 hoc
2185 3556 2288 3610 est,
2320 3546 2543 3614 Nicaeui,
2567 3551 2842 3621 Ephesini,
2870 3552 3340 3623 Chalcedonensis,
3373 3559 3640 3615 Constan-

2058 3637 2391 3708 tinopolitani
2434 3641 2669 3706 concilii,
2715 3643 2856 3697 sicut
2894 3644 2949 3698 in
2991 3645 3180 3700 wdem
3209 3647 3344 3703 libro
3369 3651 3640 3720 praedictae

2059 3729 2246 3798 synodi
2270 3729 2354 3783 his
2381 3731 2558 3785 verbis
2579 3733 2922 3790 continetur:
2954 3747 2975 3776 ο
3011 3754 3030 3788 ί
3063 3737 3422 3797 Paschasinus
3448 3753 3501 3797 et
3527 3742 3636 3797 Lu-

2055 3820 2270 3876 censius
2313 3825 2746 3881 reverendissimi
2797 3828 3058 3900 episcopi,
3103 3839 3158 3885 et
3205 3832 3510 3889 Bonifacius
3553 3836 3640 3892 vir

2056 3911 2538 3968 reverendissimus
2565 3915 2880 3986 presbyter,
2907 3918 3090 3974 vicarii
3139 3922 3282 3976 sedis
3326 3926 3638 3993 apostolicae

2051 4013 2151 4068 per
2173 3999 2560 4056 Paschasinum
2595 4003 2845 4058 dixerunt
2870 4023 2883 4059 :
2921 4005 3257 4063 Manifestum
3285 4019 3384 4071 est,
3414 4029 3513 4068 nec
3539 4031 3637 4085 po-

2055 4095 2161 4143 test
2186 4089 2440 4155 dubitari,
2467 4107 2626 4146 unam
2651 4091 2808 4148 ﬁdem
2832 4094 3125 4152 beatissimi
3149 4113 3315 4168 papze,
3341 4101 3485 4156 sedis
3504 4119 3636 4172 apo-

2054 4179 2258 4234 stolicae
2300 4182 2527 4236 rectoris
2566 4182 2763 4239 Leonis
2807 4200 2929 4240 cum
2977 4201 3204 4244 cccxvm
3231 4189 3451 4246 Palmm
3490 4197 3634 4264 apud

2054 4267 2285 4324 Nicaeam
2315 4281 2757 4342 congregatorum
2781 4278 3108 4333 concordare
3136 4290 3295 4350 atque
3321 4285 3628 4340 convenire.

2057 4358 2162 4413 Sed
2235 4369 2290 4415 et
2349 4377 2412 4417 Cl.
2483 4363 2623 4432 apud
2687 4364 3208 4452 Constantinopolim
3281 4385 3631 4447 congregato-

1983 4470 2033 4530 υ
2059 4464 2179 4503 rum
2224 4451 2586 4517 sacerdotum,
2634 4455 2725 4524 qui
2755 4459 2998 4512 eamdem
3036 4451 3194 4514 ﬁdem
3232 4462 3628 4522 ﬁrmaverunt:

2058 4538 2155 4592 sed
2200 4547 2257 4594 et
2289 4539 2472 4609 Cyrilli
2503 4552 2699 4598 sancta:
2739 4547 3126 4604 recordationis
3152 4552 3252 4606 viri
3287 4555 3427 4622 apud
3455 4555 3635 4627 Ephe-

2056 4643 2198 4694 sum,
2227 4631 2442 4698 quando
2465 4630 2741 4690 Nestorius
2763 4650 2860 4706 pro
2887 4653 2983 4694 suo
3003 4654 3188 4696 errore
3215 4643 3500 4702 damnatus
3524 4657 3626 4714 est,

2055 4727 2253 4773 statuta
2297 4720 2348 4774 in
2395 4722 2540 4779 nullo
2575 4725 2788 4793 penitus
2826 4717 3156 4786 discordare.
3197 4733 3426 4806 Ideoque
3463 4741 3626 4796 etiam

2054 4808 2350 4866 beatissimi
2393 4816 2543 4882 papa:
2571 4816 2793 4884 epistola
2811 4859 2826 4884 ,
2857 4834 2976 4890 qua:
3000 4825 3243 4880 eamdem
3284 4827 3439 4883 ﬁdem
3465 4846 3630 4902 expo-

2055 4902 2227 4958 suisse
2253 4919 2352 4974 pro
2379 4907 2582 4962 erroris
2624 4908 2881 4980 Eutychis
2916 4927 3079 4970 causa
3107 4917 3438 4988 dignoscitur
3457 4963 3472 4987 ,
3517 4939 3630 4980 uno

2055 5004 2214 5045 sensu
2231 5007 2443 5063 unoque
2463 4996 2651 5064 spiritu
2665 4997 2876 5054 videtur
2893 5000 2965 5055 illi
2990 5001 3113 5060 ﬁdei
3133 5021 3256 5062 esse
3275 5009 3577 5080 conjuncta.
3603 5031 3623 5066 ι

2054 5077 2254 5136 Eadem
2292 5097 2505 5152 quoque
2531 5084 3119 5160 Constantinopolitana
3157 5077 3392 5168 synodus
3435 5102 3630 5170 praedi-

2052 5185 2263 5231 ctorum
2289 5177 2508 5235 Patrum
2535 5189 2593 5235 et
2619 5181 2845 5238 aliorum
2891 5185 3176 5244 illustrium
3226 5194 3503 5248 doctorum
3531 5211 3629 5251 au-

2053 5268 2362 5325 ctoritatem
2407 5282 2465 5327 et
2508 5272 2852 5329 traditionem
2875 5315 2890 5341 ,
2939 5279 3008 5334 ab
3051 5281 3342 5339 universali
3386 5285 3627 5344 Ecclesia

2125 5479 2152 5508 ι
2193 5467 2302 5525 Leo
2329 5486 2466 5542 papa
2488 5471 2542 5526 in
2563 5475 2755 5530 concil.
2785 5476 3064 5550 Chalced.,
3089 5492 3233 5540 tomo
3255 5485 3319 5541 lll
3338 5487 3503 5546 Cone.
3527 5490 3626 5550 Co-

2055 5534 2168 5610 leti,
2188 5553 2308 5610 pag.
2335 5541 2493 5597 1225.

2124 5607 2151 5645 δ
2191 5607 2298 5663 Leo
2322 5627 2457 5682 papa
2488 5612 2542 5667 in
2563 5614 2812 5683 epistJS,
2834 5633 2952 5689 cap.
2986 5621 3033 5672 l.

2125 5687 2157 5770 ξ-
2195 5675 2456 5770 lignum!
2476 5687 2704 5770 sypoilo“
2724 5686 3239 5770 Cens‘tantinopolita
3304 5698 3484 5752 collat.
3547 5700 3581 5754 6
3605 5742 3621 5768 ,

2053 5757 2174 5818 pag.
2202 5747 2300 5802 l68
2330 5751 2457 5806 tomi
2489 5747 2550 5807 Vl
2593 5754 2810 5811 Colleet.
2833 5757 3036 5814 -Coleti.
