3952 6184
298 350 369 405 73
1037 350 1450 408 DOCMATICA.
1493 383 1558 391 —
1596 352 1724 406 ΜΒ.
1765 352 1853 406 DE
1887 348 2357 408 PROCESSIONE
2393 351 2450 407 S.
2493 351 2829 410 SPIRITUS.
3488 345 3559 402 ἠ

294 481 422 522 esse
450 464 870 535 suscipiendam,
897 463 1181 519 conﬁrmat
1209 466 1280 519 ita
1307 466 1490 520 dicens
1515 485 1526 519 :
1565 484 1584 517 ι
1616 465 1767 521 Scire
1787 479 1883 519 vos
1909 471 1958 526 Α
1985 462 2108 517 sita
2134 461 2272 518 Filio
2299 464 2563 533 accipere,
2599 465 2742 534 quod
2769 479 2801 518 a
2828 462 2986 517 Patre
3021 462 3354 532 procedere?
3383 459 3563 535 [quod

293 556 566 620 volumus,
601 557 744 627 quod
774 571 873 611 nos
899 573 984 620 ea,
1015 574 1136 627 quae
1161 574 1191 612 a
1217 559 1419 612 sanctis
1443 566 1673 627 quatuor
1707 558 1886 612 conci-

295 647 405 711 liis,
432 647 669 709 Nicaeno,
698 646 1316 716 Constantinopolitano,
1339 649 1610 718 Ephesino
1637 649 1812 718 primo
1835 656 1889 703 et

295 737 726 792 Cbalcedonensi
751 737 817 792 de
845 752 953 791 una
983 738 1280 806 eademque
1311 737 1414 791 ﬁde
1443 739 1685 807 exposita
1713 746 1766 791 et
1794 738 1888 791 de-

296 826 448 880 ﬁnita
476 833 626 890 sunt,
657 835 711 881 et
757 827 824 882 de
854 827 1224 883 ecclesiastico
1253 837 1395 883 statu
1435 829 1752 899 regulariter
1777 828 1889 883 dis-

297 918 495 986 posita,
525 917 864 972 servabimus
887 924 943 972 et
969 917 1327 983 defendimus,
1346 927 1402 972 et
1425 935 1490 973 ea
1515 919 1810 988 sequimur,
1834 927 1889 971 et

295 1009 477 1063 omnia
507 1023 628 1077 quae
655 1016 955 1062 consonant
981 1009 1101 1063 istis
1121 1049 1136 1073 ,
1184 1010 1505 1078 suscipimus
1529 1018 1585 1062 et
1612 1007 1888 1077 amplecti-

294 1117 437 1157 mur.
472 1100 743 1170 Quidquid
775 1109 954 1154 autem
993 1116 1100 1155 non
1133 1109 1396 1155 consonat
1420 1101 1559 1164 istis,
1587 1100 1673 1154 vel
1697 1116 1726 1154 a
1755 1115 1887 1170 qua-

295 1209 511 1263 cunque
539 1207 774 1261 persona
819 1193 1082 1262 scriptum
1111 1194 1418 1247 inveniatur
1461 1201 1649 1247 contra
1677 1208 1741 1247 ea
1769 1208 1888 1263 quae

297 1284 364 1337 de
394 1298 508 1336 una
533 1283 833 1350 eademque
859 1281 963 1335 ﬁde
990 1297 1020 1335 a
1045 1282 1244 1336 sanctis
1267 1291 1499 1352 quatuor
1519 1283 1776 1345 conciliis,
1802 1282 1888 1336 vel

302 1391 410 1429 uno
439 1389 507 1428 ex
546 1375 632 1428 his
660 1373 878 1427 deﬁnita
914 1383 1062 1438 sunt,
1091 1374 1192 1428 hoc
1215 1384 1470 1442 tanquam
1505 1373 1738 1427 alienum
1771 1388 1886 1428 em-

297 1467 431 1519 nino
458 1465 678 1535 pietatis
710 1479 1076 1518 exsecramur.
1105 1464 1392 1534 Sequimur
1414 1476 1594 1520 autem
1633 1466 1684 1519 in
1713 1467 1886 1520 omni-

297 1557 404 1610 bus
433 1566 649 1610 sanctos
676 1555 868 1610 Patres
893 1563 948 1610 et
969 1556 1222 1610 doctores
1245 1565 1443 1612 sancta:
1479 1557 1574 1612 Dei
1603 1555 1882 1620 Ecclesiat,

300 1645 358 1698 id
385 1655 493 1709 est,
523 1645 896 1710 Athanasium,
935 1645 1220 1711 llilarium,
1257 1647 1536 1712 Basiliam,
1563 1646 1884 1716 Gregorium

301 1735 629 1804 Theologum
653 1748 709 1791 et
733 1737 1054 1807 Gregorium
1075 1737 1492 1803 Nazianzenum,
1514 1738 1879 1802 Ambrosium,

1991 551 2037 606 si
2062 551 2194 606 nihil
2225 550 2438 608 diﬁ‘erre
2464 553 2704 608 creditur
2747 553 2889 607 inter
2928 552 3173 621 accipere
3214 567 3245 607 a
3283 551 3418 608 Filio
3449 561 3504 608 et
3531 570 3563 609 a

1989 642 2148 698 Patre
2187 646 2526 718 procedere],
2574 657 2722 701 certe
2764 647 2996 716 idipsum
3035 655 3195 716 atque
3235 663 3403 702 unum
3447 663 3566 703 esse

1989 734 2412 800 existimabitur,
2435 744 2490 789 et
2515 752 2543 788 a
2574 736 2709 789 Filio
2737 735 3002 806 accipere,
3033 736 3175 804 quod
3213 737 3283 790 sit
3323 737 3567 806 accipere

1987 839 2019 876 a
2043 824 2239 878 Patre:
2282 825 2396 893 ipse
2435 826 2576 879 enim
2607 827 2863 880 Dominus
2892 826 3008 880 ait:
3051 825 3314 890 Quoniam
3360 826 3424 880 de
3453 843 3566 880 meo

1988 915 2224 983 accipiet,
2245 925 2293 967 et
2319 915 2648 967 annuntiabit
2670 915 2830 969 vobis.
2862 915 3054 969 Omnia
3075 932 3393 986 quacunque
3414 916 3567 970 habet

1990 1001 2171 1069 Pater,
2197 1021 2310 1056 mea
2345 1013 2482 1058 sunt.
2513 1002 2796 1074 Propterea
2822 1005 2934 1058 dixi
2955 1021 2974 1056 :
3012 1005 3090 1060 De
3114 1023 3225 1060 meo
3254 1007 3491 1076 accipiet,
3518 1016 3568 1060 et

1987 1093 2318 1146 annuntiabit
2360 1093 2496 1148 vobis
2526 1094 2706 1166 (Joan.
2739 1110 2860 1161 xvi,
2889 1094 2998 1166 l4).
3041 1095 3153 1151 Hoc
3177 1098 3320 1166 quod
3347 1097 3566 1165 accipit,

1986 1188 2103 1242 sive
2125 1196 2363 1258 potestas
2383 1197 2485 1253 est,
2513 1189 2624 1243 sive
2652 1189 2844 1253 virtus,
2868 1189 2982 1242 sive
3005 1189 3252 1244 doctrina
3273 1197 3374 1254 est,
3400 1190 3568 1244 Filius

1990 1292 2019 1330 a
2051 1293 2109 1331 se
2137 1278 2509 1346 accipiendum
2532 1293 2650 1332 esse
2676 1277 2842 1332 dixit:
2877 1298 2895 1330 ι
2932 1278 3077 1332 idem
3102 1279 3350 1349 egregius
3381 1279 3570 1334 doctor

1988 1367 2041 1421 in
2071 1384 2145 1422 xu
2172 1369 2238 1425 de
2264 1369 2525 1424 Trinitate
2559 1369 2633 1422 ait
2653 1368 2792 1424 libro
2823 1369 2990 1439 (Num
3016 1369 3159 1440 ult.),
3184 1369 3351 1425 Deum
3379 1372 3568 1442 depre-

1988 1461 2201 1514 cando:
2248 1477 2268 1510 ‹
2301 1458 2590 1523 Conserva,
2623 1474 2743 1524 oro,
2785 1460 2924 1513 hanc
2951 1459 3073 1514 ﬁdei
3095 1475 3229 1514 mea:
3253 1461 3569 1516 incontami-

1987 1557 2170 1602 natam
2223 1549 2574 1620 religionem,
2605 1557 2658 1602 et
2703 1563 2871 1617 usque
2916 1549 2983 1603 ad
3026 1565 3306 1604 excessum
3345 1551 3570 1630 Spirjtus

1985 1642 2090 1695 mei
2113 1641 2248 1695 dona
2271 1641 2402 1695 mihi
2425 1641 2564 1694 hanc
2583 1639 2923 1695 conscientia:
2943 1655 3077 1695 mea:
3095 1655 3306 1705 vocem,
3321 1649 3400 1706 ut,
3423 1642 3568 1710 quod

1987 1731 2041 1784 in
2086 1731 2511 1799 regenerationis
2538 1745 2673 1784 mete
2709 1731 2954 1801 symbolo
2993 1731 3296 1800 baptizatus
3325 1733 3377 1786 in
3406 1732 3570 1789 Patre

302 1827 347 1881 Τ
353 1829 679 1896 heOphilum,
708 1828 970 1883 Joannem
1015 1827 1687 1898 Constantinopolitanum,
1717 1827 1886 1897 Cyril-
1919 1829 1962 1887 Β
1991 1829 2046 1873 ει
2065 1819 2202 1875 Filio
2230 1830 2285 1874 et
2309 1820 2513 1891 Spiritu
2544 1829 2734 1875 sancto
2754 1820 3029 1890 professus
3059 1838 3198 1887 sum,
3237 1837 3448 1892 semper
3473 1822 3572 1878 ob-

293 1917 427 1980 lum,
473 1919 863 1988 Augustinum,
898 1918 1217 1984 Proculum,
1271 1918 1535 1984 Leonem;
1574 1928 1629 1973 et
1666 1919 1880 1982 omnia,

293 2024 414 2078 qua:
440 2009 515 2063 ab
541 2009 628 2063 his
649 2009 716 2063 de
745 2009 850 2063 ﬁde
887 2018 1052 2073 recta,
1082 2018 1137 2064 et
1158 2009 1225 2062 ad
1251 2010 1749 2064 condemnationem
1777 2011 1886 2063 haab

293 2084 586 2153 reticorum
613 2101 914 2169 conscripta
936 2109 991 2154 et
1020 2101 1264 2171 exposita
1291 2109 1432 2165 sunt,
1459 2101 1800 2169 suscipimus.
1824 2099 1883 2153 In

294 2188 570 2258 praedictis
597 2188 760 2258 igitur
785 2189 1031 2242 omnibus
1059 2198 1442 2258 permanentes
1470 2190 1590 2244 illos
1616 2189 1806 2244 Patres
1831 2197 1886 2244 et

293 2279 612 2332 sacerdotes
639 2279 971 2348 suscipimus,
1000 2280 1088 2348 qui
1113 2295 1200 2344 ea,
1225 2295 1345 2348 qua:
1373 2296 1404 2334 a
1433 2280 1634 2334 sanctis
1654 2288 1887 2348 quatuor

296 2368 539 2423 conciliis
565 2369 633 2424 de
665 2369 768 2423 ﬁde
799 2370 1041 2438 exposita
1083 2377 1231 2433 sunt,
1267 2378 1323 2424 et
1368 2369 1639 2438 prmdictis
1684 2370 1886 2425 sanctis

297 2457 548 2512 Pati-ibus
573 2459 866 2528 prmdicata
888 2469 1034 2524 sunt,
1060 2469 1276 2514 servant
1301 2469 1356 2514 et
1375 2461 1669 2530 pradicant
1688 2461 1745 2516 in
1764 2475 1886 2516 san-

298 2559 378 2602 cta
407 2549 504 2603 Dei
531 2549 793 2603 Ecclesia.
831 2568 852 2601 ι

365 2639 527 2709 750
558 2639 910 2694 Beatissimus
933 2655 1149 2710 quoque
1171 2650 1229 2695 et
1258 2643 1738 2699 reverendissimus
1776 2644 1885 2699 Ro-

299 2747 469 2784 mana:
492 2731 639 2784 urbis
669 2732 906 2801 pontifex
944 2732 1210 2798 Gelasius,
1239 2734 1480 2804 prtcdicti
1503 2734 1886 2791 Constantino-

293 2821 516 2890 politani
543 2822 756 2875 concilii
785 2823 1040 2888 decretis,
1067 2825 1132 2878 de
1162 2825 1483 2894 recipiendis
1508 2839 1668 2896 atque
1695 2829 1881 2898 legen-

294 2909 378 2963 dis
405 2913 640 2962 omnium
680 2911 1104 2966 orthodoxorum
1151 2914 1338 2981 libris,
1366 2916 1421 2969 in
1462 2916 1724 2971 Decretali
1763 2919 1882 2988 epi-

293 2998 460 3062 stola,
494 3014 650 3067 quam
689 2998 754 3054 de
786 3002 1106 3056 auctoritate
1133 3004 1434 3058 divinorum
1460 3005 1790 3060 voluminum
1825 3014 1883 3061 et

290 3089 360 3146 de
390 3091 477 3145 his
505 3092 656 3147 libris
681 3095 771 3162 qui
799 3110 907 3148 non
938 3105 1062 3149 sunt
1089 3097 1142 3150 in
1164 3097 1402 3152 Ecclesia
1430 3099 1723 3170 recipiendi
1745 3100 1884 3156 scri-

1990 1911 2190 1966 tineam
2219 1929 2234 1976 ;
2275 1912 2492 1966 Patrem
2521 1912 2727 1966 scilicet
2772 1919 2825 1966 te
2857 1923 3102 1966 nostrum
3124 1953 3138 1978 ,
3180 1912 3374 1967 Filium
3415 1921 3569 1970 tuum

1985 2021 2094 2060 una
2123 2015 2300 2060 tecum
2329 2007 2571 2070 adorem,
2608 2013 2662 2059 et
2690 2004 2955 2074 Spiritum
2997 2013 3242 2061 sanctum
3272 2015 3443 2070 tuum,
3475 2005 3571 2078 qui

1986 2112 2052 2151 ex
2077 2106 2130 2152 te
2150 2112 2247 2166 per
2272 2097 2606 2166 unigenitum
2631 2106 2778 2151 tuum
2805 2106 2910 2163 est,
2931 2112 3264 2167 promerear,
3290 2099 3412 2168 quia
3433 2096 3570 2155 mihi

1988 2188 2213 2243 idoneus
2249 2189 2316 2243 ad
2356 2188 2517 2242 ﬁdem
2559 2189 2719 2243 testis
2759 2198 2861 2255 est,
2894 2190 3117 2245 dicens:
3157 2189 3348 2256 Pater,
3392 2189 3570 2246 omnia

1986 2296 2100 2332 mea
2130 2288 2220 2331 tua
2248 2287 2392 2343 sunt,
2423 2289 2470 2332 et
2499 2289 2590 2332 tua
2617 2296 2732 2333 mea
2753 2299 2772 2331 ι
2808 2280 2986 2349 (Joan.
3017 2296 3152 2344 xvn,
3181 2279 3291 2351 10).

2058 2369 2560 2424 Reverendissimus
2575 2385 2787 2438 quoque
2805 2368 3044 2440 pontifex
3066 2368 3568 2441 Ambrosius,cujus

1986 2461 2236 2516 similiter
2264 2461 2425 2515 ﬁdem
2470 2469 2524 2516 et
2548 2460 2883 2530 probabilem
2931 2463 3272 2518 traditionem
3310 2463 3569 2534 praefatus

1983 2568 2120 2623 papa
2149 2553 2416 2618 Gelasius,
2439 2561 2494 2608 et
2518 2555 2770 2623 praedicta
2794 2554 3383 2626 Constantinopolitana
3407 2574 3569 2630 syno—

1986 2645 2084 2698 dus
2118 2645 2184 2699 ab
2213 2644 2504 2699 universali
2543 2644 2783 2700 Ecclesia
2815 2647 3209 2715 suscipiendam
3241 2663 3360 2704 esse
3383 2649 3568 2704 decre-

1983 2741 2195 2799 verunt,
2225 2735 2278 2788 in
2309 2735 2446 2789 libro
2476 2743 2628 2790 sexto
2650 2737 2703 2790 in
2733 2736 2839 2802 his,
2868 2753 3002 2808 quos
3039 2738 3106 2792 de
3136 2738 3241 2794 ﬁde
3261 2739 3327 2794 ad
3353 2739 3568 2797 Gratia-

1983 2838 2112 2876 num
2141 2823 2521 2892 imperatorem
2565 2827 2908 2896 conscripsit,
2957 2826 3216 2897 Spiritum
3258 2841 3502 2888 sanctum
3533 2846 3566 2887 a

1985 2910 2120 2966 Filio
2149 2913 2442 2982 procedere
2470 2913 2753 2969 conﬁrmat
2786 2915 2859 2969 ita
2900 2917 3120 2972 dicens:
3157 2930 3178 2958 ο
3217 2938 3235 2970 ι
3269 2919 3386 2976 Non
3411 2937 3564 2992 ergo,

1986 3001 2178 3070 inquit,
2201 3004 2355 3072 quasi
2391 3019 2457 3058 ex
2486 3003 2602 3059 loco
2628 3005 2861 3060 mittitur
2891 3006 3144 3076 Spiritus,
3183 3017 3276 3063 aut
3313 3011 3466 3081 quasi
3495 3028 3563 3068 ex

1985 3090 2101 3146 loco
2120 3093 2382 3162 procedit,
2421 3095 2638 3164 quando
2683 3097 2927 3166 procedit
2968 3113 3034 3152 ex
3076 3099 3251 3153 Filio:
3285 3102 3423 3156 sicut
3449 3104 3566 3175 ipse

290 3182 415 3250 psit,
445 3198 679 3236 consona
715 3185 940 3253 protulit
967 3186 1129 3240 verba
1155 3187 1229 3241 ita
1258 3189 1478 3244 dicens:
1511 3202 1536 3230 ει
1565 3209 1583 3240 ‹
1612 3189 1878 3262 Opuscnla

1984 3181 2150 3237 Filius
2183 3200 2303 3238 cum
2347 3185 2515 3238 dicit:
2558 3184 2635 3238 De
2676 3185 2840 3240 Patre
2877 3188 3101 3256 processi
3137 3197 3186 3242 et
3227 3191 3339 3243 veni
3381 3191 3560 3262 (Joan.

291 3284 452 3345 atque
476 3284 739 3331 tractatus
767 3279 1007 3332 omnium
1030 3279 1253 3334 Patrum
1290 3283 1745 3350 orthodoxorum,
1782 3285 1875 3355 qui

293 3366 344 3419 in
373 3366 522 3420 nullo
550 3382 581 3418 a
607 3377 807 3422 sancta:
836 3368 1089 3424 Ecclesia:
1111 3371 1368 3427 Romana:
1396 3375 1667 3430 consortio
1695 3375 1879 3430 devia-

292 3465 506 3520 vcrunt,
543 3472 642 3512 nec
685 3459 752 3512 ab
781 3457 897 3526 ejus
943 3461 1048 3514 lide
1087 3461 1170 3515 vel
1215 3463 1594 3531 prmdicatione
1646 3464 1877 3534 sejuncti

292 3558 450 3612 sunt;
484 3550 579 3603 sed
605 3549 772 3618 ipsius
814 3549 1253 3625 [communionis]
1289 3568 1385 3623 per
1412 3554 1507 3609 Dei
1532 3556 1760 3626 gratiam
1787 3572 1878 3612 us-

292 3652 392 3704 que
420 3639 475 3692 in
508 3639 755 3693 ultimum
786 3640 928 3696 diem
958 3643 1081 3696 vita:
1105 3641 1257 3698 fuere
1282 3644 1594 3714 participes,
1622 3646 1876 3718 legendos

295 3730 653 3784 decernimus.
697 3751 715 3783 ι

359 3821 558 3875 Beatus
591 3823 752 3892 igitur
779 3823 1108 3879 Athanasius
1138 3827 1619 3882 reverendissimus
1642 3827 1875 3882 Alexan-

293 3908 420 3962 driae.
461 3911 610 3966 urbis
631 3912 938 3980 episcopus,
964 3914 1056 3982 qui
1078 3929 1288 3968 summo
1311 3914 1551 3985 ejusdem
1573 3915 1724 3970 urbis
1744 3931 1877 3985 pon-

291 3998 419 4054 tiﬁci
446 4001 776 4065 Alexandro,
814 4018 912 4057 suo
941 4005 1104 4056 etiam
1133 4005 1451 4074 praeceptori
1477 4007 1699 4061 devotus
1724 4004 1875 4073 adju-

291 4102 376 4147 tor
402 4095 457 4147 in
489 4093 705 4150 Nicmno
730 4094 832 4149 fuit
861 4097 1110 4161 concilio,
1153 4097 1206 4151 in
1239 4097 1578 4169 Expositione
1606 4099 1874 4154 catholicae

285 4183 439 4252 ﬁdei,
463 4199 621 4253 quam
646 4187 759 4255 ipse
786 4188 1032 4257 egregius
1061 4189 1250 4242 doctor
1271 4190 1616 4259 conscripsit,
1637 4198 1691 4244 et
1709 4206 1873 4259 quam

287 4273 614 4328 universalis
632 4278 915 4331 conﬁtetur
935 4278 1194 4343 Ecclesia,
1219 4281 1618 4348 processionem
1642 4280 1875 4349 Spiritus

285 4363 471 4415 sancti
501 4378 532 4414 a
557 4363 710 4417 Patre
747 4374 798 4418 et
842 4367 980 4421 Filio
1012 4368 1271 4431 declarat,
1300 4369 1376 4422 ita
1401 4369 1623 4423 dicens:
1658 4385 1676 4419 ι
1713 4369 1874 4424 Pater

286 4467 316 4504 a
348 4451 506 4505 nullo
536 4462 618 4506 est
643 4453 832 4520 factus,
864 4472 966 4511 nec
992 4467 1226 4521 creatus,
1257 4475 1357 4514 nec
1383 4460 1615 4529 genitus.
1644 4459 1812 4514 Filius
1840 4476 1871 4514 a

1979 3288 2063 3337 in,
2085 3273 2202 3342 9.8),
2244 3289 2433 3329 omnes
2460 3274 2728 3329 interfecit
2764 3275 3044 3346 opiniones
3063 3319 3078 3344 ,
3119 3295 3240 3350 qua:
3261 3294 3327 3334 ex
3353 3280 3470 3337 loco
3494 3284 3564 3340 ad

1974 3363 2151 3418 locum
2187 3373 2434 3434 possunt,
2465 3366 2604 3420 sicut
2641 3367 2696 3420 in
2736 3367 3002 3436 aliquibus
3039 3371 3380 3441 corporibus,
3418 3375 3566 3430 resti-

1976 3457 2134 3510 mari.
2179 3456 2441 3514 Similiter
2477 3474 2600 3513 cum
2638 3459 2784 3514 intus
2832 3459 2916 3515 vel
2957 3460 3091 3517 foris
3134 3463 3362 3534 legimus
3390 3465 3559 3522 Deum

1974 3561 2118 3612 esse,
2149 3564 2255 3601 non
2282 3548 2469 3618 utique
2500 3548 2667 3604 Deum
2695 3558 2790 3603 aut
2826 3550 2968 3604 intra
2999 3552 3218 3623 aliquod
3247 3570 3443 3627 corpus
3482 3557 3563 3610 in-

1973 3636 2258 3703 cludimus,
2287 3647 2381 3692 aut
2403 3639 2472 3694 ab
2503 3639 2684 3710 aliquo
2711 3657 2938 3712 corpore
2961 3657 3310 3714 separamus;
3333 3647 3426 3702 sed
3449 3647 3560 3705 alta

1975 3741 2029 3786 et
2059 3732 2401 3787 inenarrabili
2425 3734 2783 3790 mstimatione
2802 3745 3116 3805 pensantes,
3139 3738 3332 3793 divina:
3353 3748 3560 3796 natura:

1974 3823 2325 3894 intelligimus
2353 3839 2631 3878 arcanum.
2666 3824 2906 3894 Denique
2945 3827 3019 3880 ita
3049 3828 3312 3897 sapientia
3357 3845 3423 3883 ex
3466 3846 3562 3886 ore

1974 3914 2236 3970 Altissimi
2267 3915 2530 3985 prodiisse
2557 3930 2615 3970 se
2653 3917 2782 3970 dicit
2831 3915 2999 3988 (Eccl.
3031 3935 3182 3985 xxiv,
3225 3919 3302 3990 5),
3347 3929 3406 3974 ut
3451 3938 3560 3978 non

1974 4015 2127 4060 extra
2156 4006 2368 4060 Patrem
2399 4007 2487 4071 sit,
2515 4006 2608 4062 sed
2637 4007 2778 4077 apud
2804 4006 3042 4070 Patrem,
3068 4007 3193 4076 quia
3217 4009 3426 4063 verbum
3447 4021 3560 4065 erat

1975 4097 2116 4166 apud
2153 4097 2318 4149 Deum
2361 4096 2541 4168 (Joan.
2589 4113 2628 4160 ι,
2673 4096 2763 4166 1);
2806 4112 2905 4150 nec
2938 4096 3109 4151 solum
3137 4099 3278 4168 apud
3316 4099 3555 4170 Patrem,

1947 4187 2070 4241 -sed
2118 4188 2282 4240 etiam
2328 4187 2381 4240 in
2429 4185 2626 4252 Patre;
2668 4185 2800 4241 dicit
2847 4186 3031 4241 enim:
3072 4186 3186 4258 Ego
3220 4191 3274 4244 in
3313 4190 3475 4246 Patre
3509 4203 3558 4248 et

1976 4275 2140 4330 Pater
2159 4279 2217 4330 in
2248 4293 2328 4330 me
2359 4275 2523 4348 (Ibid.
2555 4293 2670 4343 xiv,
2707 4277 2812 4350 l0).
2841 4277 2946 4333 Sed
2968 4294 3140 4351 neque
3167 4296 3290 4335 cum
3312 4283 3378 4334 de
3397 4281 3560 4338 Patre

1974 4369 2106 4433 exit,
2139 4369 2203 4422 de
2226 4367 2343 4422 loco
2366 4369 2588 4433 recedit,
2612 4377 2667 4424 et
2693 4371 2847 4440 quasi
2876 4385 3070 4440 corpus
3104 4387 3134 4425 a
3156 4386 3384 4442 corpore
3404 4389 3559 4444 sepa-

1977 4467 2158 4513 ratur:
2187 4475 2360 4530 neque
2382 4476 2505 4515 cum
2538 4463 2589 4515 in
2627 4460 2788 4516 Patre
2812 4471 2915 4528 est,
2940 4465 3094 4532 quasi
3119 4464 3172 4518 in
3194 4479 3419 4536 corpore
3440 4474 3560 4521 tan-

285 4539 453 4595 Patre
477 4542 593 4597 solo
624 4554 726 4610 est,
755 4561 859 4600 non
885 4546 1085 4613 factus,
1126 4564 1225 4603 nec
1248 4559 1479 4612 creatus,
1514 4550 1608 4605 sed
1637 4550 1868 4620 genitus.
1900 4543 1949 4602 D
1975 4564 2138 4618 quam
2187 4565 2384 4620 corpus
2429 4550 2738 4606 includitur.
2791 4551 3028 4622 Spiritus
3077 4569 3290 4623 quoque
3340 4565 3560 4616 sanctus

288 4633 526 4705 Spiritus
555 4647 776 4692 sanctus
813 4655 841 4692 a
880 4639 1042 4694 Patre
1070 4648 1124 4695 et
1163 4641 1320 4706 Filio,
1367 4656 1475 4696 non
1519 4642 1726 4709 factus,
1771 4656 1872 4699 nec

288 4739 520 4793 creatus,
557 4745 656 4784 nec
677 4732 908 4800 genitus,
950 4733 1042 4788 sed
1067 4734 1366 4804 procedens
1401 4733 1449 4788 δ.
1492 4755 1510 4787 ι

356 4821 591 4875 Sanctus
629 4837 844 4891 quoque
873 4823 1105 4878 Hilarius
1149 4826 1432 4895 cpiscopus
1452 4868 1466 4891 ,
1497 4828 1580 4881 vir
1609 4829 1661 4882 in
1691 4829 1872 4884 divino

285 4909 430 4963 cultu
458 4911 772 4979 prieclarus,
795 4914 948 4983 cujus
978 4916 1351 4970 auctoritatem
1379 4931 1516 4987 papa
1546 4916 1789 4973 Gelasius
1817 4919 1872 4973 in

285 5002 541 5070 prazdicta
581 5003 842 5058 decretali
877 5005 1133 5072 epistola,
1178 5015 1234 5060 et
1277 5006 1870 5079 Constantinopolitana

288 5092 523 5160 synodus
551 5108 582 5147 a
612 5093 877 5149 catholica
902 5095 1141 5152 Ecclesia
1170 5097 1565 5168 suscipiendam
1593 5113 1715 5154 esse
1738 5114 1869 5154 con-

289 5185 488 5250 ﬁrmat,
513 5183 778 5255 Spiritum
803 5197 1049 5243 sanctum
1077 5204 1107 5242 a
1136 5189 1273 5245 Filio
1299 5191 1621 5259 procedere,
1653 5193 1707 5246 in
1732 5193 1870 5249 libro

287 5285 383 5330 vui
428 5273 496 5329 de
539 5274 826 5341 Trinitate,
851 5286 1082 5334 testatur
1126 5281 1210 5335 his
1253 5280 1433 5335 verbis
1480 5282 1678 5352 (Nam.
1725 5285 1865 5355 20):

294 5382 316 5416 ι
345 5365 581 5436 Spiritus
609 5378 828 5424 sanctus
853 5384 883 5423 a
910 5370 1046 5425 Filio
1077 5372 1294 5442 accipit,
1318 5373 1410 5444 qui
1451 5375 1591 5428 etab
1612 5390 1678 5430 eo
1705 5377 1871 5432 mitti-

285 5464 400 5523 tur,
429 5465 486 5512 et
504 5473 535 5511 a
565 5459 722 5514 Patre
747 5462 1010 5529 procedit.
1034 5463 1101 5518 Et
1125 5464 1398 5537 interrogo
1441 5473 1619 5521 utrum
1641 5467 1873 5537 idipsum

414 5567 669 5646 Gelasius
697 5584 859 5640 papa,
890 5579 1020 5625 tom.
1052 5573 1093 5646 Υ
1122 5571 1350 5646 (Dormit,
1382 5591 1504 5646 pag.
1535 5577 1660 5632 587.

357 5637 387 5676 δ
419 5637 736 5711 Symbolum
769 5637 925 5710 ergo,
959 5642 1099 5698 unde
1128 5643 1243 5700 htec
1270 5637 1429 5700 verba
1453 5637 1721 5711 citantur,
1749 5663 1873 5703 san—

287 5714 432 5780 ctum
455 5708 812 5780 Athanasium
834 5708 1033 5766 habere
1055 5722 1326 5770 auctorem
1350 5715 1606 5774 Alcuinus
1625 5708 1869 5780 credidit,

289 5778 568 5832 modernis
594 5779 800 5834 criticis
819 5781 1276 5841 dissentientibus.

654 5873 906 5937 Ps'rnor.
970 5876 1068 5938 Cl.

1973 4657 2096 4694 cum
2117 4642 2362 4712 procedit
2383 4658 2413 4696 a
2441 4643 2601 4697 Patre
2628 4652 2680 4698 et
2707 4643 2864 4708 Filio,
2887 4660 2994 4698 non
3016 4654 3346 4715 separatum
3373 4647 3557 4721 Patre,

1974 4746 2080 4785 non
2119 4740 2406 4800 separatur
2439 4733 2595 4803 751
2640 4748 2669 4786 a
2712 4733 2866 4788 Filio.
2912 4733 3374 4800 Quemadmodum
3412 4742 3557 4799 enim

1973 4825 2214 4893 separari
2251 4833 2428 4893 potest
2463 4840 2493 4878 a
2534 4825 2723 4888 Patre,
2771 4825 2864 4894 qui
2908 4825 3129 4896 Spiritus
3165 4830 3278 4885 on’s
3317 4831 3431 4902 ejus
3474 4843 3559 4888 est

1973 4913 2145 4986 (Psal.
2177 4933 2328 4971 xxx”
2351 4957 2365 4981 ,
2396 4916 2474 4988 6),
2518 4917 2660 4986 quod
2709 4917 2894 4989 utique
2948 4922 3270 4977 aeternitatis
3300 4922 3556 4978 indicium

1975 5016 2030 5061 et
2061 5007 2356 5061 divinitatis
2384 5007 2638 5076 exprimit
2666 5001 2964 5065 unitatem?
3009 5011 3103 5067 Est
3131 5027 3262 5082 ergo
3285 5021 3340 5066 et
3373 5022 3558 5069 manet

1976 5114 2223 5168 semper,
2253 5099 2344 5170 qui
2374 5099 2595 5168 spiritus
2621 5101 2733 5156 oris
2775 5099 2892 5170 ejus
2933 5111 3052 5168 est;
3093 5103 3185 5157 sed
3230 5103 3556 5160 descendere

1977 5190 2210 5256 videtur,
2243 5206 2364 5246 cum
2394 5189 2545 5246 illum
2567 5193 2877 5262 recipimus,
2925 5202 2985 5248 ut
3026 5194 3232 5249 habitet
3273 5194 3326 5248 in
3367 5195 3552 5264 nobis,
3608 5179 3618 5188 ’

1976 5295 2044 5336 ne
2073 5297 2170 5336 nos
2204 5282 2372 5337 simus
2407 5297 2436 5336 a
2475 5284 2646 5354 gratia
2674 5283 2789 5353 ejus
2815 5283 2993 5339 alieni.
3038 5282 3201 5339 Nobis
3229 5283 3556 5345 descendere

1975 5372 2208 5438 videtur,
2236 5387 2342 5428 non
2369 5389 2476 5444 quo
2502 5374 2590 5430 ille
2611 5375 2890 5442 ascendat,
2921 5377 3015 5431 sed
3041 5390 3149 5446 quo
3169 5379 3238 5434 ad
3258 5378 3407 5437 illum
3433 5382 3552 5439 ani-

1976 5481 2098 5521 mus
2125 5473 2312 5521 noster
2335 5466 2654 5522 ascendatd.
2688 5485 2707 5519 ι

2051 5587 2077 5702 Ξ
2124 5575 2354 5702 Sanctus
2399 5576 2736 5644 Ambrosius,
2785 5577 2852 5634 de
2897 5575 3101 5652 Spiritu
3146 5591 3356 5650 sancto,
3385 5581 3477 5640 lib.
3509 5600 3549 5643 ι.

1976 5661 2096 5716 cap.
2128 5661 2177 5702 τ.

2046 5718 2073 5757 ει
2100 5717 2339 5792 Appiis.
2371 5717 2558 5792 Ambr.
2588 5735 2600 5771 :
2636 5736 2655 5769 α
2695 5717 2810 5776 Non
2837 5719 2978 5792 quod
3005 5717 3095 5777 ille
3123 5721 3430 5789 descendat,
3459 5723 3552 5780 sed

1977 5790 2120 5860 quod
2142 5791 2207 5846 ad
2233 5789 2378 5844 illum
2411 5789 2623 5844 animus
2644 5799 2825 5846 noster
2847 5789 3120 5849 ascendat.
3159 5812 3178 5843 ι

3153 5880 3192 5941 3
