3906 6186
279 346 335 402 77
1007 341 1420 399 DOGMATICA.
1459 372 1531 383 --
1565 341 1691 396 LIB.
1736 340 1822 395 DE
1861 337 2332 395 PROCESSIONE
2375 338 2430 393 S.
2474 338 2811 396 SPlRiTUS.

3383 318 3516 397 ,π

278 459 551 518 ncillimum
593 462 705 520 est,
751 454 1152 524 generationem
1196 471 1226 510 a
1268 455 1614 528 processione
1653 453 1840 509 distiu-
1870 457 1915 514 A
1944 453 2022 507 sic
2051 468 2081 506 a
2111 453 2286 522 seipso
2327 462 2546 522 propter
2589 452 3062 507 demonstrandam
3104 453 3265 508 unius
3311 462 3518 511 natura:

275 563 435 623 gnere,
473 547 709 604 sufﬁciat
747 546 966 601 interim
1009 547 1088 601 eis
1137 548 1227 616 qui
1285 547 1503 602 extendi
1531 561 1637 601 non
1666 545 1845 599 valent

279 641 504 712 amplius,
543 639 599 692 id
621 640 765 707 quod
791 639 856 693 de
884 637 986 691 hac
1007 652 1068 691 re
1098 637 1153 690 in
1183 651 1432 692 sermone
1457 637 1688 705 quodam
1713 650 1844 705 pro-

279 731 474 787 ierendo
499 731 569 784 ad
591 743 754 784 aures
778 726 958 798 populi
995 725 1289 781 Christiani
1320 728 1554 781 diximus
1574 767 1587 792 ,
1615 727 1844 781 dictum-

277 838 361 896 que
384 819 831 889 conscripsimus.
853 817 999 871 Inter
1019 823 1218 870 caitera
1242 817 1409 881 enim,
1437 832 1558 870 cum
1580 831 1678 885 per
1699 814 1844 869 Scri-

279 922 536 984 pturarum
568 914 882 962 sanctarum
920 904 1228 960 testimonia
1250 905 1577 969 docuissem,
1604 905 1668 958 de
1690 911 1844 958 utro-

278 1016 363 1072 que
400 997 702 1069 procedere
741 994 1001 1065 Spiritum
1039 1003 1306 1060 sanctum,
1333 997 1378 1049 si
1409 1010 1561 1065 ergo,
1601 996 1840 1063 inquam,

277 1090 399 1144 etde
423 1089 588 1144 Patre
626 1095 685 1140 et
724 1084 866 1139 Filio
907 1085 1150 1155 procedit
1185 1083 1421 1153 Spiritus
1465 1093 1716 1151 sanctus,
1747 1102 1845 1140 cur

277 1181 424 1235 Filius
471 1179 643 1232 dicit:
687 1175 766 1229 De
811 1173 977 1229 Patre
1014 1175 1297 1246 procedit?
1344 1175 1454 1230 Cur
1502 1185 1692 1245 putas,
1740 1176 1842 1231 nisi

277 1270 712 1342 quemadmodum
743 1267 880 1322 solet
906 1268 972 1321 ad
996 1283 1119 1322 cum
1153 1267 1377 1334 referre,
1404 1277 1460 1323 et
1495 1271 1639 1338 quod
1676 1269 1845 1339 ipsius

276 1369 361 1427 est,
383 1362 447 1415 de
471 1375 581 1429 quo
607 1367 662 1413 et
686 1359 801 1427 ipse
823 1358 948 1412 est?
974 1357 1125 1412 Unde
1146 1358 1275 1412 illud
1299 1366 1401 1422 est,
1423 1363 1568 1427 quod
1591 1361 1663 1414 ait
1683 1398 1698 1423 .
1722 1360 1844 1415 Mea

277 1453 496 1504 doctrina
530 1467 637 1503 non
667 1457 742 1502 est
768 1465 914 1512 mea,
952 1448 1042 1500 sed
1078 1448 1194 1517 ejus
1219 1449 1310 1518 qui
1338 1465 1418 1502 me
1444 1449 1587 1502 misit
1638 1449 1840 1519 (Joan.

276 1558 359 1607 vn,
381 1534 497 1612 16);
535 1541 581 1595 si
608 1540 773 1609 igitur
797 1539 887 1592 hic
907 1537 1228 1608 intelligitur
1246 1537 1363 1606 ejus
1392 1538 1658 1602 doctrina,
1683 1553 1844 1608 quam

275 1641 442 1688 tamen
468 1631 602 1687 dixit
623 1645 732 1683 non
760 1644 935 1690 suam,
956 1628 1049 1682 sed
1074 1628 1284 1692 Patris;
1309 1637 1513 1698 quanto
1543 1629 1715 1712 magis
1738 1628 1842 1683 illic

273 1723 633 1794 intelligendus
666 1729 774 1784 est,
803 1728 858 1773 et
895 1720 962 1774 de
991 1719 1106 1788 ipso
1125 1720 1419 1788 procedere
1457 1718 1691 1788 Spiritus
1720 1734 1846 1773 san—

273 1827 403 1882 ctus,
433 1815 516 1869 ubi
545 1813 621 1868 sic
648 1813 726 1866 ait
751 1830 765 1866 :
806 1811 884 1865 De
917 1809 1080 1863 Patre
1107 1809 1361 1880 procedit,
1390 1818 1452 1863 ut
1479 1825 1584 1863 non
1614 1809 1841 1874 diceret,
1876 1804 1922 1863 B

272 1908 331 1962 de
356 1921 438 1959 me
468 1921 576 1958 non
603 1902 893 1972 procedit?
930 1916 962 1954 a
1009 1915 1116 1969 quo
1161 1901 1330 1966 enim,
1373 1907 1434 1952 ut
1472 1899 1842 1969 prcediximus,

271 1998 419 2052 habet
443 1995 636 2058 Filius,
666 2002 726 2047 ut
759 1992 830 2046 sit
869 1991 1010 2045 Deus
1037 1988 1144 2061 (est
1167 1990 1314 2044 enim
1339 1988 1404 2044 de
1425 1989 1534 2042 Deo
1559 1987 1746 2058 Deus),
1777 1987 1846 2043 ab

271 2088 349 2142 illo
374 2087 538 2141 habet
560 2087 768 2154 utique,
795 2090 854 2136 ut
890 2083 1054 2136 etiam
1092 2082 1158 2135 de
1199 2080 1289 2135 illo
1316 2079 1575 2148 procedat
1610 2078 1847 2147 Spiritus

269 2188 518 2232 sanctus:
558 2191 624 2229 ac
658 2190 752 2243 per
789 2174 892 2227 hoc
940 2171 1171 2241 Spiritus
1199 2178 1438 2236 sanctus,
1479 2178 1540 2223 ut
1585 2170 1748 2224 etiam
1779 2168 1848 2224 de

270 2266 399 2318 Filio
425 2264 709 2334 procedat,
734 2263 866 2316 sicut
894 2260 1137 2331 procedit
1153 2260 1226 2314 ile
1252 2258 1431 2324 Patre,
1458 2256 1526 2312 ab
1547 2257 1664 2328 ipso
1681 2257 1846 2312 habet

271 2358 451 2412 Patre.
479 2376 498 2408 ι

330 2447 474 2502 idem
521 2461 652 2500 vero
692 2445 922 2514 Spiritus
966 2451 1213 2506 sanctus,
1257 2443 1348 2511 qui
1394 2442 1554 2497 unius
1581 2441 1847 2512 ejusdem—

272 2556 363 2609 que
386 2548 471 2592 est
499 2553 625 2591 cum
660 2537 822 2591 Patre
850 2544 907 2591 et
938 2536 1074 2591 Filio
1104 2535 1439 2600 substantiae,
1468 2533 1624 2599 licet,
1669 2541 1729 2588 ut
1763 2548 1848 2589 se-

274 2632 490 2686 cundum
514 2629 712 2683 divinre
733 2628 1026 2697 Scriptura:
1041 2627 1417 2681 auctoritatem
1437 2633 1493 2679 et
1513 2625 1846 2680 eruditorum

273 2722 321 2776 in
341 2723 509 2777 sacris
535 2721 902 2776 voluminibus
931 2718 1274 2773 traditionem
1302 2718 1541 2771 virorum
1572 2725 1848 2771 monstra-

275 2815 462 2879 vimus,
507 2821 733 2883 propter
769 2811 1031 2864 unitatem
1080 2809 1248 2878 ipsius
1289 2823 1412 2862 cum
1439 2807 1600 2861 Patre
1629 2815 1686 2861 et
1712 2807 1850 2862 Filio

275 2905 596 2965 substantiae,
627 2911 683 2958 et
723 2907 947 2972 pr0pter
989 2897 1406 2968 inseparabilem
1445 2905 1646 2951 sancta:
1672 2895 1851 2950 Trini-

277 2996 396 3050 tatis
416 3006 684 3058 naturam,
716 2991 1068 3055 voluntatem,
1097 2990 1374 3054 virtutem,
1401 2988 1771 3058 operationem
1795 2987 1850 3041 in

274 3087 374 3142 alio
391 3095 549 3156 atque
577 3085 681 3139 alio
711 3084 832 3137 loco
855 3081 1088 3151 Spiritus
1107 3080 1202 3135 Dei
1229 3080 1407 3134 Patris
1434 3088 1488 3134 et
1507 3079 1708 3134 Christi
1731 3077 1850 3148 Spi-

1945 542 2211 597 Deitatem
2241 558 2344 596 non
2389 543 2645 613 loquitur,
2677 551 2737 597 ut
2779 551 2958 598 tamen
2985 558 3103 613 qua:
3144 542 3382 615 loquitur
3403 543 3522 614 ejus

1943 646 2082 696 esse,
2129 641 2182 687 et
2215 647 2320 687 non
2353 633 2524 688 aliena
2571 635 2897 701 credantur,
2924 634 3098 689 Lucas
3142 633 3409 706 loquendo
3454 634 3523 690 de

1943 723 2200 792 apostolis
2251 731 2482 779 testatur
2531 724 2749 779 dicens:
2791 725 3064 796 Coeperunt
3109 725 3328 796 apostoli
3380 724 3522 798 loqui

1943 814 2062 869 aliis
2085 814 2295 885 linguis,
2313 827 2468 885 prout
2483 813 2710 886 Spiritus
2731 817 2888 872 dabat
2902 816 3011 872 illis
3024 816 3196 888 eloqui
3210 814 3346 890 (Act.
3361 834 3422 882 tt,
3440 816 3518 887 4).

1943 906 2009 959 Et
2053 905 2108 959 in
2149 905 2475 976 Evangelia:
2519 905 2643 960 Non
2669 908 2806 961 enim
2849 925 2937 962 vos
2968 909 3090 962 estis
3114 908 3204 978 qui
3228 907 3523 979 loquimini,

1943 995 2034 1050 sed
2061 995 2288 1067 Spiritus
2314 995 2493 1051 Patris
2518 999 2670 1052 vestri
2696 1000 2783 1069 qui
2809 998 3038 1070 loquitur
3056 999 3111 1052 in
3138 999 3278 1053 vobis
3305 996 3520 1069 (Matth.

1945 1102 1998 1146 χ,
2022 1085 2133 1155 ‘22).
2163 1085 2336 1141 Habet
2365 1101 2496 1157 ergo
2521 1088 2634 1157 ipse
2658 1088 2931 1158 propriam
2953 1088 3097 1144 fandi
3122 1088 3520 1150 auctoritatem,

1944 1175 2036 1243 qui
2075 1175 2299 1230 liberam
2339 1177 2549 1232 caeteris
2571 1177 2820 1248 loquendi
2849 1179 3036 1233 tribuit
3064 1177 3414 1233 facultatem:
3455 1177 3525 1231 ab

1944 1264 2258 1334 operatione
2285 1273 2461 1321 autem
2485 1275 2540 1320 et
2568 1269 2805 1336 potentia
2829 1276 2990 1336 atque
3009 1269 3249 1323 bonitate
3276 1267 3454 1322 Patris
3473 1275 3526 1321 et

1943 1353 2064 1407 Filii
2093 1368 2211 1409 esse
2233 1370 2340 1409 non
2367 1361 2543 1424 potest
2573 1356 2812 1421 alienus,
2842 1357 2934 1426 qui
2964 1373 3086 1411 cum
3114 1356 3276 1411 Patre
3311 1363 3366 1412 et
3389 1356 3526 1412 Filio

1945 1446 2370 1500 substantialiter
2400 1446 2660 1499 unitatem
2687 1448 2927 1516 possidet
2966 1447 3226 1514 Deitatis,
3255 1447 3384 1502 licet
3419 1447 3526 1502 dis—

1946 1537 2170 1592 tinctam
2192 1535 2389 1591 habeat
2413 1537 2465 1590 in
2491 1538 2819 1607 proprietate
2845 1553 3152 1608 personam.

2579 1648 2806 1705 CAPUT
2845 1648 2909 1703 ll.

1949 1740 2025 1795 De
2053 1757 2111 1794 eo
2137 1741 2276 1811 quod
2300 1741 2530 1814 Spiritus
2550 1750 2762 1814 sanctus
2782 1741 2962 1814 Patris
2991 1751 3039 1796 et
3063 1740 3193 1796 Filii
3224 1739 3451 1814 Spiritus
3475 1743 3530 1798 in

2324 1810 2510 1865 divinis
2543 1810 2887 1865 voluminibus
2916 1821 3147 1866 vocatur.

2019 1901 2252 1972 Spiritus
2283 1910 2506 1956 sanctus
2525 1943 2539 1967 ,
2570 1903 2660 1972 qui
2686 1901 2837 1956 Patri
2879 1910 2935 1956 et
2970 1901 3107 1958 Filio
3135 1903 3423 1974 cotequalis
3448 1909 3529 1959 est

1947 1999 2002 2044 et
2027 1999 2358 2055 comternus,
2392 1991 2445 2044 in
2479 1991 2746 2060 aliquibus
2789 1990 3082 2062 Scriptura:
3125 1992 3258 2048 locis
3299 1993 3532 2064 Spiritus

1947 2082 2151 2149 Patris;
2177 2084 2229 2137 in
2254 2083 2520 2152 aliquibus
2541 2098 2670 2137 vero
2689 2092 2909 2152 propter
2929 2085 3189 2140 unitatem
3213 2086 3532 2153 voluntatis,
3619 2119 3622 2125 -

1946 2173 2250 2242 potestatis,
2278 2173 2619 2239 mternitatis,
2649 2174 2964 2228 substantiae
2993 2186 3192 2231 sanctae
3224 2177 3532 2242 Trinitatis,

1949 2261 2185 2333 Spiritus
2213 2262 2416 2317 Christi
2442 2272 2692 2317 vocatur.

2017 2354 2214 2410 Beatus
2242 2353 2386 2409 enim
2413 2353 2626 2420 Petrus,
2655 2362 2714 2410 ut
2734 2356 2984 2410 eumdem
3005 2355 3267 2426 Spiritum
3287 2364 3532 2412 sanctum

1949 2444 2146 2499 Christi
2171 2459 2291 2500 esse
2312 2452 2661 2511 monstraret,
2686 2445 2740 2499 in
2768 2447 2941 2515 prima
2967 2445 3227 2516 Epistola,
3255 2461 3416 2514 quam
3444 2447 3532 2502 his

1949 2536 2041 2606 qui
2069 2551 2134 2590 ex
2167 2535 2580 2590 circumcisione
2617 2537 3000 2601 crediderant,
3033 2536 3280 2606 scripsit,
3309 2537 3375 2592 de
3402 2551 3534 2607 pro-

1949 2629 2126 2697 phetis
2156 2629 2401 2700 loquens,
2429 2631 2502 2684 ita
2529 2631 2841 2700 pronuntiat
2870 2649 2882 2682 :
2909 2629 3185 2685 Exsultate
3213 2629 3391 2684 la'titia
3418 2631 3533 2685 ine—

1952 2720 2206 2774 narrabili
2231 2729 2277 2774 et
2305 2721 2655 2790 honoriﬁcam
2685 2721 2982 2790 recipientes
3017 2721 3174 2790 ﬁnem
3202 2721 3325 2790 ﬁdei
3352 2730 3534 2775 vestrae

1952 2811 2173 2866 salutem
2221 2812 2518 2866 animarum
2538 2852 2552 2876 ,
2583 2811 2646 2865 de
2672 2828 2775 2884 qua
2801 2811 2969 2865 salute
2997 2811 3350 2882 exquisierunt
3381 2819 3534 2883 atque

1951 2906 2171 2959 scrutati
2197 2912 2317 2957 sunt
2341 2904 2628 2974 prophetw,
2673 2903 2762 2974 qui
2801 2903 2866 2956 de
2905 2903 3086 2972 futura
3112 2904 3166 2956 in
3193 2903 3331 2957 vobis
3357 2904 3534 2972 gratia

1954 2993 2052 3047 Dei
2079 2993 2532 3064 prophetuverunt,
2563 3001 2852 3047 scrutantes
2879 2993 2931 3044 in
2954 2995 3091 3062 quod
3112 2991 3188 3045 vel
3212 2993 3365 3064 quale
3402 3003 3536 3045 tem-

1955 3101 2050 3155 pus
2095 3083 2445 3153 signiﬁcarct,
2492 3083 2582 3154 qui
2622 3083 2675 3136 in
2725 3083 2800 3136 eis
2853 3091 3009 3146 erat,
3061 3079 3288 3150 Spiritus
3340 3081 3539 3136 Christi

274 3180 402 3235 ritus
425 3176 752 3248 appellatur,
781 3182 839 3228 et
867 3174 935 3228 ab
976 3173 1218 3241 utrisque
1245 3171 1541 3241 procedere
1578 3171 1774 3227 dicitur
1797 3179 1852 3225 et
1880 3160 1926 3222 C
1959 3176 2012 3248 (1
2043 3177 2187 3230 Petr.
2221 3193 2256 3239 ι,
2293 3176 2402 3244 10).

272 3272 482 3325 missus.
526 3269 624 3323 Est
669 3279 851 3322 tamen
894 3279 1056 3319 verus
1105 3263 1244 3318 Deus
1286 3261 1508 3332 azqualis
1544 3277 1642 3332 per
1669 3261 1852 3317 omnia

272 3362 410 3417 Patri
441 3369 500 3415 et
533 3360 676 3414 Filio
703 3357 1001 3420 voluntate,
1043 3363 1332 3426 potestate,
1375 3355 1696 3420 aeternitate,
1729 3355 1856 3409 sub-

272 3453 484 3507 stantia.
513 3451 592 3505 De
638 3464 747 3518 quo
787 3447 1079 3518 Gregorius
1120 3445 1492 3500 Nazianzenus
1535 3447 1591 3499 in
1632 3443 1854 3514 praefata

274 3543 396 3597 dicit
417 3541 641 3596 homilia
669 3557 682 3592 :
726 3551 750 3579 α
787 3557 806 3590 ι
842 3537 1074 3607 Spiritus
1112 3544 1332 3591 sanctus
1355 3537 1467 3590 vita
1492 3545 1576 3592 est
1602 3545 1657 3591 et
1684 3535 1858 3590 viviti-

274 3651 417 3698 cans,
447 3635 537 3687 lux
559 3641 616 3688 et
645 3631 976 3695 illuminans,
1001 3629 1174 3684 bonus
1197 3638 1253 3683 et
1279 3627 1437 3699 753
1461 3628 1676 3684 bonitas
1701 3647 1712 3682 :
1738 3628 1860 3698 Spi-

275 3727 407 3780 ritus
434 3732 644 3788 rectus,
690 3721 926 3792 Spiritus
973 3720 1302 3791 principalis,
1347 3721 1438 3790 qui
1473 3731 1558 3774 est
1601 3720 1860 3775 Dominus

277 3815 537 3879 omnium,
564 3813 787 3866 mittens
817 3809 1106 3880 apostolos,
1133 3823 1391 3879 separans
1419 3809 1523 3864 sibi
1551 3810 1857 3873 ministros,

278 3906 474 3975 templa
506 3903 609 3958 sibi
643 3903 760 3971 ipse
791 3901 1162 3963 constituens;
1203 3898 1476 3968 inspirans
1503 3899 1597 3953 ubi
1625 3899 1756 3962 vult,
1782 3899 1862 3954 di-

275 3999 463 4052 videns
487 3994 818 4057 donationis,
849 3991 1073 4061 spiritus
1099 3991 1365 4056 veritatis,
1403 3990 1626 4060 spiritus
1650 3990 1864 4058 sapien-

277 4087 365 4140 tia:
392 4095 449 4140 et
474 4083 807 4147 intellectus,
832 4090 887 4136 et
911 4080 1173 4146 scientia},
1207 4088 1264 4134 et
1298 4079 1538 4150 pietatis,
1575 4086 1630 4134 et
1656 4078 1865 4134 consilii

274 4189 333 4230 et
362 4177 601 4241 virtutis,
623 4185 680 4230 et
709 4174 918 4229 timoris
947 4173 1072 4239 Dei,
1111 4187 1211 4244 per
1250 4187 1412 4244 quem
1439 4172 1600 4227 Pater
1623 4171 1868 4242 agnosci-

2024 3265 2222 3321 Beatus
2271 3265 2519 3320 similiter
2555 3263 2754 3320 Paulus
2797 3280 2848 3318 in
2896 3262 3118 3333 epistola
3157 3263 3225 3317 ad
3263 3263 3538 3321 Romanos

1954 3374 2087 3413 xvm
2119 3356 2350 3427 capitulo
2378 3357 2550 3426 inquit
2582 3375 2594 3409 :
2622 3353 2680 3411 Si
2707 3356 2823 3426 quis
2864 3364 3036 3410 autem
3064 3352 3317 3426 Spiritum
3343 3351 3541 3411 Christi

1957 3467 2061 3504 non
2081 3448 2250 3513 habet,
2279 3448 2362 3501 hic
2392 3464 2495 3501 non
2523 3456 2597 3502 est
2619 3446 2733 3517 ejus
2764 3445 2939 3517 (Rom.
2971 3461 3066 3500 vm
3089 3487 3104 3512 ,
3137 3444 3214 3514 9).
3243 3445 3310 3500 Et
3337 3445 3537 3501 iterum
3599 3513 3605 3521 _

1958 3541 2100 3596 idem
2127 3539 2374 3611 egregius
2401 3536 2654 3594 Gentium
2679 3536 2878 3593 Doctor
2914 3537 2969 3592 in
3000 3536 3224 3608 epistola
3269 3536 3336 3591 ad
3366 3533 3532 3591 Gala-

1959 3640 2043 3686 tas
2071 3646 2202 3685 xvm
2227 3628 2460 3699 capitulo
2485 3628 2732 3684 eumdem
2761 3626 3025 3697 Spiritum
3064 3635 3311 3682 sanctum
3339 3625 3529 3696 unige»

1959 3723 2059 3776 niti
2105 3721 2226 3776 Filii
2275 3721 2372 3776 Dei
2423 3720 2684 3791 Spiritum
2739 3735 2859 3775 esse
2910 3725 3164 3786 testatur,
3194 3717 3269 3772 ita
3311 3717 3537 3772 dicens:

1963 3813 2107 3868 Misit
2138 3814 2274 3868 Deus
2301 3811 2554 3882 Spiritum
2587 3811 2718 3866 Filii
2745 3814 2827 3867 sui
2856 3814 2910 3866 in
2944 3812 3103 3866 corda
3134 3821 3333 3865 nostra.
3357 3812 3410 3865 in
3441 3828 3543 3883 quo

1961 3907 2246 3961 clamamus
2275 3906 2418 3960 Abba
2443 3903 2607 3960 Pater
2628 3904 2773 3977 (Gal.
2806 3921 2881 3970 tv,
2909 3903 2985 3974 6).

2032 3998 2142 4052 Leo
2166 3996 2412 4052 similiter
2436 4010 2573 4066 papa
2603 3994 2659 4048 in
2687 3992 2908 4047 homilia
2927 4032 2942 4058 ,
2987 4005 3152 4061 quam
3194 3991 3260 4046 de
3309 3989 3543 4058 adventu

1965 4088 2198 4160 Spiritus
2235 4088 2405 4142 sancti
2445 4101 2608 4156 super
2649 4084 2920 4156 apostolos
2948 4082 3203 4153 scripsit,
3250 4098 3545 4140 consonam

1965 4182 2106 4236 beati
2138 4179 2281 4234 Petri
2312 4177 2651 4233 sermonibus
2671 4177 2739 4232 de
2761 4168 2952 4232 eodém
2978 4184 3168 4233 sancto
3194 4176 3396 4246 Spiritu
3423 4189 3549 4246 pro-

280 4279 402 4331 tur,
431 4277 486 4320 et
506 4267 668 4322 Filius
691 4265 1044 4336 glorificatur,
1073 4273 1130 4320 et
1167 4279 1198 4319 a
1237 4265 1432 4333 quibus
1468 4265 1598 4320 solis
1637 4265 1750 4334 ipse
1777 4279 1869 4318 co-
1967 4271 2089 4324 tulit
2115 4269 2455 4332 sententiam,
2481 4268 2554 4321 ita
2584 4267 2769 4323 dicens
2795 4266 2854 4320 ει)
2883 4286 2901 4318 ι
2922 4266 3018 4322 Est
3049 4266 3266 4335 quidem
3287 4266 3355 4319 de
3385 4263 3546 4318 Patre

276 4357 604 4428 ignoscitur;
640 4373 776 4412 unus
819 4357 976 4421 ordo,
1007 4372 1145 4412 unus
1171 4356 1380 4419 cultus.
1411 4371 1516 4409 una
1557 4355 1865 4420 veneratio,
1968 4359 2137 4415 Filius
2159 4359 2499 4429 unigenitus,
2526 4367 2580 4413 et
2611 4357 2846 4428 Spiritus
2870 4367 3091 4414 sanctus
3117 4356 3293 4412 Patris
3319 4354 3550 4423 Filiique

278 4463 394 4501 una
431 4447 620 4510 virtus,
662 4463 768 4501 una
812 4445 1074 4517 perfectio
1128 4455 1184 4502 et
1217 4444 1590 4500 sanctiﬁcatio.
1633 4445 1701 4499 Et
1741 4446 1869 4515 quid
1896 4511 1938 4522 _
1969 4460 2054 4506 est
2087 4451 2339 4522 Spiritus.
2375 4471 2392 4500 ι
2418 4450 2562 4506 Idem
2588 4465 2800 4521 quoque
2830 4451 2882 4504 in
2911 4449 3148 4505 secunda
3175 4449 3250 4502 ita
3274 4448 3351 4501 ait
3379 4447 3550 4502 hami-

277 4553 423 4607 opus
448 4545 533 4590 est
559 4537 795 4616 pluribus
812 4511 1042 4592 verbis?
1077 4536 1268 4592 Omnia
1299 4551 1417 4606 qua?
1439 4535 1598 4590 Pater
1623 4543 1725 4600 est,
1755 4511 1871 4591 llaec
1896 4511 1944 4570 θ
1973 4543 2041 4597 lia
2066 4558 2079 4596 :
2113 4511 2144 4594 ι⁸
2161 4542 2560 4612 Scmpiternum
2591 4511 2672 4596 cst
2699 4511 2856 4606 Filio,
2883 4538 3306 4609 intemporaliter
3334 4554 3364 4592 a
3390 4537 3552 4592 Patre

279 4635 366 4679 est
395 4624 590 4688 Filius,
623 4635 848 4696 excepto
877 4641 943 4680 eo
979 4629 1120 4696 quod
1155 4627 1372 4681 innatus
1398 4634 1480 4680 est
1518 4625 1718 4692 Pater;
1758 4626 1872 4681 haec
1973 4649 2092 4689 esse
2116 4634 2490 4704 progenitum;
2522 4633 2907 4700 sempiternum
2939 4645 3152 4699 quoque
3195 4637 3278 4684 est
3322 4628 3550 4700 Spiritui

278 4725 370 4770 est
401 4715 637 4786 Spiritus
671 4726 910 4781 sanctus,
943 4724 1140 4786 praeter
1165 4718 1268 4771 hoc
1301 4717 1442 4795 quod
1485 4725 1644 4771 natus
1671 4724 1755 4771 est
1785 4716 1875 4770 [τί-
1976 4734 2183 4790 sancto,
2216 4723 2476 4792 Spiritum
2503 4736 2620 4776 esse
2647 4720 2824 4773 Patris
2848 4728 2901 4773 et
2927 4718 3071 4773 Filii.
3110 4739 3128 4771 ι
3162 4718 3308 4773 idem
3338 4734 3554 4790 quoque

281 4806 411 4861 lius.
465 4805 572 4860 Sed
610 4808 727 4862 haec
760 4823 868 4862 non
896 4809 1252 4863 substantiam
1299 4815 1570 4877 separant,
1616 4808 1710 4862 sed
1747 4822 1875 4877 erga
1976 4815 2298 4870 venerabilis
2329 4829 2464 4884 papa
2496 4813 2604 4867 Leo
2636 4813 2692 4866 in
2718 4811 2972 4866 decretali
3010 4811 3265 4880 epistola,
3296 4825 3456 4881 quam
3486 4810 3553 4864 de

287 4899 657 4953 substantiam
693 4901 1090 4956 discernuntur.
1128 4920 1146 4952 ›
1182 4899 1333 4966 Quod
1363 4915 1490 4954 vero
1515 4899 1658 4954 idem
1688 4899 1849 4953 Salva.

1978 4906 2317 4977 baptismatis
2337 4903 2594 4974 mysterio
2622 4903 2971 4973 conscripsit,
3003 4901 3263 4971 Spiritum
3284 4908 3550 4965 sanctum,

289 4994 378 5038 tor
419 4996 612 5042 noster
641 4988 707 5042 de
750 4988 938 5044 eodem
974 4997 1159 5044 sancto
1204 4989 1440 5059 Spiritu,
1482 4997 1544 5044 ut
1587 4989 1644 5044 in
1688 4989 1877 5045 eodem
1980 4999 2241 5069 Spiritum
2275 4996 2547 5060 veritatis,
2581 4995 2633 5050 id
2677 5003 2794 5061 est,
2825 4994 3025 5051 Christi
3059 5010 3180 5050 esse
3213 4999 3442 5046 testatur
3469 4989 3554 5045 di-

287 5076 586 5148 ειτωεειίο
613 5082 909 5136 secundum
937 5081 1198 5136 Joannem
1223 5081 1438 5150 κείων,
1468 5081 1779 5150 Pl'Ommliat
1800 5080 1882 5135 dir
1981 5105 2145 5144 cens:
2181 5106 2199 5138 ι
2227 5087 2359 5142 Cum
2383 5087 2591 5141 venerit
2625 5085 2713 5141 ille
2751 5085 2984 5156 Spiritus
3011 5083 3253 5138 veritatis
3272 5121 3287 5147 ,
3316 5080 3403 5136 ille
3426 5079 3556 5134 diri-

289 5184 465 5224 ‘3‘3053
507 5171 629 5225 Νοπ
657 5171 899 5243 loquetur
922 5190 954 5226 α
979 5173 1250 5244 εεηιεεὶρδο
1270 5213 1284 5237 ›
1307 5173 1398 5226 sed
1432 5188 1751 5243 quotcunque
1780 5189 1879 5226 αα-
1981 5188 2070 5252 get
2095 5195 2190 5234 vos
2219 5181 2271 5234 in
2315 5193 2528 5232 onlnem
2558 5178 2840 5233 veritatem
2879 5175 3058 5249 (Joan.
3104 5189 3192 5228 xvt
3214 5213 3229 5237 ,
3272 5171 3382 5243 15).
3421 5161 3556 5227 Cum

285 5264 424 5328 Δία,
460 5263 722 5335 loquetur,
745 5276 795 5320 et
818 5268 942 5338 quia
969 5268 1032 5322 de
1055 5283 1168 5321 meo
1195 5267 1410 5337 accipiet
1430 5265 1610 5336 (Joan.
1634 5265 1880 5339 “1,15),
1984 5271 2166 5339 itaque
2195 5269 2398 5323 veritas
2423 5267 2670 5323 Christus
2697 5267 2804 5329 sit,
2835 5275 2890 5320 ct
2916 5263 3152 5334 Spiritus
3178 5269 3398 5317 sanctus
3435 5259 3559 5330 Spi-

289 5353 363 5406 ad
393 5355 915 5411 demonstrationem
937 5359 1095 5411 unius
1121 5356 1434 5432 substantia:
1460 5355 1686 5410 Deitatis
1718 5364 1774 5411 et
1792 5372 1882 5411 vo—
1987 5363 2122 5416 ritus
2150 5363 2394 5416 veritatis
2416 5370 2664 5425 vocatur,
2710 5371 3014 5427 nomenque
3051 5355 3302 5430 Paracliti
3345 5357 3559 5426 utrique

290 5443 530 5501 luntatis
557 5447 735 5504 Patris
759 5458 816 5504 et
839 5449 963 5504 Filii
1003 5460 1058 5505 et
1096 5450 1329 5520 Spiritus
1353 5450 1525 5505 sancti
1553 5451 1655 5504 hoc
1679 5451 1879 5505 dictum
1991 5455 2062 5509 sit
2090 5455 2383 5524 pmprium,
2414 5470 2518 5509 non
2547 5451 2808 5508 dissimile
2829 5458 2912 5506 est
2938 5449 3154 5518 festum,
3178 5450 3269 5508 ubi
3292 5465 3454 5509 unum
3477 5437 3564 5509 est

285 5549 427 5592 esse
448 5538 750 5594 certissime
776 5538 1069 5595 credimus.
1093 5537 1326 5610 Spiritus
1356 5540 1498 5595 enim
1525 5548 1746 5596 sanctus
1791 5541 1884 5595 oui
1987 5553 2406 5599 sacramentum.
2441 5562 2460 5596 ι

369 5687 395 5752 ξ
435 5673 733 5752 Gregorius
751 5677 1146 5752 Nazianzenus,
1169 5673 1416 5744 orati“.
1445 5677 1866 5752 numJSetli.
1998 5745 2010 5752 _
2127 5739 2184 5752 η
2383 5740 2413 5752 _
2444 5739 2456 5752 ,
2532 5737 2559 5752 η
3093 5697 3098 5701 ’
3465 5750 3469 5752 ν
3533 5725 3544 5737 ν

373 5744 406 5784 δ
441 5737 641 5802 ιθοῖιίε
667 5763 824 5818 papae
847 5765 1008 5805 term.
1033 5737 1262 5823 πίστει).
1287 5753 1349 5816 5;
1373 5737 1536 5807 serm.
1563 5749 1653 5817 76,
1679 5764 1796 5820 cap.
1823 5748 1888 5813 2;
1930 5745 2085 5816 epist.
2126 5739 2208 5808 16,
2237 5753 2355 5810 cap.
2383 5740 2416 5796 5
2444 5739 2496 5793 ἰη
2529 5737 2652 5794 line.
2976 5754 2978 5756 '
3413 5750 3559 5834 gf",
