3906 6186
3151 292 3268 312 '_\--

261 357 316 414 ει
507 295 514 300 ’
992 342 1406 405 DOGMATICA.
1445 374 1516 385 —
1547 341 1676 400 un.
1716 342 1806 399 ne
1841 340 2311 404 puocassroue
2343 340 2405 405 s.
2446 340 2782 405 smnus.
3161 295 3268 312 Ἣ
3429 339 3500 397 sa

261 469 386 538 loqui
419 465 544 519 aliis
567 461 780 533 linguis,
805 470 960 531 prout
983 459 1214 532 Spiritus
1243 469 1453 514 sanctus
1484 458 1642 513 dabat
1665 456 1836 528 eloqui
1865 459 1913 522 Α
1939 465 2177 521 sanctus,
2207 457 2335 512 licet
2364 472 2394 510 a
2420 455 2580 511 Patre
2625 461 2846 525 propter
2888 452 3150 508 unitatem
3196 455 3507 514 substantite

259 560 324 612 eis
357 556 497 624 (Aet.
525 569 589 615 ιι,
617 551 695 624 4).

321 575 324 607 :
378 556 497 609 Aet.
525 569 589 615 ll,
617 556 651 605 4
681 591 695 604 .

321 556 515 704 Βξειιιιιε
546 556 711 713 igitr)"
730 639 1026 710 Gregorius
1047 639 1421 695 Nazianzenus
1445 640 1498 692 in
1525 639 1713 692 eadem
1737 638 1834 692 bo-

264 737 414 799 milia,
447 750 615 804 quam
651 733 718 786 de
754 733 990 786 adventu
1030 731 1266 802 Spiritus
1303 731 1473 786 sancti
1515 745 1678 800 super
1704 745 1834 800 apo-

264 831 416 885 stolos
463 824 830 894 conscripsit,
887 824 952 877 de
1006 823 1262 876 missione
1311 820 1553 889 ejusdem
1600 819 1834 889 Spiritus

265 919 417 976 sancti
449 919 533 972 ait
555 919 629 971 ita
656 958 670 972 .
703 935 721 968 ι
755 915 990 984 Spiritus
1017 922 1234 968 sanctus
1249 915 1397 967 venit
1420 920 1481 966 ut
1501 911 1758 966 Dominus
1779 913 1833 966 in

263 1016 539 1080 potestate,
573 1005 1017 1061 mittitur'autem
1057 1012 1311 1070 tanquam
1347 1001 1439 1070 qui
1474 1015 1581 1054 non
1610 1000 1681 1053 sit
1706 1014 1835 1053 con—

263 1101 453 1155 trarius
479 1099 613 1153 Deo.
644 1097 737 1151 Isti
765 1096 913 1150 enim
943 1109 1218 1149 sermones
1255 1109 1361 1147 non
1404 1099 1650 1146 naturam
1680 1106 1831 1160 sepa-

264 1198 392 1256 rant,
419 1189 517 1244 sed
545 1187 897 1243 concordiam
921 1187 1135 1240 docent.
1170 1184 1463 1254 Propterea
1502 1191 1682 1238 autem
1712 1192 1833 1253 post

266 1280 625 1334 ascensionem
664 1277 868 1332 Christi
897 1283 957 1329 ut
985 1291 1123 1328 unus
1165 1273 1321 1328 nobis
1362 1272 1662 1327 Paraclitus
1691 1273 1831 1326 mitti

261 1373 468 1437 dicitur,
495 1379 555 1424 ut
580 1368 950 1442 aequalitatem
983 1373 1187 1420 natura:
1231 1381 1294 1420 ac
1343 1364 1628 1434 potestatis
1667 1378 1832 1434 agno-

265 1479 391 1518 scas.
429 1481 448 1513 ι

325 1554 555 1607 Sanctus
584 1563 802 1620 quoque
821 1548 1155 1619 Augustinus
1175 1548 1229 1600 in
1256 1547 1393 1601 libro
1412 1554 1604 1615 quarto
1625 1545 1690 1599 de
1713 1544 1833 1599 Tri-

251 1645 420 1697 nitate
438 1658 528 1695 nt
549 1639 786 1709 capitulo
811 1638 1008 1692 Filium
1030 1647 1084 1692 et
1105 1637 1365 1706 Spiritum
1385 1643 1631 1691 sanctum
1653 1652 1832 1705 atqua-

263 1734 336 1792 les
363 1749 482 1788 esse
509 1732 650 1786 Patri
679 1731 981 1786 secundum
1009 1729 1272 1783 unitatem
1308 1729 1624 1784 substantia:
1644 1769 1659 1794 ,
1707 1729 1834 1782 licet

1935 556 2140 602 sanctae
2166 547 2449 602 Trinitatis
2477 547 2643 613 mitti,
2664 553 2726 600 ut
2743 543 2951 615 prmfati
2978 560 3183 612 sumus,
3227 547 3504 614 dicuntur;

1934 637 2082 692 Patri
2114 646 2294 692 tamen
2321 653 2420 709 per
2447 639 2628 692 omnia
2654 637 2955 702 voluntate,
2978 645 3267 706 potestate,
3289 641 3510 694 aeterni-

1934 734 2067 792 tate,
2091 727 2390 781 substantia
2423 727 2660 797 aequales
2689 735 2832 781 sunt.
2865 725 2980 781 Non
3005 735 3088 782 est
3111 728 3274 794 enim,
3302 736 3511 786 utsan-

1934 825 2054 872 ctus
2094 816 2454 886 Hieronymus
2495 817 2550 870 in
2580 802 2870 886 Symbolo,
2917 817 3062 886 quod
3105 817 3221 887 ipse
3262 817 3511 889 egregius

1935 911 2235 979 composuit
2257 911 2459 975 doctor,
2494 919 2747 977 testatur,
2780 912 2976 982 aliquis
3003 913 3057 966 in
3085 913 3188 967 hac
3220 929 3429 969 summa
3455 921 3515 969 et.

1934 1000 2188 1056 ineffabili
2216 1001 2479 1056 Trinitate
2507 1003 2704 1072 gradus
2726 1043 2741 1068 ,
2773 1003 2907 1057 nihil
2936 1004 3080 1072 quod
3107 1003 3330 1059 inferius
3356 1020 3516 1076 supe-

1934 1090 2115 1144 riusve
2147 1090 2252 1144 diei
2287 1091 2486 1159 possit,
2520 1092 2614 1146 sed
2662 1099 2772 1147 tota
2818 1093 3000 1148 Deitas
3054 1093 3137 1147 sui
3181 1093 3516 1165 perfectione

1933 1180 2152 1248 aequalis
2176 1188 2281 1245 est,
2305 1188 2365 1234 ut
2390 1183 2629 1250 exceptis
2657 1183 2954 1247 vocabulis,
2981 1198 3101 1252 qua:
3121 1184 3522 1254 proprietatem

1931 1286 2286 1340 personarum
2314 1273 2573 1338 indicant,
2602 1273 2861 1343 quidquid
2888 1274 2954 1328 de
2984 1289 3091 1327 una
3122 1287 3352 1344 persona
3381 1274 3516 1329 diei-.-

1934 1369 2043 1426 tur,
2072 1362 2138 1416 de
2171 1364 2344 1418 tribus
2379 1365 2690 1432 dignissime
2716 1367 2885 1435 possit
2923 1364 3169 1436 intelligi.
3200 1367 3228 1406 δ
3265 1385 3283 1418 ι
3329 1367 3518 1434 Qualis

1933 1451 2077 1504 enim
2107 1451 2288 1517 Pater,
2318 1461 2379 1506 ut
2400 1455 2592 1508 beatus
2616 1454 2946 1511 Athanasius
2986 1456 3327 1514 Alexandria:
3363 1459 3528 1515 urbis.

1933 1542 2218 1612 episcopus
2270 1551 2522 1609 testatur,
2574 1545 2694 1600 talis
2739 1554 2795 1600 et
2831 1545 3022 1611 Filius,
3052 1547 3175 1601 talis
3199 1555 3255 1600 et
3283 1546 3530 1617 Spiritus-

1933 1644 2186 1701 sanctus;
2220 1635 2273 1689 in
2303 1637 2405 1690 hac
2430 1637 2573 1690 enim
2605 1637 2872 1692 Trinitate
2892 1638 3026 1692 nihil
3048 1639 3199 1708 prius
3225 1648 3318 1694 aut
3337 1647 3516 1710 poste-

1933 1726 2070 1790 rius,
2095 1727 2228 1780 nihil
2252 1726 2425 1795 majus
2451 1738 2545 1783 aut
2571 1730 2779 1795 minus,
2811 1730 2906 1786 sed
2953 1739 3080 1786 totae
3128 1737 3239 1786 tres
3270 1746 3515 1800 personae

263 1829 327 1880 ab
355 1841 420 1880 eo
448 1825 583 1878 mitti
618 1825 894 1886 dicuntur,
939 1829 1190 1885 testatur,
1239 1821 1316 1874 ita
1360 1822 1542 1876 dicens
1572 1835 1586 1874 :
1623 1839 1641 1870 ι
1679 1821 1829 1875 Sicut
1859 1815 1906 1874 B
1932 1823 2211 1870 coaeternae
2237 1817 2338 1870 sibi
2369 1827 2494 1871 sunt
2520 1826 2575 1872 et
2602 1818 2899 1887 coaequales
2924 1834 2938 1882 ;
2972 1819 3067 1885 ita,
3092 1829 3152 1873 ut
3178 1835 3276 1889 per
3296 1820 3476 1875 omnia
3497 1860 3513 1886 ,

259 1915 410 1969 Pater
433 1913 638 1982 genuit,
663 1911 835 1966 Filius
863 1913 1076 1979 genitus
1101 1921 1184 1966 est
1211 1928 1225 1964 :
1261 1911 1334 1964 ita
1363 1911 1523 1964 Pater
1547 1911 1710 1975 misit,
1743 1911 1832 1964 Fi-

258 2002 349 2056 lius
373 2003 575 2056 missus
594 2010 679 2055 est
704 2019 717 2054 :
749 2001 844 2055 sed
870 2001 1320 2069 quemadmodum
1345 2001 1436 2069 qui
1457 2000 1640 2070 genuit
1659 2009 1713 2054 et
1740 2001 1830 2076 qui

255 2091 463 2162 genitus
485 2101 592 2155 est,
615 2091 690 2145 ita
721 2098 774 2144 et
799 2090 890 2158 qui
918 2090 1066 2144 misit
1099 2098 1155 2143 et
1185 2090 1274 2159 qui
1303 2091 1500 2144 missus
1524 2099 1607 2145 est
1627 2131 1641 2154 ,
1667 2079 1832 2145 unum

253 2192 406 2245 sunt;
440 2182 571 2251 quia
610 2180 771 2236 Pater
794 2189 845 2235 et
878 2181 916 2233 F
926 2181 1054 2235 ilius
1095 2196 1260 2234 unum
1300 2189 1444 2235 sunt.
1481 2180 1559 2234 Ita
1588 2182 1753 2235 etiam
1779 2189 1834 2235 et

253 2271 498 2340 Spiritus
542 2280 756 2324 sanctus
794 2259 978 2323 unum.
1011 2285 1132 2324 cum
1183 2271 1264 2324 eis
1304 2279 1419 2333 est,
1463 2271 1590 2339 quia
1632 2271 1687 2324 hi
1725 2279 1835 2326 tres

253 2376 422 2412 unum
461 2368 608 2413 sunt.
647 2381 665 2411 ι
699 2361 762 2414 Et
792 2361 991 2415 iterum
1035 2362 1089 2415 in
1138 2362 1377 2418 secundo
1421 2362 1559 2417 libro
1600 2363 1834 2431 capitulo

255 2450 412 2504 tertio
440 2451 560 2504 ait:
596 2469 614 2500 ‹
647 2450 797 2506 Sicut
821 2468 928 2506 non
957 2467 1023 2506 ex
1065 2467 1130 2506 eo
1156 2451 1236 2515 ﬁt,
1268 2461 1327 2506 ut
1353 2452 1527 2505 minor
1549 2453 1619 2506 sit
1644 2451 1833 2517 Filius,

253 2543 366 2610 quia
393 2542 534 2595 dixit
567 2561 580 2594 :
619 2543 743 2597 Non
771 2553 933 2613 potest
967 2561 997 2597 a
1026 2561 1079 2597 se
1109 2542 1154 2595 F
1159 2542 1280 2598 ilius
1321 2543 1492 2612 facere
1528 2543 1831 2614 quidquam,

252 2632 331 2684 sed
355 2633 498 2702 quod
526 2633 710 2686 viderit
735 2631 952 2686 Patrem
975 2633 1250 2701 facientem
1277 2633 1457 2703 (Joan.
1474 2649 1525 2696 v,
1550 2633 1667 2704 i9);
1694 2633 1833 2704 (Non

253 2722 385 2776 enim
418 2723 520 2777 hoc
548 2739 616 2776 ex
645 2722 822 2777 forma
849 2724 989 2778 servi
1030 2723 1198 2787 dixit,
1230 2723 1327 2777 sed
1371 2739 1437 2777 ex
1476 2723 1648 2777 forma
1703 2724 1834 2789 Dei,

253 2814 390 2866 sicut
408 2812 519 2879 jam
543 2815 904 2868 ostendimus.
931 2813 1055 2868 Haec
1076 2822 1254 2868 autem
1280 2815 1443 2868 verba
1470 2829 1574 2868 non
1598 2814 1839 2869 indicant

251 2903 396 2971 quod
427 2902 600 2957 minor
620 2905 725 2968 sit,
761 2905 858 2959 sed
883 2905 1024 2973 quod
1065 2905 1130 2959 de
1168 2905 1328 2960 Patre
1355 2906 1446 2976 sit)
1481 2905 1552 2958 ita
1579 2921 1684 2959 non
1716 2906 1837 2962 hinc

256 2995 498 3061 dﬁcitur,
526 3007 585 3052 ut
609 2998 792 3052 minor
822 2999 895 3052 sit
937 2998 1172 3067 Spiritus
1195 3006 1416 3052 sanctus
1435 3038 1450 3063 ,
1483 2999 1611 3068 quia
1634 2999 1838 3054 dictum

253 3089 422 3143 estde
446 3089 538 3144 illo
564 3107 576 3142 :
606 3087 731 3143 Non
761 3089 896 3143 enim
928 3087 1167 3159 loquetur
1189 3106 1220 3141 a
1248 3090 1542 3159 semetipso,
1584 3090 1672 3142 sed
1699 3106 1840 3160 quoe-

252 3197 448 3250 eunque
467 3183 682 3246 audiet,
709 3181 951 3252 loquetur
981 3181 1163 3252 (Joan.
1184 3199 1296 3248 xw,
1321 3182 1430 3254 15).

317 3269 450 3326 Hinc
478 3280 704 3326 sanctus
731 3287 798 3326 ac
825 3272 1155 3326 venerabilis
1185 3273 1346 3327 Pater
1365 3271 1701 3328 Athanasius
1731 3286 1754 3313 α
1782 3273 1837 3328 in

250 3357 622 3422 altercatione,
652 3374 816 3427 quam
845 3374 966 3413 cum
996 3360 1126 3413 Ario
1164 3360 1350 3414 habuit
1385 3361 1642 3416 bteretico
1666 3401 1680 3427 ,
1709 3362 1842 3416 dicit

250 3451 386 3518 tried
405 3449 649 3520 Spiritus
680 3460 924 3518 sanctus,
949 3452 1040 3521 qui
1062 3453 1222 3507 unius
1242 3452 1589 3524 ejusdemque
1607 3463 1691 3510 est
1717 3471 1838 3510 cum

252 3544 406 3598 Patre
451 3544 704 3614 Filioque
751 3545 1106 3611 substantiae,
1149 3562 1213 3601 ea
1258 3564 1378 3617 qua:
1419 3549 1595 3604 Patris
1627 3559 1682 3605 et
1718 3550 1838 3605 Filii

251 3636 554 3688 communia
585 3643 746 3698 sunt,
776 3635 854 3689 ait
889 3643 946 3689 et
988 3635 1228 3705 loquitur
1283 3638 1355 3691 ita
1397 3639 1620 3694 dicens:
1671 3641 1838 3697 Multo

251 3725 416 3793 magis
440 3740 510 3777 ex
544 3725 650 3779 hoc
699 3733 920 3794 apparet
947 3723 1212 3794 Spiritum
1241 3736 1489 3783 sanctum
1513 3745 1542 3782 a
1575 3729 1756 3786 Patris
1786 3739 1842 3786 et

252 3814 367 3870 Filii
395 3817 708 3871 substantia
737 3833 842 3872 non
870 3832 989 3872 esse
1012 3817 1269 3883 alienum,
1302 3819 1428 3874 dum
1459 3835 1566 3874 non
1603 3837 1633 3875 a
1662 3823 1840 3892 seipso

251 3917 503 3978 tanquam
516 3909 732 3965 alienus
752 3917 806 3964 et
827 3917 1140 3972 extraneus,
1170 3910 1265 3964 sed
1287 3918 1346 3964 ut
1366 3919 1495 3980 puta
1517 3913 1676 3967 unius
1695 3915 1842 3984 ejus-

249 3999 478 4070 demque
515 4010 729 4055 naturte
754 4001 952 4066 socius,
979 4015 1098 4070 qua:
1120 4000 1298 4055 Patris
1321 4009 1374 4058 et
1394 4003 1513 4056 Filii
1538 4007 1840 4060 communia

250 4099 392 4154 sunt,
420 4092 498 4145 ait
519 4099 575 4144 et
605 4091 866 4161 loquitur.
894 4091 1030 4146 Nam
1054 4093 1096 4146 si
1127 4094 1361 4163 propriis
1382 4093 1711 4163 loqueretur,
1735 4113 1841 4152 non

248 4186 426 4235 solum
456 4198 484 4235 a
511 4183 679 4237 Patre
705 4183 936 4251 alienus,
965 4184 1058 4240 sed
1085 4193 1140 4240 et
1169 4184 1331 4239 fallax
1356 4194 1412 4241 et
1436 4186 1690 4257 deceptor
1716 4204 1842 4259 pro-

249 4273 343 4326 cul
364 4273 523 4328 dubio
547 4275 862 4341 haberetur,
895 4277 1169 4345 quoniam,
1203 4286 1262 4332 ut
1288 4279 1365 4332 ait
1401 4279 1599 4345 Filius,
1657 4279 1841 4336 Omnis

243 4366 345 4434 qui
369 4365 596 4435 loquitur
632 4369 996 4434 mendacium,
1025 4372 1088 4425 de
1108 4373 1333 4443 propriis
1380 4372 1611 4443 loquitur
1656 4373 1836 4442 (Joan.

246 4471 373 4519 rm,
408 4455 524 4526 44),
554 4467 604 4512 et
632 4459 756 4514 ideo
795 4460 886 4514 hic
911 4476 1098 4515 verum
1146 4462 1401 4531 loquitur,
1451 4463 1577 4534 quia
1626 4478 1732 4518 non
1769 4463 1838 4518 de

243 4547 478 4615 proprio
504 4587 518 4611 ,
543 4549 593 4602 id
617 4559 731 4614 est,
759 4566 866 4605 non
917 4567 944 4604 a
987 4553 1274 4622 semetipso
1293 4595 1306 4617 ,
1339 4554 1433 4608 sed
1464 4553 1530 4608 de
1559 4553 1755 4618 Patris,
1785 4562 1839 4608 et

245 4635 393 4699 Filii,
432 4651 553 4706 qua:
576 4637 841 4708 loquenda
873 4649 1016 4704 sunt,
1049 4640 1306 4709 loquitur.
1338 4640 1414 4695 De
1440 4659 1552 4695 meo
1573 4683 1587 4706 ,
1633 4642 1838 4713 inquit,

245 4727 501 4795 accipiet,
534 4737 582 4780 et
608 4730 940 4783 annuntiabit
970 4731 1108 4784 vobis
1153 4730 1332 4796 (Joan.
1360 4747 1469 4796 2m,
1515 4732 1620 4800 id).
1670 4733 1738 4786 Et
1783 4743 1842 4785 ut

246 4815 567 4871 ostenderet
594 4819 697 4873 hoc
721 4834 842 4875 esse
869 4836 900 4874 a
931 4836 990 4875 se
1016 4821 1280 4890 accipere,
1307 4823 1448 4892 quod
1475 4831 1559 4876 est
1587 4823 1749 4877 etiam
1775 4823 1841 4878 de

247 4903 413 4961 Patre
441 4911 738 4978 sumpsisse
768 4927 848 4977 se,
894 4913 988 4966 ait.
1019 4912 1145 4968 Ideo
1180 4914 1290 4968 dixi
1321 4915 1386 4968 de
1416 4929 1537 4968 meo
1581 4915 1836 4985 accipiet,

245 5000 372 5067 quia
420 5003 599 5055 omnia
648 5021 764 5075 qua?
805 5005 955 5059 habet
999 5003 1182 5070 Pater,
1210 5023 1326 5060 mea
1353 5015 1494 5059 sunt.
1523 5006 1685 5061 Vides
1713 5022 1843 5078 ergo

249 5087 521 5160 Spiritum
565 5103 814 5150 sanctum
856 5112 886 5150 a
917 5096 1077 5152 Patre
1104 5105 1159 5151 et
1187 5096 1325 5151 Filio
1354 5111 1460 5149 non
1491 5111 1611 5150 esse
1637 5096 1841 5152 discre-

247 5188 389 5246 tum,
421 5184 548 5237 dum
572 5199 636 5239 ea
659 5187 902 5257 loquitur
924 5202 1043 5257 qua:
1069 5187 1246 5241 Patris
1265 5197 1321 5242 et
1337 5185 1462 5240 Filii
1486 5187 1704 5258 propria
1724 5199 1868 5243 esse“

247 5284 576 5330 noscuntur.
614 5298 634 5330 ›

323 5360 492 5435 756
527 5366 852 5439 Unigeuitus
881 5369 1046 5439 igitur
1073 5368 1168 5424 Dei
1194 5367 1397 5432 Filius,
1445 5366 1560 5422 sive
1605 5366 1840 5439 Spiritus

279 5582 293 5593 θ
320 5525 348 5553 ι
387 5515 542 5574 Hunc
563 5537 782 5591 quoque
809 5521 1008 5576 librum
1030 5531 1243 5593 partum
1270 5535 1390 5576 esse
1413 5531 1599 5576 saneto
1610 5521 1841 5593 Athana:

244 5592 331 5661 s30
375 5593 709 5657 suppositum
754 5593 1013 5661 gravibus
1043 5592 1344 5646 rationibus
1368 5593 1623 5646 evincunt
1642 5592 1836 5646 eruditi

241 5652 495 5731 Qperuui
542 5652 785 5718 editores
836 5671 966 5716 tom.
1015 5661 1091 5727 ll,
1123 5676 1244 5731 pag.
1277 5661 1404 5716 205.
1441 5662 1560 5715 Vid.
1601 5661 1837 5726 Ceillier,

247 5670 489 5777 (’1me
542 5670 784 5718 editores
836 5671 966 5716 tom.
1015 5670 1094 5745 11ἲ
1123 5676 1244 5731 pag.
1277 5670 1404 5716 ⁸2υὸ.
1445 5670 1560 5715 νισι.
1601 5670 1712 5716 Ceil

304 5737 401 5780 ωε.
430 5734 543 5800 gen.
569 5734 661 5791 des
690 5732 920 5788 Auteurs
948 5749 1141 5801 sacres,
1170 5743 1300 5787 tom.
1330 5733 1391 5797 ν,
1425 5749 1546 5802 pag.
1587 5732 1712 5788 285.

1935 1904 2074 1958 sicut
2093 1903 2205 1972 jam
2235 1921 2396 1977 supra
2424 1907 2626 1961 dictum
2656 1915 2762 1971 est.
2790 1915 2845 1962 et
2868 1909 3049 1964 unitas
3070 1909 3124 1964 in
3148 1909 3432 1976 Trinitate,
3462 1920 3518 1968 et

1935 1994 2171 2050 Trinitas
2195 1995 2249 2050 in
2277 1997 2487 2052 unitate
2507 1998 2811 2053 veneranda
2846 2000 2936 2053 sit.
2966 1997 3068 2066 Qui
3097 1999 3213 2053 vult
3245 2014 3375 2072 ergo
3408 1999 3518 2056 sal-

1933 2100 2034 2140 vus
2062 2101 2204 2151 esse,
2234 2086 2308 2140 ita
2331 2085 2398 2141 de
2417 2087 2684 2141 Trinitate
2713 2089 2932 2144 sentiat.
2968 2109 2988 2142 ι

2001 2176 2115 2231 Ilac
2137 2177 2301 2245 igitur
2325 2177 2643 2232 credulitate
2671 2193 2771 2234 nec
2797 2179 3034 2236 Trinitas
3063 2196 3096 2236 a
3124 2182 3279 2236 nobis
3299 2180 3521 2237 confun—

1935 2265 2104 2331 ditur,
2133 2281 2236 2320 nec
2268 2267 2640 2322 substantialis
2659 2269 2840 2323 unitas
2869 2278 3174 2338 separatur,
3198 2270 3292 2326 sed
3312 2279 3517 2325 certam

1936 2365 1991 2411 et
2017 2356 2409 2410 immutabilem
2459 2357 2741 2412 catholicae
2767 2357 2887 2412 ﬁdei
2917 2359 3238 2415 conﬁtemur
3262 2371 3316 2416 et
3347 2361 3521 2430 sequi-

1935 2461 2059 2500 mur
2089 2445 2348 2513 regulam.
2384 2461 2482 2516 per
2507 2462 2668 2516 quam
2701 2445 2846 2501 beati
2875 2448 3104 2517 apostoli
3130 2458 3186 2504 et
3217 2459 3516 2520 martyres,

1935 2541 1992 2589 et
2023 2547 2211 2588 omnes
2236 2533 2339 2587 viri
2377 2533 2608 2602 religiosi
2637 2543 2694 2589 et
2732 2535 3021 2591 sanctitate
3044 2538 3255 2605 praediti
3289 2538 3517 2608 gratiam

1936 2631 2254 2678 meruerunt
2283 2623 2482 2679 habere
2511 2624 2768 2689 divinam,
2795 2633 2848 2678 et
2874 2641 3022 2695 spem
3051 2627 3306 2694 perennis
3341 2627 3520 2698 adepti

1937 2727 2063 2774 sunt
2090 2720 2234 2783 vitae,
2257 2727 2311 2774 et
2339 2719 2577 2775 caelestis
2604 2720 2750 2790 regni
2782 2720 3170 2775 beatitudinem
3193 2719 3368 2776 sortiti
3395 2728 3522 2776 sunt

1937 2811 2344 2882 sempiternam.

2377 2925 2612 2982 DOMINI
2653 2938 2675 2966 ο
2717 2927 3093 2984 AUGUSTINI

2169 3033 2507 3073 EXPLANATIO
2543 3032 2793 3072 IYS'DERII
2833 3034 2906 3073 SS.
2949 3035 3278 3074 TRINITATIS.

2011 3128 2170 3184 Certe
2197 3127 2308 3181 vita
2334 3133 2418 3180 est
2439 3126 2703 3181 Christus.
2747 3127 2814 3180 Et
2852 3127 2896 3180 si
2923 3135 3068 3180 certa
3094 3126 3206 3180 vita
3241 3135 3323 3180 est
3346 3124 3508 3182 Chri-

1865 3168 1914 3231 ο
1946 3168 2080 3262 stus,
2105 3211 2274 3265 quare
2299 3205 2514 3250 mortua
2543 3205 2628 3250 est
2667 3196 2811 3249 vita?
2847 3196 2990 3249 Idem
3035 3196 3291 3250 Dominus
3336 3207 3522 3252 noster

1943 3267 2100 3322 Jesus
2127 3266 2374 3321 Christus
2412 3276 2467 3319 et
2506 3265 2642 3319 mori
2670 3267 2840 3335 potuit
2866 3267 2916 3319 in
2943 3280 3106 3319 unum
3124 3305 3139 3330 ,
3171 3275 3225 3320 et
3246 3280 3353 3319 non
3380 3268 3520 3321 mori

1941 3354 2006 3392 ex
2035 3337 2241 3391 altero:
2276 3336 2466 3402 Quaere
2491 3334 2720 3390 mortem
2747 3350 2760 3389 :
2787 3337 2840 3390 in
2886 3334 3060 3391 Verbo
3099 3351 3368 3404 nunquam
3400 3351 3522 3392 esse

1940 3407 2147 3478 potuit?
2167 3406 2356 3489 Quaire
2377 3416 2606 3460 mortem
2637 3420 2651 3459 :
2681 3406 2734 3460 in
2757 3406 3232 3489 animapunquam
3253 3404 3372 3468 t‘uit,
3395 3407 3520 3489 quia

1941 3475 2068 3533 vera
2096 3492 2244 3532 mors
2273 3475 2402 3541 fuit;
2426 3492 2564 3530 unus
2585 3485 2745 3546 atque
2773 3477 2912 3532 idem
2936 3476 3184 3530 Christus
3205 3485 3312 3541 est,
3339 3475 3433 3544 qui
3457 3485 3518 3532 et

1943 3548 2190 3621 injuriam
2216 3554 2358 3621 totus
2383 3547 2623 3621 pertulit,
2655 3547 2802 3602 salva
2831 3547 3068 3616 potentia
3100 3546 3432 3614 divinitatis;
3463 3555 3521 3602 et

1935 3616 2116 3687 jactus
2146 3619 2202 3672 in
2228 3616 2551 3688 profundum
2577 3633 2684 3688 non
2715 3633 2948 3688 mersus.

2012 3686 2306 3758 Interrogo.
2349 3686 2467 3756 lpse
2507 3696 2588 3742 est
2625 3686 2808 3758 Pater,
2833 3689 2922 3758 qui
2957 3688 3156 3743 Filius?
3183 3687 3545 3758 Respondit":-

2012 3705 2306 3758 rnterrogo.
2349 3705 2467 3756 ipse
2507 3705 2588 3742 εει
2625 3705 2790 3742 rater
2833 3705 2922 3811 qui
2957 3705 3156 3743 unus:
3183 3705 3288 3742 nes
3326 3705 3518 3742 anan":

1939 3758 2129 3814 Absit:
2156 3773 2262 3811 non
2287 3766 2369 3812 est
2393 3758 2506 3828 ipse
2536 3758 2695 3812 Pater
2721 3757 2814 3828 qui
2885 3759 3007 3814 ilius
3033 3777 3046 3812 :
3073 3773 3244 3828 neque
3287 3705 3530 3827 Spiritus-

1941 3837 2160 3884 sanctus
2185 3829 2300 3896 ipse
2319 3828 2408 3896 qui
2434 3827 2614 3882 Pater.
2657 3885 2660 3888 ,

2012 3899 2176 3954 Inter.
2207 3897 2483 3967 Quomodo
2513 3897 2636 3966 quia
2660 3897 2714 3951 in
2743 3899 2992 3967 personis
3011 3899 3150 3953 alius
3172 3897 3354 3961 Pater,
3375 3896 3524 3967 alius

1941 3968 2130 4033 Filius,
2160 3969 2296 4022 alius
2318 3966 2553 4037 Spiritus
2577 3966 2836 4022 sanctos?
2857 3969 2923 4021 Et
2952 3983 3059 4022 non
3087 3967 3304 4038 quidem
3340 3966 3483 4022 aliud
3504 4007 3521 4034 ,

1943 4040 2036 4094 sed
2062 4039 2217 4093 alius.

2013 4108 2180 4162 Inter.
2223 4107 2403 4178 Ipsum
2445 4105 2598 4178 [Ms._,
2627 4106 2770 4178 istud
2804 4107 3028 4176 sapius,
3059 4107 3148 4160 Itio
3171 4105 3408 4178 etiinfral
3439 4115 3520 4162 est

1941 4178 2126 4248 Pater,
2161 4175 2304 4248 quod
2333 4175 2532 4248 Filius?
2555 4176 2711 4246 Resp.
2743 4175 2941 4248 Ipsum.

2011 4245 2194 4302 Interf
2215 4248 2328 4302 Hoc
2352 4256 2434 4303 est
2459 4247 2640 4312 Pater,
2662 4245 2812 4317 quod
2841 4246 3048 4301 Filius?
3080 4245 3236 4317 Resp.
3275 4246 3387 4301 Hoc
3413 4254 3518 4300 est.-

2012 4317 2177 4370 Inter.
2207 4318 2324 4387 Ipse
2347 4327 2430 4372 est
2453 4317 2632 4380 Pater,
2658 4317 2750 4386 qui
2777 4316 2984 4372 Filius?
3001 4317 3155 4387 Resp.
3186 4316 3342 4387 ᾼὺδίι
3369 4333 3382 4368 :
3413 4332 3520 4370 non

1941 4388 2162 4511 gstipse
2188 4385 2368 4454 Pater,
2394 4388 2486 4459 qui
2513 4385 2709 4452 Filius,
2747 4387 2841 4442 sed
2869 4388 3044 4457 ipsum
3068 4385 3152 4444 est
3187 4385 3347 4441 Pater
3375 4387 3538 4456 quod

1989 4475 2004 4511 ι
2030 4474 2131 4511 ius.

1989 4474 2131 4512 IIIUS.

2011 4527 2176 4583 Inter.
2217 4527 2361 4584 Deus
2381 4527 2564 4593 Pater,
2591 4529 2682 4598 qui
2708 4536 2796 4584 est
2820 4536 2944 4583 ante
2971 4527 3248 4598 sgecnlaet
3270 4525 3321 4580 in
3354 4525 3533 4598 tinem.

1944 4599 2144 4679 saeculi,
2183 4600 2299 4679 ipse
2331 4607 2490 4679 natus
2512 4597 2688 4679 estde
2710 4599 2926 4679 Virgine
2941 4597 3136 4667 ?Resp.
3159 4597 3313 4679 Absit
3339 4615 3351 4649 :
3377 4597 3530 4679 Deus

1942 4667 2122 4734 Pater,
2154 4666 2245 4738 qui
2265 4678 2350 4723 est
2374 4677 2498 4724 ante
2525 4669 2719 4723 saecula
2739 4666 2869 4721 etin
2894 4667 3052 4738 ﬁnem
3075 4666 3278 4730 Sacculi,
3308 4683 3413 4721 non
3435 4677 3527 4722 est;

1943 4739 2060 4808 ipse
2091 4737 2248 4793 natus
2270 4740 2336 4794 de
2361 4740 2610 4807 Virgine;
2641 4738 2898 4792 Dominus
2921 4737 3088 4792 Filius
3107 4738 3222 4807 ipse
3249 4745 3407 4792 natus
3435 4747 3520 4793 est

1949 4813 2016 4863 de
2049 4809 2282 4863 Virgine.

1947 4826 2387 5002 geriiig'gétbet
2427 4877 2589 4931 Pater
2631 4875 2830 4945 aliquid
2863 4891 3147 4934 commune
3193 4895 3314 4934 cum
3346 4877 3517 4932 Filio?

1998 4963 2103 5002 est).
2180 4966 2209 5002 a
2249 4961 2280 4999 Θ
2310 4986 2322 4999 .

1998 4963 2103 5002 est).
2133 4956 2322 5002 Habet.

2018 4965 2348 5083 Iamiaaiiid
2395 5017 2589 5072 habet?
2617 5015 2769 5088 Resp.
2797 5017 3176 5074 IEternitatem
3222 5026 3276 5072 et
3321 5016 3516 5071 divini-

1947 5095 2110 5142 tatem
2121 5127 2134 5140 .

2020 5157 2186 5212 Inter.
2223 5156 2396 5229 Habet
2416 5157 2577 5229 Pater
2605 5157 2807 5228 aliquid
2834 5159 3132 5229 proprium,
3172 5155 3315 5224 quod
3343 5154 3514 5212 Filius

1947 5243 2055 5298 non
2087 5227 2284 5298 habet?
2308 5227 2462 5298 Resp.
2494 5227 2685 5298 Habet.

2021 5296 2186 5351 Inter.
2217 5297 2356 5363 Quid
2385 5295 2578 5352 habet?
2601 5297 2757 5367 Resp.
2797 5296 3178 5351 Eternitatem
3207 5295 3324 5351 sine
3360 5295 3507 5352 nati-

1947 5367 2131 5431 vitate,
2164 5382 2230 5421 eo
2251 5367 2394 5438 quod
2419 5368 2690 5439 ingenitus
2712 5375 2812 5421 est.

1946 5522 2048 5647 7'3
2070 5521 2300 5647 Consule
2329 5532 2460 5580 tom.
2493 5523 2536 5578 ll
2565 5519 2798 5593 Operum
2836 5522 3316 5597 sancti_Athanasii
3336 5562 3354 5592 ,
3383 5537 3507 5597 pag,

2074 5608 2165 5647 880
2212 5633 2225 5646 .

2074 5608 2225 5662 seqq.

2018 5673 2039 5700 ε
2073 5662 2150 5718 Ita
2181 5677 2280 5718 ms.
