  <div class='ocr_page' id='page_1' title='image "/cluster/home/n/w/nwhite01/storage/ocr_20150623/101/hvd.32044054759683/049.png"; bbox 0 0 3906 6186; ppageno 0'>
   <div class='ocr_carea' id='block_1_1' title="bbox 363 238 3598 346">
    <p class='ocr_par' dir='ltr' id='par_1_1' title="bbox 363 238 3598 346">
     <span class='ocr_line' id='line_1_1' title="bbox 363 238 3598 346; baseline 0.002 -6"><span class='ocrx_word' id='word_1_1' title='bbox 363 282 433 341; x_wconf 69' lang='grc' dir='ltr'><strong>ιιι</strong></span> <span class='ocrx_word' id='word_1_2' title='bbox 1217 283 1277 338; x_wconf 71' lang='grc' dir='ltr'><strong>Β.</strong></span> <span class='ocrx_word' id='word_1_3' title='bbox 1316 280 1378 339; x_wconf 78' lang='lat' dir='ltr'><strong>r.</strong></span> <span class='ocrx_word' id='word_1_4' title='bbox 1415 277 1638 336; x_wconf 78' lang='lat' dir='ltr'><strong>ALBlNl</strong></span> <span class='ocrx_word' id='word_1_5' title='bbox 1675 278 1806 337; x_wconf 73' lang='lat' dir='ltr'><strong>seu</strong></span> <span class='ocrx_word' id='word_1_6' title='bbox 1845 276 2124 337; x_wconf 76' lang='lat' dir='ltr'><strong>ALCUlNl</strong></span> <span class='ocrx_word' id='word_1_7' title='bbox 2153 279 2433 337; x_wconf 68' lang='lat' dir='ltr'><strong>orsum</strong></span> <span class='ocrx_word' id='word_1_8' title='bbox 2469 281 2647 341; x_wconf 61' lang='lat' dir='ltr'><strong>rans</strong></span> <span class='ocrx_word' id='word_1_9' title='bbox 2683 238 2795 341; x_wconf 68' lang='lat' dir='ltr'><strong>mf</strong></span> <span class='ocrx_word' id='word_1_10' title='bbox 3524 290 3598 346; x_wconf 80' lang='lat' dir='ltr'><strong>ss</strong></span> 
     </span>
    </p>
   </div>
   <div class='ocr_carea' id='block_1_2' title="bbox 363 364 3597 468">
    <p class='ocr_par' dir='ltr' id='par_1_2' title="bbox 363 364 3597 468">
     <span class='ocr_line' id='line_1_2' title="bbox 363 364 3597 468; baseline 0.001 -18"><span class='ocrx_word' id='word_1_11' title='bbox 363 395 620 468; x_wconf 78' lang='lat' dir='ltr'><strong>adversus</strong></span> <span class='ocrx_word' id='word_1_12' title='bbox 645 393 1165 468; x_wconf 28' lang='lat' dir='ltr'><strong>Elipandum‘edidit.</strong></span> <span class='ocrx_word' id='word_1_13' title='bbox 1198 394 1355 468; x_wconf 76' lang='lat' dir='ltr'><strong>Hisce</strong></span> <span class='ocrx_word' id='word_1_14' title='bbox 1381 395 1436 449; x_wconf 91' lang='lat' dir='ltr'><strong>in</strong></span> <span class='ocrx_word' id='word_1_15' title='bbox 1458 392 1592 468; x_wconf 83' lang='lat' dir='ltr'><strong>locis</strong></span> <span class='ocrx_word' id='word_1_16' title='bbox 1618 394 1683 447; x_wconf 92' lang='lat' dir='ltr'><strong>de</strong></span> <span class='ocrx_word' id='word_1_17' title='bbox 1704 364 1925 468; x_wconf 66' lang='lat' dir='ltr'><strong>epistoia</strong></span> <span class='ocrx_word' id='word_1_18' title='bbox 1955 396 2003 456; x_wconf 79' lang='grc' dir='ltr'>Α</span> <span class='ocrx_word' id='word_1_19' title='bbox 2032 392 2267 460; x_wconf 86' lang='lat' dir='ltr'><strong>debebit,</strong></span> <span class='ocrx_word' id='word_1_20' title='bbox 2317 408 2482 465; x_wconf 90' lang='lat' dir='ltr'><strong>quam</strong></span> <span class='ocrx_word' id='word_1_21' title='bbox 2517 397 2752 466; x_wconf 79' lang='lat' dir='ltr'><strong>antiquis</strong></span> <span class='ocrx_word' id='word_1_22' title='bbox 2796 396 2850 450; x_wconf 93' lang='lat' dir='ltr'><strong>in</strong></span> <span class='ocrx_word' id='word_1_23' title='bbox 2894 395 3119 451; x_wconf 85' lang='lat' dir='ltr'><strong>scientia</strong></span> <span class='ocrx_word' id='word_1_24' title='bbox 3165 411 3262 452; x_wconf 86' lang='lat' dir='ltr'><strong>sua</strong></span> <span class='ocrx_word' id='word_1_25' title='bbox 3300 397 3597 468; x_wconf 80' lang='lat' dir='ltr'><strong>corporalis</strong></span> 
     </span>
    </p>
   </div>
   <div class='ocr_carea' id='block_1_3' title="bbox 360 462 1926 534">
    <p class='ocr_par' dir='ltr' id='par_1_3' title="bbox 360 462 1926 534">
     <span class='ocr_line' id='line_1_3' title="bbox 360 462 1926 534; baseline -0.002 -14"><span class='ocrx_word' id='word_1_26' title='bbox 360 462 747 530; x_wconf 69' lang='lat' dir='ltr'><strong>cohortatoria;</strong></span> <span class='ocrx_word' id='word_1_27' title='bbox 781 472 835 518; x_wconf 93' lang='lat' dir='ltr'><strong>et</strong></span> <span class='ocrx_word' id='word_1_28' title='bbox 857 464 1070 533; x_wconf 84' lang='lat' dir='ltr'><strong>quidem</strong></span> <span class='ocrx_word' id='word_1_29' title='bbox 1092 472 1151 519; x_wconf 91' lang='lat' dir='ltr'><strong>ut</strong></span> <span class='ocrx_word' id='word_1_30' title='bbox 1170 465 1401 529; x_wconf 88' lang='lat' dir='ltr'><strong>videtur,</strong></span> <span class='ocrx_word' id='word_1_31' title='bbox 1430 464 1663 534; x_wconf 89' lang='lat' dir='ltr'><strong>privata,</strong></span> <span class='ocrx_word' id='word_1_32' title='bbox 1691 462 1759 534; x_wconf 82' lang='lat' dir='ltr'><strong>ad</strong></span> <span class='ocrx_word' id='word_1_33' title='bbox 1784 462 1926 517; x_wconf 83' lang='lat' dir='ltr'><strong>Feli-</strong></span> 
     </span>
    </p>
   </div>
   <div class='ocr_carea' id='block_1_4' title="bbox 360 532 1931 597">
    <p class='ocr_par' dir='ltr' id='par_1_4' title="bbox 360 532 1931 597">
     <span class='ocr_line' id='line_1_4' title="bbox 360 532 1931 597; baseline -0.004 -6"><span class='ocrx_word' id='word_1_34' title='bbox 360 550 479 591; x_wconf 85' lang='lat' dir='ltr'><strong>cem</strong></span> <span class='ocrx_word' id='word_1_35' title='bbox 506 535 668 589; x_wconf 86' lang='lat' dir='ltr'><strong>missa</strong></span> <span class='ocrx_word' id='word_1_36' title='bbox 697 546 723 575; x_wconf 79' lang='grc' dir='ltr'>ι</span> <span class='ocrx_word' id='word_1_37' title='bbox 753 532 932 589; x_wconf 83' lang='lat' dir='ltr'><strong>sermo</strong></span> <span class='ocrx_word' id='word_1_38' title='bbox 955 544 1058 597; x_wconf 89' lang='lat' dir='ltr'><strong>est,</strong></span> <span class='ocrx_word' id='word_1_39' title='bbox 1104 535 1157 589; x_wconf 90' lang='lat' dir='ltr'><strong>in</strong></span> <span class='ocrx_word' id='word_1_40' title='bbox 1184 534 1379 590; x_wconf 91' lang='lat' dir='ltr'><strong>litteris</strong></span> <span class='ocrx_word' id='word_1_41' title='bbox 1415 532 1595 587; x_wconf 77' lang='lat' dir='ltr'><strong>autem</strong></span> <span class='ocrx_word' id='word_1_42' title='bbox 1637 532 1706 585; x_wconf 87' lang='lat' dir='ltr'><strong>ad</strong></span> <span class='ocrx_word' id='word_1_43' title='bbox 1745 546 1931 586; x_wconf 90' lang='lat' dir='ltr'><strong>mona-</strong></span> 
     </span>
    </p>
   </div>
   <div class='ocr_carea' id='block_1_5' title="bbox 359 601 1929 673">
    <p class='ocr_par' dir='ltr' id='par_1_5' title="bbox 359 601 1929 673">
     <span class='ocr_line' id='line_1_5' title="bbox 359 601 1929 673; baseline -0.002 -14"><span class='ocrx_word' id='word_1_44' title='bbox 359 604 491 659; x_wconf 88' lang='lat' dir='ltr'><strong>chos</strong></span> <span class='ocrx_word' id='word_1_45' title='bbox 535 602 744 659; x_wconf 69' lang='lat' dir='ltr'><strong>Gothiae</strong></span> <span class='ocrx_word' id='word_1_46' title='bbox 770 603 838 659; x_wconf 88' lang='lat' dir='ltr'><strong>de</strong></span> <span class='ocrx_word' id='word_1_47' title='bbox 878 612 1109 660; x_wconf 88' lang='lat' dir='ltr'><strong>tractatu</strong></span> <span class='ocrx_word' id='word_1_48' title='bbox 1145 604 1431 673; x_wconf 84' lang='lat' dir='ltr'><strong>polemieo,</strong></span> <span class='ocrx_word' id='word_1_49' title='bbox 1472 610 1633 673; x_wconf 83' lang='lat' dir='ltr'><strong>atque</strong></span> <span class='ocrx_word' id='word_1_50' title='bbox 1658 601 1724 673; x_wconf 86' lang='lat' dir='ltr'><strong>ad</strong></span> <span class='ocrx_word' id='word_1_51' title='bbox 1755 602 1929 673; x_wconf 80' lang='lat' dir='ltr'><strong>publi-</strong></span> 
     </span>
    </p>
   </div>
   <div class='ocr_carea' id='block_1_6' title="bbox 359 670 1929 744">
    <p class='ocr_par' dir='ltr' id='par_1_6' title="bbox 359 670 1929 744">
     <span class='ocr_line' id='line_1_6' title="bbox 359 670 1929 744; baseline -0.001 -17"><span class='ocrx_word' id='word_1_52' title='bbox 359 688 482 727; x_wconf 89' lang='lat' dir='ltr'><strong>cum</strong></span> <span class='ocrx_word' id='word_1_53' title='bbox 510 674 730 744; x_wconf 89' lang='lat' dir='ltr'><strong>bonum,</strong></span> <span class='ocrx_word' id='word_1_54' title='bbox 752 681 811 727; x_wconf 91' lang='lat' dir='ltr'><strong>ut</strong></span> <span class='ocrx_word' id='word_1_55' title='bbox 832 682 1102 744; x_wconf 19' lang='lat' dir='ltr'><strong>proiscuto</strong></span> <span class='ocrx_word' id='word_1_56' title='bbox 1119 670 1241 728; x_wconf 71' lang='lat' dir='ltr'><strong>eum</strong></span> <span class='ocrx_word' id='word_1_57' title='bbox 1264 672 1487 744; x_wconf 81' lang='lat' dir='ltr'><strong>haberet</strong></span> <span class='ocrx_word' id='word_1_58' title='bbox 1508 670 1770 744; x_wconf 83' lang='lat' dir='ltr'><strong>catholica</strong></span> <span class='ocrx_word' id='word_1_59' title='bbox 1787 670 1929 744; x_wconf 85' lang='lat' dir='ltr'><strong>ﬁdes</strong></span> 
     </span>
    </p>
   </div>
   <div class='ocr_carea' id='block_1_7' title="bbox 357 741 1926 813">
    <p class='ocr_par' dir='ltr' id='par_1_7' title="bbox 357 741 1926 813">
     <span class='ocr_line' id='line_1_7' title="bbox 357 741 1926 813; baseline -0.001 -17"><span class='ocrx_word' id='word_1_60' title='bbox 357 744 614 798; x_wconf 85' lang='lat' dir='ltr'><strong>adversus</strong></span> <span class='ocrx_word' id='word_1_61' title='bbox 638 741 883 798; x_wconf 66' lang='lat' dir='ltr'><strong>breresiin</strong></span> <span class='ocrx_word' id='word_1_62' title='bbox 904 742 1095 799; x_wconf 84' lang='lat' dir='ltr'><strong>Felicis</strong></span> <span class='ocrx_word' id='word_1_63' title='bbox 1120 744 1264 797; x_wconf 91' lang='lat' dir='ltr'><strong>edito</strong></span> <span class='ocrx_word' id='word_1_64' title='bbox 1288 741 1685 813; x_wconf 18' lang='lat' dir='ltr'><strong>agitur,iqualis</strong></span> <span class='ocrx_word' id='word_1_65' title='bbox 1710 742 1926 810; x_wconf 87' lang='lat' dir='ltr'><strong>quidem</strong></span> 
     </span>
    </p>
   </div>
   <div class='ocr_carea' id='block_1_8' title="bbox 357 810 1928 883">
    <p class='ocr_par' dir='ltr' id='par_1_8' title="bbox 357 810 1928 883">
     <span class='ocr_line' id='line_1_8' title="bbox 357 810 1928 883; baseline -0.001 -16"><span class='ocrx_word' id='word_1_66' title='bbox 357 820 443 867; x_wconf 87' lang='lat' dir='ltr'><strong>est</strong></span> <span class='ocrx_word' id='word_1_67' title='bbox 486 821 750 883; x_wconf 85' lang='lat' dir='ltr'><strong>tractatus</strong></span> <span class='ocrx_word' id='word_1_68' title='bbox 796 813 898 868; x_wconf 89' lang='lat' dir='ltr'><strong>iste</strong></span> <span class='ocrx_word' id='word_1_69' title='bbox 938 828 1097 883; x_wconf 90' lang='lat' dir='ltr'><strong>quem</strong></span> <span class='ocrx_word' id='word_1_70' title='bbox 1139 810 1346 883; x_wconf 79' lang='lat' dir='ltr'><strong>edimus</strong></span> <span class='ocrx_word' id='word_1_71' title='bbox 1379 829 1392 864; x_wconf 94' lang='lat'><strong>:</strong></span> <span class='ocrx_word' id='word_1_72' title='bbox 1426 810 1560 883; x_wconf 82' lang='lat' dir='ltr'><strong>nihil</strong></span> <span class='ocrx_word' id='word_1_73' title='bbox 1589 812 1731 865; x_wconf 91' lang='lat' dir='ltr'><strong>enim</strong></span> <span class='ocrx_word' id='word_1_74' title='bbox 1766 813 1820 865; x_wconf 95' lang='lat' dir='ltr'><strong>in</strong></span> <span class='ocrx_word' id='word_1_75' title='bbox 1862 825 1928 883; x_wconf 79' lang='lat' dir='ltr'><strong>eo</strong></span> 
     </span>
    </p>
   </div>
   <div class='ocr_carea' id='block_1_9' title="bbox 355 880 1926 953">
    <p class='ocr_par' dir='ltr' id='par_1_9' title="bbox 355 880 1926 953">
     <span class='ocr_line' id='line_1_9' title="bbox 355 880 1926 953; baseline -0.001 -17"><span class='ocrx_word' id='word_1_76' title='bbox 355 881 610 953; x_wconf 79' lang='lat' dir='ltr'><strong>estquod</strong></span> <span class='ocrx_word' id='word_1_77' title='bbox 655 880 1075 953; x_wconf 78' lang='lat' dir='ltr'><strong>cohortatoriam</strong></span> <span class='ocrx_word' id='word_1_78' title='bbox 1113 881 1395 953; x_wconf 74' lang='lat' dir='ltr'><strong>epistolam</strong></span> <span class='ocrx_word' id='word_1_79' title='bbox 1411 882 1618 953; x_wconf 64' lang='lat' dir='ltr'><strong>sapiat,</strong></span> <span class='ocrx_word' id='word_1_80' title='bbox 1650 889 1743 953; x_wconf 80' lang='lat' dir='ltr'><strong>aut</strong></span> <span class='ocrx_word' id='word_1_81' title='bbox 1782 880 1926 953; x_wconf 84' lang='lat' dir='ltr'><strong>quod</strong></span> 
     </span>
    </p>
   </div>
   <div class='ocr_carea' id='block_1_10' title="bbox 356 950 1926 1009">
    <p class='ocr_par' dir='ltr' id='par_1_10' title="bbox 356 950 1926 1009">
     <span class='ocr_line' id='line_1_10' title="bbox 356 950 1926 1009; baseline 0 -4"><span class='ocrx_word' id='word_1_82' title='bbox 356 952 425 1006; x_wconf 87' lang='lat' dir='ltr'><strong>ad</strong></span> <span class='ocrx_word' id='word_1_83' title='bbox 460 950 691 1009; x_wconf 86' lang='lat' dir='ltr'><strong>Felicem</strong></span> <span class='ocrx_word' id='word_1_84' title='bbox 718 950 883 1008; x_wconf 82' lang='lat' dir='ltr'><strong>fuisse</strong></span> <span class='ocrx_word' id='word_1_85' title='bbox 912 950 1378 1007; x_wconf 44' lang='lat' dir='ltr'><strong>missum&#39;indicet.</strong></span> <span class='ocrx_word' id='word_1_86' title='bbox 1410 950 1499 1005; x_wconf 88' lang='lat' dir='ltr'><strong>En</strong></span> <span class='ocrx_word' id='word_1_87' title='bbox 1521 950 1732 1005; x_wconf 83' lang='lat' dir='ltr'><strong>Alcuini</strong></span> <span class='ocrx_word' id='word_1_88' title='bbox 1762 951 1926 1005; x_wconf 88' lang='lat' dir='ltr'><strong>verba</strong></span> 
     </span>
    </p>
   </div>
   <div class='ocr_carea' id='block_1_11' title="bbox 354 1020 1921 1091">
    <p class='ocr_par' dir='ltr' id='par_1_11' title="bbox 354 1020 1921 1091">
     <span class='ocr_line' id='line_1_11' title="bbox 354 1020 1921 1091; baseline -0.001 -16"><span class='ocrx_word' id='word_1_89' title='bbox 354 1021 409 1075; x_wconf 90' lang='lat' dir='ltr'><strong>in</strong></span> <span class='ocrx_word' id='word_1_90' title='bbox 434 1022 611 1091; x_wconf 91' lang='lat' dir='ltr'><strong>primo</strong></span> <span class='ocrx_word' id='word_1_91' title='bbox 631 1038 695 1077; x_wconf 79' lang='lat' dir='ltr'><strong>ex</strong></span> <span class='ocrx_word' id='word_1_92' title='bbox 723 1032 926 1091; x_wconf 86' lang='lat' dir='ltr'><strong>septem</strong></span> <span class='ocrx_word' id='word_1_93' title='bbox 948 1024 1206 1077; x_wconf 88' lang='lat' dir='ltr'><strong>adversus</strong></span> <span class='ocrx_word' id='word_1_94' title='bbox 1232 1021 1462 1077; x_wconf 85' lang='lat' dir='ltr'><strong>Felicem</strong></span> <span class='ocrx_word' id='word_1_95' title='bbox 1489 1021 1704 1089; x_wconf 84' lang='lat' dir='ltr'><strong>scriptis</strong></span> <span class='ocrx_word' id='word_1_96' title='bbox 1728 1020 1921 1091; x_wconf 80' lang='lat' dir='ltr'><strong>libris:</strong></span> 
     </span>
    </p>
   </div>
   <div class='ocr_carea' id='block_1_12' title="bbox 361 1090 1926 1163">
    <p class='ocr_par' dir='ltr' id='par_1_12' title="bbox 361 1090 1926 1163">
     <span class='ocr_line' id='line_1_12' title="bbox 361 1090 1926 1163; baseline -0.001 -17"><span class='ocrx_word' id='word_1_97' title='bbox 361 1109 381 1140; x_wconf 75' lang='grc' dir='ltr'>ι</span> <span class='ocrx_word' id='word_1_98' title='bbox 416 1090 618 1163; x_wconf 78' lang='lat' dir='ltr'><strong>Scripsi</strong></span> <span class='ocrx_word' id='word_1_99' title='bbox 643 1090 922 1163; x_wconf 71' lang='lat' dir='ltr'><strong>epistulam</strong></span> <span class='ocrx_word' id='word_1_100' title='bbox 944 1093 1151 1161; x_wconf 89' lang='lat' dir='ltr'><strong>pridem</strong></span> <span class='ocrx_word' id='word_1_101' title='bbox 1179 1091 1341 1163; x_wconf 86' lang='lat' dir='ltr'><strong>Felici</strong></span> <span class='ocrx_word' id='word_1_102' title='bbox 1370 1091 1622 1163; x_wconf 80' lang='lat' dir='ltr'><strong>episcopo</strong></span> <span class='ocrx_word' id='word_1_103' title='bbox 1646 1090 1926 1163; x_wconf 81' lang='lat' dir='ltr'><strong>charitatis</strong></span> 
     </span>
    </p>
   </div>
   <div class='ocr_carea' id='block_1_13' title="bbox 352 1159 1925 1226">
    <p class='ocr_par' dir='ltr' id='par_1_13' title="bbox 352 1159 1925 1226">
     <span class='ocr_line' id='line_1_13' title="bbox 352 1159 1925 1226; baseline 0.001 -11"><span class='ocrx_word' id='word_1_104' title='bbox 352 1159 562 1216; x_wconf 80' lang='lat' dir='ltr'><strong>calamo</strong></span> <span class='ocrx_word' id='word_1_105' title='bbox 597 1159 703 1217; x_wconf 81' lang='lat' dir='ltr'><strong>non</strong></span> <span class='ocrx_word' id='word_1_106' title='bbox 749 1159 1106 1217; x_wconf 76' lang='lat' dir='ltr'><strong>contentionis</strong></span> <span class='ocrx_word' id='word_1_107' title='bbox 1143 1159 1691 1226; x_wconf 45' lang='lat' dir='ltr'><strong>stimuloffraternze</strong></span> <span class='ocrx_word' id='word_1_108' title='bbox 1734 1160 1925 1216; x_wconf 89' lang='lat' dir='ltr'><strong>salutis</strong></span> 
     </span>
    </p>
   </div>
   <div class='ocr_carea' id='block_1_14' title="bbox 352 1229 1921 1301">
    <p class='ocr_par' dir='ltr' id='par_1_14' title="bbox 352 1229 1921 1301">
     <span class='ocr_line' id='line_1_14' title="bbox 352 1229 1921 1301; baseline -0.001 -16"><span class='ocrx_word' id='word_1_109' title='bbox 352 1229 643 1301; x_wconf 85' lang='lat' dir='ltr'><strong>desiderio,</strong></span> <span class='ocrx_word' id='word_1_110' title='bbox 687 1246 796 1287; x_wconf 90' lang='lat' dir='ltr'><strong>non</strong></span> <span class='ocrx_word' id='word_1_111' title='bbox 845 1232 1115 1301; x_wconf 81' lang='lat' dir='ltr'><strong>mordacis</strong></span> <span class='ocrx_word' id='word_1_112' title='bbox 1153 1231 1588 1301; x_wconf 89' lang='lat' dir='ltr'><strong>reprehensionis</strong></span> <span class='ocrx_word' id='word_1_113' title='bbox 1628 1230 1789 1301; x_wconf 83' lang='lat' dir='ltr'><strong>style,</strong></span> <span class='ocrx_word' id='word_1_114' title='bbox 1827 1246 1921 1301; x_wconf 77' lang='lat' dir='ltr'><strong>cu-_</strong></span> 
     </span>
    </p>
   </div>
   <div class='ocr_carea' id='block_1_15' title="bbox 352 1298 1925 1371">
    <p class='ocr_par' dir='ltr' id='par_1_15' title="bbox 352 1298 1925 1371">
     <span class='ocr_line' id='line_1_15' title="bbox 352 1298 1925 1371; baseline 0.001 -19"><span class='ocrx_word' id='word_1_115' title='bbox 352 1298 507 1370; x_wconf 81' lang='lat' dir='ltr'><strong>piens</strong></span> <span class='ocrx_word' id='word_1_116' title='bbox 533 1315 654 1356; x_wconf 91' lang='lat' dir='ltr'><strong>eum</strong></span> <span class='ocrx_word' id='word_1_117' title='bbox 682 1301 955 1371; x_wconf 78' lang='lat' dir='ltr'><strong>corrigere</strong></span> <span class='ocrx_word' id='word_1_118' title='bbox 995 1303 1048 1356; x_wconf 92' lang='lat' dir='ltr'><strong>in</strong></span> <span class='ocrx_word' id='word_1_119' title='bbox 1087 1298 1289 1356; x_wconf 76' lang='lat' dir='ltr'><strong>Christi</strong></span> <span class='ocrx_word' id='word_1_120' title='bbox 1308 1301 1624 1371; x_wconf 81' lang='lat' dir='ltr'><strong>dilectione,</strong></span> <span class='ocrx_word' id='word_1_121' title='bbox 1654 1298 1800 1371; x_wconf 62' lang='lat' dir='ltr'><strong>e&#39;tc._;</strong></span> <span class='ocrx_word' id='word_1_122' title='bbox 1830 1299 1925 1354; x_wconf 91' lang='lat' dir='ltr'><strong>sed</strong></span> 
     </span>
    </p>
   </div>
   <div class='ocr_carea' id='block_1_16' title="bbox 349 1369 1924 1439">
    <p class='ocr_par' dir='ltr' id='par_1_16' title="bbox 349 1369 1924 1439">
     <span class='ocr_line' id='line_1_16' title="bbox 349 1369 1924 1439; baseline 0.001 -17"><span class='ocrx_word' id='word_1_123' title='bbox 349 1369 413 1423; x_wconf 89' lang='lat' dir='ltr'><strong>ut</strong></span> <span class='ocrx_word' id='word_1_124' title='bbox 434 1384 686 1439; x_wconf 89' lang='lat' dir='ltr'><strong>agnosco,</strong></span> <span class='ocrx_word' id='word_1_125' title='bbox 727 1369 925 1427; x_wconf 45' lang='lat' dir='ltr'><strong>non—eo</strong></span> <span class='ocrx_word' id='word_1_126' title='bbox 950 1371 1230 1426; x_wconf 89' lang='lat' dir='ltr'><strong>charitatis</strong></span> <span class='ocrx_word' id='word_1_127' title='bbox 1261 1370 1461 1435; x_wconf 77' lang='lat' dir='ltr'><strong>ofﬁcio,</strong></span> <span class='ocrx_word' id='word_1_128' title='bbox 1493 1370 1577 1424; x_wconf 93' lang='lat' dir='ltr'><strong>vel</strong></span> <span class='ocrx_word' id='word_1_129' title='bbox 1607 1369 1924 1424; x_wconf 86' lang='lat' dir='ltr'><strong>humilitatis</strong></span> 
     </span>
    </p>
   </div>
   <div class='ocr_carea' id='block_1_17' title="bbox 348 1439 1923 1510">
    <p class='ocr_par' dir='ltr' id='par_1_17' title="bbox 348 1439 1923 1510">
     <span class='ocr_line' id='line_1_17' title="bbox 348 1439 1923 1510; baseline 0.001 -17"><span class='ocrx_word' id='word_1_130' title='bbox 348 1439 609 1510; x_wconf 87' lang='lat' dir='ltr'><strong>obsequio</strong></span> <span class='ocrx_word' id='word_1_131' title='bbox 646 1456 781 1497; x_wconf 75' lang='lat' dir='ltr'><strong>mem</strong></span> <span class='ocrx_word' id='word_1_132' title='bbox 810 1441 1074 1496; x_wconf 87' lang='lat' dir='ltr'><strong>litterulas</strong></span> <span class='ocrx_word' id='word_1_133' title='bbox 1116 1440 1419 1510; x_wconf 18' lang='lat' dir='ltr'><strong>diligentiae,</strong></span> <span class='ocrx_word' id='word_1_134' title='bbox 1447 1441 1668 1509; x_wconf 88' lang='lat' dir='ltr'><strong>recepit,</strong></span> <span class='ocrx_word' id='word_1_135' title='bbox 1704 1455 1811 1510; x_wconf 86' lang='lat' dir='ltr'><strong>quo</strong></span> <span class='ocrx_word' id='word_1_136' title='bbox 1838 1454 1923 1494; x_wconf 88' lang='lat' dir='ltr'><strong>me</strong></span> 
     </span>
    </p>
   </div>
   <div class='ocr_carea' id='block_1_18' title="bbox 347 1508 1920 1581">
    <p class='ocr_par' dir='ltr' id='par_1_18' title="bbox 347 1508 1920 1581">
     <span class='ocr_line' id='line_1_18' title="bbox 347 1508 1920 1581; baseline 0 -18"><span class='ocrx_word' id='word_1_137' title='bbox 347 1508 609 1576; x_wconf 82' lang='lat' dir='ltr'><strong>scribere,</strong></span> <span class='ocrx_word' id='word_1_138' title='bbox 632 1511 724 1580; x_wconf 88' lang='lat' dir='ltr'><strong>qui</strong></span> <span class='ocrx_word' id='word_1_139' title='bbox 746 1526 920 1566; x_wconf 85' lang='lat' dir='ltr'><strong>meam</strong></span> <span class='ocrx_word' id='word_1_140' title='bbox 948 1510 1164 1581; x_wconf 86' lang='lat' dir='ltr'><strong>pietatis</strong></span> <span class='ocrx_word' id='word_1_141' title='bbox 1191 1508 1387 1564; x_wconf 84' lang='lat' dir='ltr'><strong>intuitu</strong></span> <span class='ocrx_word' id='word_1_142' title='bbox 1407 1508 1596 1580; x_wconf 81' lang='lat' dir='ltr'><strong>legerit</strong></span> <span class='ocrx_word' id='word_1_143' title='bbox 1617 1508 1920 1578; x_wconf 80' lang='lat' dir='ltr'><strong>epistolam,</strong></span> 
     </span>
    </p>
   </div>
   <div class='ocr_carea' id='block_1_19' title="bbox 349 1581 944 1651">
    <p class='ocr_par' dir='ltr' id='par_1_19' title="bbox 349 1581 944 1651">
     <span class='ocr_line' id='line_1_19' title="bbox 349 1581 944 1651; baseline 0.002 -19"><span class='ocrx_word' id='word_1_144' title='bbox 349 1593 642 1651; x_wconf 59' lang='lat' dir='ltr'><strong>agnoscere</strong></span> <span class='ocrx_word' id='word_1_145' title='bbox 670 1581 885 1651; x_wconf 89' lang='lat' dir='ltr'><strong>poterit.</strong></span> <span class='ocrx_word' id='word_1_146' title='bbox 925 1600 944 1633; x_wconf 78' lang='grc' dir='ltr'><strong><em>ι</em></strong></span> 
     </span>
    </p>
   </div>
   <div class='ocr_carea' id='block_1_20' title="bbox 418 1648 1921 1719">
    <p class='ocr_par' dir='ltr' id='par_1_20' title="bbox 418 1648 1921 1719">
     <span class='ocr_line' id='line_1_20' title="bbox 418 1648 1921 1719; baseline -0.005 -11"><span class='ocrx_word' id='word_1_147' title='bbox 418 1648 580 1719; x_wconf 74' lang='lat'><strong>760</strong></span> <span class='ocrx_word' id='word_1_148' title='bbox 605 1648 739 1704; x_wconf 74' lang='lat' dir='ltr'><strong>cum</strong></span> <span class='ocrx_word' id='word_1_149' title='bbox 768 1651 851 1705; x_wconf 87' lang='lat' dir='ltr'><strong>his</strong></span> <span class='ocrx_word' id='word_1_150' title='bbox 878 1650 1167 1705; x_wconf 90' lang='lat' dir='ltr'><strong>concinunt</strong></span> <span class='ocrx_word' id='word_1_151' title='bbox 1190 1665 1310 1719; x_wconf 66' lang='lat' dir='ltr'><strong>qua:</strong></span> <span class='ocrx_word' id='word_1_152' title='bbox 1336 1648 1393 1703; x_wconf 90' lang='lat' dir='ltr'><strong>in</strong></span> <span class='ocrx_word' id='word_1_153' title='bbox 1421 1650 1596 1718; x_wconf 90' lang='lat' dir='ltr'><strong>primo</strong></span> <span class='ocrx_word' id='word_1_154' title='bbox 1629 1648 1768 1719; x_wconf 80' lang='lat' dir='ltr'><strong>libro</strong></span> <span class='ocrx_word' id='word_1_155' title='bbox 1796 1663 1921 1719; x_wconf 43' lang='lat' dir='ltr'><strong>conf</strong></span> 
     </span>
    </p>
   </div>
   <div class='ocr_carea' id='block_1_21' title="bbox 521 1718 1919 1790">
    <p class='ocr_par' dir='ltr' id='par_1_21' title="bbox 521 1718 1919 1790">
     <span class='ocr_line' id='line_1_21' title="bbox 521 1718 1919 1790; baseline 0.001 -19"><span class='ocrx_word' id='word_1_156' title='bbox 521 1718 793 1790; x_wconf 85' lang='lat' dir='ltr'><strong>lipandum</strong></span> <span class='ocrx_word' id='word_1_157' title='bbox 828 1720 972 1775; x_wconf 89' lang='lat' dir='ltr'><strong>circa</strong></span> <span class='ocrx_word' id='word_1_158' title='bbox 1016 1718 1251 1774; x_wconf 85' lang='lat' dir='ltr'><strong>medium</strong></span> <span class='ocrx_word' id='word_1_159' title='bbox 1295 1719 1553 1790; x_wconf 86' lang='lat' dir='ltr'><strong>leguntur</strong></span> <span class='ocrx_word' id='word_1_160' title='bbox 1582 1737 1595 1772; x_wconf 89' lang='lat'><strong>:</strong></span> <span class='ocrx_word' id='word_1_161' title='bbox 1632 1738 1651 1771; x_wconf 86' lang='grc'><strong>‹</strong></span> <span class='ocrx_word' id='word_1_162' title='bbox 1686 1718 1784 1790; x_wconf 89' lang='lat' dir='ltr'><strong>Cui</strong></span> <span class='ocrx_word' id='word_1_163' title='bbox 1814 1718 1832 1789; x_wconf 94' lang='lat'><strong>(</strong></span> <span class='ocrx_word' id='word_1_164' title='bbox 1865 1718 1919 1772; x_wconf 89' lang='lat' dir='ltr'><strong>id</strong></span> 
     </span>
    </p>
   </div>
   <div class='ocr_carea' id='block_1_22' title="bbox 345 1786 1922 1861">
    <p class='ocr_par' dir='ltr' id='par_1_22' title="bbox 345 1786 1922 1861">
     <span class='ocr_line' id='line_1_22' title="bbox 345 1786 1922 1861; baseline 0.001 -21"><span class='ocrx_word' id='word_1_165' title='bbox 345 1795 431 1861; x_wconf 80' lang='lat' dir='ltr'><strong>est</strong></span> <span class='ocrx_word' id='word_1_166' title='bbox 475 1786 636 1861; x_wconf 85' lang='lat' dir='ltr'><strong>Felici</strong></span> <span class='ocrx_word' id='word_1_167' title='bbox 661 1788 696 1861; x_wconf 96' lang='lat'><strong>)_</strong></span> <span class='ocrx_word' id='word_1_168' title='bbox 716 1788 771 1844; x_wconf 90' lang='lat' dir='ltr'><strong>in</strong></span> <span class='ocrx_word' id='word_1_169' title='bbox 819 1790 920 1861; x_wconf 89' lang='lat' dir='ltr'><strong>has</strong></span> <span class='ocrx_word' id='word_1_170' title='bbox 954 1790 1242 1861; x_wconf 82' lang='lat' dir='ltr'><strong>adveniens</strong></span> <span class='ocrx_word' id='word_1_171' title='bbox 1285 1786 1469 1858; x_wconf 73' lang='lat' dir='ltr'><strong>partes</strong></span> <span class='ocrx_word' id='word_1_172' title='bbox 1512 1786 1922 1861; x_wconf 51' lang='lat' dir='ltr'><strong>cb_ari_tatis_&#39;ca-</strong></span> 
     </span>
    </p>
   </div>
   <div class='ocr_carea' id='block_1_23' title="bbox 345 1856 1917 1927">
    <p class='ocr_par' dir='ltr' id='par_1_23' title="bbox 345 1856 1917 1927">
     <span class='ocr_line' id='line_1_23' title="bbox 345 1856 1917 1927; baseline 0 -18"><span class='ocrx_word' id='word_1_173' title='bbox 345 1856 485 1911; x_wconf 84' lang='lat' dir='ltr'><strong>lamo</strong></span> <span class='ocrx_word' id='word_1_174' title='bbox 510 1856 789 1927; x_wconf 80' lang='lat' dir='ltr'><strong>epistolam</strong></span> <span class='ocrx_word' id='word_1_175' title='bbox 819 1856 1364 1923; x_wconf 47' lang='lat' dir='ltr'><strong>exhortatoriam—ut</strong></span> <span class='ocrx_word' id='word_1_176' title='bbox 1396 1872 1454 1912; x_wconf 91' lang='lat' dir='ltr'><strong>se</strong></span> <span class='ocrx_word' id='word_1_177' title='bbox 1482 1858 1758 1913; x_wconf 65' lang='lat' dir='ltr'><strong>catholica:</strong></span> <span class='ocrx_word' id='word_1_178' title='bbox 1790 1856 1917 1927; x_wconf 37' lang='lat' dir='ltr'><strong>jiinf</strong></span> 
     </span>
    </p>
   </div>
   <div class='ocr_carea' id='block_1_24' title="bbox 379 1926 1919 1998">
    <p class='ocr_par' dir='ltr' id='par_1_24' title="bbox 379 1926 1919 1998">
     <span class='ocr_line' id='line_1_24' title="bbox 379 1926 1919 1998; baseline -0.001 -17"><span class='ocrx_word' id='word_1_179' title='bbox 379 1937 493 1998; x_wconf 82' lang='lat' dir='ltr'><strong>cret</strong></span> <span class='ocrx_word' id='word_1_180' title='bbox 512 1926 721 1991; x_wconf 83' lang='lat' dir='ltr'><strong>unitati,</strong></span> <span class='ocrx_word' id='word_1_181' title='bbox 767 1929 1001 1998; x_wconf 80' lang='lat' dir='ltr'><strong>dirigere</strong></span> <span class='ocrx_word' id='word_1_182' title='bbox 1027 1928 1233 1998; x_wconf 82' lang='lat' dir='ltr'><strong>curavi.</strong></span> <span class='ocrx_word' id='word_1_183' title='bbox 1259 1927 1358 1982; x_wconf 89' lang='lat' dir='ltr'><strong>Cui</strong></span> <span class='ocrx_word' id='word_1_184' title='bbox 1387 1927 1475 1982; x_wconf 89' lang='lat' dir='ltr'><strong>ille</strong></span> <span class='ocrx_word' id='word_1_185' title='bbox 1502 1943 1606 1982; x_wconf 92' lang='lat' dir='ltr'><strong>non</strong></span> <span class='ocrx_word' id='word_1_186' title='bbox 1644 1926 1919 1998; x_wconf 91' lang='lat' dir='ltr'><strong>epistolari</strong></span> 
     </span>
    </p>
   </div>
   <div class='ocr_carea' id='block_1_25' title="bbox 380 1944 1917 2069">
    <p class='ocr_par' dir='ltr' id='par_1_25' title="bbox 380 1944 1917 2069">
     <span class='ocr_line' id='line_1_25' title="bbox 380 1944 1917 2051; baseline -0.001 -70"><span class='ocrx_word' id='word_1_187' title='bbox 380 1944 493 1981; x_wconf 86' lang='lat' dir='ltr'><strong>cret</strong></span> <span class='ocrx_word' id='word_1_188' title='bbox 512 1944 721 1991; x_wconf 75' lang='lat' dir='ltr'><strong>unitati,</strong></span> <span class='ocrx_word' id='word_1_189' title='bbox 767 1944 1001 2051; x_wconf 66' lang='lat' dir='ltr'><strong>dirigere</strong></span> <span class='ocrx_word' id='word_1_190' title='bbox 1027 1944 1233 1982; x_wconf 76' lang='lat' dir='ltr'><strong>curavi.</strong></span> <span class='ocrx_word' id='word_1_191' title='bbox 1259 1944 1358 1982; x_wconf 69' lang='lat' dir='ltr'><strong>Cui</strong></span> <span class='ocrx_word' id='word_1_192' title='bbox 1387 1944 1475 1982; x_wconf 82' lang='lat' dir='ltr'><strong>tne</strong></span> <span class='ocrx_word' id='word_1_193' title='bbox 1502 1944 1606 1982; x_wconf 91' lang='lat' dir='ltr'><strong>non</strong></span> <span class='ocrx_word' id='word_1_194' title='bbox 1644 1944 1917 1998; x_wconf 80' lang='lat' dir='ltr'><strong>eptswtan</strong></span> 
     </span>
     <span class='ocr_line' id='line_1_26' title="bbox 380 1995 1917 2069; baseline -0.002 -18"><span class='ocrx_word' id='word_1_195' title='bbox 380 1995 626 2069; x_wconf 74' lang='lat' dir='ltr'><strong>revitate,</strong></span> <span class='ocrx_word' id='word_1_196' title='bbox 652 2000 757 2069; x_wconf 83' lang='lat' dir='ltr'><strong>sed</strong></span> <span class='ocrx_word' id='word_1_197' title='bbox 774 1998 878 2055; x_wconf 88' lang='lat' dir='ltr'><strong>libc</strong></span> <span class='ocrx_word' id='word_1_198' title='bbox 900 1999 935 2053; x_wconf 93' lang='lat' dir='ltr'><strong>li</strong></span> <span class='ocrx_word' id='word_1_199' title='bbox 961 1997 1267 2069; x_wconf 81' lang='lat' dir='ltr'><strong>prolixitate</strong></span> <span class='ocrx_word' id='word_1_200' title='bbox 1291 1998 1618 2069; x_wconf 87' lang='lat' dir='ltr'><strong>respondere</strong></span> <span class='ocrx_word' id='word_1_201' title='bbox 1637 1999 1793 2069; x_wconf 79' lang='lat' dir='ltr'><strong>nisus</strong></span> <span class='ocrx_word' id='word_1_202' title='bbox 1813 2003 1917 2069; x_wconf 83' lang='lat' dir='ltr'><strong>est.</strong></span> 
     </span>
    </p>
   </div>
   <div class='ocr_carea' id='block_1_26' title="bbox 341 2064 1921 2139">
    <p class='ocr_par' dir='ltr' id='par_1_26' title="bbox 341 2064 1921 2139">
     <span class='ocr_line' id='line_1_27' title="bbox 341 2064 1921 2139; baseline -0.001 -19"><span class='ocrx_word' id='word_1_203' title='bbox 341 2064 441 2120; x_wconf 89' lang='lat' dir='ltr'><strong>Cui</strong></span> <span class='ocrx_word' id='word_1_204' title='bbox 485 2066 664 2139; x_wconf 80' lang='lat' dir='ltr'><strong>libello</strong></span> <span class='ocrx_word' id='word_1_205' title='bbox 712 2067 828 2137; x_wconf 88' lang='lat' dir='ltr'><strong>ejus</strong></span> <span class='ocrx_word' id='word_1_206' title='bbox 881 2064 1085 2139; x_wconf 79' lang='lat' dir='ltr'><strong>septem</strong></span> <span class='ocrx_word' id='word_1_207' title='bbox 1136 2074 1333 2121; x_wconf 63' lang='lat' dir='ltr'><strong>nostra:</strong></span> <span class='ocrx_word' id='word_1_208' title='bbox 1380 2064 1680 2139; x_wconf 78' lang='lat' dir='ltr'><strong>devotionis</strong></span> <span class='ocrx_word' id='word_1_209' title='bbox 1727 2066 1921 2120; x_wconf 85' lang='lat' dir='ltr'><strong>libellis</strong></span> 
     </span>
    </p>
   </div>
   <div class='ocr_carea' id='block_1_27' title="bbox 340 2136 1921 2260">
    <p class='ocr_par' dir='ltr' id='par_1_27' title="bbox 340 2136 1921 2260">
     <span class='ocr_line' id='line_1_28' title="bbox 340 2136 1921 2260; baseline -0.002 -68"><span class='ocrx_word' id='word_1_210' title='bbox 340 2137 757 2260; x_wconf 50' lang='lat' dir='ltr'><strong>mpondimus,</strong></span> <span class='ocrx_word' id='word_1_211' title='bbox 814 2136 1004 2193; x_wconf 76' lang='lat' dir='ltr'><strong>omnes</strong></span> <span class='ocrx_word' id='word_1_212' title='bbox 1060 2144 1255 2192; x_wconf 67' lang='lat' dir='ltr'><strong>vestrae</strong></span> <span class='ocrx_word' id='word_1_213' title='bbox 1307 2136 1592 2206; x_wconf 84' lang='lat' dir='ltr'><strong>pravitatis</strong></span> <span class='ocrx_word' id='word_1_214' title='bbox 1651 2150 1921 2191; x_wconf 85' lang='lat' dir='ltr'><strong>evacuans</strong></span> 
     </span>
     <span class='ocr_line' id='line_1_29' title="bbox 446 2214 678 2260; baseline 0.004 -1"><span class='ocrx_word' id='word_1_215' title='bbox 446 2214 632 2260; x_wconf 76' lang='lat' dir='ltr'><strong>trinas.</strong></span> <span class='ocrx_word' id='word_1_216' title='bbox 659 2227 678 2260; x_wconf 75' lang='grc' dir='ltr'><strong><em>ι</em></strong></span> 
     </span>
    </p>
   </div>
   <div class='ocr_carea' id='block_1_28' title="bbox 446 2207 678 2262">
    <p class='ocr_par' dir='ltr' id='par_1_28' title="bbox 446 2207 678 2262">
     <span class='ocr_line' id='line_1_30' title="bbox 446 2207 678 2262; baseline 0.004 -3"><span class='ocrx_word' id='word_1_217' title='bbox 446 2207 632 2262; x_wconf 88' lang='lat' dir='ltr'><strong>trinas.</strong></span> <span class='ocrx_word' id='word_1_218' title='bbox 659 2227 678 2260; x_wconf 74' lang='grc' dir='ltr'><strong><em>ι</em></strong></span> 
     </span>
    </p>
   </div>
   <div class='ocr_carea' id='block_1_29' title="bbox 413 2272 1921 2332">
    <p class='ocr_par' dir='ltr' id='par_1_29' title="bbox 413 2272 1921 2332">
     <span class='ocr_line' id='line_1_31' title="bbox 413 2272 1921 2332; baseline 0.001 -5"><span class='ocrx_word' id='word_1_219' title='bbox 413 2272 583 2330; x_wconf 89' lang='lat' dir='ltr'><strong>Porro</strong></span> <span class='ocrx_word' id='word_1_220' title='bbox 619 2275 817 2331; x_wconf 86' lang='lat' dir='ltr'><strong>laudati</strong></span> <span class='ocrx_word' id='word_1_221' title='bbox 857 2275 1135 2332; x_wconf 63' lang='lat' dir='ltr'><strong>litterariae</strong></span> <span class='ocrx_word' id='word_1_222' title='bbox 1167 2274 1463 2330; x_wconf 87' lang='lat' dir='ltr'><strong>Galliarum</strong></span> <span class='ocrx_word' id='word_1_223' title='bbox 1503 2275 1753 2331; x_wconf 72' lang='lat' dir='ltr'><strong>Historia:</strong></span> <span class='ocrx_word' id='word_1_224' title='bbox 1788 2273 1921 2330; x_wconf 91' lang='lat' dir='ltr'><strong>scri-</strong></span> 
     </span>
    </p>
   </div>
   <div class='ocr_carea' id='block_1_30' title="bbox 338 2344 1922 2413">
    <p class='ocr_par' dir='ltr' id='par_1_30' title="bbox 338 2344 1922 2413">
     <span class='ocr_line' id='line_1_32' title="bbox 338 2344 1922 2413; baseline 0.001 -15"><span class='ocrx_word' id='word_1_225' title='bbox 338 2352 523 2413; x_wconf 87' lang='lat' dir='ltr'><strong>ptores</strong></span> <span class='ocrx_word' id='word_1_226' title='bbox 572 2344 740 2401; x_wconf 89' lang='lat' dir='ltr'><strong>libelli</strong></span> <span class='ocrx_word' id='word_1_227' title='bbox 782 2345 851 2400; x_wconf 89' lang='lat' dir='ltr'><strong>ab</strong></span> <span class='ocrx_word' id='word_1_228' title='bbox 875 2346 1102 2402; x_wconf 84' lang='lat' dir='ltr'><strong>Alcuino</strong></span> <span class='ocrx_word' id='word_1_229' title='bbox 1142 2345 1401 2401; x_wconf 87' lang='lat' dir='ltr'><strong>adversus</strong></span> <span class='ocrx_word' id='word_1_230' title='bbox 1450 2344 1713 2408; x_wconf 82' lang='lat' dir='ltr'><strong>Felicem,</strong></span> <span class='ocrx_word' id='word_1_231' title='bbox 1766 2352 1922 2399; x_wconf 89' lang='lat' dir='ltr'><strong>ante-</strong></span> 
     </span>
    </p>
   </div>
   <div class='ocr_carea' id='block_1_31' title="bbox 338 2414 1917 2485">
    <p class='ocr_par' dir='ltr' id='par_1_31' title="bbox 338 2414 1917 2485">
     <span class='ocr_line' id='line_1_33' title="bbox 338 2414 1917 2485; baseline -0.001 -18"><span class='ocrx_word' id='word_1_232' title='bbox 338 2424 737 2485; x_wconf 16' lang='lat' dir='ltr'><strong>quamiseptem</strong></span> <span class='ocrx_word' id='word_1_233' title='bbox 766 2415 886 2469; x_wconf 91' lang='lat' dir='ltr'><strong>illos</strong></span> <span class='ocrx_word' id='word_1_234' title='bbox 913 2422 1165 2470; x_wconf 84' lang='lat' dir='ltr'><strong>exararet</strong></span> <span class='ocrx_word' id='word_1_235' title='bbox 1186 2414 1372 2485; x_wconf 88' lang='lat' dir='ltr'><strong>libros,</strong></span> <span class='ocrx_word' id='word_1_236' title='bbox 1396 2415 1525 2468; x_wconf 90' lang='lat' dir='ltr'><strong>editi</strong></span> <span class='ocrx_word' id='word_1_237' title='bbox 1553 2415 1917 2485; x_wconf 79' lang='lat' dir='ltr'><strong>testimonium</strong></span> 
     </span>
    </p>
   </div>
   <div class='ocr_carea' id='block_1_32' title="bbox 338 2481 1915 2552">
    <p class='ocr_par' dir='ltr' id='par_1_32' title="bbox 338 2481 1915 2552">
     <span class='ocr_line' id='line_1_34' title="bbox 338 2481 1915 2552; baseline -0.002 -14"><span class='ocrx_word' id='word_1_238' title='bbox 338 2481 528 2538; x_wconf 79' lang='lat' dir='ltr'><strong>haberi</strong></span> <span class='ocrx_word' id='word_1_239' title='bbox 557 2481 837 2539; x_wconf 74' lang='lat' dir='ltr'><strong>autumant</strong></span> <span class='ocrx_word' id='word_1_240' title='bbox 860 2486 1021 2539; x_wconf 89' lang='lat' dir='ltr'><strong>etiam</strong></span> <span class='ocrx_word' id='word_1_241' title='bbox 1055 2486 1107 2538; x_wconf 93' lang='lat' dir='ltr'><strong>in</strong></span> <span class='ocrx_word' id='word_1_242' title='bbox 1132 2484 1357 2552; x_wconf 89' lang='lat' dir='ltr'><strong>epistola</strong></span> <span class='ocrx_word' id='word_1_243' title='bbox 1382 2499 1540 2551; x_wconf 91' lang='lat' dir='ltr'><strong>quam</strong></span> <span class='ocrx_word' id='word_1_244' title='bbox 1570 2485 1637 2536; x_wconf 88' lang='lat' dir='ltr'><strong>ad</strong></span> <span class='ocrx_word' id='word_1_245' title='bbox 1664 2483 1915 2537; x_wconf 88' lang='lat' dir='ltr'><strong>Carolum</strong></span> 
     </span>
    </p>
   </div>
   <div class='ocr_carea' id='block_1_33' title="bbox 338 2552 1917 2623">
    <p class='ocr_par' dir='ltr' id='par_1_33' title="bbox 338 2552 1917 2623">
     <span class='ocr_line' id='line_1_35' title="bbox 338 2552 1917 2623; baseline 0 -18"><span class='ocrx_word' id='word_1_246' title='bbox 338 2565 519 2623; x_wconf 60' lang='lat' dir='ltr'><strong>regem</strong></span> <span class='ocrx_word' id='word_1_247' title='bbox 557 2552 818 2609; x_wconf 81' lang='lat' dir='ltr'><strong>Alcuinus</strong></span> <span class='ocrx_word' id='word_1_248' title='bbox 849 2554 996 2608; x_wconf 89' lang='lat' dir='ltr'><strong>dedit</strong></span> <span class='ocrx_word' id='word_1_249' title='bbox 1015 2554 1065 2619; x_wconf 75' lang='grc' dir='ltr'><strong>ι’,</strong></span> <span class='ocrx_word' id='word_1_250' title='bbox 1093 2568 1217 2608; x_wconf 89' lang='lat' dir='ltr'><strong>eum</strong></span> <span class='ocrx_word' id='word_1_251' title='bbox 1247 2568 1443 2623; x_wconf 80' lang='lat' dir='ltr'><strong>rogans</strong></span> <span class='ocrx_word' id='word_1_252' title='bbox 1473 2560 1531 2606; x_wconf 91' lang='lat' dir='ltr'><strong>ut</strong></span> <span class='ocrx_word' id='word_1_253' title='bbox 1567 2561 1770 2620; x_wconf 86' lang='lat' dir='ltr'><strong>septem</strong></span> <span class='ocrx_word' id='word_1_254' title='bbox 1794 2552 1917 2623; x_wconf 76' lang='lat' dir='ltr'><strong>iilos</strong></span> 
     </span>
    </p>
   </div>
   <div class='ocr_carea' id='block_1_34' title="bbox 337 2619 1917 2693">
    <p class='ocr_par' dir='ltr' id='par_1_34' title="bbox 337 2619 1917 2693">
     <span class='ocr_line' id='line_1_36' title="bbox 337 2619 1917 2693; baseline 0 -18"><span class='ocrx_word' id='word_1_255' title='bbox 337 2619 506 2677; x_wconf 68' lang='lat' dir='ltr'><strong>libros</strong></span> <span class='ocrx_word' id='word_1_256' title='bbox 529 2625 882 2686; x_wconf 80' lang='lat' dir='ltr'><strong>examinaret,</strong></span> <span class='ocrx_word' id='word_1_257' title='bbox 907 2624 1220 2693; x_wconf 81' lang='lat' dir='ltr'><strong>priusquam</strong></span> <span class='ocrx_word' id='word_1_258' title='bbox 1246 2621 1299 2676; x_wconf 90' lang='lat' dir='ltr'><strong>in</strong></span> <span class='ocrx_word' id='word_1_259' title='bbox 1316 2619 1500 2675; x_wconf 82' lang='lat' dir='ltr'><strong>lucem</strong></span> <span class='ocrx_word' id='word_1_260' title='bbox 1523 2619 1789 2693; x_wconf 76' lang='lat' dir='ltr'><strong>venirent.</strong></span> <span class='ocrx_word' id='word_1_261' title='bbox 1814 2622 1917 2693; x_wconf 63' lang='lat' dir='ltr'><strong>Ye-</strong></span> 
     </span>
    </p>
   </div>
   <div class='ocr_carea' id='block_1_35' title="bbox 338 2690 1916 2762">
    <p class='ocr_par' dir='ltr' id='par_1_35' title="bbox 338 2690 1916 2762">
     <span class='ocr_line' id='line_1_37' title="bbox 338 2690 1916 2762; baseline -0.002 -16"><span class='ocrx_word' id='word_1_262' title='bbox 338 2707 458 2762; x_wconf 86' lang='lat' dir='ltr'><strong>ru_m</strong></span> <span class='ocrx_word' id='word_1_263' title='bbox 504 2693 556 2746; x_wconf 91' lang='lat' dir='ltr'><strong>in</strong></span> <span class='ocrx_word' id='word_1_264' title='bbox 605 2693 707 2748; x_wconf 87' lang='lat' dir='ltr'><strong>hoc</strong></span> <span class='ocrx_word' id='word_1_265' title='bbox 734 2690 948 2762; x_wconf 74' lang='lat' dir='ltr'><strong>quoque</strong></span> <span class='ocrx_word' id='word_1_266' title='bbox 976 2690 1096 2749; x_wconf 82' lang='lat' dir='ltr'><strong>loco</strong></span> <span class='ocrx_word' id='word_1_267' title='bbox 1124 2691 1191 2745; x_wconf 89' lang='lat' dir='ltr'><strong>ad</strong></span> <span class='ocrx_word' id='word_1_268' title='bbox 1220 2707 1489 2762; x_wconf 86' lang='lat' dir='ltr'><strong>summum</strong></span> <span class='ocrx_word' id='word_1_269' title='bbox 1516 2691 1582 2746; x_wconf 92' lang='lat' dir='ltr'><strong>de</strong></span> <span class='ocrx_word' id='word_1_270' title='bbox 1608 2692 1794 2746; x_wconf 88' lang='lat' dir='ltr'><strong>eadem</strong></span> <span class='ocrx_word' id='word_1_271' title='bbox 1826 2690 1916 2744; x_wconf 89' lang='lat' dir='ltr'><strong>illa</strong></span> 
     </span>
    </p>
   </div>
   <div class='ocr_carea' id='block_1_36' title="bbox 336 2759 1912 2831">
    <p class='ocr_par' dir='ltr' id='par_1_36' title="bbox 336 2759 1912 2831">
     <span class='ocr_line' id='line_1_38' title="bbox 336 2759 1912 2831; baseline -0.002 -15"><span class='ocrx_word' id='word_1_272' title='bbox 336 2759 697 2818; x_wconf 87' lang='lat' dir='ltr'><strong>cobortatoria</strong></span> <span class='ocrx_word' id='word_1_273' title='bbox 737 2759 963 2831; x_wconf 80' lang='lat' dir='ltr'><strong>epistola</strong></span> <span class='ocrx_word' id='word_1_274' title='bbox 1007 2762 1375 2831; x_wconf 89' lang='lat' dir='ltr'><strong>testimonium</strong></span> <span class='ocrx_word' id='word_1_275' title='bbox 1420 2760 1635 2831; x_wconf 91' lang='lat' dir='ltr'><strong>aliquod</strong></span> <span class='ocrx_word' id='word_1_276' title='bbox 1674 2768 1912 2831; x_wconf 87' lang='lat' dir='ltr'><strong>apparet,</strong></span> 
     </span>
    </p>
   </div>
   <div class='ocr_carea' id='block_1_37' title="bbox 335 2830 1913 2900">
    <p class='ocr_par' dir='ltr' id='par_1_37' title="bbox 335 2830 1913 2900">
     <span class='ocr_line' id='line_1_39' title="bbox 335 2830 1913 2900; baseline -0.001 -14"><span class='ocrx_word' id='word_1_277' title='bbox 335 2831 633 2900; x_wconf 86' lang='lat' dir='ltr'><strong>etquidem</strong></span> <span class='ocrx_word' id='word_1_278' title='bbox 662 2830 1033 2889; x_wconf 87' lang='lat' dir='ltr'><strong>tantummodo</strong></span> <span class='ocrx_word' id='word_1_279' title='bbox 1083 2830 1417 2900; x_wconf 81' lang='lat' dir='ltr'><strong>conjicienda</strong></span> <span class='ocrx_word' id='word_1_280' title='bbox 1461 2830 1817 2900; x_wconf 82' lang='lat' dir='ltr'><strong>assequimur,</strong></span> <span class='ocrx_word' id='word_1_281' title='bbox 1849 2846 1913 2885; x_wconf 79' lang='lat' dir='ltr'><strong>ex</strong></span> 
     </span>
    </p>
   </div>
   <div class='ocr_carea' id='block_1_38' title="bbox 337 2900 1913 2972">
    <p class='ocr_par' dir='ltr' id='par_1_38' title="bbox 337 2900 1913 2972">
     <span class='ocr_line' id='line_1_40' title="bbox 337 2900 1913 2972; baseline -0.001 -16"><span class='ocrx_word' id='word_1_282' title='bbox 337 2900 523 2972; x_wconf 87' lang='lat' dir='ltr'><strong>relatis</strong></span> <span class='ocrx_word' id='word_1_283' title='bbox 559 2903 812 2957; x_wconf 89' lang='lat' dir='ltr'><strong>nimirum</strong></span> <span class='ocrx_word' id='word_1_284' title='bbox 854 2902 989 2958; x_wconf 91' lang='lat' dir='ltr'><strong>locis</strong></span> <span class='ocrx_word' id='word_1_285' title='bbox 1018 2912 1294 2964; x_wconf 85' lang='lat' dir='ltr'><strong>constare,</strong></span> <span class='ocrx_word' id='word_1_286' title='bbox 1328 2902 1471 2972; x_wconf 90' lang='lat' dir='ltr'><strong>quod</strong></span> <span class='ocrx_word' id='word_1_287' title='bbox 1494 2900 1675 2972; x_wconf 88' lang='lat' dir='ltr'><strong>libello</strong></span> <span class='ocrx_word' id='word_1_288' title='bbox 1699 2901 1913 2966; x_wconf 88' lang='lat' dir='ltr'><strong>Felicis,</strong></span> 
     </span>
    </p>
   </div>
   <div class='ocr_carea' id='block_1_39' title="bbox 335 2970 1912 3054">
    <p class='ocr_par' dir='ltr' id='par_1_39' title="bbox 335 2970 1912 3054">
     <span class='ocr_line' id='line_1_41' title="bbox 335 2970 1912 3054; baseline 0 -29"><span class='ocrx_word' id='word_1_289' title='bbox 335 2970 423 3054; x_wconf 83' lang='lat' dir='ltr'><strong>cui</strong></span> <span class='ocrx_word' id='word_1_290' title='bbox 445 2980 664 3054; x_wconf 42' lang='lat' dir='ltr'><strong>septem.</strong></span> <span class='ocrx_word' id='word_1_291' title='bbox 686 2972 918 3054; x_wconf 75' lang='lat' dir='ltr'><strong>oppositi</strong></span> <span class='ocrx_word' id='word_1_292' title='bbox 944 2972 1235 3054; x_wconf 42' lang='lat' dir='ltr'><strong>sunt-libri,</strong></span> <span class='ocrx_word' id='word_1_293' title='bbox 1264 2970 1522 3054; x_wconf 64' lang='lat' dir='ltr'><strong>anteriori</strong></span> <span class='ocrx_word' id='word_1_294' title='bbox 1557 2970 1663 3025; x_wconf 90' lang='lat' dir='ltr'><strong>alio</strong></span> <span class='ocrx_word' id='word_1_295' title='bbox 1688 2972 1912 3054; x_wconf 78' lang='lat' dir='ltr'><strong>scripto,</strong></span> 
     </span>
    </p>
   </div>
   <div class='ocr_carea' id='block_1_40' title="bbox 334 3041 1987 3135">
    <p class='ocr_par' dir='ltr' id='par_1_40' title="bbox 334 3041 1987 3135">
     <span class='ocr_line' id='line_1_42' title="bbox 334 3041 1987 3135; baseline 0 0"><span class='ocrx_word' id='word_1_296' title='bbox 334 3041 1912 3135; x_wconf 47' lang='lat' dir='ltr'><strong>Sigfffimiiiji‘lﬁllcflfililﬁlf’li’Lﬁlf’l‘ifll’i926399339!“</strong></span> <span class='ocrx_word' id='word_1_297' title='bbox 1941 3072 1987 3135; x_wconf 88' lang='lat' dir='ltr'>C</span> 
     </span>
    </p>
   </div>
   <div class='ocr_carea' id='block_1_41' title="bbox 333 3111 1909 3183">
    <p class='ocr_par' dir='ltr' id='par_1_41' title="bbox 333 3111 1909 3183">
     <span class='ocr_line' id='line_1_43' title="bbox 333 3111 1909 3183; baseline -0.001 -18"><span class='ocrx_word' id='word_1_298' title='bbox 333 3111 574 3183; x_wconf 62' lang='lat' dir='ltr'><strong>dederat.</strong></span> <span class='ocrx_word' id='word_1_299' title='bbox 603 3112 857 3183; x_wconf 69' lang='lat' dir='ltr'><strong>Epistula:</strong></span> <span class='ocrx_word' id='word_1_300' title='bbox 877 3114 944 3168; x_wconf 81' lang='lat' dir='ltr'><strong>ad</strong></span> <span class='ocrx_word' id='word_1_301' title='bbox 964 3111 1216 3183; x_wconf 48' lang='lat' dir='ltr'><strong>Ca&#39;rolum</strong></span> <span class='ocrx_word' id='word_1_302' title='bbox 1235 3126 1415 3183; x_wconf 80' lang='lat' dir='ltr'><strong>regem</strong></span> <span class='ocrx_word' id='word_1_303' title='bbox 1442 3112 1606 3166; x_wconf 80' lang='lat' dir='ltr'><strong>verba</strong></span> <span class='ocrx_word' id='word_1_304' title='bbox 1619 3112 1732 3166; x_wconf 71' lang='lat' dir='ltr'><strong>haec</strong></span> <span class='ocrx_word' id='word_1_305' title='bbox 1753 3119 1909 3183; x_wconf 84' lang='lat' dir='ltr'><strong>sunt:</strong></span> 
     </span>
    </p>
   </div>
   <div class='ocr_carea' id='block_1_42' title="bbox 339 3181 1916 3238">
    <p class='ocr_par' dir='ltr' id='par_1_42' title="bbox 339 3181 1916 3238">
     <span class='ocr_line' id='line_1_44' title="bbox 339 3181 1916 3238; baseline 0.002 -5"><span class='ocrx_word' id='word_1_306' title='bbox 339 3197 361 3231; x_wconf 77' lang='grc' dir='ltr'>ι</span> <span class='ocrx_word' id='word_1_307' title='bbox 398 3181 589 3237; x_wconf 82' lang='lat' dir='ltr'><strong>Vestra</strong></span> <span class='ocrx_word' id='word_1_308' title='bbox 618 3181 746 3237; x_wconf 61' lang='lat' dir='ltr'><strong>n&#39;ulli</strong></span> <span class='ocrx_word' id='word_1_309' title='bbox 776 3182 1168 3238; x_wconf 90' lang='lat' dir='ltr'><strong>contemnenda</strong></span> <span class='ocrx_word' id='word_1_310' title='bbox 1204 3181 1499 3236; x_wconf 85' lang='lat' dir='ltr'><strong>auctoritas</strong></span> <span class='ocrx_word' id='word_1_311' title='bbox 1527 3189 1727 3236; x_wconf 65' lang='lat' dir='ltr'><strong>nostra:</strong></span> <span class='ocrx_word' id='word_1_312' title='bbox 1756 3182 1916 3236; x_wconf 89' lang='lat' dir='ltr'><strong>devo-</strong></span> 
     </span>
    </p>
   </div>
   <div class='ocr_carea' id='block_1_43' title="bbox 340 3251 1917 3321">
    <p class='ocr_par' dir='ltr' id='par_1_43' title="bbox 340 3251 1917 3321">
     <span class='ocr_line' id='line_1_45' title="bbox 340 3251 1917 3321; baseline 0.003 -19"><span class='ocrx_word' id='word_1_313' title='bbox 340 3269 361 3301; x_wconf 73' lang='lat' dir='ltr'><strong>r</strong></span> <span class='ocrx_word' id='word_1_314' title='bbox 393 3251 530 3307; x_wconf 92' lang='lat' dir='ltr'><strong>tioni</strong></span> <span class='ocrx_word' id='word_1_315' title='bbox 577 3254 852 3308; x_wconf 82' lang='lat' dir='ltr'><strong>mandavit</strong></span> <span class='ocrx_word' id='word_1_316' title='bbox 890 3263 1078 3308; x_wconf 86' lang='lat' dir='ltr'><strong>contra</strong></span> <span class='ocrx_word' id='word_1_317' title='bbox 1119 3266 1288 3308; x_wconf 89' lang='lat' dir='ltr'><strong>novas</strong></span> <span class='ocrx_word' id='word_1_318' title='bbox 1329 3252 1598 3307; x_wconf 69' lang='lat' dir='ltr'><strong>haeretica:</strong></span> <span class='ocrx_word' id='word_1_319' title='bbox 1635 3252 1917 3321; x_wconf 80' lang='lat' dir='ltr'><strong>pravitatis</strong></span> 
     </span>
    </p>
   </div>
   <div class='ocr_carea' id='block_1_44' title="bbox 341 3321 1915 3391">
    <p class='ocr_par' dir='ltr' id='par_1_44' title="bbox 341 3321 1915 3391">
     <span class='ocr_line' id='line_1_46' title="bbox 341 3321 1915 3391; baseline 0 -16"><span class='ocrx_word' id='word_1_320' title='bbox 341 3336 361 3369; x_wconf 75' lang='grc' dir='ltr'>α</span> <span class='ocrx_word' id='word_1_321' title='bbox 395 3321 735 3377; x_wconf 84' lang='lat' dir='ltr'><strong>inventiones</strong></span> <span class='ocrx_word' id='word_1_322' title='bbox 761 3323 961 3391; x_wconf 88' lang='lat' dir='ltr'><strong>aliquid</strong></span> <span class='ocrx_word' id='word_1_323' title='bbox 991 3323 1247 3391; x_wconf 84' lang='lat' dir='ltr'><strong>scribere,</strong></span> <span class='ocrx_word' id='word_1_324' title='bbox 1286 3331 1448 3390; x_wconf 89' lang='lat' dir='ltr'><strong>atque</strong></span> <span class='ocrx_word' id='word_1_325' title='bbox 1472 3321 1653 3376; x_wconf 90' lang='lat' dir='ltr'><strong>libello</strong></span> <span class='ocrx_word' id='word_1_326' title='bbox 1688 3336 1915 3390; x_wconf 91' lang='lat' dir='ltr'><strong>respon-</strong></span> 
     </span>
    </p>
   </div>
   <div class='ocr_carea' id='block_1_45' title="bbox 342 3390 1916 3460">
    <p class='ocr_par' dir='ltr' id='par_1_45' title="bbox 342 3390 1916 3460">
     <span class='ocr_line' id='line_1_47' title="bbox 342 3390 1916 3460; baseline 0.003 -20"><span class='ocrx_word' id='word_1_327' title='bbox 342 3405 363 3440; x_wconf 75' lang='grc' dir='ltr'>ι</span> <span class='ocrx_word' id='word_1_328' title='bbox 396 3393 526 3445; x_wconf 88' lang='lat' dir='ltr'><strong>dere</strong></span> <span class='ocrx_word' id='word_1_329' title='bbox 571 3405 732 3459; x_wconf 87' lang='lat' dir='ltr'><strong>quem</strong></span> <span class='ocrx_word' id='word_1_330' title='bbox 783 3390 972 3446; x_wconf 86' lang='lat' dir='ltr'><strong>contra</strong></span> <span class='ocrx_word' id='word_1_331' title='bbox 1022 3406 1121 3445; x_wconf 88' lang='lat' dir='ltr'><strong>nos</strong></span> <span class='ocrx_word' id='word_1_332' title='bbox 1163 3390 1311 3444; x_wconf 81' lang='lat' dir='ltr'><strong>Felix</strong></span> <span class='ocrx_word' id='word_1_333' title='bbox 1367 3390 1588 3460; x_wconf 87' lang='lat' dir='ltr'><strong>quidam</strong></span> <span class='ocrx_word' id='word_1_334' title='bbox 1630 3392 1916 3460; x_wconf 84' lang='lat' dir='ltr'><strong>episcOpus</strong></span> 
     </span>
    </p>
   </div>
   <div class='ocr_carea' id='block_1_46' title="bbox 343 3460 1916 3540">
    <p class='ocr_par' dir='ltr' id='par_1_46' title="bbox 343 3460 1916 3540">
     <span class='ocr_line' id='line_1_48' title="bbox 343 3460 1916 3540; baseline 0.005 -32"><span class='ocrx_word' id='word_1_335' title='bbox 343 3469 587 3540; x_wconf 50' lang='lat' dir='ltr'><strong>«vestrm</strong></span> <span class='ocrx_word' id='word_1_336' title='bbox 622 3461 819 3515; x_wconf 80' lang='lat' dir='ltr'><strong>direxit</strong></span> <span class='ocrx_word' id='word_1_337' title='bbox 867 3460 1195 3516; x_wconf 86' lang='lat' dir='ltr'><strong>auctoritati.</strong></span> <span class='ocrx_word' id='word_1_338' title='bbox 1232 3479 1252 3512; x_wconf 72' lang='grc' dir='ltr'><strong><em>ι</em></strong></span> <span class='ocrx_word' id='word_1_339' title='bbox 1305 3460 1593 3529; x_wconf 74' lang='lat' dir='ltr'><strong>[lucusque</strong></span> <span class='ocrx_word' id='word_1_340' title='bbox 1621 3460 1690 3515; x_wconf 93' lang='lat' dir='ltr'><strong>cl.</strong></span> <span class='ocrx_word' id='word_1_341' title='bbox 1723 3460 1916 3533; x_wconf 79' lang='lat' dir='ltr'><strong>Foggi-</strong></span> 
     </span>
    </p>
   </div>
   <div class='ocr_carea' id='block_1_47' title="bbox 522 3673 1765 3765">
    <p class='ocr_par' dir='ltr' id='par_1_47' title="bbox 522 3673 1765 3765">
     <span class='ocr_line' id='line_1_49' title="bbox 522 3673 1765 3765; baseline 0.001 -18"><span class='ocrx_word' id='word_1_342' title='bbox 522 3673 921 3747; x_wconf 81' lang='lat' dir='ltr'><strong>lNCIPlT</strong></span> <span class='ocrx_word' id='word_1_343' title='bbox 991 3676 1312 3747; x_wconf 82' lang='lat' dir='ltr'><strong>LIBER</strong></span> <span class='ocrx_word' id='word_1_344' title='bbox 1365 3674 1765 3765; x_wconf 76' lang='lat' dir='ltr'><strong>ALBINI,</strong></span> 
     </span>
    </p>
   </div>
   <div class='ocr_carea' id='block_1_48' title="bbox 405 3802 1852 3872">
    <p class='ocr_par' dir='ltr' id='par_1_48' title="bbox 405 3802 1852 3872">
     <span class='ocr_line' id='line_1_50' title="bbox 405 3802 1852 3872; baseline 0.002 -13"><span class='ocrx_word' id='word_1_345' title='bbox 405 3802 599 3872; x_wconf 78' lang='lat' dir='ltr'><strong>QUEM</strong></span> <span class='ocrx_word' id='word_1_346' title='bbox 637 3804 863 3861; x_wconf 87' lang='lat' dir='ltr'><strong>EDlDlT</strong></span> <span class='ocrx_word' id='word_1_347' title='bbox 895 3804 1173 3863; x_wconf 82' lang='lat' dir='ltr'><strong>CONTRA</strong></span> <span class='ocrx_word' id='word_1_348' title='bbox 1209 3804 1536 3861; x_wconf 71' lang='lat' dir='ltr'><strong>[UERESIN</strong></span> <span class='ocrx_word' id='word_1_349' title='bbox 1573 3805 1852 3863; x_wconf 87' lang='lat' dir='ltr'><strong>FELlClS.</strong></span> 
     </span>
    </p>
   </div>
   <div class='ocr_carea' id='block_1_49' title="bbox 405 3939 1915 4011">
    <p class='ocr_par' dir='ltr' id='par_1_49' title="bbox 405 3939 1915 4011">
     <span class='ocr_line' id='line_1_51' title="bbox 405 3939 1915 4011; baseline 0 -16"><span class='ocrx_word' id='word_1_350' title='bbox 405 3940 448 3995; x_wconf 87' lang='grc' dir='ltr'><strong>ι.</strong></span> <span class='ocrx_word' id='word_1_351' title='bbox 477 3939 729 4011; x_wconf 86' lang='lat' dir='ltr'><strong>Legimus</strong></span> <span class='ocrx_word' id='word_1_352' title='bbox 758 3941 812 3995; x_wconf 92' lang='lat' dir='ltr'><strong>in</strong></span> <span class='ocrx_word' id='word_1_353' title='bbox 833 3939 1109 3996; x_wconf 64' lang='lat' dir='ltr'><strong>saacularis</strong></span> <span class='ocrx_word' id='word_1_354' title='bbox 1131 3939 1447 3995; x_wconf 70' lang='lat' dir='ltr'><strong>litteratura:</strong></span> <span class='ocrx_word' id='word_1_355' title='bbox 1467 3939 1728 4003; x_wconf 87' lang='lat' dir='ltr'><strong>historiis,</strong></span> <span class='ocrx_word' id='word_1_356' title='bbox 1755 3955 1915 4009; x_wconf 82' lang='lat' dir='ltr'><strong>quos-</strong></span> 
     </span>
    </p>
   </div>
   <div class='ocr_carea' id='block_1_50' title="bbox 336 4029 1911 4100">
    <p class='ocr_par' dir='ltr' id='par_1_50' title="bbox 336 4029 1911 4100">
     <span class='ocr_line' id='line_1_52' title="bbox 336 4029 1911 4100; baseline -0.001 -15"><span class='ocrx_word' id='word_1_357' title='bbox 336 4031 461 4086; x_wconf 88' lang='lat' dir='ltr'><strong>dam</strong></span> <span class='ocrx_word' id='word_1_358' title='bbox 489 4032 637 4088; x_wconf 86' lang='lat' dir='ltr'><strong>viros</strong></span> <span class='ocrx_word' id='word_1_359' title='bbox 660 4031 991 4087; x_wconf 89' lang='lat' dir='ltr'><strong>medicinalis</strong></span> <span class='ocrx_word' id='word_1_360' title='bbox 1014 4031 1146 4086; x_wconf 90' lang='lat' dir='ltr'><strong>artis</strong></span> <span class='ocrx_word' id='word_1_361' title='bbox 1171 4031 1395 4100; x_wconf 86' lang='lat' dir='ltr'><strong>peritos,</strong></span> <span class='ocrx_word' id='word_1_362' title='bbox 1437 4030 1563 4085; x_wconf 90' lang='lat' dir='ltr'><strong>dum</strong></span> <span class='ocrx_word' id='word_1_363' title='bbox 1593 4029 1802 4098; x_wconf 89' lang='lat' dir='ltr'><strong>aliquas</strong></span> <span class='ocrx_word' id='word_1_364' title='bbox 1828 4030 1911 4084; x_wconf 88' lang='lat' dir='ltr'><strong>ei-</strong></span> 
     </span>
    </p>
   </div>
   <div class='ocr_carea' id='block_1_51' title="bbox 334 4117 1913 4190">
    <p class='ocr_par' dir='ltr' id='par_1_51' title="bbox 334 4117 1913 4190">
     <span class='ocr_line' id='line_1_53' title="bbox 334 4117 1913 4190; baseline -0.001 -17"><span class='ocrx_word' id='word_1_365' title='bbox 334 4120 529 4175; x_wconf 87' lang='lat' dir='ltr'><strong>vitates</strong></span> <span class='ocrx_word' id='word_1_366' title='bbox 557 4120 873 4190; x_wconf 73' lang='lat' dir='ltr'><strong>pestilentiae.</strong></span> <span class='ocrx_word' id='word_1_367' title='bbox 899 4120 987 4175; x_wconf 90' lang='lat' dir='ltr'><strong>lue</strong></span> <span class='ocrx_word' id='word_1_368' title='bbox 1015 4118 1239 4175; x_wconf 80' lang='lat' dir='ltr'><strong>infectas</strong></span> <span class='ocrx_word' id='word_1_369' title='bbox 1281 4119 1585 4183; x_wconf 90' lang='lat' dir='ltr'><strong>audierunt,</strong></span> <span class='ocrx_word' id='word_1_370' title='bbox 1625 4131 1807 4172; x_wconf 89' lang='lat' dir='ltr'><strong>amore</strong></span> <span class='ocrx_word' id='word_1_371' title='bbox 1837 4117 1913 4172; x_wconf 90' lang='lat' dir='ltr'><strong>ci-</strong></span> 
     </span>
    </p>
   </div>
   <div class='ocr_carea' id='block_1_52' title="bbox 336 4208 1912 4281">
    <p class='ocr_par' dir='ltr' id='par_1_52' title="bbox 336 4208 1912 4281">
     <span class='ocr_line' id='line_1_54' title="bbox 336 4208 1912 4281; baseline -0.001 -16"><span class='ocrx_word' id='word_1_372' title='bbox 336 4210 483 4265; x_wconf 87' lang='lat' dir='ltr'><strong>vium</strong></span> <span class='ocrx_word' id='word_1_373' title='bbox 528 4225 769 4276; x_wconf 90' lang='lat' dir='ltr'><strong>suorum,</strong></span> <span class='ocrx_word' id='word_1_374' title='bbox 811 4210 1028 4279; x_wconf 88' lang='lat' dir='ltr'><strong>aliquod</strong></span> <span class='ocrx_word' id='word_1_375' title='bbox 1068 4210 1444 4266; x_wconf 85' lang='lat' dir='ltr'><strong>medicamenti</strong></span> <span class='ocrx_word' id='word_1_376' title='bbox 1472 4224 1642 4281; x_wconf 90' lang='lat' dir='ltr'><strong>genus</strong></span> <span class='ocrx_word' id='word_1_377' title='bbox 1685 4208 1912 4279; x_wconf 89' lang='lat' dir='ltr'><strong>provida</strong></span> 
     </span>
    </p>
   </div>
   <div class='ocr_carea' id='block_1_53' title="bbox 336 4300 1911 4370">
    <p class='ocr_par' dir='ltr' id='par_1_53' title="bbox 336 4300 1911 4370">
     <span class='ocr_line' id='line_1_55' title="bbox 336 4300 1911 4370; baseline -0.003 -11"><span class='ocrx_word' id='word_1_378' title='bbox 336 4301 696 4359; x_wconf 81' lang='lat' dir='ltr'><strong>sollicitudine</strong></span> <span class='ocrx_word' id='word_1_379' title='bbox 731 4300 1087 4369; x_wconf 81' lang='lat' dir='ltr'><strong>excogitasse,</strong></span> <span class='ocrx_word' id='word_1_380' title='bbox 1119 4315 1226 4369; x_wconf 91' lang='lat' dir='ltr'><strong>quo</strong></span> <span class='ocrx_word' id='word_1_381' title='bbox 1254 4300 1401 4355; x_wconf 91' lang='lat' dir='ltr'><strong>cives</strong></span> <span class='ocrx_word' id='word_1_382' title='bbox 1439 4316 1567 4356; x_wconf 90' lang='lat' dir='ltr'><strong>suos</strong></span> <span class='ocrx_word' id='word_1_383' title='bbox 1593 4315 1625 4353; x_wconf 89' lang='lat' dir='ltr'><strong>a</strong></span> <span class='ocrx_word' id='word_1_384' title='bbox 1655 4315 1911 4370; x_wconf 77' lang='lat' dir='ltr'><strong>grassan-</strong></span> 
     </span>
    </p>
   </div>
   <div class='ocr_carea' id='block_1_54' title="bbox 338 4391 1914 4462">
    <p class='ocr_par' dir='ltr' id='par_1_54' title="bbox 338 4391 1914 4462">
     <span class='ocr_line' id='line_1_56' title="bbox 338 4391 1914 4462; baseline -0.003 -12"><span class='ocrx_word' id='word_1_385' title='bbox 338 4395 409 4450; x_wconf 88' lang='lat' dir='ltr'><strong>tis</strong></span> <span class='ocrx_word' id='word_1_386' title='bbox 432 4393 603 4450; x_wconf 88' lang='lat' dir='ltr'><strong>morbi</strong></span> <span class='ocrx_word' id='word_1_387' title='bbox 636 4391 978 4448; x_wconf 83' lang='lat' dir='ltr'><strong>infestatione</strong></span> <span class='ocrx_word' id='word_1_388' title='bbox 1000 4392 1417 4461; x_wconf 73' lang='lat' dir='ltr'><strong>prmmunirent,</strong></span> <span class='ocrx_word' id='word_1_389' title='bbox 1451 4406 1517 4445; x_wconf 91' lang='lat' dir='ltr'><strong>ne</strong></span> <span class='ocrx_word' id='word_1_390' title='bbox 1542 4392 1795 4461; x_wconf 84' lang='lat' dir='ltr'><strong>ingruens</strong></span> <span class='ocrx_word' id='word_1_391' title='bbox 1820 4407 1914 4462; x_wconf 91' lang='lat' dir='ltr'><strong>pe-</strong></span> 
     </span>
    </p>
   </div>
   <div class='ocr_carea' id='block_1_55' title="bbox 337 4480 1916 4553">
    <p class='ocr_par' dir='ltr' id='par_1_55' title="bbox 337 4480 1916 4553">
     <span class='ocr_line' id='line_1_57' title="bbox 337 4480 1916 4553; baseline -0.003 -13"><span class='ocrx_word' id='word_1_392' title='bbox 337 4486 563 4541; x_wconf 89' lang='lat' dir='ltr'><strong>rieulum</strong></span> <span class='ocrx_word' id='word_1_393' title='bbox 607 4499 674 4540; x_wconf 87' lang='lat' dir='ltr'><strong>ex</strong></span> <span class='ocrx_word' id='word_1_394' title='bbox 721 4483 995 4553; x_wconf 86' lang='lat' dir='ltr'><strong>insperato</strong></span> <span class='ocrx_word' id='word_1_395' title='bbox 1038 4489 1250 4549; x_wconf 90' lang='lat' dir='ltr'><strong>partem</strong></span> <span class='ocrx_word' id='word_1_396' title='bbox 1294 4488 1535 4550; x_wconf 75' lang='lat' dir='ltr'><strong>cognata:</strong></span> <span class='ocrx_word' id='word_1_397' title='bbox 1578 4480 1916 4535; x_wconf 87' lang='lat' dir='ltr'><strong>subverteret</strong></span> 
     </span>
    </p>
   </div>
   <div class='ocr_carea' id='block_1_56' title="bbox 338 4567 1916 4635">
    <p class='ocr_par' dir='ltr' id='par_1_56' title="bbox 338 4567 1916 4635">
     <span class='ocr_line' id='line_1_58' title="bbox 338 4567 1916 4635; baseline -0.004 -7"><span class='ocrx_word' id='word_1_398' title='bbox 338 4573 713 4629; x_wconf 77' lang='lat' dir='ltr'><strong>multitudinis.</strong></span> <span class='ocrx_word' id='word_1_399' title='bbox 742 4570 855 4626; x_wconf 82' lang='lat' dir='ltr'><strong>lloc</strong></span> <span class='ocrx_word' id='word_1_400' title='bbox 880 4569 1022 4624; x_wconf 90' lang='lat' dir='ltr'><strong>idem</strong></span> <span class='ocrx_word' id='word_1_401' title='bbox 1048 4579 1247 4624; x_wconf 63' lang='lat' dir='ltr'><strong>nostra:</strong></span> <span class='ocrx_word' id='word_1_402' title='bbox 1271 4567 1484 4622; x_wconf 91' lang='lat' dir='ltr'><strong>videtur</strong></span> <span class='ocrx_word' id='word_1_403' title='bbox 1504 4567 1767 4635; x_wconf 82' lang='lat' dir='ltr'><strong>agendum</strong></span> <span class='ocrx_word' id='word_1_404' title='bbox 1796 4582 1916 4623; x_wconf 91' lang='lat' dir='ltr'><strong>esse</strong></span> 
     </span>
    </p>
   </div>
   <div class='ocr_carea' id='block_1_57' title="bbox 338 4656 1914 4731">
    <p class='ocr_par' dir='ltr' id='par_1_57' title="bbox 338 4656 1914 4731">
     <span class='ocr_line' id='line_1_59' title="bbox 338 4656 1914 4731; baseline -0.005 -14"><span class='ocrx_word' id='word_1_405' title='bbox 338 4663 609 4719; x_wconf 81' lang='lat' dir='ltr'><strong>devotioni</strong></span> <span class='ocrx_word' id='word_1_406' title='bbox 644 4657 833 4719; x_wconf 80' lang='lat' dir='ltr'><strong>cont&#39;ra</strong></span> <span class='ocrx_word' id='word_1_407' title='bbox 884 4661 1151 4717; x_wconf 61' lang='lat' dir='ltr'><strong>haeretica:</strong></span> <span class='ocrx_word' id='word_1_408' title='bbox 1186 4658 1469 4731; x_wconf 87' lang='lat' dir='ltr'><strong>pravitatis</strong></span> <span class='ocrx_word' id='word_1_409' title='bbox 1518 4656 1914 4727; x_wconf 87' lang='lat' dir='ltr'><strong>pestilentiam,</strong></span> 
     </span>
    </p>
   </div>
   <div class='ocr_carea' id='block_1_58' title="bbox 337 4750 1918 4827">
    <p class='ocr_par' dir='ltr' id='par_1_58' title="bbox 337 4750 1918 4827">
     <span class='ocr_line' id='line_1_60' title="bbox 337 4750 1918 4827; baseline -0.002 -18"><span class='ocrx_word' id='word_1_410' title='bbox 337 4771 568 4827; x_wconf 88' lang='lat' dir='ltr'><strong>quorum</strong></span> <span class='ocrx_word' id='word_1_411' title='bbox 593 4756 841 4810; x_wconf 86' lang='lat' dir='ltr'><strong>doctrina</strong></span> <span class='ocrx_word' id='word_1_412' title='bbox 881 4764 942 4811; x_wconf 90' lang='lat' dir='ltr'><strong>ut</strong></span> <span class='ocrx_word' id='word_1_413' title='bbox 966 4770 1161 4811; x_wconf 87' lang='lat' dir='ltr'><strong>cancer</strong></span> <span class='ocrx_word' id='word_1_414' title='bbox 1188 4753 1374 4823; x_wconf 89' lang='lat' dir='ltr'><strong>serpit,</strong></span> <span class='ocrx_word' id='word_1_415' title='bbox 1422 4760 1482 4807; x_wconf 89' lang='lat' dir='ltr'><strong>ut</strong></span> <span class='ocrx_word' id='word_1_416' title='bbox 1508 4752 1654 4806; x_wconf 78' lang='lat' dir='ltr'><strong>virus</strong></span> <span class='ocrx_word' id='word_1_417' title='bbox 1683 4750 1918 4807; x_wconf 79' lang='lat' dir='ltr'><strong>infundi-</strong></span> 
     </span>
    </p>
   </div>
   <div class='ocr_carea' id='block_1_59' title="bbox 341 4847 1918 4919">
    <p class='ocr_par' dir='ltr' id='par_1_59' title="bbox 341 4847 1918 4919">
     <span class='ocr_line' id='line_1_61' title="bbox 341 4847 1918 4919; baseline -0.002 -13"><span class='ocrx_word' id='word_1_418' title='bbox 341 4859 450 4917; x_wconf 87' lang='lat' dir='ltr'><strong>tur,</strong></span> <span class='ocrx_word' id='word_1_419' title='bbox 496 4856 559 4903; x_wconf 92' lang='lat' dir='ltr'><strong>ut</strong></span> <span class='ocrx_word' id='word_1_420' title='bbox 599 4862 864 4903; x_wconf 89' lang='lat' dir='ltr'><strong>venenum</strong></span> <span class='ocrx_word' id='word_1_421' title='bbox 911 4850 1219 4919; x_wconf 89' lang='lat' dir='ltr'><strong>serpentino</strong></span> <span class='ocrx_word' id='word_1_422' title='bbox 1259 4849 1417 4904; x_wconf 85' lang='lat' dir='ltr'><strong>dente</strong></span> <span class='ocrx_word' id='word_1_423' title='bbox 1462 4847 1749 4918; x_wconf 89' lang='lat' dir='ltr'><strong>ingestum,</strong></span> <span class='ocrx_word' id='word_1_424' title='bbox 1781 4863 1918 4917; x_wconf 90' lang='lat' dir='ltr'><strong>quos</strong></span> 
     </span>
    </p>
   </div>
   <div class='ocr_carea' id='block_1_60' title="bbox 339 4936 1913 5007">
    <p class='ocr_par' dir='ltr' id='par_1_60' title="bbox 339 4936 1913 5007">
     <span class='ocr_line' id='line_1_62' title="bbox 339 4936 1913 5007; baseline -0.002 -11"><span class='ocrx_word' id='word_1_425' title='bbox 339 4940 560 5005; x_wconf 87' lang='lat' dir='ltr'><strong>laceret,</strong></span> <span class='ocrx_word' id='word_1_426' title='bbox 606 4936 820 4993; x_wconf 90' lang='lat' dir='ltr'><strong>occidit.</strong></span> <span class='ocrx_word' id='word_1_427' title='bbox 866 4937 978 4992; x_wconf 89' lang='lat' dir='ltr'><strong>Nec</strong></span> <span class='ocrx_word' id='word_1_428' title='bbox 1021 4940 1290 5007; x_wconf 89' lang='lat' dir='ltr'><strong>posterior</strong></span> <span class='ocrx_word' id='word_1_429' title='bbox 1335 4939 1489 4995; x_wconf 90' lang='lat' dir='ltr'><strong>nobis</strong></span> <span class='ocrx_word' id='word_1_430' title='bbox 1534 4940 1589 4993; x_wconf 90' lang='lat' dir='ltr'><strong>in</strong></span> <span class='ocrx_word' id='word_1_431' title='bbox 1634 4939 1913 4993; x_wconf 58' lang='lat' dir='ltr'><strong>catholicas</strong></span> 
     </span>
    </p>
   </div>
   <div class='ocr_carea' id='block_1_61' title="bbox 341 5026 1913 5102">
    <p class='ocr_par' dir='ltr' id='par_1_61' title="bbox 341 5026 1913 5102">
     <span class='ocr_line' id='line_1_63' title="bbox 341 5026 1913 5102; baseline -0.001 -15"><span class='ocrx_word' id='word_1_432' title='bbox 341 5030 465 5087; x_wconf 83' lang='lat' dir='ltr'><strong>ﬁdei</strong></span> <span class='ocrx_word' id='word_1_433' title='bbox 494 5029 721 5086; x_wconf 86' lang='lat' dir='ltr'><strong>veritate</strong></span> <span class='ocrx_word' id='word_1_434' title='bbox 758 5026 1059 5082; x_wconf 88' lang='lat' dir='ltr'><strong>animarum</strong></span> <span class='ocrx_word' id='word_1_435' title='bbox 1100 5029 1403 5085; x_wconf 89' lang='lat' dir='ltr'><strong>sollicitudo</strong></span> <span class='ocrx_word' id='word_1_436' title='bbox 1432 5030 1757 5102; x_wconf 88' lang='lat' dir='ltr'><strong>integritatis</strong></span> <span class='ocrx_word' id='word_1_437' title='bbox 1793 5043 1913 5085; x_wconf 88' lang='lat' dir='ltr'><strong>esse</strong></span> 
     </span>
    </p>
   </div>
   <div class='ocr_carea' id='block_1_62' title="bbox 414 5179 1908 5265">
    <p class='ocr_par' dir='ltr' id='par_1_62' title="bbox 414 5179 1908 5265">
     <span class='ocr_line' id='line_1_64' title="bbox 414 5179 1908 5265; baseline 0 -29"><span class='ocrx_word' id='word_1_438' title='bbox 414 5182 540 5265; x_wconf 52' lang='lat' dir='ltr'><strong>llD&#39;e</strong></span> <span class='ocrx_word' id='word_1_439' title='bbox 586 5181 674 5265; x_wconf 58' lang='lat' dir='ltr'><strong>illa</strong></span> <span class='ocrx_word' id='word_1_440' title='bbox 721 5189 896 5265; x_wconf 74' lang='lat' dir='ltr'><strong>certe,</strong></span> <span class='ocrx_word' id='word_1_441' title='bbox 948 5194 1108 5265; x_wconf 77' lang='lat' dir='ltr'><strong>quam</strong></span> <span class='ocrx_word' id='word_1_442' title='bbox 1153 5179 1318 5265; x_wconf 31' lang='lat' dir='ltr'><strong>paulo.</strong></span> <span class='ocrx_word' id='word_1_443' title='bbox 1358 5188 1497 5265; x_wconf 55' lang='lat' dir='ltr'><strong>pos}~</strong></span> <span class='ocrx_word' id='word_1_444' title='bbox 1514 5180 1908 5247; x_wconf 78' lang='lat' dir='ltr'><strong>exhibebimus,</strong></span> 
     </span>
    </p>
   </div>
   <div class='ocr_carea' id='block_1_63' title="bbox 341 5249 1868 5391">
    <p class='ocr_par' dir='ltr' id='par_1_63' title="bbox 341 5249 1868 5391">
     <span class='ocr_line' id='line_1_65' title="bbox 341 5249 1691 5323; baseline 0.002 -21"><span class='ocrx_word' id='word_1_445' title='bbox 341 5261 463 5320; x_wconf 80' lang='lat' dir='ltr'><strong>qua:</strong></span> <span class='ocrx_word' id='word_1_446' title='bbox 494 5253 554 5305; x_wconf 93' lang='lat' dir='ltr'><strong>D.</strong></span> <span class='ocrx_word' id='word_1_447' title='bbox 590 5252 899 5323; x_wconf 82' lang='lat' dir='ltr'><strong>Fogginium</strong></span> <span class='ocrx_word' id='word_1_448' title='bbox 931 5249 1222 5305; x_wconf 81' lang='lat' dir='ltr'><strong>etiamnum</strong></span> <span class='ocrx_word' id='word_1_449' title='bbox 1253 5249 1424 5302; x_wconf 87' lang='lat' dir='ltr'><strong>latuit.</strong></span> <span class='ocrx_word' id='word_1_450' title='bbox 1456 5250 1691 5305; x_wconf 74' lang='lat' dir='ltr'><strong>Fnosszv.</strong></span> 
     </span>
     <span class='ocr_line' id='line_1_66' title="bbox 415 5318 1868 5391; baseline -0.001 -18"><span class='ocrx_word' id='word_1_451' title='bbox 415 5320 443 5360; x_wconf 70' lang='grc' dir='ltr'>δ</span> <span class='ocrx_word' id='word_1_452' title='bbox 474 5320 704 5391; x_wconf 62' lang='lat' dir='ltr'><strong>Epistula</strong></span> <span class='ocrx_word' id='word_1_453' title='bbox 728 5323 878 5377; x_wconf 87' lang='lat' dir='ltr'><strong>libris</strong></span> <span class='ocrx_word' id='word_1_454' title='bbox 897 5338 968 5375; x_wconf 83' lang='lat' dir='ltr'><strong>vn</strong></span> <span class='ocrx_word' id='word_1_455' title='bbox 999 5318 1217 5391; x_wconf 67' lang='lat' dir='ltr'><strong>praeﬁxa</strong></span> <span class='ocrx_word' id='word_1_456' title='bbox 1249 5318 1408 5391; x_wconf 82' lang='lat' dir='ltr'><strong>infra.</strong></span> <span class='ocrx_word' id='word_1_457' title='bbox 1646 5390 1651 5391; x_wconf 13' lang='grc' dir='ltr'><em>γ</em></span> <span class='ocrx_word' id='word_1_458' title='bbox 1748 5390 1757 5391; x_wconf 17' lang='lat'><em>7</em></span> <span class='ocrx_word' id='word_1_459' title='bbox 1858 5336 1868 5372; x_wconf 87' lang='lat' dir='ltr'><strong>l</strong></span> 
     </span>
    </p>
   </div>
   <div class='ocr_carea' id='block_1_64' title="bbox 415 5357 1905 5459">
    <p class='ocr_par' dir='ltr' id='par_1_64' title="bbox 415 5357 1905 5459">
     <span class='ocr_line' id='line_1_67' title="bbox 415 5357 1905 5459; baseline 0.002 -17"><span class='ocrx_word' id='word_1_460' title='bbox 415 5399 439 5459; x_wconf 59' lang='grc' dir='ltr'>ς</span> <span class='ocrx_word' id='word_1_461' title='bbox 473 5357 1041 5446; x_wconf 51' lang='grc' dir='ltr'><strong>ιίἶῖῐῗέυίὶιηίιίξίιοιιὶίίιᾶ</strong></span> <span class='ocrx_word' id='word_1_462' title='bbox 1065 5390 1177 5459; x_wconf 87' lang='lat' dir='ltr'><strong>ipse</strong></span> <span class='ocrx_word' id='word_1_463' title='bbox 1209 5390 1375 5444; x_wconf 82' lang='lat' dir='ltr'><strong>codex</strong></span> <span class='ocrx_word' id='word_1_464' title='bbox 1403 5404 1504 5442; x_wconf 73' lang='lat' dir='ltr'><strong>nis.</strong></span> <span class='ocrx_word' id='word_1_465' title='bbox 1528 5390 1905 5459; x_wconf 71' lang='lat' dir='ltr'><strong>prmlaudatus.</strong></span> 
     </span>
    </p>
   </div>
   <div class='ocr_carea' id='block_1_65' title="bbox 413 5457 1909 5529">
    <p class='ocr_par' dir='ltr' id='par_1_65' title="bbox 413 5457 1909 5529">
     <span class='ocr_line' id='line_1_68' title="bbox 413 5457 1909 5529; baseline 0.001 -17"><span class='ocrx_word' id='word_1_466' title='bbox 413 5457 441 5497; x_wconf 75' lang='grc' dir='ltr'><strong>ἀ</strong></span> <span class='ocrx_word' id='word_1_467' title='bbox 472 5459 547 5513; x_wconf 89' lang='lat' dir='ltr'><strong>De</strong></span> <span class='ocrx_word' id='word_1_468' title='bbox 580 5460 803 5529; x_wconf 84' lang='lat' dir='ltr'><strong>synodo</strong></span> <span class='ocrx_word' id='word_1_469' title='bbox 856 5457 1125 5529; x_wconf 79' lang='lat' dir='ltr'><strong>Ephesina</strong></span> <span class='ocrx_word' id='word_1_470' title='bbox 1185 5470 1373 5514; x_wconf 88' lang='lat' dir='ltr'><strong>auctor</strong></span> <span class='ocrx_word' id='word_1_471' title='bbox 1429 5457 1667 5529; x_wconf 78' lang='lat' dir='ltr'><strong>loquitur</strong></span> <span class='ocrx_word' id='word_1_472' title='bbox 1728 5460 1909 5515; x_wconf 88' lang='lat' dir='ltr'><strong>habita</strong></span> 
     </span>
    </p>
   </div>
   <div class='ocr_carea' id='block_1_66' title="bbox 346 5528 1912 5593">
    <p class='ocr_par' dir='ltr' id='par_1_66' title="bbox 346 5528 1912 5593">
     <span class='ocr_line' id='line_1_69' title="bbox 346 5528 1912 5593; baseline 0.001 -12"><span class='ocrx_word' id='word_1_473' title='bbox 346 5543 486 5583; x_wconf 87' lang='lat' dir='ltr'><strong>anno</strong></span> <span class='ocrx_word' id='word_1_474' title='bbox 515 5528 701 5583; x_wconf 68' lang='lat' dir='ltr'><strong>Salutis</strong></span> <span class='ocrx_word' id='word_1_475' title='bbox 724 5529 845 5593; x_wconf 74' lang='grc'><strong>451,</strong></span> <span class='ocrx_word' id='word_1_476' title='bbox 877 5528 1133 5586; x_wconf 89' lang='lat' dir='ltr'><strong>ducentos</strong></span> <span class='ocrx_word' id='word_1_477' title='bbox 1151 5542 1329 5585; x_wconf 89' lang='lat' dir='ltr'><strong>autem</strong></span> <span class='ocrx_word' id='word_1_478' title='bbox 1354 5530 1406 5584; x_wconf 92' lang='lat' dir='ltr'><strong>in</strong></span> <span class='ocrx_word' id='word_1_479' title='bbox 1428 5528 1705 5585; x_wconf 32' lang='lat' dir='ltr'><strong>ea’Patres</strong></span> <span class='ocrx_word' id='word_1_480' title='bbox 1723 5545 1912 5584; x_wconf 81' lang='lat' dir='ltr'><strong>conve-</strong></span> 
     </span>
    </p>
   </div>
   <div class='ocr_carea' id='block_1_67' title="bbox 347 5599 1906 5655">
    <p class='ocr_par' dir='ltr' id='par_1_67' title="bbox 347 5599 1906 5655">
     <span class='ocr_line' id='line_1_70' title="bbox 347 5599 1906 5655; baseline -0.001 -3"><span class='ocrx_word' id='word_1_481' title='bbox 347 5600 491 5653; x_wconf 82' lang='lat' dir='ltr'><strong>nisse</strong></span> <span class='ocrx_word' id='word_1_482' title='bbox 521 5607 749 5653; x_wconf 86' lang='lat' dir='ltr'><strong>testatur</strong></span> <span class='ocrx_word' id='word_1_483' title='bbox 774 5600 935 5653; x_wconf 89' lang='lat' dir='ltr'><strong>etiam</strong></span> <span class='ocrx_word' id='word_1_484' title='bbox 967 5602 1276 5655; x_wconf 81' lang='lat' dir='ltr'><strong>Vincentius</strong></span> <span class='ocrx_word' id='word_1_485' title='bbox 1302 5600 1470 5655; x_wconf 85' lang='lat' dir='ltr'><strong>Lirin.</strong></span> <span class='ocrx_word' id='word_1_486' title='bbox 1501 5601 1553 5655; x_wconf 92' lang='lat' dir='ltr'><strong>in</strong></span> <span class='ocrx_word' id='word_1_487' title='bbox 1582 5599 1906 5654; x_wconf 88' lang='lat' dir='ltr'><strong>Commonit.</strong></span> 
     </span>
    </p>
   </div>
   <div class='ocr_carea' id='block_1_68' title="bbox 346 5667 1909 5740">
    <p class='ocr_par' dir='ltr' id='par_1_68' title="bbox 346 5667 1909 5740">
     <span class='ocr_line' id='line_1_71' title="bbox 346 5667 1909 5740; baseline -0.001 -17"><span class='ocrx_word' id='word_1_488' title='bbox 346 5667 375 5739; x_wconf 66' lang='grc' dir='ltr'><strong>ς</strong></span> <span class='ocrx_word' id='word_1_489' title='bbox 408 5668 491 5723; x_wconf 69' lang='lat'><strong>42.</strong></span> <span class='ocrx_word' id='word_1_490' title='bbox 526 5668 632 5726; x_wconf 80' lang='lat' dir='ltr'><strong>Sed</strong></span> <span class='ocrx_word' id='word_1_491' title='bbox 668 5669 723 5724; x_wconf 90' lang='lat' dir='ltr'><strong>in</strong></span> <span class='ocrx_word' id='word_1_492' title='bbox 752 5677 855 5724; x_wconf 90' lang='lat' dir='ltr'><strong>act.</strong></span> <span class='ocrx_word' id='word_1_493' title='bbox 888 5685 906 5723; x_wconf 89' lang='grc' dir='ltr'>ι</span> <span class='ocrx_word' id='word_1_494' title='bbox 948 5670 1139 5725; x_wconf 90' lang='lat' dir='ltr'><strong>concil.</strong></span> <span class='ocrx_word' id='word_1_495' title='bbox 1191 5679 1313 5740; x_wconf 84' lang='lat' dir='ltr'><strong>post</strong></span> <span class='ocrx_word' id='word_1_496' title='bbox 1348 5670 1767 5740; x_wconf 84' lang='lat' dir='ltr'><strong>subscriptiones</strong></span> <span class='ocrx_word' id='word_1_497' title='bbox 1798 5670 1909 5738; x_wconf 89' lang='lat' dir='ltr'><strong>epi-</strong></span> 
     </span>
    </p>
   </div>
   <div class='ocr_carea' id='block_1_69' title="bbox 2026 485 2872 557">
    <p class='ocr_par' dir='ltr' id='par_1_69' title="bbox 2026 485 2872 557">
     <span class='ocr_line' id='line_1_72' title="bbox 2026 485 2872 557; baseline 0 -17"><span class='ocrx_word' id='word_1_498' title='bbox 2026 498 2159 540; x_wconf 86' lang='lat' dir='ltr'><strong>cura</strong></span> <span class='ocrx_word' id='word_1_499' title='bbox 2188 485 2375 541; x_wconf 81' lang='lat' dir='ltr'><strong>salutis</strong></span> <span class='ocrx_word' id='word_1_500' title='bbox 2402 485 2570 542; x_wconf 83' lang='lat' dir='ltr'><strong>fuisse</strong></span> <span class='ocrx_word' id='word_1_501' title='bbox 2594 488 2872 557; x_wconf 79' lang='lat' dir='ltr'><strong>probatur.</strong></span> 
     </span>
    </p>
   </div>
   <div class='ocr_carea' id='block_1_70' title="bbox 2095 574 3599 649">
    <p class='ocr_par' dir='ltr' id='par_1_70' title="bbox 2095 574 3599 649">
     <span class='ocr_line' id='line_1_73' title="bbox 2095 574 3599 649; baseline 0.004 -20"><span class='ocrx_word' id='word_1_502' title='bbox 2095 574 2158 629; x_wconf 90' lang='lat' dir='ltr'><strong>ll.</strong></span> <span class='ocrx_word' id='word_1_503' title='bbox 2190 575 2330 631; x_wconf 85' lang='lat' dir='ltr'><strong>Ecce</strong></span> <span class='ocrx_word' id='word_1_504' title='bbox 2362 591 2489 646; x_wconf 89' lang='lat' dir='ltr'><strong>pars</strong></span> <span class='ocrx_word' id='word_1_505' title='bbox 2511 577 2752 646; x_wconf 73' lang='lat' dir='ltr'><strong>qumdam</strong></span> <span class='ocrx_word' id='word_1_506' title='bbox 2788 578 2968 632; x_wconf 91' lang='lat' dir='ltr'><strong>mundi</strong></span> <span class='ocrx_word' id='word_1_507' title='bbox 3000 578 3267 633; x_wconf 65' lang='lat' dir='ltr'><strong>haeretica:</strong></span> <span class='ocrx_word' id='word_1_508' title='bbox 3312 578 3599 649; x_wconf 84' lang='lat' dir='ltr'><strong>pravitatis</strong></span> 
     </span>
    </p>
   </div>
   <div class='ocr_carea' id='block_1_71' title="bbox 2024 666 3599 733">
    <p class='ocr_par' dir='ltr' id='par_1_71' title="bbox 2024 666 3599 733">
     <span class='ocr_line' id='line_1_74' title="bbox 2024 666 3599 733; baseline 0.004 -15"><span class='ocrx_word' id='word_1_509' title='bbox 2024 678 2231 723; x_wconf 85' lang='lat' dir='ltr'><strong>veneno</strong></span> <span class='ocrx_word' id='word_1_510' title='bbox 2285 666 2485 721; x_wconf 82' lang='lat' dir='ltr'><strong>infecta</strong></span> <span class='ocrx_word' id='word_1_511' title='bbox 2527 675 2631 733; x_wconf 89' lang='lat' dir='ltr'><strong>est,</strong></span> <span class='ocrx_word' id='word_1_512' title='bbox 2675 681 2921 722; x_wconf 87' lang='lat' dir='ltr'><strong>asserens</strong></span> <span class='ocrx_word' id='word_1_513' title='bbox 2960 667 3232 723; x_wconf 89' lang='lat' dir='ltr'><strong>Christum</strong></span> <span class='ocrx_word' id='word_1_514' title='bbox 3261 666 3443 724; x_wconf 84' lang='lat' dir='ltr'><strong>Jesum</strong></span> <span class='ocrx_word' id='word_1_515' title='bbox 3484 669 3599 725; x_wconf 91' lang='lat' dir='ltr'><strong>Deo</strong></span> 
     </span>
    </p>
   </div>
   <div class='ocr_carea' id='block_1_72' title="bbox 2025 752 3600 828">
    <p class='ocr_par' dir='ltr' id='par_1_72' title="bbox 2025 752 3600 828">
     <span class='ocr_line' id='line_1_75' title="bbox 2025 752 3600 828; baseline 0.005 -20"><span class='ocrx_word' id='word_1_516' title='bbox 2025 752 2171 809; x_wconf 87' lang='lat' dir='ltr'><strong>Patri</strong></span> <span class='ocrx_word' id='word_1_517' title='bbox 2221 770 2407 811; x_wconf 88' lang='lat' dir='ltr'><strong>verum</strong></span> <span class='ocrx_word' id='word_1_518' title='bbox 2448 771 2555 811; x_wconf 92' lang='lat' dir='ltr'><strong>non</strong></span> <span class='ocrx_word' id='word_1_519' title='bbox 2597 772 2718 812; x_wconf 90' lang='lat' dir='ltr'><strong>esse</strong></span> <span class='ocrx_word' id='word_1_520' title='bbox 2765 757 2987 823; x_wconf 87' lang='lat' dir='ltr'><strong>Filium;</strong></span> <span class='ocrx_word' id='word_1_521' title='bbox 3038 772 3140 814; x_wconf 90' lang='lat' dir='ltr'><strong>nec</strong></span> <span class='ocrx_word' id='word_1_522' title='bbox 3165 758 3461 828; x_wconf 91' lang='lat' dir='ltr'><strong>proprium,</strong></span> <span class='ocrx_word' id='word_1_523' title='bbox 3500 761 3600 815; x_wconf 90' lang='lat' dir='ltr'><strong>sed</strong></span> 
     </span>
    </p>
   </div>
   <div class='ocr_carea' id='block_1_73' title="bbox 2025 847 3600 924">
    <p class='ocr_par' dir='ltr' id='par_1_73' title="bbox 2025 847 3600 924">
     <span class='ocr_line' id='line_1_76' title="bbox 2025 847 3600 924; baseline 0.002 -22"><span class='ocrx_word' id='word_1_524' title='bbox 2025 848 2364 924; x_wconf 86' lang='lat' dir='ltr'><strong>adoptivum;</strong></span> <span class='ocrx_word' id='word_1_525' title='bbox 2406 856 2461 903; x_wconf 91' lang='lat' dir='ltr'><strong>et</strong></span> <span class='ocrx_word' id='word_1_526' title='bbox 2500 848 2817 904; x_wconf 89' lang='lat' dir='ltr'><strong>Nestoriana</strong></span> <span class='ocrx_word' id='word_1_527' title='bbox 2861 849 3084 904; x_wconf 71' lang='lat' dir='ltr'><strong>hazresis</strong></span> <span class='ocrx_word' id='word_1_528' title='bbox 3122 849 3191 903; x_wconf 87' lang='lat' dir='ltr'><strong>ab</strong></span> <span class='ocrx_word' id='word_1_529' title='bbox 3234 847 3471 914; x_wconf 90' lang='lat' dir='ltr'><strong>Oriente,</strong></span> <span class='ocrx_word' id='word_1_530' title='bbox 3502 849 3600 905; x_wconf 88' lang='lat' dir='ltr'><strong>ubi</strong></span> 
     </span>
    </p>
   </div>
   <div class='ocr_carea' id='block_1_74' title="bbox 2024 940 3603 1011">
    <p class='ocr_par' dir='ltr' id='par_1_74' title="bbox 2024 940 3603 1011">
     <span class='ocr_line' id='line_1_77' title="bbox 2024 940 3603 1011; baseline 0.003 -19"><span class='ocrx_word' id='word_1_531' title='bbox 2024 940 2276 994; x_wconf 89' lang='lat' dir='ltr'><strong>damnata</strong></span> <span class='ocrx_word' id='word_1_532' title='bbox 2318 946 2401 995; x_wconf 90' lang='lat' dir='ltr'><strong>est</strong></span> <span class='ocrx_word' id='word_1_533' title='bbox 2432 955 2462 993; x_wconf 89' lang='lat' dir='ltr'><strong>a</strong></span> <span class='ocrx_word' id='word_1_534' title='bbox 2493 940 2740 996; x_wconf 89' lang='lat' dir='ltr'><strong>ducentis</strong></span> <span class='ocrx_word' id='word_1_535' title='bbox 2774 940 3015 1011; x_wconf 79' lang='lat' dir='ltr'><strong>synodali</strong></span> <span class='ocrx_word' id='word_1_536' title='bbox 3058 941 3377 996; x_wconf 87' lang='lat' dir='ltr'><strong>auctoritate</strong></span> <span class='ocrx_word' id='word_1_537' title='bbox 3418 941 3603 996; x_wconf 88' lang='lat' dir='ltr'><strong>Patri-</strong></span> 
     </span>
    </p>
   </div>
   <div class='ocr_carea' id='block_1_75' title="bbox 2022 1031 3600 1104">
    <p class='ocr_par' dir='ltr' id='par_1_75' title="bbox 2022 1031 3600 1104">
     <span class='ocr_line' id='line_1_78' title="bbox 2022 1031 3600 1104; baseline 0.002 -17"><span class='ocrx_word' id='word_1_538' title='bbox 2022 1032 2124 1087; x_wconf 90' lang='lat' dir='ltr'><strong>bus</strong></span> <span class='ocrx_word' id='word_1_539' title='bbox 2168 1031 2221 1097; x_wconf 76' lang='grc' dir='ltr'><strong>ἀ,</strong></span> <span class='ocrx_word' id='word_1_540' title='bbox 2272 1031 2486 1104; x_wconf 89' lang='lat' dir='ltr'><strong>longum</strong></span> <span class='ocrx_word' id='word_1_541' title='bbox 2523 1032 2906 1102; x_wconf 87' lang='lat' dir='ltr'><strong>postliminium</strong></span> <span class='ocrx_word' id='word_1_542' title='bbox 2956 1032 3303 1098; x_wconf 88' lang='lat' dir='ltr'><strong>reviviscens,</strong></span> <span class='ocrx_word' id='word_1_543' title='bbox 3337 1034 3600 1090; x_wconf 88' lang='lat' dir='ltr'><strong>latitando</strong></span> 
     </span>
    </p>
   </div>
   <div class='ocr_carea' id='block_1_76' title="bbox 2024 1124 3602 1194">
    <p class='ocr_par' dir='ltr' id='par_1_76' title="bbox 2024 1124 3602 1194">
     <span class='ocr_line' id='line_1_79' title="bbox 2024 1124 3602 1194; baseline 0.003 -17"><span class='ocrx_word' id='word_1_544' title='bbox 2024 1124 2160 1194; x_wconf 78' lang='lat' dir='ltr'><strong>fugit</strong></span> <span class='ocrx_word' id='word_1_545' title='bbox 2201 1125 2254 1178; x_wconf 89' lang='lat' dir='ltr'><strong>in</strong></span> <span class='ocrx_word' id='word_1_546' title='bbox 2283 1124 2647 1190; x_wconf 90' lang='lat' dir='ltr'><strong>Occidentem,</strong></span> <span class='ocrx_word' id='word_1_547' title='bbox 2676 1134 2739 1180; x_wconf 94' lang='lat' dir='ltr'><strong>ut</strong></span> <span class='ocrx_word' id='word_1_548' title='bbox 2763 1126 2851 1181; x_wconf 88' lang='lat' dir='ltr'><strong>ubi</strong></span> <span class='ocrx_word' id='word_1_549' title='bbox 2887 1126 2965 1181; x_wconf 90' lang='lat' dir='ltr'><strong>sol</strong></span> <span class='ocrx_word' id='word_1_550' title='bbox 2993 1126 3217 1181; x_wconf 89' lang='lat' dir='ltr'><strong>visibilis</strong></span> <span class='ocrx_word' id='word_1_551' title='bbox 3244 1127 3312 1181; x_wconf 90' lang='lat' dir='ltr'><strong>ab</strong></span> <span class='ocrx_word' id='word_1_552' title='bbox 3339 1127 3509 1181; x_wconf 89' lang='lat' dir='ltr'><strong>oculis</strong></span> <span class='ocrx_word' id='word_1_553' title='bbox 3537 1142 3602 1181; x_wconf 86' lang='lat' dir='ltr'><strong>se</strong></span> 
     </span>
    </p>
   </div>
   <div class='ocr_carea' id='block_1_77' title="bbox 2022 1214 3601 1287">
    <p class='ocr_par' dir='ltr' id='par_1_77' title="bbox 2022 1214 3601 1287">
     <span class='ocr_line' id='line_1_80' title="bbox 2022 1214 3601 1287; baseline 0.003 -19"><span class='ocrx_word' id='word_1_554' title='bbox 2022 1214 2301 1268; x_wconf 88' lang='lat' dir='ltr'><strong>abscondit</strong></span> <span class='ocrx_word' id='word_1_555' title='bbox 2326 1214 2593 1279; x_wconf 90' lang='lat' dir='ltr'><strong>humanis,</strong></span> <span class='ocrx_word' id='word_1_556' title='bbox 2623 1215 2695 1270; x_wconf 91' lang='lat' dir='ltr'><strong>ibi</strong></span> <span class='ocrx_word' id='word_1_557' title='bbox 2730 1216 2809 1270; x_wconf 89' lang='lat' dir='ltr'><strong>sol</strong></span> <span class='ocrx_word' id='word_1_558' title='bbox 2836 1217 3060 1287; x_wconf 72' lang='lat' dir='ltr'><strong>justitite</strong></span> <span class='ocrx_word' id='word_1_559' title='bbox 3094 1232 3125 1271; x_wconf 92' lang='lat' dir='ltr'><strong>a</strong></span> <span class='ocrx_word' id='word_1_560' title='bbox 3159 1217 3410 1271; x_wconf 89' lang='lat' dir='ltr'><strong>cordibus</strong></span> <span class='ocrx_word' id='word_1_561' title='bbox 3446 1233 3601 1272; x_wconf 84' lang='lat' dir='ltr'><strong>rece-</strong></span> 
     </span>
    </p>
   </div>
   <div class='ocr_carea' id='block_1_78' title="bbox 2022 1304 3599 1380">
    <p class='ocr_par' dir='ltr' id='par_1_78' title="bbox 2022 1304 3599 1380">
     <span class='ocr_line' id='line_1_81' title="bbox 2022 1304 3599 1380; baseline 0.002 -22"><span class='ocrx_word' id='word_1_562' title='bbox 2022 1304 2175 1359; x_wconf 88' lang='lat' dir='ltr'><strong>deret</strong></span> <span class='ocrx_word' id='word_1_563' title='bbox 2224 1304 2517 1360; x_wconf 81' lang='lat' dir='ltr'><strong>iaﬁdelium</strong></span> <span class='ocrx_word' id='word_1_564' title='bbox 2547 1304 2750 1378; x_wconf 80' lang='lat' dir='ltr'><strong>[Forte,</strong></span> <span class='ocrx_word' id='word_1_565' title='bbox 2792 1306 3072 1380; x_wconf 89' lang='lat' dir='ltr'><strong>ﬁdelium].</strong></span> <span class='ocrx_word' id='word_1_566' title='bbox 3105 1307 3384 1363; x_wconf 87' lang='lat' dir='ltr'><strong>Nestorius</strong></span> <span class='ocrx_word' id='word_1_567' title='bbox 3429 1308 3599 1379; x_wconf 87' lang='lat' dir='ltr'><strong>impia</strong></span> 
     </span>
    </p>
   </div>
   <div class='ocr_carea' id='block_1_79' title="bbox 2023 1398 3597 1470">
    <p class='ocr_par' dir='ltr' id='par_1_79' title="bbox 2023 1398 3597 1470">
     <span class='ocr_line' id='line_1_82' title="bbox 2023 1398 3597 1470; baseline 0.003 -19"><span class='ocrx_word' id='word_1_568' title='bbox 2023 1398 2322 1453; x_wconf 84' lang='lat' dir='ltr'><strong>assertione</strong></span> <span class='ocrx_word' id='word_1_569' title='bbox 2361 1406 2522 1468; x_wconf 87' lang='lat' dir='ltr'><strong>negat</strong></span> <span class='ocrx_word' id='word_1_570' title='bbox 2552 1400 2916 1455; x_wconf 87' lang='lat' dir='ltr'><strong>beatissimam</strong></span> <span class='ocrx_word' id='word_1_571' title='bbox 2959 1400 3220 1470; x_wconf 84' lang='lat' dir='ltr'><strong>virginem</strong></span> <span class='ocrx_word' id='word_1_572' title='bbox 3246 1400 3466 1455; x_wconf 86' lang='lat' dir='ltr'><strong>Mariam</strong></span> <span class='ocrx_word' id='word_1_573' title='bbox 3497 1401 3597 1456; x_wconf 87' lang='lat' dir='ltr'><strong>Dei</strong></span> 
     </span>
    </p>
   </div>
   <div class='ocr_carea' id='block_1_80' title="bbox 2021 1488 3600 1557">
    <p class='ocr_par' dir='ltr' id='par_1_80' title="bbox 2021 1488 3600 1557">
     <span class='ocr_line' id='line_1_83' title="bbox 2021 1488 3600 1557; baseline 0 -15"><span class='ocrx_word' id='word_1_574' title='bbox 2021 1502 2141 1542; x_wconf 82' lang='lat' dir='ltr'><strong>esse</strong></span> <span class='ocrx_word' id='word_1_575' title='bbox 2161 1488 2499 1557; x_wconf 87' lang='lat' dir='ltr'><strong>genitricem,</strong></span> <span class='ocrx_word' id='word_1_576' title='bbox 2532 1490 2625 1544; x_wconf 91' lang='lat' dir='ltr'><strong>sed</strong></span> <span class='ocrx_word' id='word_1_577' title='bbox 2664 1491 3032 1546; x_wconf 85' lang='lat' dir='ltr'><strong>tantummodo</strong></span> <span class='ocrx_word' id='word_1_578' title='bbox 3059 1490 3319 1544; x_wconf 71' lang='lat' dir='ltr'><strong>hominiS&#39;</strong></span> <span class='ocrx_word' id='word_1_579' title='bbox 3347 1489 3600 1544; x_wconf 84' lang='lat' dir='ltr'><strong>similiter</strong></span> 
     </span>
    </p>
   </div>
   <div class='ocr_carea' id='block_1_81' title="bbox 2021 1578 3601 1652">
    <p class='ocr_par' dir='ltr' id='par_1_81' title="bbox 2021 1578 3601 1652">
     <span class='ocr_line' id='line_1_84' title="bbox 2021 1578 3601 1652; baseline 0.001 -20"><span class='ocrx_word' id='word_1_580' title='bbox 2021 1585 2077 1631; x_wconf 91' lang='lat' dir='ltr'><strong>et</strong></span> <span class='ocrx_word' id='word_1_581' title='bbox 2111 1578 2219 1642; x_wconf 86' lang='lat' dir='ltr'><strong>isti,</strong></span> <span class='ocrx_word' id='word_1_582' title='bbox 2260 1580 2448 1633; x_wconf 89' lang='lat' dir='ltr'><strong>eadem</strong></span> <span class='ocrx_word' id='word_1_583' title='bbox 2489 1582 2754 1651; x_wconf 87' lang='lat' dir='ltr'><strong>pravitate</strong></span> <span class='ocrx_word' id='word_1_584' title='bbox 2799 1581 3027 1650; x_wconf 90' lang='lat' dir='ltr'><strong>decepti,</strong></span> <span class='ocrx_word' id='word_1_585' title='bbox 3072 1587 3271 1652; x_wconf 84' lang='lat' dir='ltr'><strong>negant</strong></span> <span class='ocrx_word' id='word_1_586' title='bbox 3314 1594 3433 1635; x_wconf 89' lang='lat' dir='ltr'><strong>eam</strong></span> <span class='ocrx_word' id='word_1_587' title='bbox 3466 1592 3601 1634; x_wconf 88' lang='lat' dir='ltr'><strong>vere</strong></span> 
     </span>
    </p>
   </div>
   <div class='ocr_carea' id='block_1_82' title="bbox 2020 1668 3598 1742">
    <p class='ocr_par' dir='ltr' id='par_1_82' title="bbox 2020 1668 3598 1742">
     <span class='ocr_line' id='line_1_85' title="bbox 2020 1668 3598 1742; baseline -0.001 -19"><span class='ocrx_word' id='word_1_588' title='bbox 2020 1668 2142 1723; x_wconf 87' lang='lat' dir='ltr'><strong>Filii</strong></span> <span class='ocrx_word' id='word_1_589' title='bbox 2190 1669 2285 1725; x_wconf 90' lang='lat' dir='ltr'><strong>Dei</strong></span> <span class='ocrx_word' id='word_1_590' title='bbox 2328 1685 2448 1726; x_wconf 87' lang='lat' dir='ltr'><strong>esse</strong></span> <span class='ocrx_word' id='word_1_591' title='bbox 2489 1671 2820 1742; x_wconf 87' lang='lat' dir='ltr'><strong>genitricem,</strong></span> <span class='ocrx_word' id='word_1_592' title='bbox 2878 1672 2972 1726; x_wconf 88' lang='lat' dir='ltr'><strong>sed</strong></span> <span class='ocrx_word' id='word_1_593' title='bbox 3038 1668 3314 1738; x_wconf 85' lang='lat' dir='ltr'><strong>cujusdam</strong></span> <span class='ocrx_word' id='word_1_594' title='bbox 3360 1669 3598 1740; x_wconf 84' lang='lat' dir='ltr'><strong>adoptivi</strong></span> 
     </span>
    </p>
   </div>
   <div class='ocr_carea' id='block_1_83' title="bbox 1948 1735 3598 1831">
    <p class='ocr_par' dir='ltr' id='par_1_83' title="bbox 1948 1735 3598 1831">
     <span class='ocr_line' id='line_1_86' title="bbox 1948 1735 3598 1831; baseline 0 -16"><span class='ocrx_word' id='word_1_595' title='bbox 1948 1735 1995 1796; x_wconf 63' lang='grc' dir='ltr'><strong>Β</strong></span> <span class='ocrx_word' id='word_1_596' title='bbox 2023 1759 2149 1826; x_wconf 84' lang='lat' dir='ltr'><strong>ﬁlii;</strong></span> <span class='ocrx_word' id='word_1_597' title='bbox 2177 1761 2415 1816; x_wconf 87' lang='lat' dir='ltr'><strong>volentes</strong></span> <span class='ocrx_word' id='word_1_598' title='bbox 2435 1735 2705 1817; x_wconf 76' lang='lat' dir='ltr'><strong>Christum</strong></span> <span class='ocrx_word' id='word_1_599' title='bbox 2736 1735 2905 1817; x_wconf 87' lang='lat' dir='ltr'><strong>Deum</strong></span> <span class='ocrx_word' id='word_1_600' title='bbox 2929 1735 3207 1817; x_wconf 84' lang='lat' dir='ltr'><strong>nobiscum</strong></span> <span class='ocrx_word' id='word_1_601' title='bbox 3233 1776 3354 1817; x_wconf 82' lang='lat' dir='ltr'><strong>esse</strong></span> <span class='ocrx_word' id='word_1_602' title='bbox 3382 1735 3598 1831; x_wconf 79' lang='lat' dir='ltr'><strong>adopti-</strong></span> 
     </span>
    </p>
   </div>
   <div class='ocr_carea' id='block_1_84' title="bbox 2020 1852 3600 1922">
    <p class='ocr_par' dir='ltr' id='par_1_84' title="bbox 2020 1852 3600 1922">
     <span class='ocr_line' id='line_1_87' title="bbox 2020 1852 3600 1922; baseline 0.001 -17"><span class='ocrx_word' id='word_1_603' title='bbox 2020 1866 2169 1917; x_wconf 86' lang='lat' dir='ltr'><strong>vum,</strong></span> <span class='ocrx_word' id='word_1_604' title='bbox 2194 1867 2289 1921; x_wconf 92' lang='lat' dir='ltr'><strong>per</strong></span> <span class='ocrx_word' id='word_1_605' title='bbox 2318 1867 2476 1922; x_wconf 90' lang='lat' dir='ltr'><strong>quem</strong></span> <span class='ocrx_word' id='word_1_606' title='bbox 2520 1868 2619 1907; x_wconf 93' lang='lat' dir='ltr'><strong>nos</strong></span> <span class='ocrx_word' id='word_1_607' title='bbox 2654 1852 2765 1907; x_wconf 90' lang='lat' dir='ltr'><strong>Deo</strong></span> <span class='ocrx_word' id='word_1_608' title='bbox 2801 1852 2950 1907; x_wconf 86' lang='lat' dir='ltr'><strong>Patri</strong></span> <span class='ocrx_word' id='word_1_609' title='bbox 2979 1852 3108 1906; x_wconf 86' lang='lat' dir='ltr'><strong>facti</strong></span> <span class='ocrx_word' id='word_1_610' title='bbox 3150 1867 3335 1907; x_wconf 89' lang='lat' dir='ltr'><strong>sumus</strong></span> <span class='ocrx_word' id='word_1_611' title='bbox 3362 1852 3600 1921; x_wconf 87' lang='lat' dir='ltr'><strong>adoptivi</strong></span> 
     </span>
    </p>
   </div>
   <div class='ocr_carea' id='block_1_85' title="bbox 2020 1941 3601 2013">
    <p class='ocr_par' dir='ltr' id='par_1_85' title="bbox 2020 1941 3601 2013">
     <span class='ocr_line' id='line_1_88' title="bbox 2020 1941 3601 2013; baseline -0.001 -17"><span class='ocrx_word' id='word_1_612' title='bbox 2020 1941 2138 1996; x_wconf 84' lang='lat' dir='ltr'><strong>ﬁlii.</strong></span> <span class='ocrx_word' id='word_1_613' title='bbox 2170 1941 2321 1997; x_wconf 83' lang='lat' dir='ltr'><strong>Hanc</strong></span> <span class='ocrx_word' id='word_1_614' title='bbox 2357 1958 2458 2013; x_wconf 84' lang='lat' dir='ltr'><strong>ego</strong></span> <span class='ocrx_word' id='word_1_615' title='bbox 2480 1942 2799 2012; x_wconf 80' lang='lat' dir='ltr'><strong>pestilentiae</strong></span> <span class='ocrx_word' id='word_1_616' title='bbox 2840 1942 2981 1997; x_wconf 85' lang='lat' dir='ltr'><strong>luem</strong></span> <span class='ocrx_word' id='word_1_617' title='bbox 3022 1943 3321 1997; x_wconf 90' lang='lat' dir='ltr'><strong>abhorrens</strong></span> <span class='ocrx_word' id='word_1_618' title='bbox 3348 1941 3601 2011; x_wconf 87' lang='lat' dir='ltr'><strong>antiquo-</strong></span> 
     </span>
    </p>
   </div>
   <div class='ocr_carea' id='block_1_86' title="bbox 2022 2031 3597 2104">
    <p class='ocr_par' dir='ltr' id='par_1_86' title="bbox 2022 2031 3597 2104">
     <span class='ocr_line' id='line_1_89' title="bbox 2022 2031 3597 2104; baseline 0.002 -20"><span class='ocrx_word' id='word_1_619' title='bbox 2022 2047 2139 2085; x_wconf 88' lang='lat' dir='ltr'><strong>rum</strong></span> <span class='ocrx_word' id='word_1_620' title='bbox 2170 2031 2387 2086; x_wconf 90' lang='lat' dir='ltr'><strong>Patrum</strong></span> <span class='ocrx_word' id='word_1_621' title='bbox 2411 2033 2793 2104; x_wconf 87' lang='lat' dir='ltr'><strong>pigmentarias</strong></span> <span class='ocrx_word' id='word_1_622' title='bbox 2831 2033 3161 2103; x_wconf 86' lang='lat' dir='ltr'><strong>perscrutari</strong></span> <span class='ocrx_word' id='word_1_623' title='bbox 3187 2032 3372 2088; x_wconf 91' lang='lat' dir='ltr'><strong>curavi</strong></span> <span class='ocrx_word' id='word_1_624' title='bbox 3400 2031 3597 2096; x_wconf 88' lang='lat' dir='ltr'><strong>cellas;</strong></span> 
     </span>
    </p>
   </div>
   <div class='ocr_carea' id='block_1_87' title="bbox 2018 2119 3601 2192">
    <p class='ocr_par' dir='ltr' id='par_1_87' title="bbox 2018 2119 3601 2192">
     <span class='ocr_line' id='line_1_90' title="bbox 2018 2119 3601 2192; baseline 0.001 -19"><span class='ocrx_word' id='word_1_625' title='bbox 2018 2120 2104 2175; x_wconf 92' lang='lat' dir='ltr'><strong>vel</strong></span> <span class='ocrx_word' id='word_1_626' title='bbox 2144 2121 2462 2190; x_wconf 87' lang='lat' dir='ltr'><strong>posterioris</strong></span> <span class='ocrx_word' id='word_1_627' title='bbox 2492 2123 2750 2192; x_wconf 90' lang='lat' dir='ltr'><strong>temporis</strong></span> <span class='ocrx_word' id='word_1_628' title='bbox 2783 2121 3169 2177; x_wconf 87' lang='lat' dir='ltr'><strong>venerabilium</strong></span> <span class='ocrx_word' id='word_1_629' title='bbox 3194 2122 3471 2177; x_wconf 90' lang='lat' dir='ltr'><strong>doctorum</strong></span> <span class='ocrx_word' id='word_1_630' title='bbox 3498 2119 3601 2175; x_wconf 84' lang='lat' dir='ltr'><strong>ﬂo-</strong></span> 
     </span>
    </p>
   </div>
   <div class='ocr_carea' id='block_1_88' title="bbox 2019 2209 3598 2281">
    <p class='ocr_par' dir='ltr' id='par_1_88' title="bbox 2019 2209 3598 2281">
     <span class='ocr_line' id='line_1_91' title="bbox 2019 2209 3598 2281; baseline -0.001 -14"><span class='ocrx_word' id='word_1_631' title='bbox 2019 2213 2195 2267; x_wconf 83' lang='lat' dir='ltr'><strong>rentia</strong></span> <span class='ocrx_word' id='word_1_632' title='bbox 2224 2227 2544 2281; x_wconf 85' lang='lat' dir='ltr'><strong>percurrere</strong></span> <span class='ocrx_word' id='word_1_633' title='bbox 2585 2221 2738 2281; x_wconf 89' lang='lat' dir='ltr'><strong>prata</strong></span> <span class='ocrx_word' id='word_1_634' title='bbox 2761 2212 3032 2278; x_wconf 84' lang='lat' dir='ltr'><strong>festinavi,</strong></span> <span class='ocrx_word' id='word_1_635' title='bbox 3077 2219 3138 2267; x_wconf 89' lang='lat' dir='ltr'><strong>ut</strong></span> <span class='ocrx_word' id='word_1_636' title='bbox 3173 2211 3388 2281; x_wconf 91' lang='lat' dir='ltr'><strong>aliquod</strong></span> <span class='ocrx_word' id='word_1_637' title='bbox 3424 2209 3598 2266; x_wconf 88' lang='lat' dir='ltr'><strong>medi-</strong></span> 
     </span>
    </p>
   </div>
   <div class='ocr_carea' id='block_1_89' title="bbox 2019 2301 3599 2372">
    <p class='ocr_par' dir='ltr' id='par_1_89' title="bbox 2019 2301 3599 2372">
     <span class='ocr_line' id='line_1_92' title="bbox 2019 2301 3599 2372; baseline -0.001 -16"><span class='ocrx_word' id='word_1_638' title='bbox 2019 2301 2253 2356; x_wconf 85' lang='lat' dir='ltr'><strong>camenti</strong></span> <span class='ocrx_word' id='word_1_639' title='bbox 2303 2316 2473 2372; x_wconf 83' lang='lat' dir='ltr'><strong>genus</strong></span> <span class='ocrx_word' id='word_1_640' title='bbox 2522 2301 2727 2357; x_wconf 87' lang='lat' dir='ltr'><strong>civibus</strong></span> <span class='ocrx_word' id='word_1_641' title='bbox 2771 2304 2926 2367; x_wconf 90' lang='lat' dir='ltr'><strong>meis,</strong></span> <span class='ocrx_word' id='word_1_642' title='bbox 2976 2301 3102 2356; x_wconf 88' lang='lat' dir='ltr'><strong>ﬁliis</strong></span> <span class='ocrx_word' id='word_1_643' title='bbox 3148 2301 3355 2356; x_wconf 88' lang='lat' dir='ltr'><strong>scilicet</strong></span> <span class='ocrx_word' id='word_1_644' title='bbox 3395 2307 3599 2355; x_wconf 63' lang='lat' dir='ltr'><strong>sancta</strong></span> 
     </span>
    </p>
   </div>
   <div class='ocr_carea' id='block_1_90' title="bbox 2017 2388 3603 2461">
    <p class='ocr_par' dir='ltr' id='par_1_90' title="bbox 2017 2388 3603 2461">
     <span class='ocr_line' id='line_1_93' title="bbox 2017 2388 3603 2461; baseline -0.002 -17"><span class='ocrx_word' id='word_1_645' title='bbox 2017 2388 2270 2444; x_wconf 68' lang='lat' dir='ltr'><strong>Ecclesia:</strong></span> <span class='ocrx_word' id='word_1_646' title='bbox 2294 2390 2635 2454; x_wconf 76' lang='lat' dir='ltr'><strong>conficerem,</strong></span> <span class='ocrx_word' id='word_1_647' title='bbox 2668 2405 2773 2457; x_wconf 91' lang='lat' dir='ltr'><strong>quo</strong></span> <span class='ocrx_word' id='word_1_648' title='bbox 2813 2406 2871 2445; x_wconf 91' lang='lat' dir='ltr'><strong>se</strong></span> <span class='ocrx_word' id='word_1_649' title='bbox 2896 2392 2963 2444; x_wconf 92' lang='lat' dir='ltr'><strong>ab</strong></span> <span class='ocrx_word' id='word_1_650' title='bbox 2987 2392 3087 2446; x_wconf 90' lang='lat' dir='ltr'><strong>bac</strong></span> <span class='ocrx_word' id='word_1_651' title='bbox 3114 2390 3432 2461; x_wconf 68' lang='lat' dir='ltr'><strong>pestilentia:</strong></span> <span class='ocrx_word' id='word_1_652' title='bbox 3464 2404 3603 2443; x_wconf 89' lang='lat' dir='ltr'><strong>con-</strong></span> 
     </span>
    </p>
   </div>
   <div class='ocr_carea' id='block_1_91' title="bbox 2016 2477 3603 2550">
    <p class='ocr_par' dir='ltr' id='par_1_91' title="bbox 2016 2477 3603 2550">
     <span class='ocr_line' id='line_1_94' title="bbox 2016 2477 3603 2550; baseline 0 -18"><span class='ocrx_word' id='word_1_653' title='bbox 2016 2478 2233 2548; x_wconf 85' lang='lat' dir='ltr'><strong>tagione</strong></span> <span class='ocrx_word' id='word_1_654' title='bbox 2272 2477 2615 2547; x_wconf 69' lang='lat' dir='ltr'><strong>przemunire,</strong></span> <span class='ocrx_word' id='word_1_655' title='bbox 2646 2478 2823 2532; x_wconf 88' lang='lat' dir='ltr'><strong>divina</strong></span> <span class='ocrx_word' id='word_1_656' title='bbox 2848 2479 3138 2534; x_wconf 80' lang='lat' dir='ltr'><strong>auxiliante</strong></span> <span class='ocrx_word' id='word_1_657' title='bbox 3158 2478 3349 2550; x_wconf 88' lang='lat' dir='ltr'><strong>gratia,</strong></span> <span class='ocrx_word' id='word_1_658' title='bbox 3385 2477 3603 2548; x_wconf 84' lang='lat' dir='ltr'><strong>potuis—</strong></span> 
     </span>
    </p>
   </div>
   <div class='ocr_carea' id='block_1_92' title="bbox 2015 2566 3599 2638">
    <p class='ocr_par' dir='ltr' id='par_1_92' title="bbox 2015 2566 3599 2638">
     <span class='ocr_line' id='line_1_95' title="bbox 2015 2566 3599 2638; baseline 0.001 -17"><span class='ocrx_word' id='word_1_659' title='bbox 2015 2576 2177 2621; x_wconf 89' lang='lat' dir='ltr'><strong>sent:</strong></span> <span class='ocrx_word' id='word_1_660' title='bbox 2209 2581 2276 2621; x_wconf 82' lang='lat' dir='ltr'><strong>ex</strong></span> <span class='ocrx_word' id='word_1_661' title='bbox 2319 2566 2561 2635; x_wconf 89' lang='lat' dir='ltr'><strong>paternis</strong></span> <span class='ocrx_word' id='word_1_662' title='bbox 2595 2566 2843 2622; x_wconf 88' lang='lat' dir='ltr'><strong>videlicet</strong></span> <span class='ocrx_word' id='word_1_663' title='bbox 2885 2569 3155 2623; x_wconf 87' lang='lat' dir='ltr'><strong>thesauris</strong></span> <span class='ocrx_word' id='word_1_664' title='bbox 3188 2568 3396 2638; x_wconf 87' lang='lat' dir='ltr'><strong>species</strong></span> <span class='ocrx_word' id='word_1_665' title='bbox 3437 2567 3599 2624; x_wconf 88' lang='lat' dir='ltr'><strong>colli-</strong></span> 
     </span>
    </p>
   </div>
   <div class='ocr_carea' id='block_1_93' title="bbox 2016 2656 3601 2730">
    <p class='ocr_par' dir='ltr' id='par_1_93' title="bbox 2016 2656 3601 2730">
     <span class='ocr_line' id='line_1_96' title="bbox 2016 2656 3601 2730; baseline 0.002 -19"><span class='ocrx_word' id='word_1_666' title='bbox 2016 2672 2148 2728; x_wconf 83' lang='lat' dir='ltr'><strong>gens</strong></span> <span class='ocrx_word' id='word_1_667' title='bbox 2170 2657 2587 2728; x_wconf 89' lang='lat' dir='ltr'><strong>pigmentorum,</strong></span> <span class='ocrx_word' id='word_1_668' title='bbox 2628 2658 2714 2712; x_wconf 91' lang='lat' dir='ltr'><strong>vel</strong></span> <span class='ocrx_word' id='word_1_669' title='bbox 2758 2656 2983 2719; x_wconf 82' lang='lat' dir='ltr'><strong>llorum:</strong></span> <span class='ocrx_word' id='word_1_670' title='bbox 3030 2667 3087 2714; x_wconf 90' lang='lat' dir='ltr'><strong>et</strong></span> <span class='ocrx_word' id='word_1_671' title='bbox 3127 2659 3459 2730; x_wconf 87' lang='lat' dir='ltr'><strong>singulorum</strong></span> <span class='ocrx_word' id='word_1_672' title='bbox 3499 2659 3601 2714; x_wconf 86' lang='lat' dir='ltr'><strong>ad-</strong></span> 
     </span>
    </p>
   </div>
   <div class='ocr_carea' id='block_1_94' title="bbox 2017 2747 3601 2813">
    <p class='ocr_par' dir='ltr' id='par_1_94' title="bbox 2017 2747 3601 2813">
     <span class='ocr_line' id='line_1_97' title="bbox 2017 2747 3601 2813; baseline 0.002 -12"><span class='ocrx_word' id='word_1_673' title='bbox 2017 2755 2241 2801; x_wconf 77' lang='lat' dir='ltr'><strong>nectens</strong></span> <span class='ocrx_word' id='word_1_674' title='bbox 2282 2747 2498 2801; x_wconf 90' lang='lat' dir='ltr'><strong>nomina</strong></span> <span class='ocrx_word' id='word_1_675' title='bbox 2524 2754 2828 2813; x_wconf 89' lang='lat' dir='ltr'><strong>auctorum,</strong></span> <span class='ocrx_word' id='word_1_676' title='bbox 2875 2757 2933 2802; x_wconf 89' lang='lat' dir='ltr'><strong>ut</strong></span> <span class='ocrx_word' id='word_1_677' title='bbox 2956 2748 3223 2804; x_wconf 88' lang='lat' dir='ltr'><strong>salubrior</strong></span> <span class='ocrx_word' id='word_1_678' title='bbox 3243 2758 3389 2804; x_wconf 89' lang='lat' dir='ltr'><strong>esset</strong></span> <span class='ocrx_word' id='word_1_679' title='bbox 3414 2757 3469 2804; x_wconf 91' lang='lat' dir='ltr'><strong>et</strong></span> <span class='ocrx_word' id='word_1_680' title='bbox 3497 2750 3601 2805; x_wconf 79' lang='lat' dir='ltr'><strong>ﬁr-</strong></span> 
     </span>
    </p>
   </div>
   <div class='ocr_carea' id='block_1_95' title="bbox 2015 2837 3601 2909">
    <p class='ocr_par' dir='ltr' id='par_1_95' title="bbox 2015 2837 3601 2909">
     <span class='ocr_line' id='line_1_98' title="bbox 2015 2837 3601 2909; baseline 0.003 -18"><span class='ocrx_word' id='word_1_681' title='bbox 2015 2838 2154 2892; x_wconf 90' lang='lat' dir='ltr'><strong>mior</strong></span> <span class='ocrx_word' id='word_1_682' title='bbox 2183 2837 2468 2903; x_wconf 81' lang='lat' dir='ltr'><strong>confectio,</strong></span> <span class='ocrx_word' id='word_1_683' title='bbox 2507 2853 2613 2909; x_wconf 93' lang='lat' dir='ltr'><strong>quo</strong></span> <span class='ocrx_word' id='word_1_684' title='bbox 2653 2854 2721 2893; x_wconf 79' lang='lat' dir='ltr'><strong>ex</strong></span> <span class='ocrx_word' id='word_1_685' title='bbox 2761 2838 3186 2894; x_wconf 88' lang='lat' dir='ltr'><strong>clarissimorum</strong></span> <span class='ocrx_word' id='word_1_686' title='bbox 3230 2840 3466 2895; x_wconf 83' lang='lat' dir='ltr'><strong>virorum</strong></span> <span class='ocrx_word' id='word_1_687' title='bbox 3509 2857 3601 2896; x_wconf 87' lang='lat' dir='ltr'><strong>sa-</strong></span> 
     </span>
    </p>
   </div>
   <div class='ocr_carea' id='block_1_96' title="bbox 2016 2931 3602 3004">
    <p class='ocr_par' dir='ltr' id='par_1_96' title="bbox 2016 2931 3602 3004">
     <span class='ocr_line' id='line_1_99' title="bbox 2016 2931 3602 3004; baseline 0.003 -18"><span class='ocrx_word' id='word_1_688' title='bbox 2016 2931 2230 3001; x_wconf 69' lang='lat' dir='ltr'><strong>pientiae</strong></span> <span class='ocrx_word' id='word_1_689' title='bbox 2286 2941 2341 2987; x_wconf 91' lang='lat' dir='ltr'><strong>et</strong></span> <span class='ocrx_word' id='word_1_690' title='bbox 2389 2932 2692 2987; x_wconf 86' lang='lat' dir='ltr'><strong>sanctitatis</strong></span> <span class='ocrx_word' id='word_1_691' title='bbox 2742 2940 3023 2986; x_wconf 82' lang='lat' dir='ltr'><strong>emeretur</strong></span> <span class='ocrx_word' id='word_1_692' title='bbox 3078 2934 3246 3003; x_wconf 80' lang='lat' dir='ltr'><strong>gazis.</strong></span> <span class='ocrx_word' id='word_1_693' title='bbox 3308 2932 3374 2987; x_wconf 85' lang='lat' dir='ltr'><strong>Et</strong></span> <span class='ocrx_word' id='word_1_694' title='bbox 3419 2934 3602 3004; x_wconf 90' lang='lat' dir='ltr'><strong>primo</strong></span> 
     </span>
    </p>
   </div>
   <div class='ocr_carea' id='block_1_97' title="bbox 2019 3020 3601 3092">
    <p class='ocr_par' dir='ltr' id='par_1_97' title="bbox 2019 3020 3601 3092">
     <span class='ocr_line' id='line_1_100' title="bbox 2019 3020 3601 3092; baseline 0.001 -18"><span class='ocrx_word' id='word_1_695' title='bbox 2019 3020 2261 3075; x_wconf 92' lang='lat' dir='ltr'><strong>omnium</strong></span> <span class='ocrx_word' id='word_1_696' title='bbox 2301 3028 2585 3089; x_wconf 90' lang='lat' dir='ltr'><strong>ponentes,</strong></span> <span class='ocrx_word' id='word_1_697' title='bbox 2635 3020 2763 3090; x_wconf 92' lang='lat' dir='ltr'><strong>quid</strong></span> <span class='ocrx_word' id='word_1_698' title='bbox 2798 3021 3105 3092; x_wconf 86' lang='lat' dir='ltr'><strong>evangelica</strong></span> <span class='ocrx_word' id='word_1_699' title='bbox 3155 3021 3244 3075; x_wconf 77' lang='lat' dir='ltr'><strong>lux</strong></span> <span class='ocrx_word' id='word_1_700' title='bbox 3294 3022 3439 3075; x_wconf 90' lang='lat' dir='ltr'><strong>omni</strong></span> <span class='ocrx_word' id='word_1_701' title='bbox 3482 3022 3601 3077; x_wconf 92' lang='lat' dir='ltr'><strong>sole</strong></span> 
     </span>
    </p>
   </div>
   <div class='ocr_carea' id='block_1_98' title="bbox 2019 3110 3600 3181">
    <p class='ocr_par' dir='ltr' id='par_1_98' title="bbox 2019 3110 3600 3181">
     <span class='ocr_line' id='line_1_101' title="bbox 2019 3110 3600 3181; baseline 0.001 -16"><span class='ocrx_word' id='word_1_702' title='bbox 2019 3110 2218 3165; x_wconf 88' lang='lat' dir='ltr'><strong>clarior</strong></span> <span class='ocrx_word' id='word_1_703' title='bbox 2244 3111 2310 3167; x_wconf 92' lang='lat' dir='ltr'><strong>ad</strong></span> <span class='ocrx_word' id='word_1_704' title='bbox 2340 3110 2783 3167; x_wconf 90' lang='lat' dir='ltr'><strong>illuminationem</strong></span> <span class='ocrx_word' id='word_1_705' title='bbox 2818 3126 2960 3165; x_wconf 76' lang='lat' dir='ltr'><strong>vera:</strong></span> <span class='ocrx_word' id='word_1_706' title='bbox 2981 3110 3103 3165; x_wconf 89' lang='lat' dir='ltr'><strong>ﬁdei</strong></span> <span class='ocrx_word' id='word_1_707' title='bbox 3131 3111 3362 3181; x_wconf 89' lang='lat' dir='ltr'><strong>pandat;</strong></span> <span class='ocrx_word' id='word_1_708' title='bbox 3408 3120 3600 3167; x_wconf 88' lang='lat' dir='ltr'><strong>contra</strong></span> 
     </span>
    </p>
   </div>
   <div class='ocr_carea' id='block_1_99' title="bbox 2016 3200 3601 3271">
    <p class='ocr_par' dir='ltr' id='par_1_99' title="bbox 2016 3200 3601 3271">
     <span class='ocr_line' id='line_1_102' title="bbox 2016 3200 3601 3271; baseline 0.001 -14"><span class='ocrx_word' id='word_1_709' title='bbox 2016 3200 2177 3271; x_wconf 91' lang='lat' dir='ltr'><strong>hujus</strong></span> <span class='ocrx_word' id='word_1_710' title='bbox 2204 3201 2505 3257; x_wconf 87' lang='lat' dir='ltr'><strong>claritatem</strong></span> <span class='ocrx_word' id='word_1_711' title='bbox 2547 3201 2767 3256; x_wconf 89' lang='lat' dir='ltr'><strong>luminis</strong></span> <span class='ocrx_word' id='word_1_712' title='bbox 2792 3216 2951 3256; x_wconf 90' lang='lat' dir='ltr'><strong>nemo</strong></span> <span class='ocrx_word' id='word_1_713' title='bbox 2978 3216 3137 3256; x_wconf 90' lang='lat' dir='ltr'><strong>sanos</strong></span> <span class='ocrx_word' id='word_1_714' title='bbox 3171 3202 3377 3257; x_wconf 91' lang='lat' dir='ltr'><strong>habens</strong></span> <span class='ocrx_word' id='word_1_715' title='bbox 3409 3201 3601 3258; x_wconf 89' lang='lat' dir='ltr'><strong>oculos</strong></span> 
     </span>
    </p>
   </div>
   <div class='ocr_carea' id='block_1_100' title="bbox 2016 3294 3599 3364">
    <p class='ocr_par' dir='ltr' id='par_1_100' title="bbox 2016 3294 3599 3364">
     <span class='ocr_line' id='line_1_103' title="bbox 2016 3294 3599 3364; baseline 0.002 -15"><span class='ocrx_word' id='word_1_716' title='bbox 2016 3309 2320 3364; x_wconf 83' lang='lat' dir='ltr'><strong>repugnare</strong></span> <span class='ocrx_word' id='word_1_717' title='bbox 2353 3296 2513 3348; x_wconf 84' lang='lat' dir='ltr'><strong>audet</strong></span> <span class='ocrx_word' id='word_1_718' title='bbox 2538 3312 2550 3347; x_wconf 90' lang='lat'>:</span> <span class='ocrx_word' id='word_1_719' title='bbox 2596 3295 2689 3349; x_wconf 86' lang='lat' dir='ltr'><strong>sed</strong></span> <span class='ocrx_word' id='word_1_720' title='bbox 2717 3294 2857 3349; x_wconf 90' lang='lat' dir='ltr'><strong>sicut</strong></span> <span class='ocrx_word' id='word_1_721' title='bbox 2883 3309 3056 3350; x_wconf 69' lang='lat' dir='ltr'><strong>ctecus</strong></span> <span class='ocrx_word' id='word_1_722' title='bbox 3089 3303 3236 3350; x_wconf 89' lang='lat' dir='ltr'><strong>errat</strong></span> <span class='ocrx_word' id='word_1_723' title='bbox 3265 3297 3318 3350; x_wconf 91' lang='lat' dir='ltr'><strong>in</strong></span> <span class='ocrx_word' id='word_1_724' title='bbox 3347 3295 3491 3362; x_wconf 89' lang='lat' dir='ltr'><strong>sole;</strong></span> <span class='ocrx_word' id='word_1_725' title='bbox 3538 3305 3599 3352; x_wconf 86' lang='lat' dir='ltr'><strong>et</strong></span> 
     </span>
    </p>
   </div>
   <div class='ocr_carea' id='block_1_101' title="bbox 2006 3383 3600 3454">
    <p class='ocr_par' dir='ltr' id='par_1_101' title="bbox 2006 3383 3600 3454">
     <span class='ocr_line' id='line_1_104' title="bbox 2006 3383 3600 3454; baseline 0.003 -16"><span class='ocrx_word' id='word_1_726' title='bbox 2006 3384 2141 3439; x_wconf 84' lang='lat' dir='ltr'><strong>licet</strong></span> <span class='ocrx_word' id='word_1_727' title='bbox 2185 3384 2275 3437; x_wconf 89' lang='lat' dir='ltr'><strong>ille</strong></span> <span class='ocrx_word' id='word_1_728' title='bbox 2303 3383 2403 3437; x_wconf 89' lang='lat' dir='ltr'><strong>soli</strong></span> <span class='ocrx_word' id='word_1_729' title='bbox 2430 3384 2500 3438; x_wconf 90' lang='lat' dir='ltr'><strong>sit</strong></span> <span class='ocrx_word' id='word_1_730' title='bbox 2528 3399 2788 3454; x_wconf 72' lang='lat' dir='ltr'><strong>prmsens,</strong></span> <span class='ocrx_word' id='word_1_731' title='bbox 2818 3384 2895 3438; x_wconf 91' lang='lat' dir='ltr'><strong>sol</strong></span> <span class='ocrx_word' id='word_1_732' title='bbox 2936 3393 3116 3439; x_wconf 84' lang='lat' dir='ltr'><strong>tamen</strong></span> <span class='ocrx_word' id='word_1_733' title='bbox 3140 3386 3337 3441; x_wconf 76' lang='lat' dir='ltr'><strong>absens</strong></span> <span class='ocrx_word' id='word_1_734' title='bbox 3372 3386 3445 3441; x_wconf 92' lang='lat' dir='ltr'><strong>illi</strong></span> <span class='ocrx_word' id='word_1_735' title='bbox 3473 3400 3600 3442; x_wconf 89' lang='lat' dir='ltr'><strong>esse</strong></span> 
     </span>
    </p>
   </div>
   <div class='ocr_carea' id='block_1_102' title="bbox 2013 3474 3601 3547">
    <p class='ocr_par' dir='ltr' id='par_1_102' title="bbox 2013 3474 3601 3547">
     <span class='ocr_line' id='line_1_105' title="bbox 2013 3474 3601 3547; baseline 0.002 -17"><span class='ocrx_word' id='word_1_736' title='bbox 2013 3475 2310 3547; x_wconf 78' lang='lat' dir='ltr'><strong>probatur;</strong></span> <span class='ocrx_word' id='word_1_737' title='bbox 2342 3475 2498 3545; x_wconf 76' lang='lat'><strong>76],</strong></span> <span class='ocrx_word' id='word_1_738' title='bbox 2548 3474 2628 3529; x_wconf 90' lang='lat' dir='ltr'><strong>sic</strong></span> <span class='ocrx_word' id='word_1_739' title='bbox 2673 3474 2763 3545; x_wconf 89' lang='lat' dir='ltr'><strong>qui</strong></span> <span class='ocrx_word' id='word_1_740' title='bbox 2805 3475 3125 3546; x_wconf 73' lang='lat' dir='ltr'><strong>evangelica:</strong></span> <span class='ocrx_word' id='word_1_741' title='bbox 3170 3492 3277 3531; x_wconf 90' lang='lat' dir='ltr'><strong>non</strong></span> <span class='ocrx_word' id='word_1_742' title='bbox 3324 3479 3601 3533; x_wconf 82' lang='lat' dir='ltr'><strong>consentit</strong></span> 
     </span>
    </p>
   </div>
   <div class='ocr_carea' id='block_1_103' title="bbox 2012 3565 3598 3639">
    <p class='ocr_par' dir='ltr' id='par_1_103' title="bbox 2012 3565 3598 3639">
     <span class='ocr_line' id='line_1_106' title="bbox 2012 3565 3598 3639; baseline 0.003 -20"><span class='ocrx_word' id='word_1_743' title='bbox 2012 3566 2252 3631; x_wconf 86' lang='lat' dir='ltr'><strong>veritati,</strong></span> <span class='ocrx_word' id='word_1_744' title='bbox 2274 3574 2423 3620; x_wconf 88' lang='lat' dir='ltr'><strong>errat</strong></span> <span class='ocrx_word' id='word_1_745' title='bbox 2468 3565 2536 3620; x_wconf 89' lang='lat' dir='ltr'><strong>de</strong></span> <span class='ocrx_word' id='word_1_746' title='bbox 2559 3565 2665 3628; x_wconf 87' lang='lat' dir='ltr'><strong>via,</strong></span> <span class='ocrx_word' id='word_1_747' title='bbox 2706 3565 2878 3621; x_wconf 90' lang='lat' dir='ltr'><strong>donec</strong></span> <span class='ocrx_word' id='word_1_748' title='bbox 2908 3566 2959 3620; x_wconf 92' lang='lat' dir='ltr'><strong>in</strong></span> <span class='ocrx_word' id='word_1_749' title='bbox 2989 3567 3230 3622; x_wconf 86' lang='lat' dir='ltr'><strong>ultimam</strong></span> <span class='ocrx_word' id='word_1_750' title='bbox 3277 3570 3598 3639; x_wconf 87' lang='lat' dir='ltr'><strong>perditionis</strong></span> 
     </span>
    </p>
   </div>
   <div class='ocr_carea' id='block_1_104' title="bbox 2012 3655 3597 3723">
    <p class='ocr_par' dir='ltr' id='par_1_104' title="bbox 2012 3655 3597 3723">
     <span class='ocr_line' id='line_1_107' title="bbox 2012 3655 3597 3723; baseline 0.003 -11"><span class='ocrx_word' id='word_1_751' title='bbox 2012 3656 2224 3712; x_wconf 76' lang='lat' dir='ltr'><strong>foveam</strong></span> <span class='ocrx_word' id='word_1_752' title='bbox 2252 3656 2585 3712; x_wconf 88' lang='lat' dir='ltr'><strong>devolvatur.</strong></span> <span class='ocrx_word' id='word_1_753' title='bbox 2615 3655 2723 3712; x_wconf 72' lang='lat' dir='ltr'><strong>Vos</strong></span> <span class='ocrx_word' id='word_1_754' title='bbox 2746 3672 2895 3723; x_wconf 89' lang='lat' dir='ltr'><strong>vero,</strong></span> <span class='ocrx_word' id='word_1_755' title='bbox 2923 3657 3015 3712; x_wconf 86' lang='lat' dir='ltr'><strong>ﬁlii</strong></span> <span class='ocrx_word' id='word_1_756' title='bbox 3047 3669 3249 3716; x_wconf 70' lang='lat' dir='ltr'><strong>sancta:</strong></span> <span class='ocrx_word' id='word_1_757' title='bbox 3275 3660 3369 3716; x_wconf 87' lang='lat' dir='ltr'><strong>Dei</strong></span> <span class='ocrx_word' id='word_1_758' title='bbox 3407 3660 3597 3717; x_wconf 82' lang='lat' dir='ltr'><strong>Eccle-</strong></span> 
     </span>
    </p>
   </div>
   <div class='ocr_carea' id='block_1_105' title="bbox 2014 3748 3596 3817">
    <p class='ocr_par' dir='ltr' id='par_1_105' title="bbox 2014 3748 3596 3817">
     <span class='ocr_line' id='line_1_108' title="bbox 2014 3748 3596 3817; baseline 0.003 -15"><span class='ocrx_word' id='word_1_759' title='bbox 2014 3748 2128 3812; x_wconf 73' lang='lat' dir='ltr'><strong>site,</strong></span> <span class='ocrx_word' id='word_1_760' title='bbox 2168 3748 2312 3801; x_wconf 84' lang='lat' dir='ltr'><strong>hanc</strong></span> <span class='ocrx_word' id='word_1_761' title='bbox 2352 3762 2528 3802; x_wconf 92' lang='lat' dir='ltr'><strong>meam</strong></span> <span class='ocrx_word' id='word_1_762' title='bbox 2571 3762 2670 3817; x_wconf 88' lang='lat' dir='ltr'><strong>pro</strong></span> <span class='ocrx_word' id='word_1_763' title='bbox 2706 3748 2860 3802; x_wconf 90' lang='lat' dir='ltr'><strong>vobis</strong></span> <span class='ocrx_word' id='word_1_764' title='bbox 2903 3748 3242 3805; x_wconf 86' lang='lat' dir='ltr'><strong>devotionem</strong></span> <span class='ocrx_word' id='word_1_765' title='bbox 3278 3758 3596 3807; x_wconf 87' lang='lat' dir='ltr'><strong>sanctarum</strong></span> 
     </span>
    </p>
   </div>
   <div class='ocr_carea' id='block_1_106' title="bbox 2012 3836 3595 3907">
    <p class='ocr_par' dir='ltr' id='par_1_106' title="bbox 2012 3836 3595 3907">
     <span class='ocr_line' id='line_1_109' title="bbox 2012 3836 3595 3907; baseline 0.003 -17"><span class='ocrx_word' id='word_1_766' title='bbox 2012 3836 2316 3890; x_wconf 89' lang='lat' dir='ltr'><strong>orationum</strong></span> <span class='ocrx_word' id='word_1_767' title='bbox 2363 3842 2703 3891; x_wconf 86' lang='lat' dir='ltr'><strong>remunerate</strong></span> <span class='ocrx_word' id='word_1_768' title='bbox 2753 3836 3049 3906; x_wconf 81' lang='lat' dir='ltr'><strong>snﬂ‘ragiis;</strong></span> <span class='ocrx_word' id='word_1_769' title='bbox 3089 3847 3144 3891; x_wconf 87' lang='lat' dir='ltr'><strong>et</strong></span> <span class='ocrx_word' id='word_1_770' title='bbox 3182 3839 3359 3907; x_wconf 91' lang='lat' dir='ltr'><strong>siquid</strong></span> <span class='ocrx_word' id='word_1_771' title='bbox 3405 3848 3595 3896; x_wconf 90' lang='lat' dir='ltr'><strong>nostra</strong></span> 
     </span>
    </p>
   </div>
   <div class='ocr_carea' id='block_1_107' title="bbox 2011 3924 3599 4000">
    <p class='ocr_par' dir='ltr' id='par_1_107' title="bbox 2011 3924 3599 4000">
     <span class='ocr_line' id='line_1_110' title="bbox 2011 3924 3599 4000; baseline 0.003 -18"><span class='ocrx_word' id='word_1_772' title='bbox 2011 3927 2165 3982; x_wconf 89' lang='lat' dir='ltr'><strong>vobis</strong></span> <span class='ocrx_word' id='word_1_773' title='bbox 2187 3926 2599 3998; x_wconf 60' lang='lat' dir='ltr'><strong>praesentialiter</strong></span> <span class='ocrx_word' id='word_1_774' title='bbox 2621 3924 2867 3995; x_wconf 87' lang='lat' dir='ltr'><strong>proﬁciat</strong></span> <span class='ocrx_word' id='word_1_775' title='bbox 2890 3927 3173 3993; x_wconf 88' lang='lat' dir='ltr'><strong>industria,</strong></span> <span class='ocrx_word' id='word_1_776' title='bbox 3204 3930 3599 4000; x_wconf 84' lang='lat' dir='ltr'><strong>perpetualiter</strong></span> 
     </span>
    </p>
   </div>
   <div class='ocr_carea' id='block_1_108' title="bbox 2011 4017 2915 4088">
    <p class='ocr_par' dir='ltr' id='par_1_108' title="bbox 2011 4017 2915 4088">
     <span class='ocr_line' id='line_1_111' title="bbox 2011 4017 2915 4088; baseline 0 -17"><span class='ocrx_word' id='word_1_777' title='bbox 2011 4025 2191 4073; x_wconf 87' lang='lat' dir='ltr'><strong>vestra</strong></span> <span class='ocrx_word' id='word_1_778' title='bbox 2220 4017 2375 4073; x_wconf 87' lang='lat' dir='ltr'><strong>nobis</strong></span> <span class='ocrx_word' id='word_1_779' title='bbox 2393 4017 2561 4088; x_wconf 89' lang='lat' dir='ltr'><strong>prosit</strong></span> <span class='ocrx_word' id='word_1_780' title='bbox 2585 4017 2915 4072; x_wconf 89' lang='lat' dir='ltr'><strong>intercessio.</strong></span> 
     </span>
    </p>
   </div>
   <div class='ocr_carea' id='block_1_109' title="bbox 2082 4109 3600 4174">
    <p class='ocr_par' dir='ltr' id='par_1_109' title="bbox 2082 4109 3600 4174">
     <span class='ocr_line' id='line_1_112' title="bbox 2082 4109 3600 4174; baseline 0.005 -9"><span class='ocrx_word' id='word_1_781' title='bbox 2082 4112 2167 4165; x_wconf 90' lang='lat' dir='ltr'><strong>Ill.</strong></span> <span class='ocrx_word' id='word_1_782' title='bbox 2207 4110 2502 4165; x_wconf 88' lang='lat' dir='ltr'><strong>Credamus</strong></span> <span class='ocrx_word' id='word_1_783' title='bbox 2546 4110 2757 4165; x_wconf 91' lang='lat' dir='ltr'><strong>Domini</strong></span> <span class='ocrx_word' id='word_1_784' title='bbox 2787 4109 2880 4164; x_wconf 90' lang='lat' dir='ltr'><strong>Dei</strong></span> <span class='ocrx_word' id='word_1_785' title='bbox 2924 4110 3101 4166; x_wconf 89' lang='lat' dir='ltr'><strong>Patris</strong></span> <span class='ocrx_word' id='word_1_786' title='bbox 3130 4111 3459 4174; x_wconf 88' lang='lat' dir='ltr'><strong>testimonio.</strong></span> <span class='ocrx_word' id='word_1_787' title='bbox 3499 4117 3600 4173; x_wconf 86' lang='lat' dir='ltr'><strong>ubi</strong></span> 
     </span>
    </p>
   </div>
   <div class='ocr_carea' id='block_1_110' title="bbox 2013 4202 3600 4274">
    <p class='ocr_par' dir='ltr' id='par_1_110' title="bbox 2013 4202 3600 4274">
     <span class='ocr_line' id='line_1_113' title="bbox 2013 4202 3600 4274; baseline 0.003 -15"><span class='ocrx_word' id='word_1_788' title='bbox 2013 4218 2174 4274; x_wconf 84' lang='lat' dir='ltr'><strong>super</strong></span> <span class='ocrx_word' id='word_1_789' title='bbox 2193 4204 2527 4273; x_wconf 88' lang='lat' dir='ltr'><strong>baptizatum</strong></span> <span class='ocrx_word' id='word_1_790' title='bbox 2552 4202 2746 4257; x_wconf 90' lang='lat' dir='ltr'><strong>Filium</strong></span> <span class='ocrx_word' id='word_1_791' title='bbox 2776 4202 3059 4274; x_wconf 82' lang='lat' dir='ltr'><strong>magniﬁca</strong></span> <span class='ocrx_word' id='word_1_792' title='bbox 3089 4221 3218 4260; x_wconf 88' lang='lat' dir='ltr'><strong>voce</strong></span> <span class='ocrx_word' id='word_1_793' title='bbox 3257 4214 3489 4262; x_wconf 86' lang='lat' dir='ltr'><strong>testatur</strong></span> <span class='ocrx_word' id='word_1_794' title='bbox 3513 4210 3600 4265; x_wconf 89' lang='lat' dir='ltr'><strong>di-</strong></span> 
     </span>
    </p>
   </div>
   <div class='ocr_carea' id='block_1_111' title="bbox 2013 4293 3592 4373">
    <p class='ocr_par' dir='ltr' id='par_1_111' title="bbox 2013 4293 3592 4373">
     <span class='ocr_line' id='line_1_114' title="bbox 2013 4293 3592 4373; baseline 0.003 -23"><span class='ocrx_word' id='word_1_795' title='bbox 2013 4311 2141 4351; x_wconf 90' lang='lat' dir='ltr'><strong>cens</strong></span> <span class='ocrx_word' id='word_1_796' title='bbox 2178 4310 2192 4348; x_wconf 90' lang='lat'><strong>:</strong></span> <span class='ocrx_word' id='word_1_797' title='bbox 2231 4294 2334 4349; x_wconf 81' lang='lat' dir='ltr'><strong>Hic</strong></span> <span class='ocrx_word' id='word_1_798' title='bbox 2369 4304 2442 4349; x_wconf 85' lang='lat' dir='ltr'><strong>est</strong></span> <span class='ocrx_word' id='word_1_799' title='bbox 2474 4293 2649 4349; x_wconf 81' lang='lat' dir='ltr'><strong>Filius</strong></span> <span class='ocrx_word' id='word_1_800' title='bbox 2678 4311 2821 4348; x_wconf 79' lang='lat' dir='ltr'><strong>meus</strong></span> <span class='ocrx_word' id='word_1_801' title='bbox 2849 4295 3066 4351; x_wconf 81' lang='lat' dir='ltr'><strong>dilectus</strong></span> <span class='ocrx_word' id='word_1_802' title='bbox 3102 4297 3314 4369; x_wconf 77' lang='lat' dir='ltr'><strong>(Matth.</strong></span> <span class='ocrx_word' id='word_1_803' title='bbox 3346 4315 3425 4363; x_wconf 82' lang='grc' dir='ltr'><strong>ιιι,</strong></span> <span class='ocrx_word' id='word_1_804' title='bbox 3476 4301 3592 4373; x_wconf 82' lang='lat' dir='ltr'><strong>l7).</strong></span> 
     </span>
    </p>
   </div>
   <div class='ocr_carea' id='block_1_112' title="bbox 2016 4386 3597 4455">
    <p class='ocr_par' dir='ltr' id='par_1_112' title="bbox 2016 4386 3597 4455">
     <span class='ocr_line' id='line_1_115' title="bbox 2016 4386 3597 4455; baseline 0.006 -15"><span class='ocrx_word' id='word_1_805' title='bbox 2016 4386 2084 4440; x_wconf 86' lang='lat' dir='ltr'><strong>Et</strong></span> <span class='ocrx_word' id='word_1_806' title='bbox 2128 4387 2339 4455; x_wconf 89' lang='lat' dir='ltr'><strong>nequis</strong></span> <span class='ocrx_word' id='word_1_807' title='bbox 2380 4387 2446 4442; x_wconf 93' lang='lat' dir='ltr'><strong>de</strong></span> <span class='ocrx_word' id='word_1_808' title='bbox 2475 4386 2643 4441; x_wconf 90' lang='lat' dir='ltr'><strong>altero</strong></span> <span class='ocrx_word' id='word_1_809' title='bbox 2696 4387 2801 4441; x_wconf 91' lang='lat' dir='ltr'><strong>dici</strong></span> <span class='ocrx_word' id='word_1_810' title='bbox 2843 4387 3130 4453; x_wconf 85' lang='lat' dir='ltr'><strong>dubitaret,</strong></span> <span class='ocrx_word' id='word_1_811' title='bbox 3170 4390 3331 4445; x_wconf 86' lang='lat' dir='ltr'><strong>etiam</strong></span> <span class='ocrx_word' id='word_1_812' title='bbox 3371 4401 3597 4449; x_wconf 81' lang='lat' dir='ltr'><strong>sanctus</strong></span> 
     </span>
    </p>
   </div>
   <div class='ocr_carea' id='block_1_113' title="bbox 2020 4477 3589 4553">
    <p class='ocr_par' dir='ltr' id='par_1_113' title="bbox 2020 4477 3589 4553">
     <span class='ocr_line' id='line_1_116' title="bbox 2020 4477 3589 4553; baseline 0.005 -22"><span class='ocrx_word' id='word_1_813' title='bbox 2020 4477 2255 4549; x_wconf 89' lang='lat' dir='ltr'><strong>Spiritus</strong></span> <span class='ocrx_word' id='word_1_814' title='bbox 2281 4480 2335 4532; x_wconf 91' lang='lat' dir='ltr'><strong>in</strong></span> <span class='ocrx_word' id='word_1_815' title='bbox 2370 4480 2550 4547; x_wconf 88' lang='lat' dir='ltr'><strong>specie</strong></span> <span class='ocrx_word' id='word_1_816' title='bbox 2597 4478 2857 4532; x_wconf 73' lang='lat' dir='ltr'><strong>columba:</strong></span> <span class='ocrx_word' id='word_1_817' title='bbox 2878 4482 3160 4547; x_wconf 64' lang='lat' dir='ltr'><strong>praesentia</strong></span> <span class='ocrx_word' id='word_1_818' title='bbox 3188 4485 3589 4553; x_wconf 88' lang='lat' dir='ltr'><strong>comprobatur,</strong></span> 
     </span>
    </p>
   </div>
   <div class='ocr_carea' id='block_1_114' title="bbox 2019 4570 3594 4641">
    <p class='ocr_par' dir='ltr' id='par_1_114' title="bbox 2019 4570 3594 4641">
     <span class='ocr_line' id='line_1_117' title="bbox 2019 4570 3594 4641; baseline 0.006 -17"><span class='ocrx_word' id='word_1_819' title='bbox 2019 4570 2161 4625; x_wconf 89' lang='lat' dir='ltr'><strong>hunc</strong></span> <span class='ocrx_word' id='word_1_820' title='bbox 2182 4586 2300 4625; x_wconf 89' lang='lat' dir='ltr'><strong>esse</strong></span> <span class='ocrx_word' id='word_1_821' title='bbox 2319 4570 2516 4625; x_wconf 90' lang='lat' dir='ltr'><strong>Filium</strong></span> <span class='ocrx_word' id='word_1_822' title='bbox 2561 4571 2676 4637; x_wconf 87' lang='lat' dir='ltr'><strong>Dei,</strong></span> <span class='ocrx_word' id='word_1_823' title='bbox 2707 4572 2799 4641; x_wconf 91' lang='lat' dir='ltr'><strong>qui</strong></span> <span class='ocrx_word' id='word_1_824' title='bbox 2831 4587 2861 4625; x_wconf 90' lang='lat' dir='ltr'><strong>a</strong></span> <span class='ocrx_word' id='word_1_825' title='bbox 2882 4571 3087 4628; x_wconf 78' lang='lat' dir='ltr'><strong>Joanne</strong></span> <span class='ocrx_word' id='word_1_826' title='bbox 3115 4574 3171 4628; x_wconf 92' lang='lat' dir='ltr'><strong>in</strong></span> <span class='ocrx_word' id='word_1_827' title='bbox 3211 4574 3446 4633; x_wconf 69' lang='lat' dir='ltr'><strong>Iordane</strong></span> <span class='ocrx_word' id='word_1_828' title='bbox 3492 4580 3594 4633; x_wconf 88' lang='lat' dir='ltr'><strong>ba-</strong></span> 
     </span>
    </p>
   </div>
   <div class='ocr_carea' id='block_1_115' title="bbox 2017 4661 3592 4735">
    <p class='ocr_par' dir='ltr' id='par_1_115' title="bbox 2017 4661 3592 4735">
     <span class='ocr_line' id='line_1_118' title="bbox 2017 4661 3592 4735; baseline 0.009 -21"><span class='ocrx_word' id='word_1_829' title='bbox 2017 4662 2272 4733; x_wconf 87' lang='lat' dir='ltr'><strong>ptizatur.</strong></span> <span class='ocrx_word' id='word_1_830' title='bbox 2321 4661 2435 4716; x_wconf 86' lang='lat' dir='ltr'><strong>Etsi</strong></span> <span class='ocrx_word' id='word_1_831' title='bbox 2476 4662 2595 4717; x_wconf 90' lang='lat' dir='ltr'><strong>luce</strong></span> <span class='ocrx_word' id='word_1_832' title='bbox 2647 4663 2847 4718; x_wconf 87' lang='lat' dir='ltr'><strong>clarius</strong></span> <span class='ocrx_word' id='word_1_833' title='bbox 2876 4673 3116 4735; x_wconf 89' lang='lat' dir='ltr'><strong>patescat</strong></span> <span class='ocrx_word' id='word_1_834' title='bbox 3161 4682 3228 4721; x_wconf 78' lang='lat' dir='ltr'><strong>ex</strong></span> <span class='ocrx_word' id='word_1_835' title='bbox 3268 4672 3592 4729; x_wconf 85' lang='lat' dir='ltr'><strong>auctoritate</strong></span> 
     </span>
    </p>
   </div>
   <div class='ocr_carea' id='block_1_116' title="bbox 2019 4753 3595 4824">
    <p class='ocr_par' dir='ltr' id='par_1_116' title="bbox 2019 4753 3595 4824">
     <span class='ocr_line' id='line_1_119' title="bbox 2019 4753 3595 4824; baseline 0.008 -20"><span class='ocrx_word' id='word_1_836' title='bbox 2019 4760 2259 4823; x_wconf 68' lang='lat' dir='ltr'><strong>paterna:</strong></span> <span class='ocrx_word' id='word_1_837' title='bbox 2286 4753 2434 4807; x_wconf 82' lang='lat' dir='ltr'><strong>vocis</strong></span> <span class='ocrx_word' id='word_1_838' title='bbox 2457 4753 2577 4807; x_wconf 84' lang='lat' dir='ltr'><strong>Filii</strong></span> <span class='ocrx_word' id='word_1_839' title='bbox 2615 4756 2948 4824; x_wconf 87' lang='lat' dir='ltr'><strong>proprietas;</strong></span> <span class='ocrx_word' id='word_1_840' title='bbox 2976 4764 3154 4811; x_wconf 89' lang='lat' dir='ltr'><strong>tamen</strong></span> <span class='ocrx_word' id='word_1_841' title='bbox 3183 4760 3434 4815; x_wconf 90' lang='lat' dir='ltr'><strong>audiendi</strong></span> <span class='ocrx_word' id='word_1_842' title='bbox 3460 4777 3595 4817; x_wconf 84' lang='lat' dir='ltr'><strong>san-</strong></span> 
     </span>
    </p>
   </div>
   <div class='ocr_carea' id='block_1_117' title="bbox 2020 4843 3592 4907">
    <p class='ocr_par' dir='ltr' id='par_1_117' title="bbox 2020 4843 3592 4907">
     <span class='ocr_line' id='line_1_120' title="bbox 2020 4843 3592 4907; baseline 0.006 -10"><span class='ocrx_word' id='word_1_843' title='bbox 2020 4850 2231 4898; x_wconf 90' lang='lat' dir='ltr'><strong>ctorum</strong></span> <span class='ocrx_word' id='word_1_844' title='bbox 2275 4843 2496 4899; x_wconf 88' lang='lat' dir='ltr'><strong>Patrum</strong></span> <span class='ocrx_word' id='word_1_845' title='bbox 2528 4852 2582 4899; x_wconf 91' lang='lat' dir='ltr'><strong>et</strong></span> <span class='ocrx_word' id='word_1_846' title='bbox 2608 4845 2999 4900; x_wconf 84' lang='lat' dir='ltr'><strong>catholicorum</strong></span> <span class='ocrx_word' id='word_1_847' title='bbox 3045 4847 3324 4904; x_wconf 89' lang='lat' dir='ltr'><strong>doctorum</strong></span> <span class='ocrx_word' id='word_1_848' title='bbox 3364 4866 3592 4907; x_wconf 64' lang='lat' dir='ltr'><strong>venera-</strong></span> 
     </span>
    </p>
   </div>
   <div class='ocr_carea' id='block_1_118' title="bbox 2020 4935 3590 5009">
    <p class='ocr_par' dir='ltr' id='par_1_118' title="bbox 2020 4935 3590 5009">
     <span class='ocr_line' id='line_1_121' title="bbox 2020 4935 3590 5009; baseline 0.008 -20"><span class='ocrx_word' id='word_1_849' title='bbox 2020 4935 2156 4991; x_wconf 75' lang='lat' dir='ltr'><strong>biles</strong></span> <span class='ocrx_word' id='word_1_850' title='bbox 2184 4952 2397 5002; x_wconf 89' lang='lat' dir='ltr'><strong>sensus,</strong></span> <span class='ocrx_word' id='word_1_851' title='bbox 2425 4937 2551 5006; x_wconf 92' lang='lat' dir='ltr'><strong>quid</strong></span> <span class='ocrx_word' id='word_1_852' title='bbox 2581 4938 2633 4992; x_wconf 93' lang='lat' dir='ltr'><strong>in</strong></span> <span class='ocrx_word' id='word_1_853' title='bbox 2667 4938 2769 4993; x_wconf 88' lang='lat' dir='ltr'><strong>hac</strong></span> <span class='ocrx_word' id='word_1_854' title='bbox 2795 4938 3031 4994; x_wconf 87' lang='lat' dir='ltr'><strong>veridica</strong></span> <span class='ocrx_word' id='word_1_855' title='bbox 3056 4943 3266 5009; x_wconf 91' lang='lat' dir='ltr'><strong>paterni</strong></span> <span class='ocrx_word' id='word_1_856' title='bbox 3293 4943 3590 5002; x_wconf 89' lang='lat' dir='ltr'><strong>testimonii</strong></span> 
     </span>
    </p>
   </div>
   <div class='ocr_carea' id='block_1_119' title="bbox 2016 5027 2659 5098">
    <p class='ocr_par' dir='ltr' id='par_1_119' title="bbox 2016 5027 2659 5098">
     <span class='ocr_line' id='line_1_122' title="bbox 2016 5027 2659 5098; baseline 0.002 -17"><span class='ocrx_word' id='word_1_857' title='bbox 2016 5027 2349 5098; x_wconf 79' lang='lat' dir='ltr'><strong>professione</strong></span> <span class='ocrx_word' id='word_1_858' title='bbox 2373 5030 2659 5085; x_wconf 88' lang='lat' dir='ltr'><strong>senserint.</strong></span> 
     </span>
    </p>
   </div>
   <div class='ocr_carea' id='block_1_120' title="bbox 2018 5180 3589 5252">
    <p class='ocr_par' dir='ltr' id='par_1_120' title="bbox 2018 5180 3589 5252">
     <span class='ocr_line' id='line_1_123' title="bbox 2018 5180 3589 5252; baseline 0.003 -16"><span class='ocrx_word' id='word_1_859' title='bbox 2018 5196 2299 5252; x_wconf 82' lang='lat' dir='ltr'><strong>scaporum</strong></span> <span class='ocrx_word' id='word_1_860' title='bbox 2347 5180 2463 5252; x_wconf 72' lang='lat' dir='ltr'><strong>haec</strong></span> <span class='ocrx_word' id='word_1_861' title='bbox 2508 5188 2848 5252; x_wconf 80' lang='lat' dir='ltr'><strong>sequuntur:</strong></span> <span class='ocrx_word' id='word_1_862' title='bbox 2886 5199 2907 5231; x_wconf 70' lang='grc' dir='ltr'><strong><em>ι</em></strong></span> <span class='ocrx_word' id='word_1_863' title='bbox 2963 5180 3251 5251; x_wconf 85' lang='lat' dir='ltr'><strong>Postquam</strong></span> <span class='ocrx_word' id='word_1_864' title='bbox 3302 5181 3358 5237; x_wconf 91' lang='lat' dir='ltr'><strong>hi</strong></span> <span class='ocrx_word' id='word_1_865' title='bbox 3394 5197 3589 5240; x_wconf 85' lang='lat' dir='ltr'><strong>omnes</strong></span> 
     </span>
    </p>
   </div>
   <div class='ocr_carea' id='block_1_121' title="bbox 2016 5250 3587 5320">
    <p class='ocr_par' dir='ltr' id='par_1_121' title="bbox 2016 5250 3587 5320">
     <span class='ocr_line' id='line_1_124' title="bbox 2016 5250 3587 5320; baseline 0.003 -15"><span class='ocrx_word' id='word_1_866' title='bbox 2016 5250 2248 5305; x_wconf 84' lang='lat' dir='ltr'><strong>Nestorii</strong></span> <span class='ocrx_word' id='word_1_867' title='bbox 2273 5250 2599 5319; x_wconf 86' lang='lat' dir='ltr'><strong>depositioni</strong></span> <span class='ocrx_word' id='word_1_868' title='bbox 2634 5250 3465 5320; x_wconf 32' lang='lat' dir='ltr'><strong>subscripsissent,’accessemnt</strong></span> <span class='ocrx_word' id='word_1_869' title='bbox 3492 5254 3587 5311; x_wconf 88' lang='lat' dir='ltr'><strong>alii</strong></span> 
     </span>
    </p>
   </div>
   <div class='ocr_carea' id='block_1_122' title="bbox 2016 5321 3589 5392">
    <p class='ocr_par' dir='ltr' id='par_1_122' title="bbox 2016 5321 3589 5392">
     <span class='ocr_line' id='line_1_125' title="bbox 2016 5321 3589 5392; baseline 0.003 -17"><span class='ocrx_word' id='word_1_870' title='bbox 2016 5321 2250 5390; x_wconf 81' lang='lat' dir='ltr'><strong>episcOpi</strong></span> <span class='ocrx_word' id='word_1_871' title='bbox 2296 5322 2374 5392; x_wconf 84' lang='lat' dir='ltr'><strong>ad</strong></span> <span class='ocrx_word' id='word_1_872' title='bbox 2404 5321 2974 5392; x_wconf 13' lang='lat' dir='ltr'><strong>sanctamisynodum,</strong></span> <span class='ocrx_word' id='word_1_873' title='bbox 3013 5324 3105 5392; x_wconf 89' lang='lat' dir='ltr'><strong>qui</strong></span> <span class='ocrx_word' id='word_1_874' title='bbox 3145 5331 3198 5376; x_wconf 82' lang='lat' dir='ltr'><strong>et</strong></span> <span class='ocrx_word' id='word_1_875' title='bbox 3225 5322 3325 5391; x_wconf 89' lang='lat' dir='ltr'><strong>ipsi</strong></span> <span class='ocrx_word' id='word_1_876' title='bbox 3367 5337 3589 5392; x_wconf 87' lang='lat' dir='ltr'><strong>quoque</strong></span> 
     </span>
    </p>
   </div>
   <div class='ocr_carea' id='block_1_123' title="bbox 2016 5390 3592 5462">
    <p class='ocr_par' dir='ltr' id='par_1_123' title="bbox 2016 5390 3592 5462">
     <span class='ocr_line' id='line_1_126' title="bbox 2016 5390 3592 5462; baseline 0.003 -19"><span class='ocrx_word' id='word_1_877' title='bbox 2016 5392 2315 5462; x_wconf 72' lang='lat' dir='ltr'><strong>prmpositze</strong></span> <span class='ocrx_word' id='word_1_878' title='bbox 2344 5390 2676 5462; x_wconf 67' lang='lat' dir='ltr'><strong>damnationi</strong></span> <span class='ocrx_word' id='word_1_879' title='bbox 2697 5390 3169 5462; x_wconf 76' lang='lat' dir='ltr'><strong>subscripserunt.</strong></span> <span class='ocrx_word' id='word_1_880' title='bbox 3199 5390 3443 5461; x_wconf 78' lang='lat' dir='ltr'><strong>Episcopi</strong></span> <span class='ocrx_word' id='word_1_881' title='bbox 3483 5390 3592 5447; x_wconf 70' lang='lat' dir='ltr'><strong>ita-</strong></span> 
     </span>
    </p>
   </div>
   <div class='ocr_carea' id='block_1_124' title="bbox 2017 5458 3590 5583">
    <p class='ocr_par' dir='ltr' id='par_1_124' title="bbox 2017 5458 3590 5583">
     <span class='ocr_line' id='line_1_127' title="bbox 2017 5458 3590 5583; baseline 0.003 -69"><span class='ocrx_word' id='word_1_882' title='bbox 2017 5458 2144 5583; x_wconf 54' lang='lat' dir='ltr'><strong>que,</strong></span> <span class='ocrx_word' id='word_1_883' title='bbox 2174 5461 2265 5531; x_wconf 88' lang='lat' dir='ltr'><strong>qui</strong></span> <span class='ocrx_word' id='word_1_884' title='bbox 2292 5460 2465 5531; x_wconf 88' lang='lat' dir='ltr'><strong>ipsum</strong></span> <span class='ocrx_word' id='word_1_885' title='bbox 2496 5458 2799 5515; x_wconf 82' lang='lat' dir='ltr'><strong>Nestorium</strong></span> <span class='ocrx_word' id='word_1_886' title='bbox 2822 5458 3199 5531; x_wconf 78' lang='lat' dir='ltr'><strong>deposuerunt,</strong></span> <span class='ocrx_word' id='word_1_887' title='bbox 3223 5458 3409 5531; x_wconf 79' lang='lat' dir='ltr'><strong>plures</strong></span> <span class='ocrx_word' id='word_1_888' title='bbox 3424 5478 3590 5532; x_wconf 88' lang='lat' dir='ltr'><strong>quam</strong></span> 
     </span>
     <span class='ocr_line' id='line_1_128' title="bbox 2017 5529 3590 5583; baseline 0.002 -3"><span class='ocrx_word' id='word_1_889' title='bbox 2017 5547 2033 5580; x_wconf 81' lang='grc' dir='ltr'>ι</span> <span class='ocrx_word' id='word_1_890' title='bbox 2055 5531 2230 5583; x_wconf 91' lang='lat' dir='ltr'><strong>ucenti</strong></span> <span class='ocrx_word' id='word_1_891' title='bbox 2255 5532 2532 5583; x_wconf 78' lang='lat' dir='ltr'><strong>exstitere.</strong></span> <span class='ocrx_word' id='word_1_892' title='bbox 2564 5529 2727 5583; x_wconf 83' lang='lat' dir='ltr'><strong>aliuui</strong></span> <span class='ocrx_word' id='word_1_893' title='bbox 2761 5532 2903 5583; x_wconf 84' lang='lat' dir='ltr'><strong>enim</strong></span> <span class='ocrx_word' id='word_1_894' title='bbox 2934 5532 3106 5583; x_wconf 88' lang='lat' dir='ltr'><strong>locum</strong></span> <span class='ocrx_word' id='word_1_895' title='bbox 3140 5540 3428 5583; x_wconf 88' lang='lat' dir='ltr'><strong>tenuerunt</strong></span> <span class='ocrx_word' id='word_1_896' title='bbox 3454 5533 3590 5583; x_wconf 86' lang='lat' dir='ltr'><strong>alio—</strong></span> 
     </span>
    </p>
   </div>
   <div class='ocr_carea' id='block_1_125' title="bbox 2016 5529 3594 5599">
    <p class='ocr_par' dir='ltr' id='par_1_125' title="bbox 2016 5529 3594 5599">
     <span class='ocr_line' id='line_1_129' title="bbox 2016 5529 3594 5599; baseline 0.004 -18"><span class='ocrx_word' id='word_1_897' title='bbox 2016 5529 2230 5584; x_wconf 83' lang='lat' dir='ltr'><strong>ducenti</strong></span> <span class='ocrx_word' id='word_1_898' title='bbox 2255 5529 2532 5594; x_wconf 76' lang='lat' dir='ltr'><strong>exstitere,</strong></span> <span class='ocrx_word' id='word_1_899' title='bbox 2564 5529 2727 5599; x_wconf 81' lang='lat' dir='ltr'><strong>aliqui</strong></span> <span class='ocrx_word' id='word_1_900' title='bbox 2761 5529 2903 5584; x_wconf 78' lang='lat' dir='ltr'><strong>enini</strong></span> <span class='ocrx_word' id='word_1_901' title='bbox 2934 5532 3106 5583; x_wconf 86' lang='lat' dir='ltr'><strong>locum</strong></span> <span class='ocrx_word' id='word_1_902' title='bbox 3140 5529 3594 5588; x_wconf 42' lang='lat' dir='ltr'><strong>tenuerunt—alio—</strong></span> 
     </span>
    </p>
   </div>
   <div class='ocr_carea' id='block_1_126' title="bbox 2015 5600 3589 5672">
    <p class='ocr_par' dir='ltr' id='par_1_126' title="bbox 2015 5600 3589 5672">
     <span class='ocr_line' id='line_1_130' title="bbox 2015 5600 3589 5672; baseline 0.005 -20"><span class='ocrx_word' id='word_1_903' title='bbox 2015 5615 2134 5672; x_wconf 85' lang='lat' dir='ltr'><strong>rum</strong></span> <span class='ocrx_word' id='word_1_904' title='bbox 2179 5600 2570 5670; x_wconf 87' lang='lat' dir='ltr'><strong>episcoporum,</strong></span> <span class='ocrx_word' id='word_1_905' title='bbox 2612 5601 2705 5669; x_wconf 88' lang='lat' dir='ltr'><strong>qui</strong></span> <span class='ocrx_word' id='word_1_906' title='bbox 2745 5602 2810 5672; x_wconf 60' lang='lat' dir='ltr'><strong>ad</strong></span> <span class='ocrx_word' id='word_1_907' title='bbox 2850 5600 3202 5669; x_wconf 82' lang='lat' dir='ltr'><strong>Ephesiorum</strong></span> <span class='ocrx_word' id='word_1_908' title='bbox 3244 5602 3589 5672; x_wconf 85' lang='lat' dir='ltr'><strong>metropolitn</strong></span> 
     </span>
    </p>
   </div>
   <div class='ocr_carea' id='block_1_127' title="bbox 2017 5669 3373 5740">
    <p class='ocr_par' dir='ltr' id='par_1_127' title="bbox 2017 5669 3373 5740">
     <span class='ocr_line' id='line_1_131' title="bbox 2017 5669 3373 5740; baseline 0.004 -21"><span class='ocrx_word' id='word_1_909' title='bbox 2017 5670 2199 5725; x_wconf 84' lang='lat' dir='ltr'><strong>venire</strong></span> <span class='ocrx_word' id='word_1_910' title='bbox 2216 5669 2324 5724; x_wconf 87' lang='lat' dir='ltr'><strong>non</strong></span> <span class='ocrx_word' id='word_1_911' title='bbox 2355 5678 2661 5740; x_wconf 87' lang='lat' dir='ltr'><strong>potuerunt.</strong></span> <span class='ocrx_word' id='word_1_912' title='bbox 2693 5689 2710 5723; x_wconf 73' lang='grc' dir='ltr'><strong><em>ι</em></strong></span> <span class='ocrx_word' id='word_1_913' title='bbox 2746 5669 3048 5725; x_wconf 69' lang='lat' dir='ltr'><strong>Focctsws.</strong></span> <span class='ocrx_word' id='word_1_914' title='bbox 3364 5671 3373 5678; x_wconf 91' lang='grc'><em>’</em></span> 
     </span>
    </p>
   </div>
  </div>
