3906 6186
205 350 272 409 ω
1044 341 1544 400 υοειιΑτιεΑ.-
1586 343 1714 402 LIB.
1755 345 1795 398 Α

1902 389 1914 402 .
1955 315 2282 406 ιιλειιεειπ
2317 348 2602 406 nauus.

3374 349 3448 405 90

265 463 343 519 IV.
389 459 534 516 Dicit
586 460 732 515 enim
769 459 1005 514 Hilarius
1030 459 1408 514 ecclesiastica:
1433 459 1554 514 ﬁdei
1582 461 1771 514 doctor
1797 463 1845 520 A
1873 467 2218 532 cernebatur,
2249 466 2343 520 Dei
2368 482 2502 522 voce
2530 466 2624 520 Dei
2654 465 2822 518 Filius
2857 470 3191 519 nosceretur.
3221 463 3287 518 Et
3317 465 3445 534 quia

207 554 454 613 mirabilis
482 553 540 607 in
582 552 724 606 libro
762 560 918 606 sexto
963 565 1124 620 quem
1168 551 1235 605 de
1277 558 1463 604 sancta
1505 549 1772 604 Trinitate

208 645 402 716 scripsit
427 651 556 713 post
586 642 692 696 alia
723 641 1001 696 catholica:
1048 641 1171 696 ﬁdei
1199 641 1571 696 convenientia
1603 641 1681 695 sic
1703 653 1728 680 ι
1755 660 1766 694 :

215 758 232 789 ι
260 739 386 793 Vere
414 735 518 789 Dei
548 734 747 789 Filium
780 734 1117 803 unigenitum
1159 735 1327 788 Deum
1356 734 1640 788 Dominum
1669 749 1770 787 no—

211 840 357 886 strum
397 825 596 882 Jesum
626 825 904 881 Christum
941 839 1062 879 esse
1082 839 1148 879 ac
1173 824 1353 879 doceri
1384 824 1566 879 multis
1598 825 1777 878 modis

212 921 468 992 cognitum
498 926 611 983 est;
641 917 769 971 dum
801 915 866 970 de
895 929 960 969 eo
992 923 1223 970 testatur
1248 915 1431 979 Pater,
1457 915 1583 969 dum
1619 915 1687 969 de
1715 930 1773 969 se

213 1015 306 1084 ipse
338 1001 652 1080 proﬁtetur,
685 999 814 1063 dum
845 1007 1072 1077 apostoli
1117 1007 1440 1078 praedicant,
1483 1009 1608 1062 dum
1651 1007 1777 1062 reli-

214 1103 328 1172 giosi
348 1102 607 1164 credunt,
633 1099 763 1153 dum
789 1099 1059 1153 dzemones
1082 1097 1425 1161 conﬁtentur,
1451 1098 1578 1152 dum
1603 1095 1773 1151 Judaei

214 1199 404 1262 negant,
437 1191 570 1245 dum
595 1197 782 1260 gentes
819 1189 874 1243 in
919 1189 1168 1258 passione
1210 1197 1559 1260 cognoscunt.
1592 1187 1777 1258 Neque

213 1285 335 1337 enim
377 1298 450 1337 ex
500 1280 879 1336 communione
918 1279 1332 1348 nuncupationis
1377 1287 1494 1344 est,
1521 1279 1665 1346 quod
1709 1279 1777 1332 de

212 1374 544 1446 proprietatis
573 1373 679 1428 ﬁde
697 1372 899 1427 dicitur
925 1390 938 1424 :
966 1379 1160 1426 etcum
1183 1372 1363 1426 omnia
1386 1387 1506 1440 qua:
1529 1370 1778 1426 Christus

215 1469 455 1522 Dominus
489 1474 582 1520 aut
629 1465 740 1536 egit
785 1471 878 1517 aut
923 1463 1125 1528 docuit,
1172 1461 1315 1516 ultra
1367 1460 1546 1515 omnia
1587 1475 1775 1516 eorum

215 1561 309 1617 sint
329 1559 418 1629 qui
461 1557 582 1611 Filii
623 1560 1005 1623 nuncupantur
1028 1591 1043 1617 ,
1078 1559 1132 1606 et
1162 1553 1216 1605 in
1255 1551 1341 1605 his
1367 1551 1618 1604 omnibus
1659 1564 1782 1618 quas

217 1651 475 1719 praecipua
501 1648 606 1702 sint
630 1645 858 1710 Christi,
896 1645 1000 1698 hoc
1027 1643 1113 1697 vel
1157 1641 1497 1711 potissimum
1520 1640 1781 1694 doceatur

216 1757 346 1804 esse,
375 1741 518 1809 quod
543 1738 635 1792 Dei
666 1736 838 1790 Filius
864 1742 985 1799 est;
1026 1748 1131 1786 nou
1163 1740 1246 1786 est
1274 1732 1327 1785 in
1358 1746 1423 1785 eo
1452 1729 1548 1783 ﬁlii
1586 1745 1652 1783 ex
1688 1743 1781 1798 ge-

218 1805 767 1884 nerali—familiaritate
795 1837 1113 1896 cognomen.
1144 1821 1259 1877 Non
1288 1819 1599 1876 contamino
1633 1818 1778 1872 veri-
1811 1805 1858 1866 B

218 1924 334 1978 tatis
355 1923 538 1988 ﬁdem,
569 1929 630 1975 ut
655 1921 762 1974 hoc
796 1917 980 1973 verbis
1010 1916 1148 1970 meis
1187 1921 1450 1968 astruam.
1481 1911 1781 1981 Loquatur,

217 2029 270 2073 ut
290 2034 426 2089 saepe
446 2017 640 2072 solitus
685 2022 788 2077 est,
823 2013 890 2067 de
922 2009 1201 2081 unigenito
1230 2023 1329 2063 suo
1373 2007 1553 2071 Pater,
1585 2021 1655 2060 ne
1684 2005 1784 2059 sub

221 2106 620 2163 consummandi
656 2101 911 2173 baptismi
950 2107 1291 2154 sacramento
1335 2095 1494 2151 Jesus
1536 2095 1786 2150 Christus

221 2203 528 2275 ignorabitis
573 2215 690 2255 esse
733 2197 902 2268 possit
949 2211 1046 2266 per
1092 2209 1308 2262 corpus.
1361 2191 1465 2244 Hic
1509 2199 1583 2244 est
1610 2188 1786 2242 Filius

220 2311 350 2347 meus
377 2291 626 2352 dilectus,
652 2290 705 2341 in
731 2304 825 2358 quo
855 2285 980 2339 bene
1003 2281 1294 2352 complacui
1313 2279 1528 2351 (Matth.
1561 2294 1643 2342 ιιι,
1673 2276 1783 2344 17).

221 2385 384 2455 Rogo,
412 2384 469 2437 in
497 2397 608 2452 quo
634 2379 826 2434 veritas
857 2377 1085 2446 deperit,
1115 2383 1168 2428 et
1191 2374 1246 2427 in
1277 2389 1386 2442 quo
1415 2371 1627 2425 inﬁrma
1655 2369 1790 2422 ﬁdes

223 2473 562 2544 professionis
599 2470 720 2525 est?
748 2467 864 2522 Non
893 2465 1246 2520 annuntiatus
1289 2478 1388 2533 per
1431 2460 1680 2530 angelum
1721 2457 1788 2512 de

227 2574 390 2619 sancto
429 2563 638 2633 Spiritu
683 2567 873 2630 partus
898 2573 964 2613 ex
1015 2557 1250 2626 virgine;
1283 2569 1392 2608 non
1434 2553 1593 2606 index
1625 2549 1790 2619 Magis

228 2655 388 2720 stella;
440 2655 534 2710 sed
577 2668 681 2707 nec
719 2650 928 2706 adorati
955 2650 1010 2704 in
1035 2648 1190 2703 cunis
1218 2648 1421 2711 honor;
1466 2660 1564 2699 nec
1611 2645 1790 2712 bapti-

224 2747 367 2800 zandi
393 2747 495 2801 sub
541 2744 800 2814 Baptistae
827 2740 1166 2812 professione
1201 2739 1374 2794 virtus
1401 2738 1538 2792 satis
1559 2751 1678 2792 esse
1721 2738 1790 2791 ad

222 2837 724 2892 demonstrationem
767 2832 1067 2901 maiestatis
1114 2831 1511 2886 existimantur.
1542 2828 1702 2882 Pater
1725 2827 1792 2882 de

220 2927 354 2982 uelo
389 2927 637 2996 loquitur,
663 2933 720 2980 et
763 2925 839 2979 ita
867 2923 1104 2992 loquitur
1135 2939 1149 2975 :
1177 2920 1281 2974 Hic
1307 2930 1381 2974 est
1422 2918 1596 2974 Filius
1624 2936 1788 2973 meus.

224 3017 362 3085 Quid
400 3019 500 3073 sibi
529 3018 636 3071 vult
672 3031 783 3071 non
839 3014 1240 3085 cognominuzn,
1285 3014 1380 3066 sed
1407 3012 1792 3081 pronominum

222 3109 385 3166 ﬁdes?
409 3109 742 3182 Cognomina
771 3109 1082 3162 nominibus
1127 3107 1436 3171 adduntur;
1469 3106 1787 3175 pronomina
1815 3145 1864 3208 α

224 3219 345 3258 vero
367 3205 609 3258 obtinent
648 3202 704 3256 in
733 3215 793 3256 se
822 3201 1098 3255 nominum
1128 3201 1402 3254 virtutem.
1435 3199 1792 3269 Proprietatis

225 3304 392 3350 autem
444 3294 774 3365 signiﬁcatio
821 3299 926 3356 est,
970 3291 1060 3346 ubi
1089 3299 1144 3347 et
1172 3291 1257 3345 hic
1301 3301 1378 3346 est
1430 3292 1630 3346 dictum
1675 3308 1796 3347 esse

226 3389 448 3453 auditur,
478 3397 536 3442 et
577 3404 723 3441 meus
772 3395 868 3439 est.
898 3385 965 3438 Et
994 3385 1231 3455 intellige
1261 3401 1379 3454 quae
1409 3384 1479 3440 sit
1516 3386 1718 3439 veritas
1741 3393 1796 3439 et

229 3480 358 3535 ratio
398 3479 694 3536 dictorum.
749 3478 985 3550 Legeras
1015 3497 1029 3531 :
1063 3475 1232 3532 Filios
1272 3478 1426 3548 genui
1473 3486 1522 3530 et
1569 3475 1797 3530 exaltari

231 3569 372 3639 (lui.
401 3588 440 3636 ι,
491 3570 574 3644 2).
607 3569 716 3626 Sed
765 3585 873 3624 non
911 3569 1141 3640 legeras,
1166 3567 1300 3637 ﬁlios
1336 3585 1508 3631 meos;
1540 3575 1799 3638 genuerat

231 3663 360 3717 enim
388 3679 482 3720 eos
509 3665 615 3719 sibi
639 3680 738 3733 per
762 3663 1081 3717 divisionem
1107 3663 1345 3733 gentium
1367 3670 1422 3716 et
1445 3660 1654 3729 plebem
1687 3661 1796 3715 hae-

232 3755 465 3810 reditatis
500 3757 558 3810 in
588 3754 750 3809 ﬁlios.
780 3753 858 3808 Ne
889 3754 1052 3824 igitur
1080 3768 1177 3823 per
1210 3752 1642 3808 communionem
1671 3753 1802 3808 ado-

232 3847 380 3916 ptiva:
409 3846 749 3902 bzereditatis
780 3852 1192 3914 cognomentum
1222 3843 1346 3898 Filii
1381 3845 1656 3914 unigenito
1689 3843 1802 3898 Deo

229 3935 531 4000 adderetur,
574 3944 786 3990 natum
833 3935 1035 3989 veritas
1065 3948 1160 4002 per
1187 3932 1630 4003 signiﬁcationem
1674 3949 1802 4004 pro-

230 4028 471 4096 prietatis
519 4037 740 4083 ostensa
773 4035 873 4082 est.
901 4026 1223 4097 Assignetur
1270 4041 1400 4081 sane
1436 4028 1536 4081 hoc
1563 4042 1805 4081 commu-

227 4119 405 4174 nionis
443 4121 497 4174 in
546 4119 765 4174 Christo
808 4133 1025 4183 nomen,
1057 4125 1117 4172 ut
1153 4116 1319 4172 Filius
1347 4120 1438 4182 sit,
1483 4117 1527 4172 si
1573 4117 1638 4172 de
1668 4131 1805 4187 quo-

226 4224 396 4277 quam
423 4211 625 4264 dictum
666 4209 965 4279 reperietur
997 4227 1010 4263 :
1043 4207 1147 4263 Hic
1187 4219 1266 4263 est
1296 4207 1470 4263 Filius
1499 4225 1660 4263 meus.
1709 4207 1806 4264 Sin

225 4315 367 4355 vero
392 4301 663 4370 proprium
709 4316 775 4356 ac
819 4300 1092 4371 singulare
1140 4301 1190 4356 ei
1223 4309 1306 4355 est
1337 4319 1348 4354 :
1382 4299 1484 4352 llic
1511 4309 1586 4353 est
1634 4298 1808 4353 Filius

227 4409 409 4455 meus,
440 4392 566 4460 quid
594 4393 912 4450 calumniam
934 4392 1043 4446 Deo
1071 4391 1218 4446 Patri
1265 4390 1524 4459 professa:
1563 4389 1629 4442 de
1674 4389 1810 4443 Filio

229 4485 592 4555 praprietatis
631 4484 937 4540 aﬁ‘erimus?
989 4483 1143 4539 Anne
1173 4485 1266 4538 tibi
1307 4484 1359 4537 in
1398 4499 1464 4538 eo
1487 4483 1630 4552 quod
1677 4481 1809 4536 dici-
1843 4500 1886 4557 ι)

231 4577 395 4635 citur.
422 4575 511 4629 liic
532 4585 627 4640 est,
657 4593 763 4631 non
805 4574 1099 4647 signiﬁcari
1138 4576 1366 4638 videtur,
1411 4575 1547 4629 alios
1593 4575 1810 4644 quidem

231 4668 648 4738 cognominatos
689 4669 757 4722 ab
803 4682 870 4722 eo
918 4667 974 4722 in
1007 4666 1174 4731 ﬁlios,
1203 4667 1297 4721 sed
1345 4667 1432 4720 hic
1460 4666 1629 4720 Filius
1661 4681 1813 4720 meus

232 4768 336 4821 est,
359 4758 562 4813 donavi
594 4757 894 4827 adaptionis
923 4757 1170 4826 plurimis
1193 4771 1408 4819 nomen,
1443 4757 1536 4811 sed
1558 4757 1658 4810 iste
1681 4756 1813 4810 mihi

234 4848 405 4902 Filius
428 4856 514 4902 est
548 4866 560 4900 :
589 4863 659 4902 ne
681 4863 891 4916 quaeras
919 4848 1105 4912 alium,
1128 4862 1194 4900 ne
1218 4861 1324 4900 non
1359 4846 1503 4900 hunc
1542 4861 1662 4901 esse
1701 4862 1817 4901 cre-

233 4943 359 5004 das;
393 4941 544 4994 hunc
579 4953 678 5010 ego
703 4948 954 5009 tanquam
986 4939 1154 5009 digito
1181 4939 1356 4994 indice
1383 4955 1449 4994 ac
1480 4939 1630 4992 verbi
1654 4939 1818 5008 signi-

235 5032 495 5087 ﬁcatione
519 5033 795 5100 contingo,
825 5047 928 5100 qua
952 5029 1094 5095 dico,
1121 5038 1177 5085 et
1225 5046 1370 5083 meus
1395 5039 1490 5093 est,
1522 5036 1577 5082 et
1608 5029 1692 5080 hic
1719 5037 1816 5093 est,

231 5131 286 5176 et
308 5121 497 5176 Filius
523 5131 618 5176 est.
643 5121 781 5188 Quid
804 5131 923 5190 post
947 5121 1060 5176 haec
1077 5120 1444 5190 intelligentia:
1455 5119 1653 5189 poterit
1677 5134 1818 5184 esse,

235 5223 438 5268 utnon
479 5229 600 5268 esse
634 5213 918 5268 credatur?
943 5213 1006 5267 Et
1031 5214 1144 5267 haec
1168 5214 1383 5283 quidem
1409 5220 1647 5282 paterna:
1673 5212 1824 5266 vocis

232 5307 577 5374 signiﬁcatio
605 5321 668 5360 ea
698 5304 821 5370 fuit,
844 5321 910 5360 ne
940 5306 1031 5376 qui
1056 5306 1120 5358 ad
1147 5305 1470 5374 implendam
1507 5318 1721 5357 omnem
1743 5302 1826 5372 ju-

234 5399 450 5452 stitiam
489 5395 851 5467 baptizandus
895 5405 1058 5461 esset,
1090 5397 1217 5466 quid
1248 5403 1393 5451 esset
1435 5396 1776 5466 ignoraretur
1808 5412 1821 5448 :

230 5489 334 5542 sed
391 5497 476 5552 ut,
506 5487 600 5555 qui
649 5488 718 5542 ad
771 5497 1165 5542 sacramentum
1197 5487 1386 5541 salutis
1435 5494 1632 5540 nostra:
1667 5485 1828 5540 homo

307 5629 332 5655 ι
375 5613 438 5687 S.
481 5614 746 5687 Hilarius,
777 5623 910 5670 tom.
939 5614 987 5670 Χ
1013 5614 1348 5687 Patrologive,
1381 5615 1483 5672 col.
1530 5615 1649 5680 174,
1679 5631 1826 5672 num.

230 5684 592 5748 2125,24.

314 5761 346 5798 υ
381 5755 444 5809 S.
481 5754 648 5810 ililar.
685 5755 792 5812 loc.
827 5757 917 5812 cit.
948 5756 1050 5812 col.
1097 5757 1213 5823 I79,
1248 5773 1392 5811 num.
1422 5757 1510 5810 9.7.

1873 555 1928 608 in
1988 555 2111 610 ﬁdei
2152 557 2313 627 hujus
2361 556 2699 612 confessione
2744 555 3080 610 credentium
3135 555 3247 608 vita
3298 563 3443 609 esset

1875 644 2005 716 (non
2051 648 2194 700 enim
2251 648 2352 702 alia
2419 648 2737 702 azternitatis
2783 647 2892 702 vita
2944 655 3066 709 est,
3115 647 3217 701 nisi
3262 645 3446 701 Iesum

1872 736 2144 792 Christum
2167 738 2502 806 unigenitum
2522 739 2688 793 Deum
2711 739 2943 792 sciamus
2958 752 3077 791 esse
3092 736 3184 791 Dei
3207 735 3449 808 Filium),

1873 839 1972 878 vox
2012 841 2042 880 e
2088 826 2225 880 caalo
2269 842 2486 880 rursum
2525 827 2594 880 ab
2648 827 2906 896 apostolis
2937 828 3146 881 iterata:
3177 827 3337 897 hujus
3375 828 3450 882 si-

1874 916 2239 986 gniﬁcationis
2282 919 2516 980 auditur,
2566 925 2626 970 ut
2673 919 2727 972 id
2767 918 2974 972 ﬁrmius
3025 920 3338 972 crederetur
3379 918 3446 971 ad

1873 1004 2060 1070 vitam,
2114 1006 2255 1074 quod
2311 1022 2416 1061 non
2462 1007 2755 1061 credidisse
2805 1023 2953 1062 mors
2999 1016 3160 1062 esset.
3208 1007 3456 1076 Namque

1874 1112 1995 1150 cum
2030 1098 2287 1152 Dominus
2333 1098 2385 1151 in
2415 1106 2596 1152 monte
2626 1099 2922 1167 majestatis
2962 1112 3071 1151 sua?
3097 1098 3282 1150 habitu
3313 1111 3446 1150 con—

1876 1189 2123 1254 stitisset,
2174 1190 2353 1261 Moyse
2395 1193 2554 1262 762
2579 1200 2741 1260 atque
2781 1192 2896 1244 Elia
2943 1189 3342 1254 assistentibus,
3392 1198 3449 1243 et

1877 1281 1944 1334 ad
1970 1281 2197 1337 visionis
2228 1291 2390 1352 atque
2421 1284 2568 1338 vocis
2598 1283 2755 1337 ﬁdem
2787 1283 2958 1337 tribus
2977 1282 3241 1337 columnis
3268 1282 3456 1336 Eccle-

1879 1372 2082 1425 siarutu
2111 1373 2338 1426 testibus
2364 1373 2676 1441 assumptis,
2703 1373 2819 1426 haec
2840 1387 2944 1424 vox
2968 1380 3191 1441 paterna
3218 1371 3284 1425 de
3314 1369 3454 1424 cmlo

1879 1473 1999 1520 est:
2034 1465 2137 1519 Hic
2161 1475 2238 1520 est
2265 1464 2436 1519 Filius
2466 1482 2610 1519 meus
2645 1464 2886 1529 dilectus,
2919 1465 2973 1517 in
2997 1479 3100 1534 quo
3137 1461 3451 1532 «πονηρίαι-αὶ,

1879 1558 2047 1626 ipsum
2097 1557 2274 1610 audite
2301 1577 2318 1608 ι
2369 1555 2582 1626 (Matth.
2611 1569 2744 1619 xm,
2771 1554 2847 1624 5).

1952 1665 2017 1720 ν.
2046 1667 2191 1722 Idem
2220 1676 2342 1736 post
2362 1665 2594 1736 plurima
2622 1673 2676 1719 et
2715 1663 2950 1718 veridica
2984 1663 3048 1717 de
3071 1660 3303 1716 naturali
3330 1675 3450 1730 pro-

1882 1761 2113 1830 prietate
2140 1761 2260 1816 Filii
2293 1761 2386 1814 Dei
2412 1760 2483 1812 ita
2511 1759 2690 1812 intulit
2718 1756 2745 1795 δ
2775 1777 2786 1812 :
2822 1776 2839 1808 ι
2871 1756 3009 1823 Quid
3042 1755 3271 1810 infertur
3297 1754 3459 1810 hodie

1883 1849 2185 1913 calumniae,
2225 1855 2284 1903 ut
2309 1849 2527 1918 adoptio
2554 1847 2788 1902 nominis
2832 1846 2920 1911 sit,
2949 1853 3008 1898 ut
3037 1844 3266 1898 mendax
3316 1844 3457 1897 Deus

1883 1942 1969 2003 sit,
1999 1949 2058 1994 ut
2083 1941 2297 1996 nomina
2325 1940 2503 1993 inania
2532 1940 2674 1994 sint?
2705 1937 2956 1993 Testatus
2978 1945 3059 1991 est
3085 1936 3246 1990 Pater
3270 1935 3338 1989 de
3366 1933 3461 1989 Fi-

1883 2031 1987 2098 lio;
2020 2032 2270 2100 operibus
2291 2031 2404 2084 suis
2418 2030 2587 2084 Filius
2602 2029 2966 2084 testimonium
2987 2027 3161 2080 Patris
3186 2033 3456 2095 exaequat.

1885 2121 1995 2176 Cur
2047 2138 2152 2176 non
2181 2123 2426 2176 videatur
2455 2136 2574 2176 esse
2622 2121 2676 2174 in
2705 2136 2769 2175 eo
2793 2121 2929 2174 idem
2959 2117 3090 2190 [A!.,
3122 2117 3174 2172 id
3199 2115 3306 2188 est]
3332 2115 3459 2169 Filii

1885 2214 2107 2277 veritas,
2138 2228 2257 2281 qua:
2299 2221 2353 2264 et
2383 2213 2606 2266 docetur
2645 2211 2777 2283 [Al.,
2810 2209 3029 2281 dicitur]
3077 2217 3130 2264 et
3179 2209 3462 2277 probatur.

1887 2302 2003 2357 Non
2038 2311 2120 2356 est
2149 2317 2246 2370 per
2275 2301 2442 2354 Deum
2469 2301 2685 2355 Patrem
2714 2300 2834 2353 Filii
2866 2316 3058 2354 nomen
3087 2300 3138 2352 in
3163 2297 3380 2352 Christo
3409 2305 3465 2350 et

1890 2391 2021 2463 [Αι.,
2051 2391 2141 2462 ex]
2175 2391 2460 2462 adoptione
2491 2389 2748 2443 bonitatis
2781 2407 2792 2442 :
2827 2403 3002 2457 neque
3028 2387 3316 2441 sanctitate
3355 2400 3468 2440 me-

1889 2481 1998 2534 ruit
2031 2481 2132 2534 hoc
2156 2495 2371 2542 nomen,
2397 2479 2536 2532 sicut
2559 2477 2738 2552 plures
2761 2484 2884 2546 post
2911 2475 3304 2530 confessionem
3336 2475 3462 2529 ﬁdei

1888 2570 1983 2624 Dei
2016 2568 2138 2623 Filii
2177 2577 2322 2623 sunt.
2369 2567 2726 2636 Proprietatis
2775 2565 2919 2619 enim
2949 2565 3003 2618 in
3034 2565 3117 2620 his
3146 2563 3469 2634 signiﬁcatio

1889 2660 2034 2714 nulla
2063 2668 2184 2714 est:
2221 2659 2454 2717 nominis
2481 2673 2712 2726 namque
2740 2665 2979 2720 tantum,
3012 2664 3070 2710 ut
3098 2656 3208 2710 Deo
3245 2656 3465 2725 dignum

1889 2760 1990 2817 est,
2024 2750 2229 2805 indulta
2261 2749 2501 2820 dignatio
2525 2755 2628 2802 est.
2668 2746 2825 2801 Aliud
2881 2755 2984 2812 est,
3015 2745 3098 2799 hic
3122 2755 3218 2811 est,
3242 2753 3296 2798 et
3323 2760 3469 2798 meus

1889 2853 1985 2909 est,
2017 2853 2072 2898 et
2101 2842 2240 2896 hunc
2261 2841 2482 2895 audite:
2510 2839 2563 2893 in
2595 2839 2699 2894 hoc
2746 2838 2950 2894 veritas
2975 2845 3074 2902 est,
3124 2844 3318 2892 natura
3360 2841 3468 2901 est,

1892 2935 2026 2990 ﬁdes
2048 2942 2150 2990 est.
2188 2955 2206 2988 ι

1967 3063 2050 3119 Ἥ.
2098 3065 2230 3120 Item
2279 3065 2331 3118 in
2357 3063 2703 3134 sequentibus
2746 3063 2799 3118 in
2839 3063 3028 3118 eodem
3056 3062 3193 3117 libro
3223 3070 3376 3118 sexto
3401 3075 3423 3102 ο
3452 3078 3470 3118 :

1899 3176 1917 3207 ‹
1952 3155 2248 3221 Omnibus,
2281 3155 2475 3224 quibus
2501 3169 2596 3224 per
2645 3153 2806 3207 ﬁdem
2850 3152 2992 3206 Deus
3035 3152 3198 3206 Pater
3235 3160 3335 3213 est,
3373 3159 3474 3222 per"

1891 3262 2010 3300 eam
2069 3246 2229 3300 ﬁdem
2284 3245 2444 3298 Pater
2498 3252 2614 3308 est,
2647 3257 2754 3311 qua
2811 3241 2999 3296 Jesum
3050 3241 3326 3296 Christum
3368 3241 3468 3297 Dei

1892 3335 2088 3388 Filium
2137 3333 2476 3389 conﬁtemur.
2528 3330 2785 3388 Conﬁteri
2818 3339 2997 3386 autem
3043 3331 3238 3386 Filium
3273 3345 3468 3386 secun-

1894 3425 2020 3480 dum
2067 3425 2318 3496 generale
2362 3431 2672 3480 sanctorum
2701 3439 2917 3490 nomen,
2966 3423 3092 3494 quid
3126 3424 3287 3478 habet
3327 3423 3474 3488 ﬁdei,

1896 3523 1954 3568 ut
1978 3514 2240 3578 dicamus,
2265 3530 2402 3571 unus
2424 3530 2489 3569 ex
2514 3513 2639 3568 ﬁliis
2663 3513 2778 3567 est?
2800 3512 2906 3568 Sed
2941 3512 3182 3582 nunquid
3214 3521 3267 3566 et
3287 3515 3474 3571 czeteri

1897 3603 1951 3657 in
1983 3605 2084 3658 hac
2107 3613 2368 3658 creatura:
2391 3619 2500 3658 sua:
2529 3604 2843 3658 inﬁrmitate
2861 3619 2964 3658 non
2989 3603 3080 3657 ﬁlii
3105 3604 3266 3658 sunt?
3286 3603 3342 3658 lu
3367 3620 3473 3673 quo

1898 3708 2027 3763 ergo
2071 3691 2264 3748 Filium
2312 3693 2406 3746 Dei
2469 3691 2653 3747 .lesum
2707 3692 2977 3748 Christum
3034 3692 3169 3748 ﬁdes
3233 3693 3478 3748 confessa

1898 3785 2178 3853 praecellit,
2209 3799 2329 3838 cum
2360 3784 2406 3838 ei
2439 3785 2732 3839 secundum
2765 3784 2930 3847 ﬁlios,
2974 3783 3069 3838 ﬁlii
3114 3800 3222 3839 non
3265 3791 3480 3848 natura,

1902 3875 1995 3930 sed
2017 3890 2214 3929 nomen
2253 3875 2366 3929 sit?
2395 3874 2674 3930 Christum
2705 3875 2931 3945 perﬁdia
2959 3876 3059 3929 ista
3088 3890 3194 3930 non
3225 3874 3417 3946 diligit.
3459 3895 3478 3928 ι

1979 3985 2083 4041 VII.
2109 3985 2242 4042 Item
2269 3987 2323 4041 in
2351 3988 2700 4056 sequentibus
2725 3987 2965 4056 ejusdem
2988 3986 3114 4042 libri
3137 3986 3163 4026 ει
3190 4005 3203 4041 :
3236 4005 3255 4038 ι
3277 3989 3344 4042 Et
3366 3989 3488 4058 qui-

1907 4076 2027 4130 dem
2057 4077 2350 4130 secundum
2380 4077 2673 4146 proposita;
2702 4091 2732 4128 a
2762 4075 2918 4129 nobis
2943 4075 3313 4144 responsionis
3342 4077 3488 4132 ordi-

1906 4182 2033 4222 nem
2066 4166 2556 4235 opportunissimus
2586 4167 2676 4222 hic
2708 4165 2866 4220 nobis
2895 4165 3046 4221 locus
3079 4173 3182 4231 est,
3217 4175 3276 4220 ut
3321 4167 3488 4223 tertio

1908 4273 2051 4313 nunc
2075 4258 2364 4312 doceamus
2385 4257 2578 4312 Filium
2608 4257 2701 4310 Dei
2735 4257 3015 4315 Dominum
3039 4265 3282 4311 nostrum
3303 4255 3489 4312 Iesum

1909 4350 2183 4406 Christum
2214 4350 2280 4406 ab
2333 4349 2590 4419 apostolis
2623 4349 2916 4414 creditum,
2968 4366 3071 4402 non
3123 4365 3188 4403 ea:
3216 4365 3490 4418 nuncupa-

1913 4440 2071 4505 tione,
2103 4439 2192 4493 sed
2222 4457 2284 4494 ea:
2310 4451 2533 4506 natura;
2557 4457 2720 4511 neque
2747 4457 2811 4494 ex
2839 4438 3139 4510 adoptione,
3185 4438 3278 4492 sed
3305 4453 3370 4492 ex
3394 4453 3492 4491 na-

1920 4533 1957 4585 ti
1965 4531 2138 4586 vitate.
2178 4551 2196 4584 ι

1996 4661 2122 4716 VIII.
2146 4663 2276 4716 Item
2304 4663 2358 4716 in
2383 4663 2732 4732 sequentibus
2753 4673 2776 4700 ε
2797 4679 2810 4714 :
2831 4679 2848 4711 ι
2870 4660 2984 4713 Non
3009 4668 3089 4714 est
3105 4659 3411 4728 evangelica
3437 4667 3494 4716 et

1923 4755 2212 4823 apostolica
2236 4755 2387 4820 ﬁdes,
2416 4755 2609 4808 Filium
2634 4754 2728 4808 Dei
2761 4753 2975 4807 nomine
3000 4753 3179 4822 potius
3208 4770 3369 4824 quam
3399 4770 3494 4808 na-

1923 4853 2042 4898 tura
2079 4846 2298 4898 credere
2351 4843 2479 4916 [Al.,
2530 4841 2865 4916 credidisse].
2919 4841 2976 4897 Si
3001 4844 3142 4898 enim
3193 4845 3495 4915 adoptionis

1925 4936 2039 4993 huic
2067 4940 2394 5008 nuncupatio
2423 4947 2533 5005 est;
2583 4946 2636 4993 et
2669 4955 2775 4993 non
2820 4940 3017 4996 idcirco
3044 4942 3211 4996 Filius
3236 4951 3335 5005 est,
3367 4941 3493 5009 quia

1925 5035 2121 5089 exierit
2162 5049 2192 5086 a
2230 5033 2365 5099 Deo,
2389 5049 2571 5103 quaero
2609 5036 2749 5090 unde
2783 5035 2972 5090 beatus
2998 5034 3215 5090 Simeon
3265 5033 3495 5101 Barjona

1925 5134 2008 5180 est
2030 5123 2309 5180 confessus
2333 5143 2344 5178 :
2379 5124 2455 5179 Tu
2481 5143 2532 5180 es
2570 5124 2807 5180 Christus
2835 5125 3006 5181 Filius
3034 5126 3130 5178 Dei
3148 5124 3248 5177 vivi
3277 5121 3491 5192 (Matth.

1929 5232 2042 5280 xvi,
2082 5215 2190 5287 16).
2217 5216 2368 5270 Anne
2406 5233 2526 5272 cum
2549 5219 2798 5272 omnibus
2823 5226 3059 5286 potestas
3090 5214 3159 5268 sit
3195 5227 3293 5281 per
3314 5227 3496 5267 sacra—

1931 5316 2168 5362 mentum
2196 5311 2618 5378 regenerationis
2651 5311 2702 5363 in
2729 5309 2864 5362 ﬁlios
2886 5307 2978 5362 Dei
3007 5305 3187 5359 nasci?
3216 5303 3272 5358 Si
3299 5320 3494 5360 secun-

1935 5401 2060 5456 dum
2095 5401 2236 5454 hanc
2283 5402 2734 5470 nuncupationem
2773 5400 2941 5453 Filius
2989 5397 3083 5452 Dei
3113 5395 3358 5451 Christus
3392 5405 3494 5462 est,

1938 5491 2208 5574 interrogo
2260 5491 2388 5559 quid
2436 5490 2564 5544 illud
2624 5490 2728 5554 sit,
2776 5488 2920 5557 quod
2968 5486 3130 5542 Petro
3178 5501 3287 5543 non
3335 5500 3496 5552 caro,

2014 5629 2036 5657 ι·
2074 5617 2206 5671 Ibid.
2235 5617 2339 5671 col.
2385 5614 2501 5682 181,
2532 5632 2678 5669 num.
2711 5615 2798 5670 50.

2008 5689 2032 5727 ἀ
2065 5688 2195 5741 Ibid.
2220 5687 2322 5741 col.
2349 5683 2474 5750 I85,
2495 5701 2642 5740 num.
2672 5686 2759 5738 52.

2018 5771 2038 5796 ο
2063 5758 2172 5813 Ibid
2203 5759 2301 5812 col.
2338 5757 2469 5819 186.
2504 5773 2650 5811 num.
2683 5758 2770 5813 56.
