3906 6186
314 5706 347 5720 .-

1203 328 1265 382 Β.
1302 327 1367 383 F.
1406 326 1631 383 ALBINI
1670 325 1801 384 SEU
1840 322 2116 381 ALCUINI
2162 325 2449 383 OPERUM
2485 324 2664 383 PARS
2699 324 2784 382 III.

3540 327 3617 386 92

358 459 531 514 neque
558 440 777 515 sanguis
820 440 1104 506 revelavit,
1144 441 1239 496 sed
1292 440 1456 496 Pater
1484 482 1498 507 ,
1529 440 1620 510 qui
1668 441 1723 494 in
1774 438 1926 494 ccelis
1955 441 2001 497 A
2030 436 2079 510 [ο
2106 438 2341 494 Verbum
2376 440 2519 494 enim
2561 454 2792 509 sponsus
2838 446 2894 493 et
2939 452 3134 508 sponsa
3176 454 3308 497 caro
3348 440 3610 511 humana,

354 536 527 594 εειῖ»

2029 536 2085 584 et
2113 538 2401 599 utrumque
2426 546 2566 585 unus
2590 530 2760 584 Filius
2780 529 2877 586 Dei
2904 536 2959 584 et
2987 529 3129 584 idem
3156 530 3328 586 Filius
3353 533 3610 601 hominis,

425 624 517 683 IX.
545 625 681 688 Item
701 641 767 682 ex
791 623 981 681 eodem
1006 623 1214 679 libros:
1240 641 1259 676 ‹
1280 620 1539 679 Scribens
1559 622 1744 691 utique
1765 636 1934 677 evan-
2026 621 2119 676 ubi
2148 620 2323 677 factos
2363 630 2448 677 est
2491 628 2654 691 caput
2677 621 2949 675 Ecclesiae.
3001 619 3096 675 Ille
3144 628 3333 677 uterus
3363 623 3613 698 virginis]

356 716 548 787 gelista
573 714 708 788 [Al.,
751 711 1065 785 Evangelia]
1102 713 1373 769 scribendi
1404 712 1591 767 debuit
1620 710 1815 765 aliene
1843 725 1926 764 ra-

357 805 592 871 tionem;
616 812 672 859 et
704 802 836 876 [Al.,
872 802 953 874 ut]
981 803 1285 867 videamus,
1311 799 1819 871 quam_ostenderet
1851 797 1933 853 di-

359 910 491 950 cens
523 911 538 949 :
570 893 700 950 Haec
748 903 923 948 autem
948 894 1143 964 scripta
1171 900 1313 957 sunt,
1344 898 1404 945 ut
1429 890 1655 944 credatis
1682 888 1932 959 quoniam

357 984 514 1040 Iesus
539 995 616 1039 est
636 983 875 1040 Christus
892 982 1065 1037 Filius
1087 983 1184 1036 Dei
1197 981 1380 1052 (Ioan.
1399 998 1492 1046 xx,
1516 979 1629 1050 51).
1650 977 1933 1034 Scribendi

358 1076 523 1147 igitur
545 1074 834 1145 Evangelia
873 1073 1007 1146 [Al.,
1030 1073 1331 1146 Evangelii]
1353 1089 1461 1129 non
1496 1071 1656 1127 aliam
1700 1069 1937 1141 praetulit

359 1181 602 1231 causam,
632 1180 794 1234 quam
821 1172 880 1219 ut
909 1180 1098 1219 omnes
1119 1165 1402 1219 crederent
1419 1162 1605 1218 Iesum
1630 1175 1751 1217 esse
1781 1160 1935 1216 Chri-

359 1263 504 1310 stum
555 1254 652 1310 Dei
702 1253 919 1308 Filium.
969 1252 1031 1310 Si
1072 1253 1267 1310 suliicit
1292 1254 1359 1308 ad
1387 1253 1613 1310 salutem
1657 1251 1934 1308 Christum

358 1345 602 1410 credere,
637 1360 735 1401 cur
754 1345 951 1416 adjecit
981 1364 994 1400 :
1022 1343 1221 1400 Filium
1250 1345 1386 1400 Dei?
1415 1344 1473 1400 Si
1496 1359 1627 1401 vero
1662 1343 1936 1400 Christum

359 1442 581 1497 credere
611 1455 672 1497 ea
700 1440 914 1495 demum
946 1439 1079 1494 ﬁdes
1106 1447 1208 1504 est,
1234 1454 1344 1494 non
1389 1438 1670 1495 Christum
1700 1445 1937 1493 tantum-

360 1533 543 1598 modo,
588 1531 683 1587 sed
728 1529 1002 1586 Christum
1030 1528 1225 1584 Filium
1254 1528 1351 1584 Dei
1376 1528 1691 1593 credidisse,
1721 1542 1829 1582 non
1851 1532 1938 1580 est

359 1637 560 1677 nomen
586 1620 711 1676 Filii
755 1620 811 1676 in
839 1619 1055 1677 Christo
1084 1619 1360 1689 unigenito
1391 1619 1502 1674 Deo
1530 1632 1598 1673 ex
1634 1614 1938 1687 adoptionis

360 1709 769 1767 consuetudine.
819 1728 839 1761 ι

2030 711 2214 768 Maria:
2252 714 2523 769 thalamus
2551 714 2691 783 ejus,
2722 715 2846 769 inde
2873 715 3137 783 processit
3163 723 3419 787 tanquam
3452 735 3618 790 spon-

2032 818 2125 858 sus
2151 804 2218 859 de
2246 804 2482 859 thalamo
2513 818 2633 859 suo.
2668 824 2687 857 ι

2101 893 2234 948 XIII.
2254 893 2310 949 Si
2333 895 2496 966 igitur
2512 893 3025 949 DoniinusChristus
3046 895 3344 950 secundum
3369 912 3616 963 cantem,

2033 984 2172 1040 sicut
2214 985 2433 1055 quidam
2480 985 2723 1054 improba
2769 984 2874 1040 ﬁde
2917 987 3182 1056 garriunt,
3216 988 3497 1057 adoptivus
3533 998 3619 1044 est

2031 1076 2223 1141 Filius,
2251 1092 2594 1147 nequaquam
2626 1092 2766 1132 unus
2794 1085 2880 1132 est
2904 1078 3096 1143 Filius,
3140 1080 3265 1147 quia
3310 1079 3622 1135 nullatenus

2031 1169 2282 1239 proprius
2308 1167 2477 1223 Filius
2503 1176 2559 1222 et
2596 1167 2879 1237 adoptivus
2905 1168 3094 1234 Filius,
3123 1184 3265 1223 unus
3291 1184 3414 1224 esse
3441 1178 3623 1240 potest

2032 1261 2224 1328 Filius,
2276 1262 2402 1332 quia
2453 1277 2594 1317 unus
2639 1276 2825 1328 verus,
2878 1269 2932 1316 et
2982 1262 3120 1317 alter
3157 1277 3269 1317 non
3305 1277 3469 1317 verus
3498 1277 3624 1317 esse

2034 1354 2384 1425 dignoscitur.
2430 1353 2571 1421 Quid
2610 1354 2705 1408 Dei
2743 1353 3193 1423 omnipotentiam
3239 1353 3342 1409 sub
3375 1360 3623 1409 nostram

2032 1446 2409 1502 necessitatem
2441 1460 2607 1515 prava
2626 1445 2934 1499 temeritate
2962 1445 3335 1514 constringere
3363 1445 3627 1499 nitimur?

2034 1533 2155 1590 Non
2192 1542 2278 1589 est
2313 1542 2514 1589 nostra:
2575 1532 2923 1588 mortalitatis
2991 1532 3108 1604 lege
3157 1533 3385 1603 ligatus;
3441 1534 3622 1589 omnia

2035 1624 2195 1688 enim,
2240 1639 2564 1694 quiscunque
2608 1621 2735 1687 vult,
2777 1623 3036 1677 Dominus
3068 1622 3197 1693 facit
3234 1624 3291 1677 in
3327 1624 3454 1678 caelo
3492 1633 3539 1679 et
3564 1624 3627 1678 in

2038 1723 2181 1766 terra
2217 1711 2390 1782 (Psal.
2417 1711 2672 1784 cxm,5).
2721 1710 2780 1766 Si
2825 1720 3007 1767 autem
3053 1712 3224 1768 voluit
3271 1728 3337 1768 ex
3367 1712 3621 1784 virginali

434 1802 502 1857 X.
560 1802 852 1858 Videamus
895 1816 1111 1872 quoque
1176 1800 1335 1871 quale
1394 1799 1762 1855 testimonium
1809 1799 1939 1855 bea—
1969 1795 2017 1856 Β
2042 1810 2198 1857 utero
2242 1802 2523 1873 proprium
2558 1802 2661 1857 sibi
2703 1817 2893 1858 creare
2917 1802 3137 1871 Filium,
3185 1803 3307 1874 quis
3347 1820 3513 1859 ausus
3544 1812 3631 1861 est

360 1905 450 1950 tus
469 1892 704 1948 Joannes
724 1892 986 1962 Baptista,
1012 1898 1132 1963 post
1154 1893 1472 1947 descensum
1500 1889 1737 1960 Spiritus
1766 1890 1938 1945 sancti

361 1986 419 2040 in
449 1983 628 2055 specie
670 1983 932 2039 columba:
957 1997 1119 2052 super
1155 1997 1300 2047 enm,
1350 1980 1575 2051 protulit
1600 1980 1667 2035 de
1703 1979 1834 2035 illo:
1870 1978 1941 2033 Et

358 2092 452 2146 ego
487 2074 597 2130 vidi
620 2084 667 2130 et
692 2073 1042 2129 testimonium
1061 2073 1300 2144 perhibui
1318 2113 1334 2138 ,
1361 2072 1488 2143 quia
1533 2070 1617 2124 hic
1664 2079 1739 2125 est
1768 2068 1815 2122 F
1817 2070 1941 2124 ilius

367 2164 461 2219 Dei
489 2163 671 2236 (Joau.
701 2180 743 2231 ι,
776 2163 889 2235 54).
911 2163 989 2219 De
1025 2178 1131 2231 quo
1172 2161 1484 2216 testimonio
1513 2160 1706 2214 beatus
1754 2158 1942 2228 Augu-

363 2258 539 2312 stinus
562 2257 616 2312 in
647 2256 867 2312 homilia
908 2254 1136 2325 septima
1167 2268 1329 2322 super
1369 2251 1635 2307 Joannem
1672 2250 1947 2321 evangeli-

361 2356 505 2404 stam
555 2349 630 2403 ita
677 2348 753 2402 ait
800 2346 829 2388 ιι
859 2364 872 2401 :
906 2364 926 2396 ι
965 2344 1246 2401 Perhibuit
1290 2340 1526 2398 Joannes
1550 2340 1940 2405 testimonium,

362 2442 490 2512 quia
520 2441 673 2496 vidit.
706 2438 876 2506 Quale
910 2436 1279 2492 testimonium
1328 2432 1645 2504 perhibuit?
1669 2429 1809 2496 Quia
1835 2432 1946 2502 ipse

363 2543 440 2588 est
474 2531 650 2587 Filius
677 2531 798 2585 Dei.
829 2529 1123 2600 Oportebat
1152 2542 1279 2598 ergo
1305 2533 1365 2580 ut
1396 2525 1482 2580 ille
1503 2524 1823 2594 baptizaret,
1853 2524 1946 2594 qui

366 2632 451 2681 cst
471 2624 642 2679 Filius
664 2622 759 2678 Dei
788 2621 1000 2685 unicus,
1051 2634 1158 2673 non
1185 2618 1492 2687 adoptatus.
1522 2614 1776 2684 Adoptati
1820 2612 1947 2668 Filii

366 2715 605 2772 ministri
627 2721 752 2769 sunt
779 2712 925 2769 unici
967 2730 979 2765 :
1014 2709 1216 2766 Unicus
1242 2709 1407 2764 habet
1431 2713 1788 2779 potestatem,
1819 2704 1950 2759 ado-

367 2810 506 2880 ptati
545 2805 924 2862 ministerium.
961 2823 980 2856 ι

440 2899 534 2955 XI.
562 2899 695 2953 Item
738 2898 794 2951 in
823 2896 1011 2952 eadem
1045 2893 1266 2950 homilia
1288 2890 1468 2964 (Num.
1504 2890 1593 2961 l5)
1622 2907 1635 2942 :
1674 2906 1695 2940 ‹
1728 2885 1951 2943 Messias

372 2993 657 3056 Ilcbraice,
696 2991 886 3046 Graece
915 2988 1197 3050 Christus,
1226 2984 1417 3039 Latine
1445 2982 1671 3038 Unctus.
1717 2980 1801 3035 Ab
1844 2994 1947 3034 un-

373 3085 553 3143 ctione
581 3082 723 3138 enim
745 3079 941 3136 dicitur
968 3074 1286 3151 [Christus],
1316 3090 1346 3128 a
1370 3074 1606 3129 chrisma
1629 3072 1814 3127 unctio
1844 3077 1946 3126 est.

2040 1896 2239 1961 dicere,
2284 1911 2409 1951 eum
2453 1910 2562 1951 non
2601 1896 2797 1966 posse?
2831 1895 3090 1950 Potestati
3134 1897 3249 1967 ejus
3288 1900 3405 1968 quis
3433 1898 3631 1952 resistit

2043 1985 2222 2057 (Rom.
2251 2001 2323 2048 ix,
2352 1986 2481 2057 l9)?
2514 1984 2625 2042 Cur
2651 1994 2865 2041 secreta
2898 1986 3193 2043 volunlatis
3235 1987 3381 2043 illius
3408 1987 3494 2041 vel
3525 2002 3628 2058 po-

2042 2076 2258 2130 testatis
2302 2076 2561 2147 indagare
2594 2075 2793 2147 aliquis
2834 2077 3029 2132 audet?
3072 2077 3170 2133 Vel
3210 2092 3380 2148 quare
3407 2077 3633 2133 credere

2043 2183 2152 2222 non
2178 2167 2439 2222 debemus
2466 2166 2585 2237 ejus
2622 2169 2932 2224 testimonio
2957 2170 3024 2224 de
3045 2168 3187 2225 Filio
3217 2185 3336 2234 suo,
3362 2184 3522 2240 quem
3548 2177 3638 2223 to-

2045 2256 2147 2310 ties
2178 2256 2235 2310 in
2259 2255 2553 2326 Evangelia
2580 2272 2737 2312 suum
2766 2258 3087 2324 nominavit,
3117 2266 3173 2311 et
3206 2274 3312 2312 non
3360 2256 3637 2312 alienum?

2046 2347 2168 2417 Ipse
2207 2362 2424 2418 quoque
2461 2348 2631 2403 Filius
2672 2349 2885 2403 Patrem
2924 2364 3049 2403 eum
3084 2351 3280 2419 saepius
3310 2350 3632 2404 nominavit.

2046 2440 2336 2496 Videamus
2373 2441 2504 2510 quid
2548 2442 2665 2510 ipse
2726 2456 2873 2495 casco
2916 2442 3196 2509 respondit
3246 2442 3631 2511 interroganti,

2047 2530 2170 2601 quis
2195 2537 2339 2585 esset
2364 2529 2534 2583 Filius
2560 2529 2679 2595 Dei,
2709 2538 2769 2584 ut
2792 2530 3037 2585 crederet
3066 2532 3119 2584 in
3145 2545 3289 2585 eum.
3331 2529 3637 2600 Respondit

2048 2624 2231 2692 itaque
2257 2640 2270 2677 :
2298 2621 2367 2675 Et
2393 2621 2566 2675 vidisti
2596 2637 2735 2687 eum,
2760 2630 2807 2675 et
2838 2623 2928 2692 qui
2967 2621 3200 2693 loquitur
3225 2632 3389 2674 tecum
3422 2622 3532 2691 ipse
3559 2633 3642 2676 est

2051 2715 2234 2785 (laetu.
2267 2728 2351 2777 ix,
2375 2712 2488 2782 57).
2537 2711 2784 2766 Nondum
2823 2712 2967 2768 enim
2996 2727 3175 2767 caecus
3203 2711 3291 2768 ille
3321 2711 3642 2781 spiritaliter

2051 2803 2313 2859 intellexit
2333 2802 2526 2857 Filium
2556 2802 2683 2868 Dei;
2716 2810 2897 2858 tamen
2936 2803 3146 2857 audivit
3180 2802 3249 2856 ah
3275 2817 3340 2856 eo
3366 2819 3379 2854 :
3406 2801 3477 2855 Et
3505 2802 3644 2855 ridi—

2051 2895 2117 2948 sti
2139 2910 2279 2948 eum.
2325 2891 2518 2959 Quem,
2567 2892 2673 2947 nisi
2705 2890 2900 2946 Filium
2926 2892 3066 2947 Dei?
3096 2892 3164 2945 Et
3187 2893 3274 2964 qui
3305 2891 3536 2963 loquitur
3562 2901 3644 2945 te-

2052 3001 2191 3051 cum,
2219 2984 2329 3055 ipse
2354 2992 2447 3037 est.
2500 2981 2651 3049 Quis,
2701 2981 2811 3036 nisi
2854 2981 3025 3037 Filius
3065 2982 3199 3037 Dei?
3242 2981 3334 3036 Ille
3372 2981 3641 3037 unitatem

2054 3094 2300 3148 persona:
2344 3077 2702 3133 humanitatis
2749 3084 2803 3132 ct
2847 3077 3149 3132 divinitatis
3199 3076 3544 3139 monstravit,
3581 3084 3643 3129 ut

373 3174 561 3232 Graece
585 3186 714 3242 ergo
727 3168 977 3225 Christus
998 3166 1223 3223 Unctus.
1246 3164 1340 3219 Ille
1362 3163 1709 3235 singulariter
1729 3168 1947 3225 unctus,
1973 3167 2023 3232 ρ
2052 3170 2365 3225 crederetur
2406 3168 2495 3223 ille
2525 3170 2707 3233 homo,
2736 3169 2829 3239 qui
2858 3168 3007 3223 visus
3034 3174 3137 3233 est,
3169 3182 3295 3222 vere
3318 3182 3437 3221 esse
3462 3165 3637 3221 Filius

372 3266 641 3339 praecipue
668 3268 880 3327 unctus,
928 3259 1073 3315 unde
1106 3258 1267 3330 763
1297 3272 1485 3312 omnes
1528 3254 1823 3311 Christiani
1848 3269 1947 3307 un-

377 3368 592 3431 gentor,
644 3355 731 3410 ille
770 3353 1057 3424 praecipue.
1112 3349 1391 3417 Quomodo
1436 3348 1490 3402 in
1515 3346 1731 3402 Psalmo
1777 3346 1952 3411 dicit,

379 3452 545 3509 audi:
594 3447 881 3519 Propterea
917 3445 1068 3499 unxit
1110 3451 1159 3496 te
1186 3441 1351 3509 Deus,
1370 3441 1513 3495 Deus
1537 3448 1681 3505 tuus,
1721 3438 1834 3494 oleo
1862 3456 1952 3494 ea:-

379 3544 677 3602 sultationis
709 3557 818 3611 prw
847 3536 1189 3610 participibus
1207 3536 1311 3589 tuis
1338 3533 1509 3606 (Psal.
1538 3550 1688 3600 XLIV,
1713 3535 1789 3606 8).
1816 3534 1952 3589 Par-

382 3638 577 3707 ticipes
600 3634 745 3691 enim
786 3630 905 3701 ejus
945 3644 1132 3684 omnes
1154 3628 1351 3695 sancti,
1376 3628 1470 3682 sed
1500 3626 1589 3682 ille
1610 3626 1957 3698 singulariter

383 3728 617 3784 Sanctus
643 3724 989 3787 Sanctorum,
1028 3718 1378 3791 singulariter
1410 3726 1638 3785 unctus,
1669 3718 1957 3791 singulari-

384 3829 468 3875 ter
492 3817 760 3875 Christus.
793 3833 813 3867 ι

453 3904 567 3963 XII.
594 3906 733 3974 Quid
762 3919 897 3976 opus
923 3910 1006 3959 est
1027 3900 1422 3974 professionem
1451 3900 1808 3957 Nathanaelis
1831 3915 1959 3972 pro-

381 3998 634 4056 testantis
663 3996 846 4052 verbis
873 4007 1204 4066 exaggerate
1235 4011 1249 4047 :
1279 3990 1448 4046 Rabbi
1477 4000 1534 4046 tu
1561 4010 1614 4046 es
1642 3990 1815 4047 Filius
1837 3990 1957 4057 Dei,

380 4100 442 4145 tu
468 4105 521 4143 es
551 4105 644 4143 rex
668 4086 839 4142 Israel
870 4086 1052 4157 (Joan.
1096 4102 1147 4150 ι,
1186 4083 1306 4156 49);
1348 4084 1413 4140 de
1446 4099 1553 4154 quo
1583 4084 1797 4140 Veritas
1842 4084 1962 4152 ipsa

382 4189 495 4235 tam
524 4178 792 4234 laudabile
813 4177 1036 4249 protulit
1059 4176 1423 4231 testimonium
1445 4177 1630 4232 dicens
1653 4193 1667 4230 :
1695 4175 1827 4231 Ecce
1850 4192 1964 4232 vere

382 4267 653 4335 Israelita,
675 4268 731 4322 in
751 4284 852 4337 quo
874 4265 1026 4319 dolus
1049 4283 1153 4320 non
1173 4275 1249 4319 est
1275 4264 1437 4337 (Ibid.
1461 4265 1593 4336 47)?
1642 4283 1661 4316 ι
1695 4264 1832 4320 Nam
1861 4266 1964 4321 iste

384 4358 708 4423 Nathanael,
725 4357 865 4411 sicut
877 4356 1208 4426 Augustinus
1218 4356 1344 4410 dicit
1363 4357 1532 4427 (num.
1548 4356 1659 4427 20),
1673 4356 1833 4413 talem
1844 4370 1966 4426 pro-

384 4450 510 4506 tulit
535 4463 721 4503 vocem
748 4445 857 4500 :Tu
878 4461 931 4499 es
945 4443 1118 4499 Filius
1136 4444 1252 4510 Dei,
1275 4454 1331 4498 tu
1353 4462 1407 4499 es
1429 4462 1521 4499 rex
1536 4445 1726 4511 Israel,
1748 4448 1963 4517 qualem

2053 3259 2168 3314 Dei.
2219 3259 2316 3314 His
2356 3260 2682 3314 testimoniis
2723 3260 2971 3314 veritatis
3017 3261 3324 3326 roboratus,
3374 3276 3408 3315 ο
3453 3261 3640 3323 homo,

2051 3348 2160 3404 noli
2202 3348 2451 3419 judicare
2485 3349 2723 3420 judicem
2766 3358 2940 3416 tuum,
2974 3352 3070 3406 sed
3095 3353 3261 3407 adora
3290 3352 3459 3407 Deum
3489 3360 3645 3407 tuum

2053 3448 2372 3512 regnantem
2394 3440 2447 3494 in
2475 3440 2650 3505 ccelis,
2674 3454 2835 3510 quem
2860 3439 3047 3512 Magos
3069 3442 3315 3497 adoravit
3337 3443 3646 3513 vagientem

2057 3532 2207 3606 [Ms.,
2232 3532 2586 3605 vagitantem]
2618 3533 2672 3587 in
2695 3532 3015 3589 cunabulis:
3044 3535 3252 3591 honora
3280 3537 3554 3591 sedentem
3585 3537 3644 3591 in

2058 3626 2253 3679 throno
2293 3622 2619 3694 majestatis,
2680 3639 2840 3693 quem
2887 3634 3063 3681 mater
3110 3636 3299 3682 natum
3354 3629 3534 3698 posuit
3589 3630 3648 3683 in

2056 3717 2321 3787 praesepio
2347 3716 2751 3785 hospitalitatis,
2782 3726 2837 3772 et
2867 3719 2976 3773 noli
3007 3717 3187 3775 facere
3214 3719 3466 3788 injuriam
3489 3735 3650 3775 crea-

2062 3808 2163 3862 tori
2192 3817 2304 3872 tuo,
2336 3807 2476 3862 sicut
2503 3816 2722 3863 sanctus
2742 3808 3075 3879 Augustinus
3106 3811 3236 3865 dicit
3258 3813 3311 3866 in
3340 3812 3557 3868 homilia
3590 3815 3649 3869 in

2060 3897 2234 3951 Natali
2284 3896 2587 3951 Dominid:
2646 3916 2665 3948 ι
2722 3897 2900 3963 Quare
2945 3899 3104 3953 modo
3149 3909 3374 3969 putatur
3421 3902 3647 3972 injuria,

2063 3988 2278 4058 quando
2305 3988 2469 4054 Deus,
2513 3988 2656 4057 quod
2695 3988 2809 4058 ipse
2840 3987 2985 4054 fecit,
3016 3989 3153 4044 mire
3182 3990 3236 4044 in
3264 4006 3322 4045 se
3349 3992 3652 4049 clementer

2060 4079 2295 4148 excepit,
2334 4087 2389 4134 et
2426 4079 2480 4133 in
2520 4079 2736 4133 homine
2779 4093 2837 4132 se
2864 4094 2994 4133 vere
3022 4078 3191 4135 videri
3229 4081 3419 4148 voluit,
3454 4084 3507 4137 in
3535 4100 3652 4156 quo

2063 4178 2187 4224 ante
2223 4168 2539 4239 imaginarie
2585 4167 2755 4223 voluit
2788 4183 2847 4223 se
2888 4169 3079 4233 videri,
3119 4170 3374 4239 deditque
3417 4180 3478 4226 ut
3518 4189 3655 4243 pro-

2062 4263 2263 4332 prietas
2311 4270 2455 4319 esset
2501 4261 2634 4332 ipse,
2678 4262 2768 4331 qui
2818 4270 2961 4329 ante,
3014 4271 3076 4317 ut
3124 4263 3421 4320 similitudo
3469 4274 3639 4333 esset,

2066 4356 2354 4427 acciperet.
2392 4374 2412 4408 ι

2137 4449 2508 4521 Ingrediamur
2548 4463 2764 4517 quoque
2806 4447 3032 4503 aliorum
3077 4455 3386 4503 sanctorum
3419 4448 3649 4504 Patrum

384 4548 543 4598 tanto
563 4546 688 4609 post
708 4536 922 4601 Petrus,
951 4536 1166 4605 quando
1194 4533 1245 4590 ei
1266 4534 1524 4590 Dominus
1550 4535 1626 4589 ait
1650 4552 1663 4588 :
1691 4535 1883 4590 Beatus
1911 4554 1963 4590 es
1991 4526 2043 4587 Ῑ)
2068 4541 2394 4598 aromaticas
2425 4539 2611 4604 cellas,
2638 4546 2694 4593 et
2718 4553 2975 4592 eruamus
3013 4537 3137 4592 inde
3162 4538 3367 4606 aliquid
3403 4537 3469 4593 ad
3500 4538 3652 4592 salu-

388 4628 576 4685 Simon
605 4627 865 4699 Barjona,
905 4627 1030 4698 quia
1062 4642 1167 4681 non
1205 4625 1300 4680 tibi
1331 4623 1569 4680 reuelauit
1598 4642 1721 4681 caro
1749 4635 1799 4680 et
1836 4644 1964 4681 san—

386 4719 531 4789 guis,
550 4719 639 4773 sed
659 4718 823 4774 Pater
840 4734 1006 4785 meus,
1028 4718 1118 4789 qui
1143 4726 1217 4779 est
1243 4718 1300 4772 in
1323 4716 1449 4772 caelo
1472 4715 1684 4788 (Matth.
1711 4733 1821 4782 xvi,
1840 4717 1962 4790 I7);

388 4817 450 4865 et
473 4808 548 4864 ibi
589 4809 888 4864 nominavit
928 4817 1164 4879 petram,
1207 4815 1263 4864 et
1287 4806 1527 4863 laudavit
1566 4806 1967 4864 ﬁrmamentum

393 4898 670 4957 Ecclesia.
694 4898 752 4953 In
779 4899 881 4953 ista
908 4899 1013 4954 ﬁde
1040 4900 1131 4955 hic
1147 4899 1258 4970 jam
1286 4899 1416 4955 dicit
1439 4914 1454 4953 :
1480 4897 1559 4952 Tu
1580 4897 1702 4953 esF
1705 4898 1827 4953 ilius
1849 4899 1963 4965 Dei,

392 5002 454 5048 tu
483 5010 536 5048 es
578 5006 669 5045 rea:
706 4987 894 5043 Israel.
931 5008 950 5042 ι
984 4989 1116 5045 Item
1153 4990 1207 5044 in
1243 4998 1435 5046 octava
1468 4990 1687 5044 homilia
1723 4990 1968 5059 ejusdem

396 5084 578 5158 operis
619 5083 760 5139 idem
807 5078 1063 5151 prmlatus
1088 5082 1250 5136 Pater
1287 5082 1354 5136 de
1382 5083 1589 5136 unitate
1612 5081 1731 5136 Filii
1762 5082 1854 5137 Dei
1896 5082 1969 5136 ita

396 5175 532 5231 dicit
560 5174 730 5247 (num.
754 5171 810 5245 4)
840 5189 854 5227 :
903 5189 921 5222 ί
952 5171 1210 5226 Dominus
1254 5177 1432 5226 autem
1481 5187 1705 5229 securus
1734 5174 1973 5229 moriens

401 5264 551 5320 dedit
585 5265 903 5337 sanguinem
931 5277 1086 5318 suum
1120 5275 1218 5331 pro
1246 5275 1331 5327 ea,
1365 5275 1526 5331 quam
1557 5278 1846 5335 resurgens
1872 5264 1974 5318 ha-

403 5355 577 5424 beret,
603 5372 765 5428 quam
794 5358 895 5415 sibi
934 5355 1046 5429 jam
1075 5353 1425 5425 coniunxerat
1459 5355 1514 5410 in
1538 5365 1694 5412 utero
1721 5357 1971 5429 Virginis.

476 5517 508 5548 ι
536 5502 596 5560 S.
625 5503 796 5559 Hilar.
827 5506 929 5562 loc.
960 5506 1079 5572 cit.,
1106 5504 1209 5561 col.
1242 5504 1365 5571 190,
1395 5521 1542 5560 num.
1570 5504 1659 5559 bl.

2066 4641 2177 4687 tem
2204 4630 2494 4702 legentium
2523 4637 2579 4683 et
2605 4627 3030 4698 supplementum
3059 4628 3238 4697 cperis
3274 4628 3464 4682 nostri.

2137 4721 2276 4777 XIV.
2298 4720 2593 4777 Videamus
2618 4719 2748 4790 quid
2773 4719 2964 4774 beatus
2998 4716 3230 4789 Cyrillns
3248 4717 3652 4774 Alexandrinus

2069 4814 2378 4884 episcopus,
2427 4810 2583 4879 cujus
2630 4811 2952 4865 documenta
3004 4817 3191 4864 contra
3236 4807 3541 4863 Nestorium
3592 4809 3651 4862 in

2072 4911 2227 4959 sexta
2271 4900 2478 4972 synodo
2522 4899 2757 4954 maxime
2800 4898 3134 4963 claruerunt,
3170 4897 3238 4953 de
3279 4898 3380 4953 hac
3422 4897 3651 4965 inquisi-

2073 4994 2218 5048 tione
2269 4989 2522 5046 senserit.
2577 4988 2721 5043 Dicit
2770 4988 2913 5044 enim
2968 4987 3023 5042 in
3074 4987 3333 5056 Epistula,
3380 5002 3543 5057 quam
3595 4989 3651 5043 in

2078 5097 2362 5139 commune
2389 5079 2773 5135 ecclesiasticis
2803 5078 3020 5147 scripsit
3048 5079 3345 5143 ordinibus,
3375 5080 3518 5133 inter
3541 5080 3653 5135 alia

2075 5175 2155 5230 sic
2179 5184 2201 5213 α
2231 5191 2243 5226 :
2275 5190 2293 5223 ‹
2328 5170 2553 5236 Quando
2578 5170 2735 5235 enim,
2779 5168 2974 5237 inquit,
3022 5168 3306 5224 introducit
3329 5171 3656 5241 primogeni-

2076 5276 2185 5320 tum
2214 5266 2270 5318 in
2298 5263 2471 5317 orbem
2498 5271 2756 5316 terrarum
2784 5260 2911 5315 dicit
2935 5274 2953 5313 :
2990 5260 3059 5315 Et
3088 5262 3304 5316 adorent
3329 5279 3444 5316 eum
3472 5279 3657 5318 omnes

2078 5352 2250 5426 angeli
2273 5353 2372 5407 Dei
2400 5351 2586 5422 (Hebr.
2616 5367 2655 5414 ι,
2686 5350 2764 5422 6).
2798 5350 2906 5406 Sed
2934 5368 3033 5408 nos
3060 5353 3300 5422 quidem,
3332 5352 3435 5407 etsi
3463 5362 3661 5409 saneto

2152 5505 2178 5545 ἀ
2214 5506 2366 5561 Hune
2395 5512 2598 5560 textum
2646 5503 2702 5559 in
2746 5505 3085 5559 sermonibus
3118 5505 3183 5558 de
3214 5502 3387 5557 Natali
3418 5501 3664 5567 Domini,

477 5575 508 5617 ιι
544 5573 784 5648 S.__i}t_lg_._
803 5574 856 5628 in
884 5574 1239 5648 goauLtract.
1269 5592 1364 5644 vn,
1395 5593 1545 5632 num.
1575 5575 1627 5642 4,
1658 5574 1978 5647 Patrologim
2082 5577 2174 5648 qui
2203 5576 2261 5648 S.
2283 5576 2583 5648 Augustino
2606 5575 2970 5648 ascribuntur,
3004 5590 3110 5628 non
3138 5575 3454 5648 reperimus.

408 5655 560 5705 tumo
588 5644 804 5708 XXXV,
827 5644 929 5699 col.
956 5645 1112 5699 1459.

486 5728 507 5755 ε
539 5715 803 5772 Restitute
833 5731 898 5770 ex
918 5714 1077 5769 editis
1097 5730 1217 5786 quae
1240 5715 1435 5771 omissa
1468 5724 1591 5771 sunt
1625 5716 1677 5771 in
1701 5731 1799 5772 ms.

2296 5639 2709 5733 Cyj'ti‘llushleit.
2746 5645 2991 5733 epistzg,
3023 5652 3154 5700 tom.
3181 5639 3224 5700 V
3258 5640 3492 5713 Operam
3522 5639 3667 5698 edit.

2084 5716 2258 5772 Paris.
2295 5713 2452 5783 1658,
2482 5722 2624 5785 part.
2654 5732 2714 5780 ll,
2745 5713 2865 5785 pag.
2896 5713 2980 5767 12.
