3906 6186
186 320 240 374 93
996 312 1411 371 DOGMATICA.
1450 344 1521 355 --
1561 313 1687 369 LIB.
1722 314 1883 374 ADV.
1923 315 2249 376 ΠᾸΞΠΕΒΙΝ
2284 317 2569 379 FELICIS.
3070 314 3079 325 ’
3338 324 3409 381 94

185 434 302 491 uncti
338 446 525 488 sumus
583 429 796 502 Spiritu
813 471 828 496 ,
875 431 1179 500 adoptionis
1223 429 1442 500 quidem
1493 430 1729 486 ditamur
1754 431 1805 489 A
1831 430 2028 497 solum,
2063 434 2161 489 sed
2190 434 2355 489 totius
2380 434 2637 501 hominis,
2665 434 2858 490 animae
2885 442 2940 490 et
2968 437 3229 507 corporis,
3251 451 3409 493 vera-

182 526 337 598 gratia,
381 537 753 592 vocamurque
800 522 965 577 etiam
988 522 1084 576 Dei
1131 520 1209 593 [id
1229 530 1327 586 est,
1355 519 1482 593 Dii],
1530 527 1730 577 nostra:

182 633 282 673 vero
332 624 542 670 natura:
610 628 925 670 mensuram
976 630 1084 670 non
1135 614 1478 684 ignoremus;
1541 630 1731 671 sumus

181 706 309 779 765
329 706 475 760 enim
514 706 572 760 in
609 713 760 760 terra
798 715 854 760 et
879 706 1186 764 habitamus
1236 707 1380 762 inter
1414 722 1629 773 servos;
1675 715 1732 763 at

182 798 253 853 ille
273 804 342 852 est
363 812 481 851 non
516 796 573 849 in
602 795 802 864 quibus
829 811 950 863 nos,
981 796 1076 852 sed
1103 803 1297 850 natura
1333 803 1390 851 et
1414 810 1540 851 vere
1562 796 1731 853 Filius

182 898 224 946 et
242 890 466 947 omnium
494 889 782 944 Dominus.
818 908 840 941 ι

235 983 326 1038 XV.
362 983 518 1038 Idem
555 982 610 1037 in
638 981 829 1036 eadem
855 988 979 1050 post
1003 995 1177 1050 pauca
1206 995 1220 1033 :
1257 997 1276 1031 Ι
1308 978 1574 1047 Quocirca
1606 980 1729 1049 qui-

183 1079 274 1135 dem
312 1092 377 1132 ex
428 1076 646 1132 duabus
692 1075 859 1129 rebus
905 1072 1301 1137 indubitanter,
1350 1072 1631 1127 divinitate
1676 1080 1733 1127 et

182 1167 481 1223 humanitate
499 1162 823 1219 Emmanuel
837 1169 941 1216 est.
965 1162 1349 1218 Verumtamen
1378 1176 1518 1215 unus
1540 1160 1729 1216 Domi-

182 1275 260 1314 nus
276 1258 429 1314 loses
452 1256 727 1319 Christus,
759 1267 1006 1322 unusque
1040 1261 1095 1307 et
1117 1267 1245 1306 vere
1263 1250 1453 1317 Filius,
1477 1252 1623 1307 Deus
1655 1251 1732 1305 si-

181 1349 266 1404 mul
287 1358 337 1405 et
356 1349 559 1412 homo;
590 1354 645 1400 et
672 1359 784 1399 non
811 1344 973 1398 homo
999 1343 1142 1397 Deus
1168 1341 1345 1397 factus
1383 1343 1484 1397 sub
1511 1341 1732 1412 aequali-

181 1449 267 1495 tate
286 1441 502 1504 horum,
530 1438 623 1509 qui
646 1452 748 1507 per
769 1435 1035 1507 gratiam;
1068 1433 1161 1490 sed
1188 1434 1332 1490 Deus
1356 1435 1536 1505 potius
1568 1449 1730 1489 verus

179 1532 220 1584 in
241 1530 468 1586 humana
502 1526 678 1582 forma
714 1539 982 1595 apparens
1022 1532 1244 1594 propter
1280 1538 1397 1578 nos.
1445 1523 1549 1577 Dat
1574 1523 1731 1578 nobis

177 1630 329 1674 autem
375 1618 536 1674 ﬁdem
577 1618 645 1673 ad
685 1617 793 1672 hoc
832 1623 889 1670 et
930 1613 1221 1683 Deiloquus
1265 1612 1463 1670 Paulus
1508 1612 1725 1668 dicens:

178 1710 289 1765 Cum
316 1719 492 1764 eum
529 1708 747 1763 nuisset
779 1705 1052 1778 plenitudo
1092 1705 1358 1775 temporis,
1403 1703 1544 1757 misit
1584 1703 1729 1758 Deus

1831 521 1968 576 citer
1995 521 2141 577 salus
2164 521 2305 578 facta
2330 533 2431 580 est.
2482 510 2787 582 Ennianum
2812 526 3147 591 naturaliter,
3174 527 3315 595 quod
3335 539 3409 583 ex

1830 609 2001 665 Maria
2046 614 2348 668 secundum
2384 614 2593 670 divinas
2618 613 2950 686 Scripturas,
2978 623 3033 671 et
3059 632 3248 672 verum
3288 626 3410 673 erat

1832 698 2130 756 Salvatoris
2160 700 2422 775 [corpus].
2459 724 2477 757 ι

1900 789 2082 844 XVIII.
2106 792 2238 847 Item
2254 791 2428 849 Julius
2447 795 2823 851 sanctissimus
2845 795 3031 851 Romae
3047 796 3331 867 cpiscopus
3351 796 3406 853 in

1832 881 2054 951 epistola
2105 883 2173 936 ad
2214 880 2620 938 Prosdocimum
2666 885 2744 939 ita
2791 887 2870 938 ait
2897 886 2968 938 δε
3022 904 3041 936 ι
3077 886 3410 941 Ρνεεάὶεθιυῐ

1832 978 2011 1026 autem
2037 971 2103 1027 ad
2124 971 2505 1041 plenitudinem
2533 974 2656 1028 ﬁdei
2686 983 2742 1028 et
2761 974 3077 1031 incarnatus
3108 976 3175 1031 de
3202 976 3410 1047 virgine

1831 1064 2003 1120 Maria
2026 1067 2121 1121 Dei
2146 1065 2332 1130 Filius,
2367 1075 2423 1121 et
2458 1067 2789 1123 inhabitasse
2822 1068 2876 1122 in
2908 1069 3245 1135 hominibus;
3298 1085 3407 1123 non

1832 1156 1886 1210 in
1915 1156 2133 1211 homine
2162 1163 2436 1225 operatur.
2462 1156 2577 1212 Hoc
2604 1158 2748 1212 enim
2781 1159 2835 1213 in
2860 1160 3136 1229 prophetis
3161 1168 3245 1215 est
3269 1169 3325 1214 et
3354 1161 3410 1214 in

1832 1245 2090 1314 apostolis
2119 1263 2131 1297 :
2163 1244 2455 1317 [perfectus
2479 1247 2621 1302 Deus
2647 1247 2703 1301 in
2733 1262 2915 1313 carne,
2947 1257 3003 1302 et
3025 1249 3187 1303 homo
3210 1247 3259 1321 ο]
3288 1264 3413 1319 per-

1830 1335 2005 1393 fectus
2034 1338 2089 1392 in
2116 1337 2350 1408 Spiritu;
2384 1354 2494 1393 non
2516 1338 2622 1393 duo
2641 1337 2761 1403 ﬁlii,
2787 1354 2928 1393 unus
2951 1340 3167 1408 quidem
3196 1341 3412 1410 pmprie

1830 1429 1999 1485 Filius
2026 1431 2307 1487 assumens
2331 1432 2629 1498 hominem,
2657 1432 2797 1487 alter
2839 1440 3021 1487 autem
3047 1434 3294 1489 mortalis
3322 1450 3409 1490 as-

1831 1528 2079 1589 sumptus
2110 1535 2142 1574 a
2169 1521 2280 1576 Deo
2310 1537 2323 1572 :
2359 1520 2455 1576 sed
2482 1535 2623 1576 unus
2653 1520 2967 1591 unigenitus
3015 1522 3070 1576 in
3097 1522 3257 1587 coelo,
3288 1523 3412 1578 uni-

1829 1609 2044 1678 genitus
2072 1609 2130 1663 in
2161 1617 2304 1665 terra
2325 1610 2489 1665 Deus.
2521 1629 2541 1664 ι

1901 1696 2039 1752 XIX.
2070 1697 2203 1752 Item
2228 1698 2586 1754 Felicissimid
2617 1700 2856 1771 episcopi
2877 1701 3063 1758 Romae
3085 1711 3143 1759 et
3156 1702 3414 1774 martyris

178 1797 357 1853 Filiam
386 1814 533 1853 sum
570 1772 867 1867 factum-ea:
890 1794 1125 1859 muliere,
1158 1772 1355 1863 factum
1383 1792 1477 1847 sub
1502 1791 1631 1863 lege,
1669 1801 1725 1846 ut
1758 1772 1805 1832 Β
1829 1786 1900 1841 ad
1923 1786 2214 1843 Maximum
2238 1789 2550 1858 episcopum
2574 1797 2631 1844 et
2656 1790 2862 1845 clerum
2880 1791 3222 1849 Alexandria).
3243 1772 3414 1849 sacrm

176 1908 247 1946 ea:
261 1893 349 1962 qui
365 1891 461 1946 sub
484 1890 597 1961 lege
619 1897 792 1955 erant,
820 1887 1114 1953 redimeret,
1144 1895 1201 1940 ut
1228 1886 1558 1956 adoptionem
1585 1882 1727 1953 ﬁlio-

179 1999 269 2035 mn
294 1981 390 2036 Dei
418 1981 767 2051 reciperentur
790 1999 811 2034 ι
839 1976 984 2050 (Gal.
1009 1994 1085 2044 IV,
1112 1982 1166 2041 4,
1195 1977 1272 2050 5).

230 2072 356 2128 ΧΠ.
382 2072 452 2128 Et
478 2088 591 2128 non
607 2072 775 2127 multo
797 2077 924 2142 post
953 2070 1007 2126 in
1041 2069 1230 2125 eadem
1256 2067 1481 2139 epistola
1507 2085 1520 2122 :
1546 2086 1564 2120 ι
1587 2066 1731 2134 Quo-

178 2164 308 2219 modo
343 2178 486 2233 ergo
512 2162 766 2233 proprius
790 2161 887 2216 Dei
912 2160 1082 2217 Filius
1114 2160 1426 2215 nominatus
1469 2165 1554 2214 est
1575 2156 1733 2213 Chri-

178 2266 285 2320 stus,
320 2255 422 2326 qui
462 2254 634 2309 etiam
674 2253 896 2309 traditus
935 2260 1020 2308 est
1061 2268 1094 2307 a
1122 2251 1235 2306 Deo
1279 2257 1334 2306 et
1358 2250 1519 2306 Patre
1564 2263 1730 2304 causa

177 2348 393 2402 manium
428 2345 630 2401 salutis
667 2351 718 2401 et
749 2345 905 2399 vitae?
942 2344 1194 2400 Traditus
1225 2350 1307 2399 est
1339 2343 1482 2397 enim
1508 2350 1732 2413 propter

177 2446 361 2505 peccata
391 2444 609 2501 nostra,
635 2445 689 2492 et
732 2437 846 2506 ipse
872 2437 1185 2506 iniquitates
1228 2436 1521 2491 multorum
1549 2442 1732 2506 porta-

178 2526 242 2580 vit
275 2526 320 2581 in
361 2541 599 2597 corpore
642 2541 743 2582 suo
791 2527 847 2581 in
895 2527 1062 2596 ligno,
1113 2526 1405 2583 secundum
1448 2526 1731 2597 PrOphetae

177 2634 350 2674 vocem.
390 2619 586 2674 Palam
619 2634 752 2690 ergo
786 2628 891 2685 est,
926 2620 1051 2690 quia
1076 2619 1301 2676 unitatis
1334 2634 1424 2675 res
1453 2628 1728 2689 assumpta

174 2712 449 2767 necessarie
493 2712 778 2782 proprium
807 2711 1004 2766 Filium
1052 2711 1345 2767 declaravit
1370 2711 1485 2777 Dei,
1525 2711 1617 2780 qui
1661 2727 1728 2765 ex

171 2809 330 2856 sancta
354 2801 580 2872 Virgine
620 2809 725 2857 est.
786 2800 996 2870 Corpus
1037 2802 1182 2855 enim
1224 2807 1310 2855 est
1354 2816 1463 2856 non
1505 2799 1728 2855 alterius

166 2892 454 2965 minspiam
495 2894 785 2950 secundum
830 2909 952 2959 nos,
1000 2895 1094 2949 sed
1136 2893 1308 2964 magis
1335 2892 1612 2963 proprium
1661 2906 1727 2947 ex

167 2981 318 3039 Patre
343 2984 619 3041 existentis
640 2985 844 3049 Verbi,
874 2992 1059 3039 natum
1098 3000 1165 3040 ex
1193 2999 1278 3040 ea.
1315 3002 1335 3037 ι

228 3078 379 3135 XVII.
428 3078 894 3135 Considerandum
923 3093 1137 3148 quoque
1179 3086 1283 3144 est,
1315 3077 1461 3148 quod
1506 3085 1727 3155 sanctus

165 3169 472 3225 Athanasius
510 3170 571 3224 in
604 3169 837 3238 epistola
871 3169 937 3223 ad
966 3168 1265 3238 Epictetum
1295 3168 1361 3223 de
1388 3166 1511 3222 ﬁdei
1542 3168 1728 3222 catho-

167 3260 265 3318 lica
300 3262 565 3318 ﬁrmitate
603 3262 807 3316 dixerit
834 3272 901 3314 δε
939 3279 958 3311 ι
994 3260 1272 3327 Quomodo
1297 3268 1500 3325 autem,
1530 3259 1724 3328 inquit,

166 3360 211 3405 et
248 3353 524 3424 ambigere
574 3352 808 3418 audent,
859 3352 949 3422 qui
999 3352 1256 3406 dicuntur
1302 3350 1632 3416 Christiani,
1681 3350 1726 3404 si

169 3441 297 3514 (Pro,
324 3444 445 3516 an],
476 3444 573 3514 qui
612 3458 682 3499 ex
706 3443 877 3497 Maria
905 3442 1169 3513 processit
1199 3441 1360 3507 Deus,
1392 3441 1562 3497 Filius
1609 3439 1729 3511 qui-

167 3535 267 3590 dem
293 3535 601 3591 substantia
629 3541 688 3590 et
710 3542 906 3589 natura
932 3534 1024 3589 Dei
1047 3542 1156 3599 est;
1190 3534 1483 3589 secundum
1508 3547 1727 3589 carnem

168 3634 324 3680 atem
349 3640 419 3680 ex
447 3626 661 3681 semine
687 3626 854 3680 David
881 3632 984 3690 est,
1011 3641 1079 3680 ex
1109 3641 1273 3681 carne
1301 3634 1481 3681 autem
1528 3634 1730 3681 sanctae

167 3715 350 3773 Mariae.
395 3718 545 3785 Quid
575 3726 758 3773 autem
783 3719 975 3789 putas?
1002 3717 1302 3775 Temerarii
1332 3716 1461 3772 facti
1493 3726 1638 3785 sunt,
1669 3726 1733 3773 ut

166 3805 386 3862 dicerent
412 3808 716 3873 Christum,
746 3808 840 3877 qui
875 3822 1040 3864 carne
1072 3822 1266 3877 passus
1297 3814 1381 3862 est
1425 3814 1480 3862 et
1516 3805 1733 3862 cruciﬁ-

162 3913 279 3963 ηε,
306 3915 419 3955 non
464 3915 591 3955 esse
612 3900 902 3955 Dominum
943 3898 1280 3954 Salvatorem
1301 3939 1316 3963 ,
1355 3906 1411 3954 et
1437 3898 1635 3963 Deum,
1677 3904 1733 3953 et

161 3985 338 4044 Filium
362 3989 568 4045 Patris.
597 3989 709 4043 Aut
737 3990 1006 4059 quomodo
1030 3988 1322 4044 Christiani
1352 3987 1537 4042 volunt
1559 3988 1733 4042 nomi-

158 4078 287 4141 nari,
315 4079 415 4147 qui
446 4078 631 4133 dicunt
671 4077 724 4132 in
754 4077 1028 4134 hominem
1066 4084 1335 4140 sanctum,
1364 4075 1524 4131 sicuti
1566 4090 1731 4130 unum

155 4170 537 4238 prophetarum
564 4170 779 4225 venisse
806 4169 1064 4234 Verbum,
1095 4177 1150 4223 et
1194 4182 1302 4222 non
1340 4167 1612 4222 hominem
1652 4165 1735 4221 fa-

155 4266 296 4312 ctum
332 4268 636 4315 soluentem
675 4275 744 4315 ex
772 4259 938 4314 Maria
968 4274 1194 4329 corpus;
1236 4258 1330 4313 sed
1359 4257 1589 4313 alterum
1614 4271 1736 4312 esse

154 4346 455 4414 Christum,
484 4359 539 4404 et
570 4350 803 4405 alterum
833 4349 925 4405 Dei
954 4350 1212 4415 Verbum,
1260 4348 1404 4418 quod
1452 4355 1578 4402 ante
1625 4347 1736 4402 Ma-

1830 1876 1951 1932 ﬁdei
1979 1876 2318 1933 conﬁrmatio
2343 1896 2354 1932 :
2390 1896 2408 1929 ‹
2447 1879 2524 1934 De
2549 1879 2928 1936 Incarnatione
2957 1890 3135 1936 autem
3165 1882 3325 1938 Verbi
3351 1892 3408 1939 et

1828 1969 1933 2025 ﬁde
1962 1970 2234 2027 credimus
2268 1972 2322 2026 in
2347 1972 2633 2028 Dominum
2658 1981 2906 2029 nostrum
2927 1973 3113 2030 Jesum
3137 1974 3413 2031 Christum

1830 2061 1897 2115 de
1919 2060 2129 2132 virgine
2168 2061 2338 2117 Maria
2371 2072 2583 2131 natum,
2613 2065 2739 2134 quia
2783 2065 2900 2136 ipse
2936 2072 3021 2121 est
3052 2065 3415 2135 sempiternus

1830 2152 1923 2209 Dei
1952 2153 2122 2209 Filius
2166 2162 2223 2210 et
2248 2156 2506 2221 Verbum,
2539 2164 2595 2211 et
2637 2171 2745 2212 non
2791 2157 2957 2213 homo
2990 2172 3022 2211 a
3052 2157 3163 2211 Deo
3204 2172 3416 2213 assum.

1828 2250 1976 2312 ptus,
2003 2250 2063 2297 ut
2086 2244 2222 2298 alter
2251 2252 2395 2300 esset
2419 2254 2620 2314 praeter
2648 2246 2817 2301 illum.
2856 2246 3040 2316 Neque
3065 2247 3210 2303 enim
3236 2247 3416 2303 homi-

1829 2346 1955 2386 nem
1985 2334 2278 2403 assumpsit
2300 2334 2395 2389 Dei
2417 2334 2606 2401 Filins,
2633 2343 2693 2391 ut
2723 2336 2796 2391 sit
2816 2335 2955 2391 alter
2981 2345 3181 2407 praeter
3203 2338 3412 2407 ipsum;

1830 2423 1925 2479 sed
1971 2424 2114 2479 Deus
2160 2426 2402 2482 existens
2448 2425 2743 2495 perfectus,
2795 2424 2974 2485 factus
3021 2437 3108 2484 est
3162 2430 3322 2485 simul
3360 2436 3417 2486 et

1827 2513 1989 2569 homo
2023 2513 2318 2585 perfectus,
2352 2516 2666 2571 incarnatus
2695 2517 2762 2572 de
2794 2518 3031 2589 Virgine.
3069 2537 3088 2571 ι

1898 2628 2059 2699 765
2089 2626 2206 2681 XX.
2240 2627 2371 2682 Item
2420 2628 2611 2684 beatus
2649 2627 2946 2700 Gregorius
2997 2629 3411 2686 Nazianzenus:

1834 2736 1853 2769 ι
1888 2717 2005 2773 Non
2035 2718 2304 2788 decipiant
2333 2719 2582 2774 homines
2605 2734 2706 2774 nec
2733 2720 3073 2789 decipiantur
3109 2721 3225 2776 sine
3252 2734 3415 2777 sensu

1829 2808 2184 2877 suscipientes
2209 2809 2547 2864 Dominicum
2571 2810 2869 2875 hominem,
2908 2811 3047 2866 sicut
3070 2811 3172 2881 ipsi
3200 2812 3414 2880 dicunt:

1828 2898 2001 2969 magis
2022 2906 2205 2954 autem
2232 2898 2516 2955 Dominum
2541 2907 2785 2954 nostrum
2813 2906 2869 2955 et
2894 2899 3062 2955 Deum
3092 2914 3106 2954 :
3134 2900 3242 2956 Nec
3270 2903 3416 2958 enim

1828 2987 2100 3042 hominem
2127 2988 2418 3043 dividimus
2438 3002 2470 3042 a
2499 2988 2722 3056 deitate,
2748 2990 2842 3044 sed
2868 3005 3035 3043 unum
3066 2997 3124 3043 et
3163 2991 3415 3046 eumdem

1830 3078 2278 3149 dogmatizamus;
2297 3080 2447 3148 prius
2458 3079 2677 3149 quidem
2693 3096 2801 3136 non
2823 3080 3118 3145 hominem,
3137 3082 3231 3135 sed
3246 3081 3414 3136 Deum

1829 3182 1884 3229 et
1906 3173 2103 3227 Filium
2134 3173 2305 3227 solum
2345 3181 2400 3228 et
2423 3180 2548 3228 ante
2574 3172 2770 3228 saecula
2796 3187 2903 3226 non
2927 3171 3404 3241 mistumcorpori,

1826 3275 1883 3319 ct
1907 3276 2247 3333 quaecunque
2275 3270 2403 3317 sunt
2424 3261 2703 3333 corporis;
2732 3261 2786 3316 in
2810 3260 2918 3315 ﬁne
2943 3268 3124 3315 autem
3152 3269 3205 3315 et
3243 3260 3419 3316 homi-

1827 3370 1951 3411 nem
2000 3362 2333 3424 assumptum
2358 3371 2457 3425 pro
2490 3362 2674 3409 nostra
2720 3353 2893 3409 salute
2934 3353 3246 3424 passibilem
3294 3368 3417 3408 car-

1826 3462 1914 3512 ne,
1945 3446 2332 3517 impassibilem
2373 3445 2605 3512 deitate;
2641 3444 3111 3513 circumscriptum
3160 3457 3414 3514 corpore,

1827 3537 2354 3607 incircumscriptum
2380 3538 2695 3603 divinitate;
2728 3536 2979 3592 eumdem
3032 3543 3309 3592 terrenum
3359 3543 3418 3590 ct

1828 3630 2127 3695 caelestem,
2150 3630 2415 3686 visibilem
2443 3640 2500 3687 et
2544 3630 2961 3701 intelligibilem,
3017 3629 3313 3701 capabilcm
3361 3638 3420 3683 et

1828 3717 2205 3787 incapabilem,
2227 3719 2364 3773 utin
2394 3727 2505 3774 toto
2528 3720 2748 3774 homine
2798 3718 3097 3787 eodemque
3123 3725 3178 3774 et
3196 3718 3307 3773 Deo
3330 3726 3414 3773 te-

1830 3817 1918 3863 tus
1939 3810 2102 3863 homo
2132 3808 2545 3875 reformaretur,
2569 3810 2660 3879 qui
2691 3810 2792 3865 sub
2837 3815 3063 3879 peccato
3114 3808 3406 3863 ceciderat.

1832 3895 1890 3952 Si
1916 3898 2037 3966 quis
2057 3911 2164 3951 non
2200 3896 2296 3952 Dei
2342 3898 2663 3967 genitricem
2714 3897 2939 3951 Mariam
2996 3897 3247 3962 aestimat,
3301 3895 3420 3951 sine

1832 3989 2031 4044 deitate
2052 3996 2155 4044 est.
2183 3987 2240 4043 Si
2267 3989 2389 4057 quis
2409 3989 2564 4059 quasi
2585 4003 2684 4059 per
2706 3986 2940 4042 ﬁstulam
2968 3985 3208 4054 Virginis
3238 3992 3418 4040 trans-

1832 4080 1963 4147 isse,
1990 4089 2045 4135 et
2068 4095 2177 4136 non
2207 4079 2263 4133 in
2300 4080 2417 4149 ipsa
2440 4078 2688 4144 formari,
2718 4076 2907 4133 deiﬁce
2951 4076 3114 4139 simul
3142 4083 3198 4131 et
3220 4076 3416 4130 huma-

1833 4187 1929 4237 ne;
1963 4172 2150 4227 deiﬁce
2173 4172 2410 4242 quidem,
2447 4171 2575 4242 quia
2601 4171 2717 4226 sine
2741 4170 2892 4234 viro;
2916 4169 3154 4224 humane
3193 4177 3375 4224 autem
3393 4210 3407 4235 ,

1836 4265 1962 4333 quia
1985 4264 2104 4335 lege
2131 4271 2341 4334 partus,
2367 4264 2657 4318 anathema
2706 4263 2796 4318 sit.
2852 4260 2911 4316 Si
2958 4260 3082 4332 quis
3123 4258 3421 4315 formatum

1836 4353 1969 4409 dicit
1984 4356 2279 4422 hominem,
2303 4365 2358 4410 et
2388 4356 2463 4411 ita
2502 4354 2908 4426 subingressnm
2961 4354 3154 4420 Deum,
3198 4353 3424 4408 damna-

154 4439 279 4493 riam
320 4448 385 4494 et
428 4450 557 4495 ante
595 4441 793 4496 smcnla
840 4441 1008 4497 Filius
1052 4442 1318 4497 existebat
1360 4440 1574 4496 Patris?
1628 4440 1739 4494 Ant
1768 4462 1820 4523 υ
1843 4452 1930 4499 tus
1958 4452 2070 4513 est;
2106 4461 2214 4500 non
2244 4447 2387 4502 enim
2412 4447 2666 4503 nativitas
2694 4447 2791 4502 Dei
2826 4445 2967 4501 istud
2997 4453 3101 4513 est,
3153 4446 3248 4501 sed
3291 4444 3423 4516 fuga

152 4532 429 4597 modo
475 4546 593 4586 esse
618 4532 910 4588 Christiani
952 4541 1198 4602 possunt,
1226 4533 1319 4602 qui
1345 4532 1529 4587 dicunt
1573 4530 1736 4585 alium

151 4635 260 4677 me
289 4621 527 4686 Filium,
561 4623 724 4678 alium
756 4624 851 4679 Dei
875 4623 1150 4679 Verbum?
1194 4620 1313 4677 Non
1353 4637 1453 4691 per
1496 4621 1741 4691 adoptio-

151 4728 269 4768 nem
297 4715 429 4769 haec
468 4714 608 4770 facta
648 4724 794 4781 sunt,
826 4716 1000 4771 absit!
1038 4716 1178 4772 sicut
1210 4715 1429 4786 quidam
1464 4714 1742 4770 existima-

151 4812 293 4866 runt,
324 4808 452 4871 sed,
484 4807 625 4862 sicut
652 4818 737 4862 est
763 4809 987 4875 veritas,
1017 4809 1237 4865 homine
1271 4806 1413 4863 facto
1439 4806 1738 4872 Salvatore,

150 4895 317 4949 totius
359 4897 592 4953 humani
628 4899 843 4967 generis
867 4899 1014 4955 salus
1042 4899 1188 4954 facta
1217 4906 1317 4955 est.
1353 4898 1410 4954 Si
1438 4898 1583 4954 enim
1615 4897 1744 4951 ado-

148 4981 334 5046 ptione
379 4992 511 5039 erat
559 4985 615 5040 in
666 5002 893 5058 corpore
941 4988 1175 5046 Verbum
1202 5030 1218 5055 ,
1272 4988 1570 5043 secundum
1621 4987 1744 5044 illos

150 5070 317 5139 (quod
340 5082 535 5129 “autem
571 5076 859 5147 adoptione
886 5079 1102 5145 dicitur,
1130 5079 1420 5149 phantasia
1457 5078 1561 5150 est)
1591 5092 1744 5148 repe—

146 5159 321 5215 rietur
352 5172 421 5218 et
437 5167 681 5233 putative
709 5167 856 5221 salus
879 5175 936 5223 et
956 5169 1284 5239 resurrectio
1309 5169 1587 5224 hominum
1613 5168 1743 5234 dici,

144 5254 460 5309 secundum
490 5256 869 5327 impiissimum
907 5257 1265 5316 Manicheum.
1308 5258 1416 5316 Sed
1456 5276 1565 5316 non
1593 5261 1747 5331 equi-

143 5342 273 5400 de.
319 5348 623 5419 phantasia
671 5358 757 5407 est
814 5351 961 5409 salus
1004 5362 1230 5420 nostra;
1281 5368 1455 5424 neque
1502 5354 1746 5425 corporis

208 5506 240 5536 ⁸
273 5494 341 5553 S.
368 5499 731 5577 Athanasius,
750 5511 886 5577 tom.
917 5504 940 5560 Ι
966 5504 1199 5575 Operum
1246 5505 1374 5561 edit.
1404 5506 1576 5561 Paris.
1603 5514 1742 5577 part.

143 5578 369 5639 -ινμκο
397 5569 529 5635 902.
552 5572 678 5639 905,
704 5573 830 5629 906.

459 5641 602 5718 hanc
635 5635 1162 5718 auctoritatemAct.
1193 5664 1210 5703 ι
1248 5647 1462 5704 concilii
1492 5646 1745 5718 Ephesini

146 5705 275 5761 dit.
314 5710 506 5767 Coleti
534 5720 663 5770 tom.
694 5714 782 5780 III,
810 5715 919 5775 col,
950 5715 1108 5771 1055.

1840 4537 2156 4593 nativitatis.
2187 4537 2243 4593 Si
2268 4539 2392 4609 quis
2419 4539 2709 4595 introducit
2735 4540 2868 4594 duos
2893 4538 3051 4602 ﬁlios,
3076 4551 3244 4590 unum
3293 4537 3417 4606 qui-

1839 4625 1959 4681 dem
1982 4641 2050 4681 ex
2075 4626 2187 4683 Deo
2213 4635 2270 4682 et
2287 4627 2466 4693 Patre,
2498 4628 2792 4684 secundum
2824 4635 3003 4681 autem
3024 4641 3092 4680 ex
3126 4624 3294 4680 Maria
3321 4641 3422 4681 na-

1853 4725 1987 4781 tum,
2010 4725 2066 4772 et
2085 4718 2321 4787 seipsum
2357 4734 2424 4773 ex
2451 4718 2739 4788 adoptione
2765 4717 2995 4782 excidet,
3017 4731 3138 4787 qum
3150 4717 3424 4787 promissa

1840 4813 1925 4861 est
1942 4813 2089 4861 recte
2114 4808 2479 4863 credentibus.
2508 4807 2726 4861 Naturae
2751 4807 2893 4861 enim
2907 4806 3045 4873 duae,
3071 4805 3216 4863 Deus
3236 4816 3291 4862 et
3315 4808 3417 4863 ho-

1840 4911 1947 4961 mo,
1980 4898 2123 4965 quod
2151 4906 2237 4953 est
2268 4899 2451 4952 anima
2477 4905 2532 4952 et
2559 4910 2757 4966 corpus
2777 4914 2792 4963 ;
2815 4896 2937 4953 Filii
2955 4905 3132 4953 autem
3154 4913 3261 4953 non
3288 4898 3423 4962 duo,

1842 5004 1945 5044 nec
1972 4989 2077 5042 Dii.
2120 4988 2307 5058 Neque
2333 4989 2477 5043 enim
2505 4989 2593 5044 hic
2615 4991 2720 5044 duo
2757 4988 3020 5053 homines,
3077 4989 3203 5044 licet
3256 4986 3427 5042 etiam

1841 5079 2039 5134 Paulus
2065 5079 2381 5134 interiorem
2407 5079 2682 5135 hominem
2709 5089 2765 5136 et
2783 5082 3111 5137 exteriorem
3129 5076 3429 5149 appellave-

1844 5171 1934 5235 rit,
1972 5178 2044 5234 et,
2073 5170 2119 5225 si
2161 5178 2376 5239 oportet
2418 5173 2855 5243 compendiosius
2892 5172 3091 5233 dicere,
3118 5169 3266 5223 aliud
3292 5168 3420 5238 qui-

1845 5261 1967 5317 dem
1997 5269 2053 5315 et
2078 5260 2242 5325 aliud,
2273 5276 2341 5316 ex
2366 5263 2562 5332 quibus
2597 5262 2845 5317 Salvator
2862 5270 2947 5316 est
2975 5259 3259 5333 (siquidem
3314 5274 3432 5316 non

1845 5353 1988 5409 idem
2020 5362 2105 5409 est
2122 5353 2394 5409 invisibile
2440 5354 2683 5420 visibile;
2739 5360 2794 5409 et
2828 5353 2945 5408 sine
3003 5360 3266 5422 tempore,
3321 5350 3429 5408 sub

1920 5520 1941 5547 ε
1976 5508 2104 5565 Haec
2133 5509 2498 5564 restituuntur
2521 5525 2586 5564 ex
2612 5509 2788 5565 editis.

1916 5577 1943 5618 ἀ
1974 5578 2153 5651 Codex
2182 5580 2320 5634 male
2341 5581 2503 5635 habet
2523 5578 2859 5651 Felicissimi,
2884 5579 3164 5651 scriptoris
3178 5575 3428 5651 incuria,

1847 5663 1946 5720 pro
1973 5647 2166 5720 Felicis
2192 5651 2527 5705 sanctissimi.
2558 5649 2747 5705 Exstat
2774 5644 3155 5709 ea'auctoritas
3178 5646 3374 5706 Felicis
3397 5644 3423 5703 Ι

1851 5733 2007 5791 papae
2029 5719 2129 5776 loc.
2156 5735 2280 5777 mox
2306 5721 2401 5778 cit.
2430 5720 2621 5777 concil.
2646 5720 2841 5780 Euhes.
