3906 6186
1231 337 1292 392 Β.
1333 337 1396 394 F.
1437 335 1659 392 ALBINI
1699 335 1830 392 SEU
1865 335 2140 392 ALCUINI
2178 321 2466 394 OPERUM-
2493 338 2673 396 PARS
2709 342 2794 397 III.

3599 343 3676 400 96

414 451 711 527 tempore);
743 467 850 508 non
877 452 1015 508 alius
1046 461 1224 508 autem
1257 463 1312 508 et
1339 455 1496 516 alius,
1547 452 1716 506 absit!
1756 430 1984 523 utraque
2012 459 2058 515 Α
2086 455 2369 524 cipiamus,
2400 473 2519 527 quae.
2549 459 2748 514 coloris
2802 459 3079 528 nigredine
3122 458 3367 529 designat
3419 467 3675 527 peccato-

411 546 558 602 enim
593 558 818 598 summa:
844 541 1100 598 unitionis
1130 543 1184 597 in
1209 541 1844 613 contemperatione,Deo
1870 543 1988 612 qui-

413 638 535 694 dem
563 636 936 701 iuhumanato,
965 637 1184 690 homine
1213 644 1392 689 autem
1431 633 1698 688 deiﬁcato.
1739 653 1756 686 ι

485 726 628 782 XXI.
661 727 794 782 Item
818 726 1030 781 Atticus
1067 727 1350 797 episcopus
1371 724 1910 793 Constantinopoleos
1925 737 1984 778 οε

417 837 437 870 ε
476 819 587 872 Nisi
615 817 868 872 enimille
894 827 1212 873 nasceretur
1241 815 1551 880 carnaliter,
1580 830 1686 869 non
1728 824 1784 869 tu
1833 830 1990 869 rena—

415 909 648 964 scereris
672 907 1008 977 spiritaliter.
1051 907 1162 961 Nisi
1204 905 1292 960 ille
1324 905 1669 959 sustinuisset
1709 904 1850 958 servi
1878 903 1990 958 lor-

413 1015 580 1063 mam,
605 1014 712 1051 non
737 1007 792 1051 tu
827 997 1141 1068 dignitatem
1190 995 1490 1065 adoptionis
1537 995 1772 1049 lucratus
1818 1009 1986 1050 esses.

413 1088 643 1158 Propter
681 1098 783 1142 hoc
811 1088 955 1142 enim
978 1088 1032 1140 in
1059 1097 1205 1141 terra
1235 1085 1490 1150 cmlestis,
1515 1094 1576 1139 ut
1622 1094 1679 1138 tu
1729 1086 1782 1139 in
1838 1087 1991 1141 caelis

415 1177 713 1231 servareris
739 1185 1008 1231 terrenus.
1046 1177 1280 1247 Propter
1324 1177 1426 1230 hoc
1446 1175 1694 1230 Christus
1739 1176 1994 1245 semetip-

411 1283 530 1321 sum
559 1268 877 1332 exinanivit,
909 1278 968 1322 ut
996 1283 1096 1323 nos
1142 1283 1331 1322 omnes
1372 1268 1438 1323 de
1484 1267 1816 1336 plenitudine
1873 1267 1991 1336 ejus

410 1361 757 1430 accipiamus.
782 1360 929 1415 Illius
958 1376 1103 1415 mors
1125 1369 1214 1414 tua
1244 1360 1386 1415 facta
1409 1367 1491 1414 est
1530 1359 1926 1413 immortalitas.
1963 1378 1982 1410 ι

482 1452 644 1506 XXII.
676 1453 807 1508 Item
837 1453 1146 1508 Theodotus
1171 1453 1454 1522 episcopus
1477 1452 1777 1522 Cyprorum
1800 1451 1852 1504 in
1875 1465 1991 1504 ser-

411 1559 572 1598 mone
597 1544 662 1598 de
693 1544 973 1598 nativitate
999 1542 1210 1599 Domini
1232 1554 1353 1614 post
1383 1544 1489 1598 alia
1521 1545 1683 1598 etiam
1717 1545 1816 1598 ista
1864 1559 1987 1613 pro-

414 1635 538 1688 tulit
563 1635 590 1672 b
624 1651 636 1686 :
671 1653 689 1684 ε
717 1633 856 1701 Quid
878 1635 1081 1705 igitur?
1108 1634 1339 1690 Advenit
1361 1635 1503 1689 Deus
1531 1635 1772 1688 existens
1795 1634 1862 1687 ad
1893 1635 1990 1687 ho-

409 1725 602 1789 mines,
629 1741 734 1778 non
759 1725 936 1780 locum
968 1741 1035 1780 ex
1063 1726 1180 1780 loco
1236 1733 1468 1786 mutans,
1519 1723 1614 1778 sed
1664 1723 1982 1777 invisibilem

2089 561 2204 600 rem
2258 549 2553 618 populum,
2611 550 2908 605 foeditatem
2969 551 3304 606 meritorum.
3367 550 3673 620 Aliquando

2088 653 2220 693 vero
2264 639 2554 711 Ethiopize
2597 644 2814 698 nomine
2861 643 3170 713 specialiter
3216 642 3487 714 gentilitas
3529 642 3674 698 desi-

2090 727 2245 796 gnari
2273 729 2436 793 solet,
2465 731 2795 785 inﬁdelitatis
2831 733 2984 802 prius
3029 733 3180 803 nigra
3208 733 3476 802 peccatis,
3507 748 3674 804 quam

2091 818 2338 872 veniente
2391 818 2618 874 Domino
2677 821 2930 876 llabacuc
2978 823 3236 891 propheta
3289 822 3421 875 vidit
3476 822 3677 876 timore

2090 907 2437 976 perterritam
2478 917 2534 963 et
2567 911 2639 962 ait
2675 928 2688 963 :
2721 911 3089 966 Tahernacula
3133 911 3446 981 [Ethiopum
3500 927 3676 983 εἰρε-

2089 1004 2309 1050 vescent
2345 999 2688 1054 tabernacula
2728 1009 2886 1056 terra:
2933 1001 3143 1056 Madian
3181 1001 3412 1072 (Habac.
3454 1019 3536 1068 ιιι,
3589 1003 3670 1075 7).

2091 1085 2258 1140 David
2285 1103 2498 1158 quoque
2519 1092 2782 1160 pr0pheta
2811 1093 3020 1158 videns,
3042 1094 3184 1163 quod
3211 1094 3278 1147 ad
3323 1093 3562 1148 Iudaeam
3589 1110 3681 1150 re-

2091 1176 2398 1232 dimendam
2421 1181 2629 1235 veniret
2656 1182 2914 1237 Dominus
2938 1199 2952 1247 ;
2983 1183 3076 1237 sed
3098 1192 3223 1237 ante
3254 1184 3530 1254 gentilitas
3553 1201 3678 1240 cre-

2091 1269 2265 1334 deret,
2295 1287 2455 1341 quam
2482 1272 2664 1327 Judzea
2699 1283 3040 1344 sequeretur,
3062 1275 3204 1329 sicut
3233 1276 3488 1346 scriptum
3541 1286 3629 1332 est
3659 1295 3675 1332 :

2091 1360 2273 1418 Donec
2326 1363 2600 1434 plenitudo
2646 1367 2885 1436 gentium
2941 1369 3204 1433 intraret,
3273 1378 3327 1423 et
3376 1372 3454 1424 sic
3497 1374 3680 1427 omnis

2090 1449 2254 1504 Israel
2279 1452 2458 1506 salvus
2482 1453 2636 1507 ﬁeret
2671 1453 2848 1524 (Rom.
2891 1473 2965 1516 ιιι,
3017 1457 3132 1528 23),
3182 1457 3350 1512 dicit:
3399 1460 3680 1530 .Ethiopia

2089 1543 2369 1610 prwveniet
2400 1559 2586 1596 manus
2615 1546 2730 1614 ejus
2751 1545 2860 1598 Deo
2882 1546 3054 1618 (Psal.
3081 1563 3245 1608 vau,
3306 1549 3417 1616 5:2),
3467 1550 3518 1602 id
3569 1560 3678 1615 est,

2089 1631 2406 1700 priusquam
2440 1631 2624 1688 Iudaea
2650 1636 2858 1699 credat,
2888 1635 3198 1689 salvandam
3225 1653 3285 1690 se
3313 1637 3471 1692 oll'ert
3493 1641 3677 1692 omni-

2091 1720 2296 1788 potenti
2321 1720 2568 1786 Domino,
2594 1723 2836 1791 peccatis
2861 1725 3015 1793 nigra
3044 1725 3336 1793 gentilitas.
3383 1726 3677 1796 Topazium

409 1825 659 1871 naturam
687 1817 977 1872 ostendens
998 1817 1284 1881 visibilem,
1318 1826 1372 1871 et
1421 1816 1570 1870 visus
1615 1823 1674 1870 ut
1727 1816 1888 1869 homo
1935 1822 1992 1868 et
2022 1809 2068 1867 Β
2093 1825 2222 1864 vero
2245 1811 2518 1879 pretiosus
2544 1812 2681 1881 lapis
2699 1821 2810 1878 est;
2845 1821 2902 1867 et
2946 1814 3071 1883 quia
3115 1813 3302 1869 Graeca
3351 1815 3532 1886 lingua
3572 1822 3680 1872 πᾶν

409 1916 665 1977 tanquam
691 1917 951 1980 cognatus
978 1910 1286 1964 hominibus
1309 1923 1592 1979 apparens,
1637 1907 1778 1961 sicut
1824 1908 1988 1961 etiam

407 1997 733 2069 evangelista
765 1998 1064 2068 praedicans
1092 1999 1244 2064 dicit,
1289 1999 1414 2069 quia
1475 1997 1699 2051 Verbum
1741 2013 1862 2049 caro
1908 1996 1990 2064 [a-

407 2098 546 2142 ctum
569 2097 663 2142 est.
693 2089 970 2156 Quomodo
1006 2089 1261 2160 possibile
1288 2097 1373 2144 est
1408 2089 1575 2142 Deum
1605 2087 1841 2141 Verbum
1871 2085 1988 2139 ﬁeri

412 2177 688 2233 hominem
719 2180 971 2249 requiris,
1017 2189 1075 2235 et
1116 2181 1333 2234 modum
1382 2179 1477 2234 Dei
1529 2178 1912 2233 miraeulosum
1957 2193 1989 2230 a

409 2269 565 2324 nobis
590 2270 800 2340 exigis?
829 2270 885 2324 Si
913 2271 1400 2340 comprehensibile
1436 2271 1592 2325 nobis
1619 2281 1784 2334 esset,
1849 2269 1991 2338 quod

408 2357 953 2430 incomprehensibile
975 2369 1057 2416 est
1069 2377 1338 2425 sermone,
1365 2361 1682 2416 miraculum
1700 2377 1805 2416 non
1825 2367 1987 2426 esset,

407 2449 504 2503 sed
532 2463 694 2502 causa
721 2457 961 2515 naturas;
989 2451 1036 2504 si
1060 2466 1189 2505 vero
1219 2451 1543 2506 miraculum
1571 2459 1629 2505 et
1649 2451 1860 2520 signum
1884 2459 1986 2516 est,

408 2538 550 2606 quod
585 2537 786 2592 factum
813 2548 920 2606 est,
967 2541 1099 2594 cede
1141 2541 1406 2594 rationem
1450 2541 1676 2594 Domino
1727 2540 1988 2595 miracula

409 2609 662 2692 facienti;
693 2629 820 2697 quia
845 2629 988 2683 enim
1016 2628 1218 2684 factum
1247 2639 1331 2685 est
1359 2631 1502 2685 scire
1530 2638 1584 2684 te
1627 2631 1785 2696 volo;
1836 2639 1891 2686 et
1923 2647 1988 2686 ex

409 2733 474 2772 eo
496 2716 640 2788 quod
671 2716 871 2773 factum
894 2727 998 2784 est,
1027 2719 1261 2773 fructum
1289 2720 1393 2776 ﬁde
1443 2721 1673 2776 lucrare.
1731 2721 1989 2791 Operanti

409 2809 559 2864 cede.
593 2827 612 2860 ι
647 2808 715 2862 Et
731 2816 855 2878 post
879 2823 1049 2879 pauca
1083 2827 1096 2862 ε
1132 2827 1151 2860 ‹
1176 2809 1288 2865 IIoc
1304 2810 1413 2880 egit
1432 2811 1816 2866 miraculorum
1835 2828 1991 2867 crea-

411 2909 516 2964 tor,
547 2899 615 2954 ad
643 2915 796 2955 suam
827 2900 1155 2957 voluntatem
1187 2911 1439 2957 naturam
1467 2903 1706 2967 trahens,
1737 2912 1791 2958 et
1807 2906 1990 2974 paruit

409 2999 602 3045 natura
621 2989 874 3058 iussioni.
915 2991 1034 3046 Noli
1059 3008 1189 3064 ergo
1232 2993 1288 3048 in
1339 2993 1707 3050 inﬁrmitatem
1742 2997 1990 3053 humanae

409 3087 614 3136 natura:
633 3081 846 3137 cadere.
873 3080 990 3138 Noli
1019 3083 1217 3149 dicere,
1235 3086 1513 3153 quomodo
1540 3085 1772 3140 hominis
1797 3095 1986 3141 natura

2090 1917 2241 1954 omne
2271 1901 2491 1966 dicitur,
2522 1917 2621 1971 pro
2661 1917 2728 1957 eo
2754 1904 2897 1972 quod
2949 1905 3095 1958 omni
3143 1905 3321 1959 colore
3374 1907 3685 1976 resplendet

2089 1991 2385 2059 topazium,
2413 1994 2569 2062 quasi
2611 1995 2925 2063 topandium
2981 2003 3224 2049 vocatur.
3274 1995 3411 2050 Dum
3457 2012 3584 2051 vero
3623 1999 3682 2052 in

2089 2080 2256 2135 Deum
2283 2097 2546 2138 conversa
2576 2085 2852 2154 gentilitas
2879 2085 3131 2151 credidit,
3159 2101 3227 2140 ex
3272 2101 3337 2140 ea
3392 2087 3545 2142 multi
3596 2088 3682 2142 ita

2089 2181 2215 2226 sunt
2242 2173 2384 2227 dono
2416 2174 2650 2242 Spiritus
2674 2175 3006 2245 locupletati,
3034 2185 3093 2230 ut
3121 2177 3275 2247 quasi
3317 2177 3498 2232 multis
3526 2179 3678 2234 colo-

2090 2261 2264 2326 ribus,
2288 2263 2368 2316 sic
2399 2263 2584 2318 multis
2634 2265 2925 2320 virtutibus
2943 2267 3175 2321 luceant.
3205 2266 3312 2322 Sed
3355 2283 3422 2322 ne
3475 2283 3674 2339 accep-

2089 2351 2161 2405 tis
2189 2352 2414 2420 quisque
2439 2354 2730 2408 virtutibus
2746 2355 3050 2419 extollatur,
3079 2372 3108 2408 a
3138 2365 3325 2410 sancto
3349 2359 3470 2412 viro
3526 2375 3679 2416 nunc

2091 2445 2286 2499 dicitur
2311 2462 2416 2500 non
2448 2449 2818 2516 aquuabitur
2863 2449 2912 2502 ei
2969 2451 3240 2518 topazium
3287 2451 3354 2504 de
3373 2449 3680 2519 Ethiopia.

2088 2536 2168 2590 Ac
2197 2537 2241 2590 si
2271 2546 2454 2606 aperte
2480 2537 2783 2592 diceretur:
2805 2538 2988 2592 Nullus
3012 2547 3321 2592 sanctorum
3343 2539 3689 2609 quibuslibet

2089 2626 2381 2681 virtutibus
2404 2627 2615 2696 plenus,
2652 2643 2717 2681 ex
2771 2629 2874 2683 ista
2931 2638 3108 2683 tamen
3153 2630 3429 2700 nigredine
3484 2633 3676 2686 mundi

2091 2718 2346 2774 collectus
2369 2720 2572 2788 aequari
2608 2728 2804 2790 potest,
2834 2722 2900 2775 de
2930 2737 3036 2790 quo
3073 2721 3276 2774 dictum
3330 2729 3414 2775 est
3461 2739 3474 2775 :
3521 2721 3682 2787 Quod

2089 2820 2333 2864 nascetur
2361 2826 2424 2864 ea:
2446 2820 2495 2863 te
2521 2821 2780 2874 sanctum,
2806 2811 3071 2864 vocabitur
3111 2809 3285 2864 Filius
3331 2809 3428 2863 Dei
3457 2809 3607 2881 (Luc.
3633 2827 3678 2876 ι,

2088 2902 2199 2971 59).
2242 2900 2349 2956 Νοε
2387 2902 2585 2972 quippe
2639 2902 2814 2956 sancti
2851 2900 3134 2967 elﬁcimur,
3183 2917 3290 2955 non
3346 2909 3524 2956 tamen
3573 2916 3680 2956 na-

2089 2993 2324 3058 scimur,
2355 2994 2481 3064 quia
2530 2994 2648 3064 ipsa
2696 3002 2904 3048 natura:
2953 2992 3320 3063 corruptibilis
3368 2993 3679 3050 conditione

2089 3084 2545 3155 constringimur,
2595 3092 2655 3139 ut
2701 3100 2822 3139 cum
2876 3085 3139 3154 propheta
3193 3084 3433 3138 dicamus
3474 3102 3487 3138 :
3539 3081 3682 3138 Ecce

409 3170 577 3240 cmpit
594 3170 1088 3239 Deum?Quomodo
1103 3145 1245 3230 Deus
1259 3145 1434 3231 iactus
1446 3177 1735 3232 esthomo?
1755 3177 1988 3245 Quomo—
2013 3145 2060 3207 θ
2089 3173 2226 3225 enim
2279 3145 2363 3226 inv
2381 3174 2741 3244 iniquitatibus
2781 3184 3053 3244 conceptus
3095 3189 3209 3228 sum
3231 3215 3246 3238 ,
3291 3184 3338 3227 et
3378 3174 3432 3226 in
3475 3173 3681 3228 delictis

411 3261 481 3316 do
502 3261 642 3318 Deus
657 3263 893 3319 Verbum
924 3263 1064 3320 facta
1085 3275 1170 3322 est
1184 3283 1312 3324 caro
1335 3269 1596 3324 visibilis?
1621 3268 1726 3324 Sed
1759 3271 1885 3340 quia
1905 3270 1989 3324 fa-

411 3359 560 3406 ctum
589 3361 692 3418 est,
718 3354 911 3421 crede;
942 3357 1158 3412 modum
1190 3374 1318 3414 vero
1332 3368 1386 3414 et
1403 3361 1668 3416 rationem
1691 3363 1822 3418 cede
1839 3379 1994 3418 crea-

416 3443 541 3497 tori.
583 3463 602 3496 ι

486 3534 671 3590 XXIII.
702 3536 998 3596 Audiamus
1020 3556 1256 3612 quoque,
1291 3543 1420 3613 quid
1460 3543 1653 3598 beatus
1702 3544 1994 3615 Gregorius

416 3623 658 3693 pontifex
687 3627 996 3698 apostolicae
1019 3632 1162 3685 sedis
1186 3644 1241 3686 et
1270 3633 1458 3688 doctor
1482 3635 1744 3689 mirabilis
1779 3636 1831 3689 in
1856 3635 1993 3690 libro

415 3715 593 3785 primo
614 3718 791 3787 Operis
811 3711 1160 3788 pulcherrimi
1188 3723 1470 3779 Moralium
1500 3727 1646 3780 dicat
1677 3737 1698 3764 ε
1737 3745 1749 3780 :
1789 3745 1806 3777 ι
1834 3726 1996 3780 Erat-

413 3822 514 3876 que
535 3808 614 3862 vir
649 3806 738 3862 ille
768 3826 989 3880 magnus
1009 3812 1143 3866 inter
1161 3829 1338 3868 omnes
1371 3812 1667 3869 Orientales
1681 3815 1822 3887 (Job.
1851 3832 1891 3881 I,
1916 3817 1992 3885 5).

416 3895 572 3963 Quod
602 3897 930 3969 Redemptor
970 3910 1155 3958 noster
1208 3905 1400 3962 Oriens
1464 3907 1678 3971 dicitur,
1730 3908 1998 3977 Propheta

419 3993 652 4042 testante
678 3990 1009 4058 perhibetur,
1041 3992 1135 4062 qui
1155 3993 1232 4047 ait
1259 4008 1272 4047 :
1298 3993 1432 4049 Ecce
1460 3996 1538 4049 vir
1579 3995 1765 4050 Oriens
1811 4013 1998 4051 nomen

417 4079 534 4148 ejus
573 4076 758 4150 (Zach.
790 4097 867 4146 vi,
900 4082 1010 4154 ιε).
1034 4082 1234 4139 Omnes
1261 4100 1411 4155 ergo,
1444 4085 1534 4156 qui
1560 4087 1613 4140 in
1642 4086 1744 4142 hoc
1788 4086 1998 4142 oriente

422 4168 528 4224 ﬁde
551 4170 871 4238 consistunt,
901 4183 1048 4229 recte
1082 4174 1387 4232 Orientales
1437 4185 1731 4243 vocantur;
1764 4179 1857 4232 sed
1872 4178 1996 4248 quia

421 4273 614 4314 omnes
634 4261 796 4332 766
835 4262 1083 4320 homines
1133 4267 1503 4322 tantummodo
1553 4267 1832 4334 homines;
1886 4270 2001 4339 ipse

420 4356 604 4402 autem
627 4345 821 4404 Oriens
847 4351 989 4407 Deus
1017 4362 1073 4407 et
1097 4355 1281 4420 homo,
1311 4365 1457 4411 recte
1485 4357 1684 4412 dicitur
1709 4373 1723 4412 :
1747 4358 1880 4412 Erat
1893 4375 2000 4412 ma-

423 4455 556 4508 gnus
580 4440 714 4494 inter
741 4457 916 4496 omnes
948 4441 1263 4498 Orientales.
1288 4444 1367 4500 Ac
1387 4446 1432 4500 si
1460 4456 1645 4515 aperte
1672 4449 1948 4504 diceretur
1979 4467 1992 4502 :

425 4526 646 4597 Omnes,
673 4531 764 4601 qui
791 4531 844 4586 in
873 4531 975 4587 ﬁde
1005 4533 1435 4601 Deonascuntur,
1451 4544 1686 4604 superat,
1714 4539 1837 4605 quia
1865 4554 1993 4605 non,

426 4626 488 4671 ut
525 4630 750 4677 caeteros
778 4621 1015 4694 adoptio,
1044 4624 1139 4679 sed
1168 4633 1361 4680 natura
1387 4625 1534 4678 illum
1549 4625 1842 4681 divinitatis
1854 4628 2000 4682 exal-

430 4712 657 4777 tat;qui
683 4713 782 4768 etsi
831 4714 1163 4771 humanitate
1215 4715 1425 4770 ueteris
1476 4715 1724 4785 apparuit
1775 4717 1998 4782 similis,

429 4798 711 4855 divinitate
741 4811 920 4860 tamen
946 4807 1143 4862 mansit
1166 4822 1327 4878 super
1352 4807 1531 4861 omnia
1561 4806 1868 4876 singularis.
1905 4826 1925 4860 ι

505 4887 693 4946 XXIV.
725 4893 853 4948 Item
884 4897 935 4950 in
963 4898 1100 4952 libro
1116 4908 1308 4954 octavo
1335 4899 1542 4953 decimo
1561 4897 1799 4968 ejusdem
1816 4898 2005 4968 Operis

431 4981 624 5038 beatus
680 4982 971 5054 Gregorius
991 4989 1056 5041 de
1083 4990 1401 5044 excellentia
1457 4989 1758 5045 nativitatis
1783 4987 2006 5054 Christi,

432 5081 490 5127 et
514 5083 772 5144 quantum
799 5091 831 5130 a
876 5075 1030 5130 nobis
1055 5077 1286 5143 dill‘erat,
1316 5081 1590 5142 admirans
1614 5081 1689 5134 ait
1715 5080 1740 5118 ά
1772 5099 1785 5134 :
1826 5098 1843 5130 ι
1883 5077 2010 5132 Νοη

433 5165 869 5236 adwquabiturei
909 5168 1172 5236 topazium
1201 5169 1266 5222 de
1298 5169 1575 5240 [Ethiopia
1629 5170 1768 5241 (Job.
1818 5186 2008 5234 xxviii,

436 5254 546 5328 19).
571 5257 708 5326 Quid
738 5260 1090 5333 Ethiopiam.
1121 5261 1223 5315 nisi
1262 5270 1583 5330 praesentem
1622 5262 1880 5316 mundum
1923 5277 2013 5315 ac-

521 5437 545 5464 ⁴¹
576 5427 702 5483 Loc.
737 5432 834 5514 cit.
862 5431 1432 5514 co_nci_l.__Ephes.,.u'hi
1619 5434 1767 5489 locus
1817 5435 2013 5489 citatur

439 5499 1615 5629 ⁸³¹ὶί¹¹ἰ²ἷι¹ἓοῖέἑῗξῗέἳὲέ¹ὲέεθὲἑῗὲἓὲιξί¹ῗιῖ¹ἔέι¹ίιίά
1668 5575 1722 5628 in
1771 5573 2012 5629 Natalem

516 5589 544 5611 ιι
586 5589 836 5627 ineouou
877 5589 1102 5644 ancyraa
1130 5590 1364 5644 episcopi
1399 5589 1615 5628 nomina
1668 5591 1722 5628 in
1771 5589 2010 5629 natalem

442 5639 655 5724 [Coruini
684 5641 823 5724 lecta
842 5621 944 5724 fuit
963 5645 1015 5697 in
1037 5647 1243 5724 synodo
1259 5643 1555 5724 Ephesium
1586 5653 1640 5699 et
1669 5655 1844 5702 exstat
1879 5654 2010 5702 tom.

444 5709 507 5772 III
536 5711 737 5770 Cuncil.
765 5713 957 5782 Coleti,
1001 5709 1105 5768 col.
1149 5713 1275 5769 I55I
1311 5709 1453 5769 circa
1482 5712 1658 5768 linem.

2089 3266 2285 3334 peperit
2340 3281 2421 3318 me
2474 3275 2643 3319 mater
2689 3283 2802 3319 mea
2847 3263 3031 3336 (Psal.
3089 3283 3156 3330 ι,
3215 3265 3299 3338 7).
3351 3265 3441 3320 Ille
3493 3273 3681 3319 autem

2093 3353 2238 3408 solus
2264 3355 2531 3409 veraciter
2559 3364 2780 3409 sanctus
2808 3364 2969 3409 natus
2998 3364 3102 3420 est,
3131 3356 3245 3425 qui,
3273 3363 3330 3410 ut
3353 3357 3522 3426 ipsam
3548 3370 3688 3409 con-

2094 3445 2349 3500 ditionem
2374 3455 2581 3500 naturze
2603 3448 2865 3512 vinceret,
2903 3462 2966 3502 ex
3019 3449 3390 3502 commistione
3445 3446 3688 3502 carnalis

2096 3536 2299 3606 copula:
2319 3546 2610 3604 conceptus
2631 3551 2737 3590 non
2766 3546 2868 3592 est.
2904 3537 3042 3592 Huic
3097 3553 3154 3592 se
3209 3537 3485 3608 sapientia:
3522 3538 3688 3605 quasi

2095 3626 2361 3694 quoddam
2392 3627 2659 3695 topazium
2676 3627 2741 3680 de
2770 3627 3044 3697 Ethiopia
3071 3631 3274 3698 mquari
3314 3630 3503 3693 voluit,
3549 3643 3685 3683 cum

2097 3722 2314 3789 quidam
2340 3722 2696 3777 hazresiarcha
2720 3723 2854 3776 dixit
2887 3741 2898 3776 :
2930 3723 3045 3776 Non
3071 3723 3283 3777 invideo
3313 3721 3530 3776 Christo
3558 3719 3683 3776 Deo

2096 3809 2280 3874 facto;
2313 3811 2356 3864 si
2387 3811 2529 3876 volo,
2558 3820 2614 3865 et
2644 3813 2759 3881 ipse
2787 3828 3006 3882 possum
3064 3813 3180 3866 ﬁeri
3238 3831 3251 3866 :
3307 3813 3398 3881 qui
3445 3809 3631 3866 Jesum
3664 3830 3682 3866 :

2096 3902 2382 3956 Dominum
2405 3911 2650 3956 nostrum
2678 3917 2782 3956 non
2811 3919 2910 3969 per
2935 3903 3250 3973 mysterium
3273 3901 3645 3970 conceptionis
3665 3941 3686 3966 ,

2097 3999 2190 4052 sed
2211 4012 2308 4067 per
2335 3996 2633 4066 profectum
2672 3995 2857 4066 gratiae
2909 3996 3075 4050 Deum
3126 3997 3352 4066 putavit,
3420 4011 3689 4067 perversa

2097 4088 2414 4157 allegatione
2444 4096 2713 4150 astruens,
2731 4099 2855 4140 eum
2886 4101 3114 4156 parvum
3144 4087 3420 4140 hominem
3467 4096 3686 4154 natum,

2097 4180 2192 4234 sed
2220 4187 2280 4232 ut
2301 4179 2442 4232 Deus
2471 4187 2616 4233 esset
2640 4194 2738 4248 per
2764 4179 3018 4232 meritum
3047 4177 3376 4248 profecisse;
3409 4186 3576 4248 atque
3613 4179 3692 4234 ob

2097 4269 2201 4323 hoc
2226 4269 2518 4332 aestimans,
2550 4275 2605 4321 et
2646 4283 2703 4321 se
2728 4276 2784 4321 et
2824 4267 3092 4337 quoslibet
3128 4267 3263 4320 alios
3293 4267 3342 4320 ei
3384 4282 3546 4336 posse
3593 4283 3696 4322 co-

2097 4359 2322 4428 aequari,
2339 4359 2428 4428 qui
2449 4357 2542 4412 ﬁlii
2560 4358 2653 4413 Dei
2673 4373 2768 4427 per
2787 4359 3014 4428 gratiam
3033 4357 3198 4423 ﬁunt;
3227 4371 3333 4411 non
3357 4357 3688 4428 intelligens,

2099 4465 2207 4504 non
2228 4450 2510 4504 attendens
2538 4450 2664 4518 quia
2693 4466 2796 4502 non
2825 4448 3192 4518 ada’quabitur
3225 4448 3274 4500 ei
3323 4449 3587 4517 topasium
3615 4447 3690 4502 de

2106 4540 2400 4610 zEt/ciopia.
2433 4540 2590 4593 Aliud
2614 4548 2704 4617 est
2763 4540 2906 4592 enim
2949 4547 3134 4592 natum
3185 4537 3416 4590 hominis
3455 4536 3696 4605 gratiam

2107 4631 2406 4700 adoptionis
2438 4631 2748 4700 percipere;
2802 4629 2950 4684 aliud
2994 4645 3160 4683 unum
3197 4627 3539 4696 singulariter
3589 4641 3702 4694 per

2107 4723 2398 4778 divinitatis
2435 4723 2731 4790 potentiam
2783 4721 2951 4775 Deum
2977 4735 3044 4775 ex
3089 4723 3203 4789 ipso
3251 4727 3510 4788 conceptu
3563 4731 3700 4786 pro-

2109 4814 2308 4869 diisse:
2337 4829 2434 4869 nec
2457 4815 2659 4882 aequari
2692 4821 2867 4882 potest
2891 4813 3057 4882 gloria
3089 4811 3345 4882 unigeniti
3386 4809 3565 4863 habita
3593 4823 3704 4877 per

2111 4911 2378 4966 naturain,
2406 4903 2525 4957 aliis
2546 4911 2762 4970 accepta
2791 4917 2887 4970 per
2916 4902 3166 4971 gratiam.
3203 4900 3462 4955 Mediator
3485 4900 3693 4967 quippe

2111 4995 2206 5050 Dei
2236 5005 2397 5064 atque
2428 4996 2724 5059 hominum,
2753 4995 2913 5048 homo
2934 4995 3182 5048 Christus
3219 4991 3394 5055 Jesus,
3419 5006 3524 5044 non
3550 4991 3702 5044 sicut

2112 5091 2213 5145 iste
2241 5091 2528 5145 haereticus
2554 5091 2766 5159 desipit,
2798 5088 2932 5141 alter
2953 5089 3006 5141 in
3038 5088 3392 5147 humanitate,
3443 5084 3581 5138 alter
3636 5085 3700 5138 in

2114 5181 2323 5234 Deitate
2347 5189 2461 5246 est;
2491 5195 2598 5234 non
2627 5193 2795 5248 purus
2815 5179 2976 5231 homo
3000 5186 3292 5246 conceptus
3317 5185 3477 5246 atque
3489 5175 3700 5240 editus,

2115 5280 2237 5342 post
2261 5286 2358 5342 per
2380 5272 2655 5334 meritum,
2677 5279 2734 5322 ut
2757 5269 2898 5323 Deus
2927 5277 3092 5334 esset,
3120 5268 3346 5336 accepit,
3403 5266 3496 5320 sed
3552 5281 3710 5321 nun—

2103 5439 2107 5443 ’
2187 5449 2208 5477 ε
2243 5436 2299 5492 S.
2329 5438 2638 5510 Gregorius,
2663 5437 2785 5492 libr.
2815 5453 2832 5491 ι
2857 5436 3066 5498 Moral.,
3097 5453 3213 5506 cap.
3247 5436 3331 5501 l8,
3365 5435 3419 5488 in
3447 5432 3547 5489 Job
3572 5450 3705 5504 cap.

2115 5509 2400 5704 ζ’θῖιθιῗιὶιῗ
2419 5579 2542 5636 libr.
2586 5597 2705 5647 vui,
2745 5595 2863 5650 cap.
2891 5579 2984 5646 52,
3020 5577 3073 5633 in
3100 5574 3220 5631 Job.
3247 5591 3366 5647 cap.
3399 5590 3599 5640 xxvur,
3643 5590 3714 5632 ν.
