3952 6184
223 344 293 405 07

1052 340 1463 398 DOGMATICA.
1507 373 1574 383 —
1611 343 1735 397 ΜΒ.
1779 341 1935 398 ADV.
1981 343 2300 400 [LJ‘ZRESIN
2338 345 2620 402 FELICIS.

225 459 395 512 tiante
421 453 617 522 angelo
643 460 697 507 et
725 449 1042 506 adveniente
1068 451 1293 520 Spiritu,
1327 467 1450 507 mox
1478 452 1716 508 Verbum
1755 453 1810 506 in
1835 459 1889 516 Α
1916 453 2018 508 llic
2039 466 2110 510 est
2135 455 2308 512 Filius
2334 475 2499 512 meus.
2523 458 2665 514 Suus
2689 460 2874 529 utique
2898 477 3003 519 non
3028 478 3122 534 per
3148 466 3491 538 adoptionem

225 555 399 609 utero,
431 559 560 599 mox
593 543 730 597 intra
759 551 971 596 uterum
1000 542 1237 596 Verbum
1260 558 1422 607 caro;
1454 552 1510 597 et
1559 553 1812 598 manente

226 632 658 693 incommutabili
693 630 952 694 essentia,
975 644 1094 698 qua:
1124 631 1174 684 ei
1201 638 1283 684 est
1309 646 1430 685 cum
1442 631 1606 685 Patre
1622 640 1810 686 etcum

226 733 410 781 sancto
442 723 655 792 Spiritu
710 730 1001 785 coaeterua,
1041 723 1333 792 assumpsit
1377 723 1521 776 intra
1569 723 1810 792 virginea

226 820 458 882 viscera,
489 817 584 870 ubi
606 822 661 869 et
690 813 1040 883 impassibilis
1067 813 1176 881 pati
1207 822 1262 867 et
1291 813 1612 868 immortalis
1647 813 1809 878 mori,

227 915 281 961 et
303 915 546 960 aeternus
569 911 695 957 ante
723 901 920 955 sazcula
951 901 1264 969 temporalis
1285 909 1468 971 posset
1521 915 1640 956 esse
1673 903 1727 955 in
1751 901 1812 955 [i-

231 994 640 1050 nesaeculorum
676 1009 690 1045 :
721 999 778 1045 et
814 1006 912 1059 per
941 989 1210 1044 ineﬁabile
1234 1001 1631 1045 sacramentum
1679 1006 1808 1045 con-

232 1093 378 1155 ceptu
410 1090 608 1137 sancto
637 1090 692 1135 et
709 1089 865 1151 partu
895 1080 1189 1135 inviolabili
1218 1081 1514 1135 secundum
1527 1081 1808 1136 veritatem

231 1177 510 1243 utriusque
539 1182 746 1227 natura:
771 1180 932 1224 natus
955 1179 1036 1224 est
1062 1186 1200 1224 unus
1223 1170 1320 1225 Dei
1343 1171 1534 1235 Filius,
1550 1178 1608 1224 ut
1622 1170 1810 1225 eadem

231 1267 374 1334 virgo
399 1274 456 1317 et
487 1263 686 1317 ancilla
710 1262 923 1315 Domini
950 1269 1094 1315 esset
1121 1270 1176 1315 et
1215 1269 1407 1316 mater.
1467 1261 1557 1316 Sic
1618 1263 1812 1333 quippe

230 1356 275 1409 ei
301 1356 368 1408 ab
415 1352 700 1407 Elisabeth
745 1351 946 1404 dicitur
978 1369 989 1402 :
1024 1348 1172 1404 Unde
1218 1352 1315 1404 hoc
1362 1352 1509 1414 mihi,
1539 1361 1593 1404 ut
1641 1354 1812 1406 veniat

231 1453 394 1495 mater
424 1440 640 1493 Domini
669 1439 770 1491 mei
812 1437 880 1490 ad
923 1455 1002 1491 me
1030 1438 1180 1506 (Luc.
1212 1457 1253 1504 1,
1280 1438 1409 1510 45)?
1430 1441 1495 1492 Et
1522 1440 1634 1509 ipsa
1661 1441 1812 1510 virgo

230 1534 538 1602 concipiens
568 1532 730 1585 dicit:
749 1529 888 1583 Ecce
913 1530 1105 1584 ancilla
1119 1531 1353 1596 Domini,
1372 1532 1465 1600 fiat
1483 1533 1609 1584 mihi
1628 1549 1811 1585 secun—

229 1625 355 1676 dum
388 1623 597 1676 verbum
625 1630 775 1673 tuum
805 1619 954 1690 (Luc.
979 1637 1017 1685 ι,
1043 1621 1156 1691 58).
1184 1621 1250 1675 Et
1269 1623 1514 1690 quamvis
1539 1623 1651 1691 ipse
1665 1623 1810 1677 aliud

228 1730 288 1768 ex
308 1715 502 1779 Patre,
533 1713 673 1766 aliud
699 1729 763 1766 ex
796 1713 1026 1782 virgine,
1054 1729 1160 1767 non
1199 1723 1376 1768 tamen
1405 1715 1544 1770 alius
1591 1731 1657 1770 ex
1703 1716 1798 1770 Pa-

228 1812 332 1866 tre,
365 1804 506 1856 alius
529 1817 593 1855 ex
617 1803 850 1871 virgine,
878 1802 971 1856 sed
1003 1804 1116 1872 ipse
1143 1812 1228 1858 est
1251 1813 1485 1860 aeternus
1509 1821 1576 1859 ex
1627 1806 1808 1871 Patre,
1844 1801 1886 1859 Β
1912 1833 2030 1882 nas,
2063 1820 2156 1873 sed
2181 1836 2342 1874 unam
2373 1823 2706 1881 divinitatem
2738 1829 3037 1899 Trinitatis,

227 1894 342 1964 ipse
371 1893 677 1962 temporalis
720 1909 789 1947 ex
827 1901 1022 1958 matre,
1075 1895 1188 1963 ipse
1241 1896 1332 1964 qui
1388 1895 1538 1962 fecit,
1573 1897 1686 1966 ipse
1716 1899 1808 1966 qui

228 1983 399 2037 factus
427 1992 543 2048 est;
576 1984 734 2053 767
760 1983 874 2052 ipse
902 1985 1177 2053 speciosus
1203 1984 1375 2040 forma
1397 2004 1506 2057 pra:
1553 1989 1681 2043 ﬁliis
1708 1989 1806 2043 lto-

228 2074 431 2127 minum
462 2088 560 2142 per
589 2073 923 2127 divinitatem
957 2071 1128 2145 (Psal.
1153 2091 1301 2140 xuv,
1325 2076 1413 2147 5),
1460 2086 1514 2131 et
1559 2078 1693 2148 ipse,
1741 2078 1809 2132 de

230 2180 328 2233 quo
353 2165 563 2218 dictum
585 2174 669 2218 est
702 2183 714 2216 :
751 2165 992 2218 Vidimus
1014 2181 1157 2231 eum,
1183 2174 1237 2219 et
1257 2183 1364 2222 non
1395 2176 1515 2222 erat
1537 2177 1804 2238 aspectus,

229 2263 279 2309 et
296 2270 404 2308 non
430 2263 521 2308 est
541 2255 751 2322 species
777 2255 822 2308 ei
855 2271 1028 2324 neque
1057 2256 1220 2310 decor
1266 2273 1362 2326 per
1413 2260 1807 2314 humanitatem

230 2342 372 2414 (Isai.
405 2359 534 2406 Lﬂl,
565 2341 650 2412 2);
681 2344 792 2411 ipse
817 2352 939 2399 ante
976 2345 1172 2399 saecula
1198 2347 1263 2400 de
1292 2347 1452 2400 Patre
1476 2348 1595 2403 sine
1620 2348 1805 2413 Matre,

232 2435 337 2500 ipse
361 2435 415 2486 in
441 2432 556 2485 ﬁne
577 2432 892 2486 szeculorum
924 2435 990 2488 de
1019 2434 1188 2489 Matre
1213 2436 1328 2490 sine
1351 2437 1526 2491 Patre.
1567 2456 1585 2489 ι

296 2522 460 2576 XXV.
503 2523 636 2576 item
689 2523 880 2577 beatus
923 2525 1226 2580 Alexander
1273 2526 1810 2599 ConstantinOpoleos

231 2616 504 2683 episcopus
516 2613 824 2668 Alexandro
838 2614 1198 2670 Alexandrino
1221 2618 1470 2688 episc0po
1489 2620 1736 2676 scribens
1753 2621 1808 2675 in

230 2703 447 2770 epistola
473 2718 634 2772 quam
668 2719 768 2772 pro
798 2703 902 2758 ﬁde
931 2706 1195 2761 catholica
1224 2708 1439 2776 scripsit
1465 2719 1588 2778 post
1615 2710 1808 2780 prazfa-

229 2793 424 2845 tiouem
456 2808 746 2863 congruam
779 2794 852 2847 ita
884 2795 1145 2850 subinfert
1173 2809 1198 2836 ει
1234 2815 1246 2850 :
1285 2817 1302 2848 ‹
1345 2798 1514 2854 Porro
1547 2811 1807 2856 creatura:

227 2880 357 2948 ejus,
408 2883 651 2937 homines
694 2893 750 2938 et
797 2885 972 2954 angeli
1017 2887 1416 2944 benedictiones
1462 2905 1802 2963 acceperunt,

225 2972 520 3026 virtutibus
541 2973 800 3042 proﬁcere
829 2977 1232 3042 contendentes,
1263 2981 1636 3052 mandatisque
1672 2985 1804 3054 legi-

225 3060 397 3124 timis,
426 3070 685 3130 quatenus
711 3080 818 3118 non
847 3075 1149 3132 peccarent.
1185 3069 1442 3127 Dominus
1469 3087 1594 3128 vero
1623 3085 1809 3131 noster

227 3150 544 3204 naturaliter
573 3151 739 3206 Filius
763 3153 939 3209 Patris
963 3157 1198 3213 existens
1231 3162 1300 3215 ab
1327 3165 1577 3220 omnibus
1612 3168 1805 3222 adora-
1831 3145 1878 3208 Ο

228 3253 326 3296 tur.
355 3245 436 3298 llli
464 3246 790 3315 deponentes
819 3249 1067 3318 spiritum
1099 3254 1375 3310 servitutis
1402 3271 1466 3310 ex
1493 3259 1648 3314 bonis
1676 3275 1805 3330 ope-

230 3336 370 3389 ribus
399 3345 454 3390 et
481 3337 728 3404 profectu
760 3339 1018 3409 Spiritum
1057 3342 1331 3400 ﬁliationis
1363 3349 1686 3420 accipientes
1712 3369 1809 3422 per

231 3426 522 3480 naturalem
566 3427 760 3482 Filium
795 3429 922 3495 iusti
965 3432 1099 3486 ﬁunt
1136 3442 1188 3488 et
1225 3433 1334 3503 ipsi
1361 3439 1646 3508 adoptione
1675 3443 1803 3509 ﬁlii;

232 3514 375 3568 istius
411 3525 593 3569 autem
636 3519 907 3586 propriam
946 3528 1000 3574 ct
1037 3525 1335 3579 naturalem
1378 3531 1808 3602 praecipuamque

234 3603 533 3661 ﬁliationem
557 3607 757 3664 Paulus
786 3611 949 3664 etiam
971 3615 1335 3672 manifestavit
1359 3618 1425 3674 de
1446 3622 1555 3678 Deo
1581 3625 1765 3680 dicens
1789 3645 1802 3680 :

235 3693 326 3758 Qui
346 3698 556 3765 proprio
587 3696 730 3751 Filio
755 3716 850 3754 suo
893 3718 996 3756 non
1033 3708 1278 3773 pepercit,
1305 3710 1394 3761 sed
1419 3727 1512 3780 pro
1550 3713 1714 3777 nobis,
1754 3715 1806 3769 id

230 3793 331 3849 est,
369 3787 462 3854 qui
500 3796 691 3842 natura
718 3805 826 3844 non
863 3807 1049 3848 sumus
1078 3795 1204 3861 ﬁlii,
1236 3799 1452 3852 tradidit
1481 3819 1596 3855 eum
1625 3803 1802 3874 (Rom.

230 3891 339 3939 vui,
377 3878 499 3946 32);
542 3880 609 3932 ad
645 3881 1042 3939 distinctionem
1068 3902 1299 3958 namque
1321 3906 1428 3945 non
1465 3896 1807 3963 propriorum

230 3963 367 4017 illum
406 3969 682 4037 pr0prium
724 3969 918 4025 Filium
953 3990 1072 4030 esse
1105 3978 1257 4032 dixit.
1297 3980 1351 4034 In
1388 3982 1676 4055 Evangelio
1715 4005 1808 4041 au-

228 4064 349 4118 tem,
375 4056 480 4110 Hic
505 4070 578 4112 est
606 4059 653 4112 F
657 4061 802 4128 ilius,
828 4064 1019 4134 inquit,
1048 4085 1190 4124 meus
1219 4071 1456 4142 dilectus,
1481 4078 1535 4130 in
1558 4095 1660 4148 quo
1685 4080 1808 4136 bene

226 4147 512 4215 complacui
539 4149 752 4220 (Matth.
787 4171 872 4218 ιιι,
907 4157 1013 4228 l7).
1052 4179 1069 4210 ι

289 4235 486 4289 XX“.
523 4238 860 4298 Chromatius
897 4262 1110 4317 quoque
1158 4262 1357 4308 sancta:
1387 4255 1642 4314 Romamn
1669 4263 1808 4316 anti-

225 4336 336 4380 stes
369 4325 645 4393 Ecclesize,
673 4331 724 4384 in
751 4333 928 4392 libello
953 4353 1113 4406 quem
1141 4342 1206 4397 de
1231 4352 1353 4398 octo
1381 4345 1809 4406 Beatitudinibus

224 4417 481 4487 scripsit,
512 4418 588 4471 ita
617 4420 740 4476 dicit
767 4425 792 4463 h
823 4440 838 4478 :
877 4445 894 4477 ‹
927 4427 985 4482 In
1010 4434 1266 4499 mysterio
1293 4436 1436 4490 enim
1471 4438 1723 4508 baptismi
1752 4451 1806 4496 et

225 4509 392 4565 Filius
433 4508 567 4582 [Alii
597 4513 788 4570 addunt
820 4532 838 4568 :
868 4521 1112 4594 manens]
1141 4524 1350 4580 videtur
1376 4527 1427 4582 in
1457 4543 1712 4597 corpore;
1753 4538 1808 4585 et

228 4600 463 4670 Spiritus
489 4614 703 4661 sanctus
725 4609 780 4662 in
809 4613 987 4679 specie
1009 4614 1268 4672 columbae
1295 4617 1598 4688 descendit;
1625 4632 1680 4678 et
1703 4640 1804 4679 vox

226 4691 396 4748 Patris
425 4695 493 4750 de
522 4698 656 4754 etelo
687 4701 923 4768 auditur,
959 4714 1018 4760 ut
1047 4706 1330 4764 Trinitatis
1355 4713 1534 4768 unitas
1562 4717 1801 4772 declare-

225 4793 330 4850 tur,
366 4787 494 4855 quia
534 4804 631 4843 nec
665 4789 826 4847 Pater
867 4794 982 4850 sine
1024 4797 1160 4852 Filio
1200 4799 1419 4870 intelligi
1453 4813 1661 4872 potest,
1703 4824 1804 4863 nec

227 4873 388 4929 Filius
415 4875 532 4931 sine
561 4876 763 4946 Spiritu
791 4893 978 4938 sancto
1001 4889 1270 4957 cognosci.
1312 4891 1438 4945 Vide
1465 4891 1598 4964 [Al.,
1627 4896 1800 4970 Unde]

227 4962 402 5032 igitur,
429 4967 590 5034 quale
613 4967 788 5026 Patris
814 4973 877 5027 de
901 4974 1034 5030 Filio
1060 4979 1427 5036 testimonium
1449 4962 1518 5037 sit
1543 4962 1800 5042 dicentisi

293 5109 319 5137 ι
355 5098 475 5186 Non
507 5101 813 5186 Alexander
844 5107 1125 5186 episcopus
1162 5111 1698 5186 Constantinopoleos
1735 5124 1799 5177 ad

224 5167 585 5257 Alexande
638 5167 1055 5257 Alesand'rinum
1110 5167 1802 5257 episcopum,mprvouivliic

223 5236 431 5321 incuria
457 5239 702 5321 fortassis
740 5246 1088 5321 d_escriptoris
1120 5236 1709 5321 poniturrﬂtﬂsedrhicuad
1733 5236 1802 5316 il:

223 5304 330 5392 iam
495 5314 730 5392 scripsit.
757 5304 947 5392 Essta't
971 5335 1100 5392 vero
1120 5304 1626 5392 ῐιέέξὲῖιέιόιξῖοῦὶῖι
1643 5304 1802 5386 ’ξε-ιλιι

331 5379 429 5463 cit.
460 5375 674 5463 apud-'1‘
679 5384 1032 5463 lieodoretum
1056 5375 1176 5463 libr.
1190 5375 1197 5376 ⁷
1210 5375 1249 5455 ί,
1265 5375 1480 5463 ab}?

291 5445 664 5525 bﬂExstathie
693 5454 842 5509 locus
877 5473 983 5512 non
1021 5460 1073 5512 in
1112 5445 1536 5522 libello—decem
1565 5469 1804 5525 Beatitu-

226 5514 459 5610 dinibus‘,
687 5514 1797 5610 quodam.Ebro‘mftii‘i'ragmentouincap:

225 5599 379 5666 nn].
411 5588 469 5652 4,
497 5588 720 5666 μεωιῷ
733 5603 864 5666 tom.
895 5597 932 5652 V
952 5596 1054 5650 BB.
1082 5598 1183 5656 PP.
1219 5588 1803 5666 Εὐίιυγειῖιῖίιῖε’έέιῖῙῦᾇ

227 5657 415 5750 mantus
440 5660 722 5745 episcopus
747 5663 1128 5738 Aquileiensis,
1156 5687 1266 5726 non
1295 5657 1601 5750 Romanu—si:
1613 5657 1802 5750 quiam-

227 5726 300 5778 vis
336 5726 638 5798 Romanus;
668 5726 931 5792 incertum
968 5753 1074 5809 quo
1109 5726 1292 5811 sensu,
1327 5726 1609 5818 api—scopas
1630 5726 1796 5807 etiam

1913 545 2123 613 gratiae,
2153 562 2325 616 neque
2350 562 2447 616 per
2482 548 2795 619 religionem
2824 562 3110 621 creaturae,
3149 565 3210 611 ut
3251 559 3491 617 haeretici

1912 638 2129 704 volunt;
2173 639 2267 694 sed
2306 641 2388 695 sui
2428 642 2755 711 proprietate
2779 647 3016 715 (generis
3044 656 3098 703 et
3133 650 3360 706 veritate
3396 665 3496 708 na-

1910 734 2064 782 turae.
2118 728 2268 783 Multi
2311 731 2456 785 enim
2503 741 2816 789 sanctorum
2866 734 2956 791 ﬁlii
3002 738 3097 794 Dei
3145 741 3398 796 dicuntur
3438 748 3498 800 et

1912 826 2055 882 sunt,
2097 820 2190 873 sed
2221 821 2309 875 hic
2342 822 2458 875 sine
2496 826 2897 892 comparatione
2935 826 3064 898 [Al.,
3099 830 3496 906 compassione]

1913 925 2051 963 unus
2095 911 2203 964 Deo
2243 911 2390 965 Patri
2436 912 2602 968 Filius
2641 916 2951 985 unigenitus
2995 928 3048 974 et
3085 937 3244 976 verus
3282 930 3336 978 et
3369 938 3496 992 pro-

1910 997 2081 1066 prius,
2118 1015 2224 1053 non
2263 1001 2476 1056 aliunde
2503 1019 2663 1071 quam
2697 1007 2761 1060 de
2795 1007 2954 1063 Patre
2989 1020 3180 1079 natus;
3221 1014 3347 1084 quia
3383 1024 3494 1072 tam

1911 1102 2073 1140 verus
2097 1096 2251 1156 pater
2271 1090 2432 1145 Pater
2451 1101 2556 1157 est,
2585 1109 2745 1163 quam
2768 1114 2928 1154 verus
2949 1109 3002 1156 et
3026 1103 3165 1158 Deus
3191 1114 3301 1170 est;
3337 1108 3495 1164 sicuti

1912 1179 2073 1233 etiam
2105 1178 2234 1251 [Al.,
2260 1183 2392 1254 tam]
2424 1199 2583 1240 verus
2609 1185 2750 1242 ﬁlius
2773 1189 2984 1264 [Filius]
3007 1203 3110 1260 est,
3141 1211 3302 1265 quam
3336 1215 3498 1255 verus

1913 1278 1966 1323 et
1989 1270 2269 1325 Dominus.
2289 1272 2533 1329 Perfecta
2553 1291 2682 1347 ergo
2705 1279 2838 1335 ﬁdes
2857 1291 2940 1336 est
2957 1284 3237 1343 Trinitatis
3255 1299 3496 1356 ostensa,

1913 1375 2036 1413 cum
2064 1372 2118 1414 et
2146 1363 2305 1418 Pater
2334 1367 2609 1422 Christum
2649 1372 2931 1429 Dominum
2961 1393 3023 1432 ac
3052 1379 3220 1435 Deum
3250 1392 3497 1438 nostrum

1911 1447 2105 1505 Filium
2147 1469 2301 1508 suum
2340 1473 2458 1511 esse
2499 1465 2763 1527 testatur;
2806 1473 2859 1518 et
2901 1467 3135 1535 Spiritus
3173 1482 3410 1538 sanctus,
3443 1475 3498 1530 id

1911 1551 2017 1606 est,
2049 1543 2375 1609 Paracletus,
2416 1548 2471 1601 in
2501 1558 2649 1604 tanto
2688 1551 2812 1607 ﬁdei
2852 1570 3189 1615 sacramento
3228 1561 3372 1618 Patri
3405 1567 3498 1621 Fi-

1911 1633 2088 1700 lioque
2110 1633 2468 1706 conjungitur,
2495 1649 2555 1693 ut
2585 1657 2770 1696 verum
2797 1645 3032 1714 Patrem,
3062 1665 3248 1706 verum
3277 1653 3494 1723 Filium,

1912 1739 2096 1779 verum
2136 1728 2298 1781 etiam
2338 1729 2598 1800 Spiritum
2639 1745 2885 1792 sanctum
2921 1742 3142 1797 credere
3172 1753 3284 1802 tres
3313 1764 3500 1818 perso-

3069 1851 3339 1908 unamque
3367 1843 3496 1898 sub-

1911 1909 2170 1964 stantiam
2202 1927 2310 1965 non
2343 1914 2667 1971 dubitemus.
2707 1938 2726 1970 ι

1979 2001 2188 2055 XXVII.
2209 2002 2314 2058 Sed
2342 2004 2500 2073 hujus
2522 2007 2645 2062 ﬁdei
2663 2011 2944 2067 veritatem
2965 2015 3498 2090 beatusAugnstinus

1909 2091 2094 2145 multis
2121 2094 2406 2149 conﬁrmat
2436 2099 2786 2166 testimoniis,
2821 2118 2942 2172 quae
2979 2110 3206 2176 sparsim
3238 2113 3292 2166 in
3331 2129 3496 2183 opus-

1908 2181 2044 2236 culis
2074 2184 2188 2238 suis
2210 2184 2510 2253 legentibus
2531 2197 2585 2243 et
2605 2192 2860 2248 studiosis
2879 2209 3189 2254 occurrunt.
3213 2200 3329 2256 Non
3351 2181 3496 2259 enim

1908 2272 2236 2329 dormientes
2281 2274 2456 2347 [Leg.,
2492 2280 2903 2356 dormientibus]
2947 2288 3002 2340 in
3043 2289 3376 2357 inﬁdelitate,
3403 2291 3498 2350 sed

1909 2364 2185 2433 sapientia:
2230 2368 2571 2424 studentibus
2612 2372 2857 2428 veritatis
2898 2376 3136 2432 thesauri
3179 2389 3496 2450 patescunt;

1907 2455 2050 2510 unde
2075 2464 2131 2510 et
2157 2457 2209 2510 in
2237 2458 2526 2530 Evangelio
2552 2461 2667 2530 ipsa
2700 2463 2973 2534 Sapientia
2997 2468 3164 2523 dixit:
3196 2471 3498 2542 Justiﬁcata

1906 2554 1980 2598 est
2015 2547 2271 2616 sapientia
2305 2567 2337 2602 a
2372 2550 2499 2618 ﬁliis
2527 2554 2635 2607 suis
2666 2554 2880 2625 (Matth.
2913 2575 2999 2624 xl,
3031 2561 3138 2632 19).
3173 2562 3326 2620 Unde
3353 2567 3496 2623 idem

1906 2636 2070 2691 Pater
2111 2639 2164 2692 in
2209 2640 2437 2710 praefato
2477 2659 2640 2714 Opere
2681 2645 3034 2705 Homiliarum
3079 2654 3236 2710 titulo
3279 2668 3501 2726 quarto—

1909 2727 2118 2784 decimo
2163 2731 2268 2786 tale
2311 2735 2535 2803 protulit
2575 2738 2942 2795 testimoninm
2975 2754 2998 2782 ε
3046 2759 3061 2797 :
3107 2763 3126 2796 ι
3171 2746 3309 2802 Audi
3351 2752 3499 2807 enim

1907 2819 2080 2875 adhuc
2126 2823 2269 2890 quod
2311 2826 2574 2894 sequitur,
2625 2831 2750 2898 quia
2795 2833 2861 2886 de
2901 2833 3038 2889 Filio
3083 2837 3339 2893 dixerat:
3373 2841 3500 2899 Non

1904 2913 2042 2964 enim
2071 2913 2140 2966 ad
2177 2931 2474 2970 mensuram
2516 2919 2606 2973 dat
2635 2921 2775 2976 Deus
2817 2923 3095 2994 Spiritum.
3140 2929 3304 2984 Pater
3326 2931 3496 3005 diligit

1909 2999 2110 3055 Filium
2135 3013 2184 3056 et
2205 3008 2379 3060 omnia
2403 3008 2544 3060 dedit
2563 3011 2617 3062 in
2641 3027 2798 3064 manu
2820 3014 2935 3083 ejus
2958 3015 3136 3085 (Joan.
3161 3035 3244 3083 ιιι,
3265 3020 3355 3085 34,
3378 2999 3493 3095 55).

1908 3089 2106 3160 Adjicit
2137 3112 2149 3147 :
2183 3094 2372 3150 Omnia
2401 3097 2543 3151 dedit
2571 3100 2626 3152 in
2653 3117 2811 3154 manu
2834 3103 2968 3172 ejus,
2999 3112 3057 3158 ut
3088 3121 3272 3163 nosses
3300 3118 3354 3163 et
3383 3089 3494 3176 hic,

1908 3200 2070 3251 quam
2120 3185 2369 3242 distincte
2410 3189 2614 3244 dictum
2658 3202 2742 3247 est
2785 3211 2798 3246 :
2855 3194 3014 3249 Pater
3055 3197 3225 3269 diligit
3270 3200 3320 3253 F
3323 3201 3495 3259 ilium.

1908 3275 2088 3342 Quare
2115 3279 2299 3332 enim?
2343 3279 2504 3335 Pater
2531 3297 2637 3338 non
2675 3285 2847 3357 diligit
2871 3286 3173 3345 Joannem?
3213 3293 3281 3348 Et
3317 3303 3499 3351 tamen

1907 3383 2014 3423 non
2059 3371 2239 3424 omnia
2286 3371 2431 3426 dedit
2476 3373 2529 3427 in
2577 3390 2740 3430 manu
2787 3375 2922 3445 ejus.
2972 3379 3131 3436 Pater
3175 3399 3282 3440 non
3322 3386 3500 3458 diligit

1908 3459 2167 3514 Paulum?
2209 3463 2278 3517 Et
2304 3471 2483 3519 tamen
2512 3482 2620 3521 non
2660 3470 2852 3524 omnia
2881 3471 3028 3526 dedit
3074 3473 3127 3527 in
3167 3491 3329 3532 manu
3359 3476 3494 3546 ejus.

1907 3545 2068 3602 Pater
2100 3548 2272 3618 diligit
2307 3550 2498 3605 Filium
2528 3570 2541 3606 :
2583 3554 2678 3608 sed
2715 3558 2986 3625 quomodo
3022 3559 3186 3631 768
3220 3545 3499 3618 PaterrFi-

1909 3633 2062 3700 lium,
2087 3651 2191 3691 non
2218 3640 2485 3706 quomodo
2518 3641 2777 3699 Dominus
2804 3661 3052 3714 servum;
3085 3653 3354 3719 quomodo
3376 3653 3498 3708 uni-

1908 3741 2048 3790 cum,
2078 3744 2183 3782 non
2214 3734 2482 3798 quomodo
2512 3735 2846 3804 adoptatum.
2881 3759 2899 3792 ι

1979 3818 2211 3874 XXVIII.
2232 3821 2362 3876 item
2380 3823 2432 3876 in
2453 3823 2714 3882 Sermone
2730 3844 2842 3884 xm
2856 3830 2914 3884 ἀς
2937 3850 2954 3882 ‹
2974 3832 3038 3887 Et
3053 3849 3262 3901 revera,
3278 3835 3494 3905 fratres,

1906 3917 2039 3977 puto
2062 3910 2186 3978 quia
2211 3909 2418 3978 justum
2443 3921 2547 3980 est,
2579 3916 2883 3974 humiliavit
2907 3936 2966 3976 se
2992 3932 3214 3993 propter
3240 3942 3358 3994 nos,
3383 3929 3498 3999 glo-

1909 4001 2182 4057 riﬁcemus
2213 4004 2364 4058 illum
2397 4021 2513 4060 nos.
2552 4007 2668 4063 Non
2703 4012 2847 4066 enim
2888 4013 3058 4070 Filius
3098 4019 3332 4076 hominis
3371 4039 3499 4092 pro-

1907 4102 2028 4160 pter
2054 4109 2111 4147 se
2135 4103 2236 4158 est,
2279 4097 2372 4151 sed
2398 4106 2619 4166 propter
2645 4116 2742 4155 nos
2767 4117 2782 4155 :
2811 4119 2939 4175 ergo
2967 4117 3085 4162 erat
3117 4110 3287 4168 Filius
3321 4115 3495 4172 homi-

1909 4183 1993 4236 nis
2023 4183 2112 4238 illo
2146 4187 2323 4252 modo,
2365 4203 2488 4242 cum
2520 4190 2755 4246 Verbum
2783 4210 2911 4250 caro
2951 4197 3148 4255 factum
3181 4212 3284 4271 est,
3315 4216 3371 4261 et
3399 4209 3495 4262 ha-

1907 4276 2097 4330 litavit
2120 4277 2173 4329 in
2199 4279 2372 4331 nobis.
2397 4279 2519 4335 Ideo
2545 4281 2688 4338 hunc
2715 4286 2859 4340 enim
2887 4287 3029 4344 Deus
3056 4291 3214 4348 Pater
3238 4296 3489 4368 signavit.

1910 4367 2135 4436 Signare
2165 4370 2293 4437 quid
2321 4379 2426 4436 est,
2458 4373 2562 4427 nisi
2596 4377 2872 4445 proprium
2899 4381 3098 4451 aliquid
3129 4367 3348 4457 ponere.
3381 4391 3494 4449 Hoc

1833 4464 1989 4542 Best
2035 4456 2269 4525 signare,
2310 4474 2512 4527 ponere
2556 4463 2780 4534 aliquid,
2831 4485 2938 4539 quo
2986 4489 3090 4528 non
3130 4456 3495 4539 confundatur

1908 4563 2032 4602 cum
2058 4551 2288 4605 caeteris.
2315 4551 2539 4623 Signare
2565 4566 2668 4624 est,
2699 4559 2911 4630 signum
2935 4565 2982 4618 ei
3014 4582 3232 4635 ponere.
3257 4571 3491 4631 Cuicun-

1905 4655 2008 4712 que
2034 4643 2113 4697 rei
2138 4644 2294 4712 ponis
2321 4646 2554 4715 signum,
2584 4649 2703 4704 ideo
2728 4654 2882 4721 ponis
2912 4657 3146 4726 signum,
3175 4678 3243 4717 ne
3267 4668 3490 4725 confusa

1903 4748 2026 4787 cum
2068 4735 2187 4789 aliis
2218 4745 2344 4791 ante
2383 4753 2488 4792 non
2531 4742 2699 4808 possit
2737 4748 2975 4812 agnosci.
3019 4747 3180 4807 Pater
3205 4769 3334 4830 ergo
3365 4776 3487 4818 eum

1903 4821 2153 4891 signavit.
2199 4824 2336 4890 Quid
2365 4835 2448 4880 est
2487 4829 2754 4898 signavit?
2798 4833 3083 4906 Proprium
3123 4821 3374 4912 quiddam
3411 4854 3486 4908 illi

1902 4912 2064 4976 dedit,
2091 4929 2157 4968 ne
2178 4917 2388 4970 caeteris
2416 4928 2759 4987 comparetur
2783 4923 3109 4986 hominibus.
3134 4935 3258 4992 ideo
3284 4941 3486 4996 dictum

1901 5011 2024 5058 est:
2061 5001 2220 5057 Unxit
2249 5015 2297 5058 te
2333 5005 2474 5060 Deus
2499 5007 2643 5065 Deus
2680 5021 2803 5068 tuus
2839 5015 2951 5072 oleo
2984 5023 3340 5082 exsultationis
3376 5045 3489 5099 prce

1904 5135 2202 5221 appelletur
2236 5137 2290 5220 in
2317 5137 2474 5193 codd.
2504 5158 2633 5223 mss.
2663 5144 2808 5203 illius
2832 5151 3031 5221 scripta
3060 5155 3480 5214 continentibus.

1901 5205 2462 5279 Porte__descriptores
2502 5215 2624 5268 inde
2665 5217 2871 5279 decepti
2917 5222 3154 5279 fuerunt.
3185 5226 3326 5279 quod
3357 5243 3480 5279 san-

1905 5215 2064 5260 r‘orte
2102 5215 2462 5276 descriptores
2502 5215 2624 5268 inde
2665 5217 2871 5288 decepti
2917 5215 3154 5290 fuerunt,
3185 5226 3326 5292 quod
3357 5243 3483 5286 san-

1905 5274 2679 5364 ctusiliero‘nymnsreumdem
2707 5301 2945 5364 sanctum
2972 5309 3161 5364 papam
3184 5297 3483 5364 appellave-

1903 5345 1976 5424 rit
1993 5346 2164 5424 epist.
2201 5345 2263 5404 8i
2310 5349 2676 5424 ad‘Ruﬂinum
2721 5367 2851 5412 tom.
2891 5359 2934 5422 Ι,
2972 5345 3175 5416 ειἹὶὺιι.
3217 5345 3482 5424 {fama

1903 5415 2170 5511 33!“???
2197 5426 2330 5511 ιετει·
2362 5418 2422 5511 .“:
2448 5423 2606 5511 “Vitis
2619 5424 2901 5511 ἐξέπιοὲῖρξ
2923 5415 3006 5511 ὐ;.
3027 5415 3476 5511 Τίυθμιόμζῦἑὲῖ

1901 5484 2314 5568 ἕβδνιὲίὲίηκΧΙν
2358 5500 2412 5544 ει
2446 5492 2507 5546 D.
2541 5493 2754 5568 geillier
2781 5496 2923 5568 Hist.
2964 5497 3094 5556 Gen.
3132 5484 3483 5568 agitata

1903 5554 2354 5632 Eccltﬁsiastiques,
2390 5569 2517 5615 tom.
2547 5563 2614 5626 Χ,
2641 5580 2760 5632 pag.
2790 5567 2877 5623 82.

1977 5581 2354 5628 cwsmsuques,
2391 5581 2517 5615 tom.
2551 5581 2614 5626 IL,
2641 5581 2703 5632 pa
2749 5605 2760 5617 .
2790 5581 2877 5623 δ’ζ.

1977 5637 1998 5700 ς
2037 5626 2096 5700 _S.
2125 5627 2286 5697 Aug,
2319 5639 2473 5685 tract.
2507 5648 2597 5688 xxv
2626 5634 2679 5687 in
2705 5581 2860 5692 ἴσθι).
2893 5657 3040 5698 num.
3071 5643 3158 5700 Η.

1972 5695 1997 5735 ἀ
2035 5695 2384 5766 idem—tract.
2414 5717 2540 5770 xxv,
2573 5720 2717 5760 nutn.
2755 5707 2835 5762 il.
