3906 6186
456 335 534 387 99
1299 328 1356 380 Β.
1399 328 1460 380 ιι.
1495 320 1717 379 ALBINI
1756 323 1886 377 SEIJ
1926 324 2042 373 MA

2144 321 2199 377 NI
2240 322 2522 375 UI’hRUM
2559 320 2739 376 PARS
2774 320 2858 376 111.

3612 321 3708 380 I00

463 440 798 514 participibus
828 438 932 493 tuis
969 436 1143 511 (Psal.
1176 452 1321 503 xuv,
1354 436 1431 507 8).
1476 436 1617 505 Ergo
1663 433 1877 500 signare
1921 429 2052 500 quid
2078 436 2126 492 Α
2155 446 2254 485 ras:
2276 439 2374 494 est,
2413 439 2461 484 et
2486 431 2752 501 injustitia
2775 432 2831 485 in
2869 428 2962 484 illo
3001 446 3105 484 non
3133 437 3209 484 est
3235 428 3416 502 (locis.
3441 445 3574 499 xvu,
3604 402 3707 504 i8).

456 531 578 587 est?
594 530 888 600 Exceptum
913 529 1110 583 habere
1133 527 1235 582 hoc
1255 533 1360 591 est,
1378 540 1487 594 pne
1501 521 1851 593 participibus
1873 518 2039 575 suis.»

534 621 729 678 XXIX.
763 621 897 676 Item
928 621 981 675 in
1011 619 1274 675 Sermone
1322 618 1561 688 ejusdem
1589 615 1770 685 operis
1817 628 1946 668 xxiv
1968 625 1995 654 ι
2027 630 2043 666 :

466 732 491 765 ‹
526 713 694 768 Nemo
719 711 949 767 ascendit
974 712 1029 765 in
1055 710 1261 775 cretum,
1301 708 1401 763 nisi
1430 708 1517 779 qui
1539 706 1607 762 de
1628 705 1754 761 caelo
1783 704 2045 760 descendit

468 801 640 857 Filius
678 803 922 868 hominis,
964 802 1053 871 qui
1095 810 1169 855 est
1206 802 1261 854 in
1299 797 1424 853 caelo
1469 797 1649 870 (Joan.
1676 812 1760 863 ιιι,
1789 796 1899 867 15).
1927 794 2046 851 Non

466 894 699 960 dixerat,
748 894 939 957 Filius,
983 893 1177 962 inquit,
1221 890 1472 954 hominis,
1515 888 1607 958 qui
1644 895 1763 942 erat
1805 887 1862 942 in
1908 885 2045 941 cmlo

466 986 638 1059 [Edit.
674 985 832 1040 :Non
858 984 1015 1049 dixit,
1058 992 1192 1047 erat,
1220 982 1315 1037 sed
1341 980 1530 1045 Filius,
1573 979 1767 1048 inquit,
1811 975 2046 1032 hominis

464 1080 556 1147 qui
583 1087 666 1133 est
706 1079 758 1131 in
786 1075 965 1147 cmlo].
996 1074 1055 1128 In
1088 1082 1233 1128 terra
1263 1072 1603 1142 loquebatur,
1645 1076 1701 1125 et
1727 1070 1786 1124 in
1823 1067 1960 1124 coelo
1988 1081 2048 1122 se

466 1184 584 1223 esse
627 1168 856 1223 dicebat.
903 1166 972 1220 Et
1018 1180 1124 1219 non
1166 1164 1245 1218 ita
1286 1163 1462 1218 dixit:
1497 1161 1666 1216 Nemo
1712 1158 1946 1214 ascendit
1990 1157 2047 1211 in

466 1257 671 1323 cozlum,
717 1258 818 1311 nisi
855 1256 944 1327 qui
988 1255 1053 1309 de
1099 1254 1225 1309 cwlo
1265 1252 1557 1318 descendit,
1603 1249 1778 1304 Filius
1820 1248 2045 1303 hominis

466 1346 658 1421 [Edit.,
689 1346 857 1401 Filius
878 1345 1022 1417 Dei],
1050 1346 1139 1416 qui
1162 1354 1236 1399 est
1262 1346 1318 1398 in
1345 1343 1492 1398 coelo.
1521 1342 1639 1409 Quo
1658 1339 1911 1412 pertinet,
1940 1338 2046 1392 nisi

462 1449 525 1496 ut
561 1440 921 1511 intelligamus
961 1438 1104 1509 quod
1140 1438 1303 1493 etiam
1340 1436 1568 1508 pristino
1608 1446 1857 1490 sermone
1898 1445 2046 1486 com-

460 1532 715 1588 mendavi
766 1531 1021 1587 charitati
1078 1540 1273 1585 vestra:
1298 1569 1313 1595 ,
1372 1543 1535 1583 unam
1586 1540 1873 1597 personam
1927 1537 2047 1578 esse

462 1624 738 1680 Christum
762 1624 929 1677 Deum
955 1630 1009 1677 et
1027 1621 1301 1676 hominem
1320 1660 1336 1685 ,
1375 1634 1483 1673 non
1510 1618 1664 1681 duas,
1691 1631 1760 1671 ne
1788 1614 1921 1669 ﬁdes
1950 1627 2047 1666 no-

462 1722 578 1769 stra
605 1729 711 1768 non
739 1713 809 1771 sit
837 1711 1093 1777 Trinitas,
1127 1710 1222 1766 sed
1248 1707 1613 1779 quaternitas?
1638 1705 1887 1761 Christus
1914 1716 2043 1773 ergo
2083 1731 2091 1741 -

2215 518 2429 573 XXXII.
2469 518 2611 574 Dicit
2644 519 2809 575 etiam
2847 519 2989 573 idem
3026 517 3283 588 praefatus
3321 517 3479 575 Pater
3522 521 3573 576 in
3610 521 3712 580 Ilo-

2143 609 2258 663 mil.
2290 624 2481 673 xxxrn,
2510 610 2565 663 in
2591 609 2927 678 expositione
2951 607 3068 677 ejus
3095 609 3397 675 sententiae,
3425 624 3582 680 quam
3606 615 3712 684 ipsa

2145 699 2359 755 Veritas
2399 698 2597 755 Iudaeis
2641 699 3095 755 calumniantibus
3135 701 3413 770 respondit
3458 719 3473 757 :
3526 702 3586 760 Si
3627 723 3713 777 ego

2135 788 2357 859 judico,
2388 788 2652 859 judicium
2683 806 2855 844 meum
2893 806 3069 845 verum
3097 801 3172 846 est
3218 790 3398 864 (Joan.
3449 809 3568 860 vin,
3610 796 3711 869 {6).

2144 879 2171 919 ἀ
2202 880 2354 936 Unde
2376 895 2506 951 ergo
2522 894 2708 935 verum
2738 888 2822 935 est
2847 879 3112 947 judicium
3140 879 3276 949 ejus,
3297 882 3401 938 nisi
3417 883 3579 955 769
3598 886 3715 955 quia

2144 988 2306 1028 verus
2338 980 2424 1028 est
2456 972 2660 1028 Filius?
2690 992 2713 1027 ι
2757 974 2899 1029 Ecce
2922 988 3113 1030 verum
3148 989 3273 1029 eum
3308 975 3602 1031 nominavit
3634 978 3717 1033 Fi-

2144 1065 2298 1132 lium,
2326 1080 2433 1121 non
2461 1067 2801 1136 adoptivum;
2834 1076 2890 1123 et
2924 1083 3053 1124 vere
3085 1069 3419 1135 nominavit,
3456 1071 3580 1140 quia
3605 1077 3719 1127 tan-

2147 1164 2257 1212 tum
2298 1165 2381 1211 est
2426 1156 2569 1212 inter
2608 1172 2793 1213 verum
2840 1158 3035 1214 Filium
3078 1166 3134 1213 et
3177 1160 3486 1229 adoptivum
3532 1161 3716 1230 ﬁlium,

2144 1255 2406 1316 quantum
2443 1247 2584 1302 inter
2609 1262 2796 1302 verum
2827 1256 2882 1303 et
2918 1264 3028 1305 non
3063 1265 3270 1305 verum.
3313 1250 3590 1318 Quomodo
3620 1253 3715 1307 ali-

2144 1335 2272 1406 quid
2301 1335 2356 1390 in
2382 1334 2599 1391 Christo
2629 1337 2915 1402 invenitur,
2953 1340 3062 1395 nisi
3089 1341 3311 1407 veritas,
3342 1342 3435 1411 qui
3459 1343 3539 1396 ait
3564 1360 3578 1396 :
3614 1343 3718 1414 Ego

2143 1442 2260 1481 sum
2286 1427 2388 1492 via,
2420 1436 2468 1482 et
2496 1428 2707 1494 veritas,
2735 1438 2784 1483 et
2808 1431 2913 1483 vita
2944 1428 3124 1502 (Joan.
3152 1447 3264 1496 xiv,
3295 1431 3384 1505 6)?
3410 1432 3479 1487 Et
3503 1432 3718 1502 Aposto-

2144 1516 2229 1571 lus
2258 1534 2271 1570 :
2304 1515 2542 1572 Christus
2567 1526 2643 1572 est
2670 1519 2858 1573 veritas
2885 1517 2937 1591 (ι
2964 1519 3123 1574 Joan.
3153 1537 3204 1579 v.
3230 1520 3313 1593 6).

2212 1606 2449 1662 XXXIII.
2473 1607 2605 1664 Item
2621 1610 2674 1663 in
2692 1607 2920 1665 Humilia
2944 1627 3173 1677 xxxvm,
3191 1612 3284 1667 ubi
3304 1612 3372 1667 de
3391 1612 3564 1684 ipsius
3582 1615 3716 1670 veri-

2145 1696 2271 1752 tatis
2292 1697 2609 1753 excellentia
2629 1699 2905 1766 disseruit,
2923 1701 3029 1755 ait:
3053 1712 3076 1741 e
3098 1720 3116 1752 ι
3134 1702 3255 1771 Ipsa
3270 1711 3355 1758 est
3374 1705 3576 1761 veritas
3587 1705 3718 1761 νει-ι

464 1818 604 1857 unus
624 1812 737 1868 est;
765 1803 1001 1858 Verbum
1024 1800 1203 1855 anima
1232 1813 1382 1859 caro.
1404 1813 1545 1852 unus
1568 1795 1848 1859 Christus;
1873 1791 2042 1846 Filius
2072 1779 2119 1840 Β
2142 1788 2271 1844 bum
2291 1789 2406 1853 Dei,
2450 1789 2596 1846 Deus
2621 1794 2765 1862 apud
2794 1793 2986 1859 Deum,
3027 1795 3335 1865 unigenitus
3356 1796 3547 1853 Filius.
3598 1797 3717 1854 Haec

468 1894 565 1949 Dei
587 1902 641 1947 et
658 1893 825 1948 Filius
852 1892 1107 1957 hominis,
1128 1905 1267 1945 unus
1288 1888 1568 1953 Christus;
1601 1886 1772 1941 Filius
1790 1884 1886 1938 Dei
1907 1898 2047 1938 sem-

463 2001 581 2056 per,
605 1984 775 2041 Filius
794 1984 1031 2041 hominis
1051 1998 1117 2037 ex
1145 1990 1409 2051 tempore,
1432 1988 1614 2033 tamen
1636 1993 1775 2032 unus
1796 1975 2046 2031 Christus

465 2076 762 2131 secundum
787 2075 1048 2129 unitatem
1066 2088 1330 2143 personae.
1352 2071 1409 2126 In
1430 2071 1569 2126 caelo
1591 2076 1730 2135 erat,
1757 2067 1969 2137 quando
1988 2065 2045 2119 in

463 2174 611 2221 terra
632 2167 977 2237 loquebatur:
996 2166 1075 2220 sic
1091 2163 1390 2220 eratFilius
1408 2162 1643 2217 hominis
1663 2163 1718 2215 in
1735 2159 1895 2225 cmlo,
1913 2173 2045 2228 quo-

398 2257 408 2267 '
462 2256 801 2312 modoFilins
814 2255 909 2311 Dei
925 2263 1043 2310 erat
1064 2255 1118 2308 in
1140 2263 1305 2308 terra.
1322 2252 1491 2307 Filius
1501 2252 1598 2307 Dei
1620 2251 1674 2305 in
1698 2260 1842 2306 terra
1865 2263 2045 2305 susce-

461 2354 555 2416 pta
567 2361 729 2402 carne
744 2362 759 2412 ;
777 2346 949 2400 Filius
969 2344 1204 2400 hominis
1221 2345 1274 2398 in
1289 2342 1427 2399 coelo
1447 2342 1503 2397 in
1525 2342 1731 2397 unitate
1742 2355 2005 2410 personui.
2019 2361 2039 2394 ι

534 2436 705 2491 XXX.
720 2438 860 2492 Ecce
879 2435 1147 2506 quomodo
1170 2435 1271 2490 iste
1282 2434 1444 2489 Pater
1460 2432 1783 2488 venerabilis
1804 2433 2047 2501 adoptio-

462 2526 550 2581 nis
562 2526 762 2580 nomini
775 2541 947 2596 nuper
960 2525 1179 2580 inducto
1193 2523 1456 2580 occurrit!
1475 2522 1752 2590 Quomodo
1767 2538 1874 2578 non
1884 2530 2045 2578 erunt

463 2621 694 2684 quatuor
705 2628 969 2684 personaa,
991 2614 1036 2667 si
1060 2611 1267 2684 [For-te,
1288 2610 1515 2683 scilicet]
1531 2612 1711 2675 Pater,
1735 2619 1792 2666 et
1808 2611 2044 2680 Spiritus

464 2711 703 2769 sanctus,
733 2711 785 2759 et
815 2703 982 2759 Filius
1010 2703 1282 2773 proprius,
1306 2711 1361 2757 et
1389 2702 1529 2758 ﬁlius
1556 2702 1875 2772 adoptivus?
1908 2701 2043 2757 Nam

463 2795 605 2850 sicut
624 2810 767 2864 smpe
786 2795 1042 2861 diximus,
1073 2794 1249 2850 omnis
1276 2794 1368 2864 qui
1394 2809 1584 2849 sanum
1612 2794 1769 2863 sapit,
1793 2793 1900 2849 duo
1923 2809 2044 2850 esse

463 2888 715 2957 intelligit
737 2888 1011 2959 proprium
1042 2895 1099 2943 et
1127 2888 1455 2957 adoptivum,
1489 2887 1629 2943 sicut
1659 2887 1764 2941 duo
1807 2895 1933 2941 sunt
1952 2902 2044 2942 ve-

465 2994 583 3034 rum
597 2989 650 3034 et
662 2996 767 3035 non
782 2995 990 3036 verum.
1006 2979 1073 3035 Et
1090 2994 1250 3048 quam
1273 2978 1495 3049 impium
1513 2984 1596 3032 est
1610 2977 1715 3032 dici
1731 2976 1867 3032 duos
1881 2976 2039 3043 ﬁlios,

462 3087 631 3126 unum
644 3072 941 3142 proprium,
955 3072 1181 3127 alterum
1199 3070 1509 3140 adoptivum
1525 3071 1537 3124 ι
1554 3068 1751 3125 Contra
1765 3084 1926 3139 quam
1943 3069 2041 3123 im-

462 3135 714 3232 pietatem
736 3135 937 3218 sanctae
959 3162 1081 3217 ﬁdei
1102 3135 1367 3231 professio
1391 3161 1447 3216 in
1467 3160 1732 3232 symbolo,
1753 3135 1897 3229 quod
1916 3159 2041 3214 hea-
2066 3135 2111 3197 (ἶ

465 3262 552 3309 tus
570 3252 806 3309 Isidorus
831 3253 886 3308 in
915 3252 1264 3324 Etymologiis
1289 3252 1607 3323 composuit,
1637 3251 1919 3306 manifeste
1942 3264 2041 3319 pu-

463 3352 612 3413 gnat,
653 3344 838 3400 dicens
861 3344 889 3383 b
920 3361 933 3397 :
972 3362 991 3395 ι
1023 3344 1163 3414 Ergo
1186 3344 1279 3398 Dei
1304 3343 1471 3399 Filius
1506 3343 1738 3398 hominis
1763 3342 1939 3398 factus
1959 3348 2042 3397 est

463 3430 657 3498 Filius,
678 3440 835 3486 natus
851 3431 1146 3486 secundum
1175 3430 1453 3485 veritatem
1479 3438 1687 3486 natura:
1711 3446 1777 3486 ex
1810 3431 1920 3485 Deo
1945 3429 2040 3484 Dei

464 3522 666 3588 Filius;
693 3530 747 3578 et
771 3523 1063 3579 secundum
1089 3522 1370 3577 veritatem
1393 3531 1600 3577 natura:
1620 3537 1688 3577 ex
1706 3521 1926 3576 homine
1946 3521 2042 3576 ho-

465 3612 629 3671 minis
665 3614 855 3677 Filius,
891 3619 952 3666 ut
974 3613 1174 3668 veritas
1199 3612 1456 3682 unigeniti
1494 3611 1689 3683 [Edit.,
1713 3609 1901 3683 geniti]
1932 3626 2041 3666 non

467 3701 774 3772 adoptione,
789 3716 961 3770 neque
973 3699 1329 3770 appellatione
1344 3698 1514 3771 [Edit.
1523 3740 1539 3766 ,
1550 3699 1932 3772 apparitione],
1945 3700 2042 3756 sed

467 3793 524 3847 in
543 3803 772 3864 utraque
791 3791 1072 3846 nativitate
1082 3790 1203 3845 Filii
1223 3806 1417 3846 nomen
1437 3793 1706 3848 nascendo
1722 3794 1963 3857 haberet,
1980 3800 2041 3847 ut

466 3889 608 3938 esset
628 3897 788 3938 verus
801 3881 945 3938 Deus
954 3891 1010 3938 et
1021 3897 1181 3937 verus
1199 3882 1360 3938 homo
1378 3897 1518 3938 unus
1536 3882 1724 3940 Filius.
1746 3903 1767 3936 ι
1784 3884 1901 3939 Νοιι
1911 3899 2041 3955 ergo

467 3976 601 4032 duos
628 3974 893 4041 Christos,
915 3989 1090 4046 neque
1108 3973 1245 4030 duos
1263 3974 1447 4041 Filios,
1476 3976 1570 4032 sed
1598 3976 1767 4032 Deum
1788 3983 1843 4032 et
1867 3976 2041 4031 homi-

466 4078 590 4118 nem
618 4080 783 4120 unum
806 4063 1020 4129 Filium,
1051 4080 1211 4136 quem
1239 4072 1521 4136 propterea
1548 4066 1881 4137 unigenitum
1908 4066 2042 4122 dici-

465 4168 604 4221 mus,
642 4164 947 4211 manentem
986 4156 1043 4211 in
1078 4156 1286 4214 duabus
1313 4157 1646 4225 substantiis,
1683 4158 1824 4213 sicut
1854 4156 1904 4212 ei
1946 4173 2041 4212 na-

464 4250 600 4299 tum:
628 4245 826 4300 veritas
847 4246 1089 4301 contulit.

536 4332 726 4389 XXXI.
749 4334 879 4390 Item
899 4337 1319 4405 praenominatus
1333 4338 1494 4393 Pater
1511 4339 1841 4410 Augustinus
1860 4341 1915 4396 in
1935 4341 2040 4397 Ho-

464 4424 576 4478 niil.
601 4439 728 4482 xxvr
751 4424 880 4478 dicit
904 4425 959 4478 in
1000 4439 1064 4480 eo
1105 4425 1245 4493 loco,
1286 4427 1379 4481 ubi
1421 4428 1754 4485 Dominicam
1790 4432 2035 4502 exposuit

464 4515 782 4571 sententiam
817 4531 830 4568 :
867 4512 969 4579 Qui
997 4532 1031 4568 a
1060 4516 1332 4587 semetipso
1370 4514 1620 4587 loquitur,
1658 4518 1880 4588 gloriam
1914 4538 2035 4591 pro-

462 4603 627 4672 priam
666 4604 852 4674 quwrit
889 4601 1070 4674 (Joan.
1106 4619 1203 4670 vu,
1241 4602 1351 4676 I8).
1385 4614 1408 4643 ο
1443 4622 1463 4655 ι
1499 4605 1636 4672 Quid
1666 4614 1721 4661 tu
1759 4607 1922 4665 homo
1956 4608 2038 4664 fa-

464 4706 584 4744 cere
607 4692 785 4759 debes,
826 4693 940 4767 qui,
975 4694 1191 4766 quando
1226 4694 1426 4765 aliquid
1463 4695 1589 4750 boni
1624 4695 1780 4764 facis,
1809 4698 2038 4769 gloriam

465 4787 613 4833 tuam
630 4784 823 4851 quaaris
841 4802 855 4851 ;
878 4787 1090 4856 quando
1107 4794 1282 4842 autem
1301 4786 1503 4856 aliquid
1520 4787 1643 4842 mali
1656 4787 1805 4855 facis,
1826 4790 1936 4847 Deo
1948 4808 2038 4846 ca-

463 4871 717 4928 lumniam
740 4876 1052 4932 meditaris?
1069 4879 1288 4935 Intende
1311 4880 1430 4946 tibi,
1447 4888 1692 4936 creatura
1707 4896 1787 4947 es,
1807 4898 2036 4954 agnosce

464 4972 783 5019 creatorem.
816 4963 1017 5020 Servus
1044 4982 1123 5033 es,
1153 4984 1220 5023 ne
1248 4978 1558 5026 contemnas
1586 4970 1771 5025 Deum.
1801 4972 2037 5042 Adopta-

465 5064 551 5111 tus
573 5071 655 5122 es,
687 5056 781 5112 sed
807 5071 916 5111 non
942 5057 1151 5113 meritis
1183 5061 1316 5127 tuis;
1355 5076 1535 5130 quaere
1572 5062 1797 5133 gloriam
1829 5063 1966 5133 ejus,
2004 5079 2037 5119 a

463 5163 572 5217 quo
598 5150 763 5205 habes
788 5147 926 5203 hanc
952 5148 1183 5218 gratiam
1217 5150 1381 5205 homo
1407 5152 1709 5222 adoptatus,
1740 5154 1892 5225 cujus
1927 5156 2042 5226 glo-

464 5239 599 5294 riam
628 5241 903 5312 qumsivit,
932 5240 1026 5311 qui
1080 5247 1164 5297 est
1210 5241 1277 5296 ab
1324 5241 1416 5297 illo
1467 5245 1659 5301 unicus
1705 5254 1882 5301 natus.
1937 5247 2041 5312 Qui

464 5338 637 5386 autem
673 5337 859 5404 quaerit
913 5334 1135 5407 gloriam
1181 5334 1296 5407 ejus
1334 5335 1424 5406 qui
1446 5338 1587 5391 misit
1611 5337 1782 5406 illum,
1839 5339 1922 5393 hic
1954 5338 2054 5395 ve-‘

539 5498 567 5526 ιι
600 5486 778 5544 Tract.
806 5505 951 5547 xxvii
980 5493 1034 5547 in
1059 5491 1214 5550 Joan.
1245 5510 1393 5549 num.
1422 5492 1474 5550 4.

536 5553 566 5594 δ
598 5556 657 5610 In
701 5558 1050 5633 Iitymologiis
1099 5578 1209 5633 non,
1256 5564 1553 5633 reperimus
1604 5565 1748 5622 hunc
1799 5575 2035 5633 textum,

465 5638 624 5749 quem
662 5628 847 5683 videas
884 5628 1143 5701 in'opere
1181 5632 1249 5689 de
1293 5628 1545 5692 Doctrina
1589 5645 1645 5693 et
1686 5636 1790 5692 ﬁde
1831 5628 2033 5694 Eccles;

501 5706 794 5749 osmatum.
825 5713 941 5749 can.
972 5700 1024 5749 2.

501 5706 794 5767 ogmatum,
825 5713 941 5770 cap.
972 5700 1024 5755 2.

2058 4480 2111 4540 D

2143 1880 2346 1938 veritas
2368 1897 2588 1937 carnem
2618 1883 2805 1939 induta
2831 1892 2914 1939 est
2946 1894 3168 1957 propter
3194 1902 3312 1955 nos,
3360 1895 3423 1943 ut
3465 1889 3533 1944 de
3559 1889 3719 1945 Maria

2143 1971 2353 2042 virgine
2374 1980 2710 2039 nasceretur,
2735 1984 2789 2029 et
2819 1969 3132 2046 impleretur
3155 1979 3468 2048 prophetia:
3521 1978 3718 2036 Veritas

2143 2060 2209 2115 de
2246 2070 2389 2116 terra
2433 2072 2549 2118 orta
2588 2074 2662 2119 est
2686 2064 2859 2137 (Psal.
2889 2083 3111 2133 Lxxxtv,
3143 2068 3252 2140 i2).
3307 2067 3433 2125 Haec
3472 2085 3603 2142 ergo
3626 2086 3718 2127 ve—

2143 2154 2278 2210 ritas
2304 2171 2427 2211 cum
2451 2155 2651 2213 Judaais
2671 2158 2998 2229 loqueretur,
3043 2161 3244 2218 latebat
3266 2164 3318 2218 in
3355 2178 3557 2230 carne;
3591 2165 3724 2221 late-

2143 2246 2241 2301 bat
2265 2255 2468 2315 autem,
2524 2266 2632 2305 non
2687 2259 2747 2306 ut
2777 2262 3083 2325 negaretur,
3125 2256 3218 2310 sed
3267 2264 3327 2310 ut
3378 2255 3718 2324 differretur;

2145 2335 2528 2412 [differretur],
2560 2350 2619 2396 ut
2650 2342 2703 2396 in
2724 2358 2888 2398 carne
2918 2354 3235 2415 pateretur;
3262 2347 3313 2401 in
3342 2363 3507 2403 carne
3538 2358 3725 2404 autem

2142 2436 2510 2497 pateretur,ut
2537 2446 2664 2486 caro
2692 2433 2897 2501 peccati
2924 2435 3294 2490 redimeretur.
3343 2436 3507 2494 Stans
3532 2439 3724 2509 itaque

2142 2521 2462 2591 conspicuus
2495 2524 2786 2577 secundum
2826 2525 3192 2581 inﬁrmitatem
3246 2529 3427 2583 carnis
3454 2530 3727 2587 Dominus

2142 2619 2329 2666 noster
2347 2610 2501 2667 Iesus
2529 2612 2797 2680 Christus,
2856 2624 2911 2671 et
2938 2617 3230 2672 secundum
3258 2620 3612 2690 maiestatem
3642 2623 3728 2678 di-

2141 2703 2378 2759 vinitatis
2395 2706 2657 2774 occultus,
2704 2708 2838 2765 dixit
2863 2711 2931 2765 ad
2951 2726 3045 2767 eos
3080 2713 3171 2782 qui
3197 2714 3267 2779 ei,
3321 2716 3447 2769 dum
3471 2715 3595 2770 haec
3641 2715 3727 2769 ιο.

2142 2804 2415 2864 queretur,
2448 2798 2825 2858 crediderunt:
2889 2801 2951 2858 Si
2975 2804 3268 2861 manseritis
3296 2807 3351 2860 in
3400 2807 3553 2862 verba
3584 2825 3723 2873 meo,

2142 2905 2255 2944 rere
2278 2890 2518 2961 discipuli
2551 2895 2652 2947 mei
2680 2896 2824 2951 eritis
2878 2896 3060 2969 (Joan.
3099 2914 3221 2965 vui,
3273 2900 3397 2973 5|);
3432 2902 3524 2972 qui
3576 2903 3724 2958 enim

2141 2981 2535 3049 perseveraverit
2578 2999 2739 3051 usque
2760 2985 2815 3039 in
2839 2986 3020 3055 ﬁnem,
3073 2987 3156 3041 hic
3179 2989 3351 3043 salvus
3379 2991 3477 3044 erit
3501 2990 3722 3062 (Matth.

2143 3083 2201 3133 x,
2227 3068 2353 3140 22);
2387 3079 2434 3123 et
2460 3074 2774 3141 cognoscetis
2799 3077 3084 3141 veritatem,
3113 3093 3231 3148 qua:
3255 3079 3414 3135 modo
3439 3097 3540 3137 vos
3568 3082 3724 3149 latet,

2142 3168 2195 3212 et
2215 3159 2454 3229 loquitur
2476 3162 2651 3228 vobis,
2696 3172 2742 3218 et
2782 3166 2969 3221 veritas
2999 3167 3233 3222 liberabit
3271 3187 3357 3224 vos
3404 3170 3573 3243 (Ibid.
3611 3172 3725 3245 52).

2141 3247 2284 3305 Nihil
2319 3258 2404 3304 est
2443 3252 2584 3307 enim
2624 3253 2767 3309 aliud
2819 3257 3035 3327 proprie
3085 3257 3298 3326 liberat,
3342 3260 3444 3316 nisi
3488 3262 3729 3318 liberum

2140 3340 2298 3408 facit;
2358 3344 2624 3412 quomodo
2674 3346 2807 3401 nihil
2836 3357 2920 3402 est
2944 3348 3088 3403 aliud
3132 3350 3321 3415 salvat,
3373 3352 3476 3407 nisi
3509 3353 3729 3408 salvum

2140 3432 2290 3490 facit.
2356 3436 2501 3491 Nihil
2538 3438 2684 3493 aliud
2716 3449 2800 3495 est
2822 3442 2976 3508 ditat,
3024 3444 3128 3499 nisi
3180 3445 3399 3501 divitem
3424 3446 3589 3514 facit;
3650 3448 3732 3502 sic

2139 3524 2334 3581 liberat
2383 3527 2519 3583 nihil
2561 3537 2644 3584 est
2694 3530 2857 3597 aliud,
2912 3533 3016 3589 nisi
3050 3534 3280 3591 liberum
3318 3536 3470 3592 facit.
3509 3559 3529 3591 ι
3597 3537 3734 3605 Quis

2142 3618 2279 3673 alius
2304 3618 2499 3675 liberat
2530 3636 2648 3688 nos,
2693 3623 2797 3678 nisi
2847 3623 3116 3693 Christus,
3168 3627 3371 3698 quiest
3415 3630 3627 3684 veritas
3676 3636 3734 3682 et

2138 3724 2301 3766 verus
2325 3710 2510 3778 Filius,
2568 3721 2799 3771 etverus
2826 3714 3108 3784 liberator,
3133 3718 3199 3773 de
3224 3733 3329 3788 quo
3352 3719 3466 3788 ipse
3488 3719 3736 3775 Joannes

2139 3802 2468 3872 evangelista
2500 3804 2605 3858 ait:
2636 3804 2818 3860 Sciens
2845 3815 3017 3861 autem
3040 3807 3197 3863 Iesus
3214 3808 3335 3880 quia
3357 3809 3502 3863 dedit
3538 3810 3587 3864 ei
3621 3807 3735 3862 Pa-

2138 3901 2217 3946 ter
2245 3892 2419 3946 omnia
2444 3893 2500 3946 in
2547 3909 2735 3948 manus
2765 3893 2946 3966 (Joan.
2979 3913 3102 3963 xm,
3131 3897 3209 3970 '5).
3281 3897 3338 3953 Si
3359 3913 3468 3953 non
3493 3899 3655 3955 dedit
3678 3898 3733 3953 ei

2137 3989 2199 4036 ut
2216 3994 2382 4037 verus
2406 3990 2552 4037 esset
2572 3981 2761 4050 Filius,
2800 3999 2907 4039 non
2941 3988 3123 4041 omnia
3167 3987 3313 4043 dedit
3336 3988 3389 4042 ei
3422 3989 3482 4043 in
3507 4005 3733 4054 manus,

2138 4072 2193 4128 id
2217 4080 2321 4135 est,
2373 4072 2428 4127 in
2452 4080 2804 4143 potestatem;
2856 4082 2913 4129 et
2966 4072 3162 4130 falsum
3212 4084 3296 4131 est
3336 4079 3485 4146 quod
3543 4087 3738 4133 tantus

2137 4150 2270 4220 dicit
2312 4152 2665 4237 evangelista,
2708 4168 2853 4237 quod
2905 4168 3284 4240 impiissimum
3323 4178 3408 4225 est
3453 4175 3731 4242 cogitare.

2137 4255 2279 4311 Dicit
2301 4257 2442 4311 enim
2488 4256 2603 4326 ipse
2631 4257 2889 4313 Dominus
2922 4258 3203 4314 Christus:
3249 4258 3530 4316 Iudicium
3555 4280 3736 4318 meum

2136 4362 2312 4400 verum
2335 4353 2429 4411 est,
2475 4347 2598 4418 quia
2621 4346 2765 4401 solus
2811 4364 2914 4402 non
2958 4363 3096 4414 sum,
3142 4347 3232 4403 sed
3259 4365 3372 4419 ego,
3419 4358 3471 4405 et
3515 4353 3613 4422 qui
3651 4368 3738 4407 me

2137 4434 2279 4488 misit
2324 4431 2489 4489 Pater
2538 4433 2722 4507 (Joan.
2771 4451 2908 4501 vm,
2960 4434 3097 4507 I6);
3161 4446 3418 4507 tanquam
3473 4439 3734 4497 diceret:

2135 4524 2260 4579 Ideo
2278 4524 2537 4595 judicium
2556 4541 2735 4580 meum
2762 4540 2947 4579 verum
2975 4534 3078 4591 est,
3107 4526 3231 4596 quia
3254 4541 3417 4581 verus
3432 4526 3614 4584 Filius
3636 4529 3741 4585 Dei

2138 4628 2280 4678 sum,
2308 4613 2435 4682 quia
2460 4629 2648 4668 verum
2674 4614 2885 4683 loquor,
2916 4614 3039 4683 quia
3070 4615 3185 4684 ipsa
3212 4615 3416 4670 veritas
3453 4631 3561 4687 ego
3585 4632 3737 4677 sum.

2209 4702 2444 4759 XXXIV.
2460 4702 2543 4758 Ad
2557 4703 3021 4759 conﬁrmationem
3034 4706 3193 4775 hujus
3202 4720 3393 4760 sensus
3405 4706 3555 4761 idem
3568 4705 3745 4763 Pater

2137 4796 2194 4850 in
2231 4793 2460 4849 Homilia
2485 4794 2760 4849 tricesima
2784 4804 2935 4851 sexta
2971 4796 3044 4850 ita
3074 4796 3314 4866 loquitur
3341 4796 3407 4851 de
3434 4812 3529 4863 eo,
3586 4798 3743 4868 quod

2137 4885 2385 4941 Christus
2409 4885 2517 4939 ait:
2548 4884 2723 4939 Multa
2742 4887 2906 4942 habeo
2933 4888 2997 4942 de
3030 4889 3169 4943 vobis
3200 4888 3342 4961 loqui
3380 4898 3429 4943 et
3445 4889 3742 4959 judicare,

2134 4979 2224 5033 sed
2245 4978 2335 5050 qui
2379 4994 2461 5033 me
2496 4979 2637 5034 misit
2675 4996 2833 5036 uerax
2864 4988 2939 5034 est
2971 4980 3151 5052 (Joan.
3174 4997 3291 5046 vin,
3318 4980 3407 5052 26)
3439 4999 3454 5048 ;
3490 4980 3514 5020 ι’
3551 5001 3572 5033 ‹
3611 4991 3743 5040 tan-

2136 5088 2300 5144 quam
2326 5073 2556 5133 diceret:
2598 5074 2722 5130 ldeo
2742 5089 2928 5129 verum
2957 5074 3095 5139 dico,
3145 5075 3271 5145 quia
3297 5074 3466 5131 Filius
3512 5077 3745 5133 veracis

2137 5167 2340 5222 veritas
2365 5182 2505 5232 sum,
2536 5166 2696 5221 Pater
2712 5182 2877 5222 verax
2900 5175 3002 5232 est,
3028 5167 3197 5223 Filius
3212 5169 3436 5224 veritas.
3464 5188 3482 5221 ι
3514 5169 3589 5223 Ει
3610 5179 3748 5239 post

2140 5273 2339 5327 pauca:
2399 5275 2418 5308 ι
2451 5257 2541 5311 Ait
2559 5258 2702 5311 enim
2726 5258 3068 5327 apertissime
3106 5259 3220 5330 ipse
3268 5260 3569 5316 Dominus:
3623 5261 3748 5333 Ego

2140 5364 2256 5403 sum
2284 5348 2366 5403 cia
2396 5358 2444 5402 el
2465 5350 2654 5403 veritas
2674 5358 2722 5403 et
2754 5350 2879 5404 vita.
2907 5351 3071 5423 Ergo,
3097 5353 3142 5407 si
3178 5351 3349 5407 Filius
3363 5352 3607 5419 veritas,
3633 5353 3752 5410 Pa-

2214 5512 2237 5540 ο
2275 5501 2457 5557 Tract.
2489 5518 2640 5565 xxix,
2666 5518 2817 5559 num.
2844 5505 2897 5560 8.

2210 5570 2238 5611 ά
2276 5571 2457 5627 Tract.
2486 5588 2651 5638 xxxv,
2683 5589 2832 5628 num.
2863 5575 2908 5631 7.

2219 5652 2243 5680 ο
2285 5642 2470 5697 Tract.
2494 5660 2606 5707 xu,
2632 5659 2782 5699 num.
2809 5645 2860 5697 1.

2220 5711 2239 5749 τ
2282 5711 2464 5768 Tract.
2492 5728 2677 5780 χχιιι,
2704 5728 2852 5768 num.
2881 5711 2930 5770 7.
