3906 6186
224 290 302 347 {0!
977 277 1394 336 DOGMATICA.
1438 308 1507 317 —
1543 277 1669 332 LIB.
1711 276 1869 334 ADV.
1912 274 2235 333 llrERESlN
2276 272 2557 330 FELICIS.
3339 279 3442 336 102

224 416 291 461 ter
314 400 456 474 quid,
484 397 589 453 nisi
610 396 754 466 quod
781 395 859 450 ait
881 393 1121 451 Veritas:
1167 394 1271 460 Qui
1319 408 1401 447 me
1441 393 1582 445 misit
1617 405 1773 445 verax
1801 399 1846 457 Α
1876 388 2068 444 Filium
2096 388 2354 459 aequalem
2389 404 2489 459 per
2520 389 2699 444 omnia
2736 390 2870 446 sibi:
2913 391 2966 446 iu
3001 400 3141 449 terra
3174 407 3243 452 cx
3278 397 3447 468 νιτδί-

226 504 304 551 ut.
336 491 374 547 Ε
378 490 494 546 ilius
518 487 740 552 veritas,
766 484 1128 540 Paterverax.
1159 481 1298 549 Quid
1319 481 1438 553 plus
1458 482 1549 546 sit,
1570 494 1776 549 qumro,
1881 481 1984 535 nali
2031 489 2185 534 utero
2221 481 2495 551 proprium
2538 495 2773 551 quoque,
2822 482 2946 538 licet
2997 484 3050 538 in
3094 483 3267 539 forma
3305 488 3449 542 servi

221 585 303 645 sed
324 580 675 652 mqualitatem
694 577 927 631 invenio.
961 595 981 628 ι
1038 574 1188 630 Hanc
1208 582 1386 628 autem
1420 572 1705 627 veritatem
1726 570 1778 623 in
1880 570 2163 635 minorem,
2204 572 2259 625 in
2293 570 2467 625 forma
2495 571 2790 627 divinitatis
2815 574 3073 642 aequalem
3104 591 3213 630 non
3234 577 3451 647 potuit?

224 679 419 736 Christo
441 671 808 746 ipseJoanncs
827 667 1154 739 evangelista
1182 666 1237 719 in
1264 661 1507 734 Epistola
1530 676 1627 717 sua
1650 674 1780 729 pro—
1880 659 2020 716 Ecce
2044 661 2217 729 qualis
2250 659 2466 733 legifer!
2502 663 2595 731 qui
2625 664 2732 718 tuis
2761 663 2968 735 legibus
2990 666 3157 721 Deum
3184 669 3454 724 constrin-

227 776 432 826 testatur
481 765 666 820 dicens
699 779 713 815 :
757 757 825 813 Ut
854 760 1017 814 simus
1060 759 1119 812 in
1168 772 1285 811 vero
1320 753 1460 809 Filio
1498 753 1614 824 ejus
1648 750 1780 806 Iesu
1880 766 2007 822 gere
2030 759 2085 804 te
2110 765 2269 821 posse
2290 760 2466 822 putas,
2523 750 2779 823 Apostolo
2817 754 3160 826 increpante:
3193 756 3237 811 0
3265 758 3455 812 homo!

1881 850 1937 895 tu
1968 843 2083 913 quis
2107 859 2182 910 es,
2220 844 2309 914 qui
2331 844 2638 914 respondeas
2663 845 2795 900 Deo.
2835 847 2904 901 Et
2943 847 3108 902 alibi:
3157 846 3202 902 0
3231 848 3455 903 altitudo

1880 932 2179 986 divitiarum
2197 932 2466 1002 sapientia:
2489 943 2536 987 et
2555 934 2791 991 scientias
2820 936 2951 991 Dei!
2988 954 3147 1008 quam
3182 940 3458 993 'inscruta—
3506 927 3513 937 ’

1881 1018 2005 1079 bilia
2026 1033 2147 1079 sunt
2163 1024 2373 1095 judicia
2395 1025 2535 1095 ejus,
2556 1037 2603 1081 et
2625 1029 3004 1100 investigabiles
3030 1033 3124 1087 vite
3155 1033 3289 1103 ejus.
3320 1030 3457 1098 ’Quis

1878 1113 2015 1166 enim
2058 1115 2290 1185 cognovit
2318 1131 2526 1169 sensum
2569 1116 2801 1184 Domini,
2852 1129 2944 1173 aut
2970 1122 3084 1191 quis
3124 1123 3459 1177 consiliarius

1880 1204 1993 1274 ejus
2019 1204 2117 1274 fuit
2143 1205 2321 1275 (Rom.
2342 1222 2420 1271 XI,
2442 1208 2534 1273 55,
2560 1209 2692 1281 54)?
2738 1209 2907 1265 Serus
2925 1213 3241 1269 consiliator
3261 1215 3457 1271 venisti
3490 1230 3495 1233 ‘

1879 1294 2009 1361 Dco,
2052 1296 2143 1364 qui
2168 1297 2372 1366 absque
2400 1305 2451 1351 te
2472 1312 2579 1352 non
2601 1300 2777 1367 potuit
2803 1301 2946 1370 quod
2971 1302 3159 1357 voluit.
3208 1303 3458 1375 Ingratus

1880 1385 2012 1440 mihi
2037 1385 2237 1441 videris
2285 1386 2672 1442 beneﬁciorum
2714 1389 2851 1458 ejus,
2904 1392 2996 1461 qui
3052 1402 3125 1457 te,
3172 1392 3299 1448 dum
3345 1408 3454 1450 non

1880 1492 2051 1544 esses,
2103 1479 2173 1533 ad
2194 1479 2480 1549 imaginem
2509 1482 2714 1535 creavit
2739 1498 2908 1546 suam,
2944 1484 3321 1567 perditumque
3357 1502 3457 1557 per

231 1602 396 1642 verum
424 1584 603 1638 Deum.
638 1601 659 1633 ι
725 1578 911 1634 Missio
956 1578 1072 1631 hsce
1101 1576 1405 1631 incarnatio
1439 1583 1525 1630 est
1556 1572 1779 1637 Christi,
1882 1568 2159 1637 proprium
2188 1568 2380 1623 Filium
2402 1585 2558 1624 suum
2591 1570 2794 1640 majore
2828 1571 3086 1642 dignitate
3106 1574 3175 1627 ad
3214 1575 3460 1629 eamdem

229 1693 379 1750 quem
405 1678 455 1730 in
477 1675 575 1729 hoc
600 1672 722 1727 loco
743 1683 935 1724 verum
963 1668 1131 1722 Deum
1160 1667 1477 1731 nominavit,
1491 1674 1546 1720 et
1568 1666 1621 1719 in
1651 1663 1778 1728 alio,
1804 1706 1857 1750 ..ι
1885 1652 2157 1722 τερδτθνίι
2199 1652 2506 1750 imaginem.
2556 1654 2625 1750 Ιαξι
2672 1656 2727 1750 in
2763 1655 3049 1750 adoptione
3200 1658 3461 1728 aequalem

230 1739 281 1824 εἰι
308 1768 542 1826 diximus,
566 1777 759 1817 verum
792 1760 1026 1814 Filium:
1082 1768 1138 1813 et
1182 1759 1237 1813 in
1278 1758 1440 1829 hujus
1476 1757 1783 1828 c0gnitione
1812 1739 1858 1799 B
1883 1757 2004 1799 esse
2050 1743 2271 1809 asseris.
2329 1745 2421 1813 qui
2449 1755 2501 1799 te
2528 1745 2838 1814 adoptivum
2877 1745 3039 1801 fecit?
3094 1747 3464 1805 Liberatorem

227 854 529 924 Clu-isto,qui
539 861 614 907 est
633 866 783 905 uerus
804 847 1000 902 Deus'et
1014 847 1114 901 vita
1126 855 1321 900 (eterna
1340 844 1393 915 (Ι
1406 843 1569 898 Ioan.
1592 858 1649 908 ν,
1665 841 1778 913 20).

225 945 340 1003 item
361 945 411 998 in
440 938 730 1011 Evangelia
755 936 994 1005 ejusdem
1029 935 1170 988 idem
1194 933 1337 988 Deus
1374 931 1645 998 Christus,
1671 931 1782 986 ele-

226 1038 347 1092 vatis
374 1035 422 1088 in
449 1032 643 1089 cmlum
671 1028 867 1093 oculis,
892 1026 1025 1082 dixit
1049 1025 1118 1079 ad
1144 1023 1392 1079 Patrem:
1428 1021 1557 1077 Haec
1580 1032 1654 1076 est
1679 1038 1779 1075 au-

227 1142 308 1185 tem
330 1131 428 1183 rita
453 1136 668 1188 a'terna,
696 1099 755 1175 ut
783 1128 1095 1190 cognoscant
1116 1126 1166 1172 te
1185 1117 1354 1172 solum
1391 1134 1566 1171 verum
1592 1116 1777 1183 Deum,

227 1232 262 1274 tt
286 1235 426 1290 quem
453 1214 635 1269 misisti
656 1211 840 1266 Iesum
863 1208 1126 1264 Christum
1156 1207 1339 1280 (Ioan.
1364 1225 1501 1274 xvn,
1523 1206 1600 1278 3).

285 1304 486 1363 XXXV.
509 1324 527 1356 ι
552 1302 699 1359 Ordo
719 1308 904 1355 autem
916 1298 1202 1353 verborum
1214 1305 1316 1362 est,
1330 1297 1625 1352 secundum
1639 1297 1782 1365 quod

228 1404 397 1458 beatus
420 1395 748 1468 Augustinus
760 1393 866 1446 ait:
893 1391 1020 1445 Haec
1041 1398 1124 1445 est
1138 1397 1321 1445 autem
1349 1390 1459 1443 vita
1480 1398 1706 1453 aeterna,
1721 1394 1782 1441 ut

230 1500 530 1565 cognoscant
556 1498 627 1554 te,
643 1497 699 1544 et
725 1502 888 1556 quem
900 1485 1094 1540 misisti
1109 1484 1293 1540 Iesum
1307 1484 1581 1540 Christum
1608 1483 1779 1539 solum

231 1859 344 1915 ﬁdei
368 1858 417 1913 in
446 1863 666 1925 utroque
687 1854 810 1908 loco
851 1852 1019 1906 vitam
1057 1859 1315 1906 aeternam
1353 1865 1474 1906 esse
1507 1848 1774 1921 praedixit.

232 1948 346 2005 Etsi
373 1948 484 2002 lucc
505 1953 589 2000 est
615 1944 729 1999 vita
750 1951 976 2007 aeterna,
1003 1949 1064 1995 ut
1092 1939 1273 1996 Jesum
1302 1940 1576 1996 Christum
1599 1956 1784 1996 verum

235 2043 380 2097 Deum
417 2048 474 2094 et
496 2052 682 2092 verum
733 2036 952 2101 Filium,
1006 2035 1120 2088 sive
1143 2035 1199 2088 in
1254 2032 1549 2102 maiestatis
1592 2032 1780 2104 gloria,

235 2134 328 2188 sive
352 2134 405 2187 in
425 2128 745 2186 humilitatis
771 2125 1139 2196 assumptione
1166 2140 1556 2197 cognoscamus
1583 2132 1639 2179 et
1665 2139 1786 2179 cre-

234 2225 427 2288 damus,
484 2232 812 2288 consequens
838 2225 926 2271 est
962 2224 1021 2270 ut
1054 2230 1331 2285 nunquam
1382 2214 1580 2269 habeat
1620 2214 1787 2268 vitam

233 2324 495 2375 sternam,
540 2309 631 2377 qui
678 2306 829 2375 hujus
880 2305 1122 2360 veritatis
1150 2305 1204 2358 in
1233 2304 1450 2359 Christo
1487 2302 1646 2358 ﬁdem
1681 2319 1787 2358 non

236 2404 480 2468 habuerit,
534 2402 743 2455 dicente
784 2397 974 2453 eodem
1020 2395 1272 2451 Joanne:
1328 2393 1509 2448 Omnis
1535 2392 1787 2462 Spiritus,

238 2496 307 2567 qui
319 2495 458 2550 solvit
478 2492 684 2555 Iesum,
699 2506 764 2543 ea:
784 2489 891 2542 Deo
905 2505 1007 2543 non
1027 2496 1122 2553 est,
1148 2496 1195 2540 et
1221 2486 1304 2539 hic
1325 2492 1399 2539 est
1418 2483 1787 2545 Antichristus,

176 2568 185 2577 ’
238 2588 398 2657 dequo
443 2581 688 2645 audistis,
719 2578 979 2651 quomodo
1008 2574 1300 2649 [quoniam]
1339 2576 1495 2637 venit,
1549 2580 1596 2625 et
1652 2587 1789 2624 nunc

242 2678 329 2730 iam
350 2677 399 2729 in
424 2671 619 2728 mundo
634 2677 712 2725 est
766 2664 819 2739 (Ι
845 2667 1004 2721 Ioan.
1037 2680 1112 2731 iv,
1163 2663 1239 2735 5).
1311 2662 1449 2729 Quid
1474 2669 1559 2715 est
1583 2659 1793 2715 solvere

236 2766 416 2827 Jesum,
448 2764 551 2817 nisi
581 2775 689 2815 non
718 2756 945 2814 credere
984 2769 1105 2810 eum
1131 2752 1218 2808 vel
1260 2766 1447 2806 verum
1466 2748 1658 2814 Deum,
1708 2746 1792 2802 vel

238 2872 409 2914 rerum
427 2853 620 2908 Filium
638 2850 736 2905 Dei
782 2850 839 2903 in
868 2856 1097 2916 utraque
1124 2858 1246 2899 esse
1274 2853 1486 2908 natura,
1540 2840 1631 2913 qui
1656 2856 1794 2894 unus

235 2956 312 3002 est
326 2945 469 2998 Deus
494 2950 547 2995 et
570 2954 703 2993 unus
728 2936 903 2991 Filius
944 2944 998 2989 et
1018 2949 1155 2988 unus
1175 2932 1421 2988 Christus
1466 2932 1519 2985 in
1546 2931 1794 2986 substan-

237 3036 304 3089 tia
330 3030 617 3087 divinitatis
639 3036 804 3095 atque
829 3022 1215 3080 humanitatis?
1267 3021 1382 3075 Non
1414 3021 1553 3075 sicut
1578 3021 1795 3089 quidam

1882 1841 1937 1887 et
1966 1832 2255 1888 liberatum
2299 1849 2405 1888 una
2427 1842 2480 1890 et
2519 1835 2713 1905 aequali
2745 1835 2983 1891 ﬁlietatis
3011 1837 3246 1893 dictione
3280 1839 3467 1895 volens

1882 1939 2001 1980 esse
2020 1925 2388 1990 constrictum,
2442 1926 2566 1980 dum
2596 1926 2712 1995 ipsa
2743 1927 2953 1983 Veritas
2995 1928 3128 1983 dicit
3154 1947 3167 1982 :
3199 1929 3259 1984 Si
3290 1929 3465 1985 Filius

1882 2030 1968 2068 vos
1994 2012 2309 2081 liberaverit,
2340 2032 2455 2070 vere
2484 2016 2633 2070 liberi
2651 2017 2795 2071 eritis
2843 2017 3027 2089 (Joan.
3061 2034 3181 2086 Vl",
3205 2021 3317 2093 56).
3384 2021 3465 2077 Tu

1884 2120 2013 2161 vero
2036 2107 2092 2160 in
2121 2106 2283 2162 corde
2315 2115 2407 2162 tuo
2427 2107 2764 2163 inﬁdelitatis
2792 2109 3020 2175 calamo,
3069 2110 3195 2166 licet
3221 2113 3277 2166 in
3305 2127 3467 2179 evan-

1884 2195 2072 2265 gelicis
2101 2210 2210 2250 non
2231 2196 2453 2266 legisses
2478 2196 2697 2263 litteris,
2743 2198 3003 2269 scriptum
3026 2198 3221 2255 habes:
3262 2200 3320 2255 Si
3341 2204 3472 2257 ado-

1884 2285 2065 2355 ptivus
2096 2301 2192 2341 vos
2216 2286 2549 2353 liberaverit,
2593 2302 2723 2343 vere
2742 2288 2897 2344 liberi
2927 2290 3098 2354 eritis,
3131 2299 3188 2345 et
3209 2300 3263 2346 te
3288 2292 3473 2365 legen-

1888 2376 2031 2433 tibus
2075 2377 2285 2433 occulte
2303 2378 2518 2432 Ariana:
2541 2378 2821 2447 perﬁdiam
2858 2381 3143 2450 pravitatis
3165 2384 3473 2441 subintelli-

1887 2466 2116 2537 gendam
2146 2466 2434 2537 relinquis;
2482 2469 2611 2537 quia
2661 2470 2708 2524 si
2737 2486 2845 2524 una
2878 2485 3104 2542 persona
3130 2483 3214 2529 est
3261 2484 3316 2530 et
3336 2492 3476 2533 unus

1889 2555 2058 2610 Filius
2087 2556 2231 2611 Deus
2261 2565 2318 2611 et
2344 2558 2527 2624 homo,
2566 2567 2621 2613 et
2659 2558 2822 2615 homo
2854 2568 2940 2617 est
2976 2562 3261 2632 adoptivus
3310 2565 3475 2632 filius,

1890 2661 2112 2703 necesse
2145 2656 2231 2703 est
2256 2656 2315 2702 ut
2348 2649 2489 2704 Deus
2544 2665 2760 2720 quoque
2796 2652 2869 2707 sit
2911 2654 3216 2724 adaptivus.
3289 2656 3478 2714 Nonne

1891 2739 2060 2794 multo
2087 2739 2387 2810 elegantius
2409 2749 2573 2807 esset,
2619 2757 2688 2797 ex
2713 2743 3027 2800 dominante
3051 2738 3251 2801 natura
3277 2748 3331 2803 in
3355 2747 3477 2803 Filii

1892 2831 2292 2902 proprietatem,
2344 2832 2638 2903 subjectam
2665 2848 2786 2889 esse
2811 2834 3197 2904 gloriﬁcatam?

1967 2951 2207 3008 XXXVII
2257 2952 2428 3018 Rade,
2455 2953 2698 3019 obsecro,
2748 2954 2813 3008 de
2839 2954 3003 3009 corde
3032 2962 3127 3009 tuo
3156 2954 3317 3025 hujus
3352 2956 3482 3011 ado-

1824 3077 1869 3139 Ο
1898 3042 2098 3114 ptionis
2134 3055 2329 3096 nomen
2358 3041 2412 3095 in
2438 3040 2671 3121 Christo
2724 3043 2855 3106 Deo,
2901 3052 2961 3096 ut
2987 3043 3064 3098 sis
3089 3043 3145 3097 in
3185 3059 3315 3098 vero
3344 3044 3493 3099 Filio’

240 3124 463 3193 improha
488 3127 731 3176 catcitate
772 3116 921 3170 illum
947 3114 1000 3169 in
1045 3112 1321 3168 divinitate
1367 3112 1643 3181 proprium
1702 3111 1788 3164 Dei

1902 3111 2021 3197 Dei,
2064 3137 2118 3185 et
2154 3130 2320 3184 vitam
2374 3118 2439 3184 in
2465 3130 2556 3185 illo
2584 3130 2782 3186 habeas
2823 3140 3104 3186 aeternam.
3182 3131 3297 3187 Heu
3341 3148 3486 3189 caeca

240 3215 396 3272 Patris
417 3227 541 3268 esse
574 3208 795 3273 Filium»
832 3205 1136 3274 θάοριίνυῐυ
1161 3217 1291 3256 Vero
1311 3201 1550 3272 θὶυείιθῖη
1578 3199 1675 3255 Dei
1700 3199 1800 3293 Ρίν
1904 3220 2171 3289 pravitas!
2220 3234 2341 3289 quae
2366 3219 2493 3273 dum
2540 3219 2754 3290 sapiens
2806 3235 2927 3277 esse
2966 3223 3138 3279 videri
3187 3227 3485 3293 contendit,

242 3305 394 3359 trisin
420 3300 763 3357 humanitate
801 3295 1086 3350 amrmam-
1141 3293 1270 3348 Ειεί
1297 3293 1371 3347 ίιει
1399 3300 1559 3355 esse"
1582 3292 1803 3386 omni"?
1906 3310 2072 3365 stulta
2114 3309 2447 3375 ostenditur;
2505 3317 2560 3364 et
2595 3310 2722 3364 dum
2747 3309 2856 3365 alta
2884 3310 3182 3370 divinitatis
3231 3292 3489 3386 mysteria

244 3393 517 3465 @0770
537 3390 661 3445 Filii
690 3395 907 3452 esset";
951 3386 1076 3456 «ιυίει
1095 3399 1453 3455 nequaquam»
1508 3391 1569 3437 ιιι
1596 3381 1804 3453 131‘cerati
1907 3406 2329 3471 praesumptuosa
2382 3398 2610 3455 audacia
2656 3400 2888 3454 scrutari
2924 3402 3226 3470 praesumit,
3281 3381 3493 3460 dicente

246 3499 433 3549 sumus,
488 3497 599 3535 una
628 3492 751 3534 esse
783 3482 963 3547 potest
1000 3490 1229 3545 persona
1257 3474 1310 3528 in
1338 3472 1557 3543 proprio
1586 3471 1722 3526 Filio
1752 3489 1782 3527 e

1912 3492 2223 3562 Scriptura:
2261 3490 2463 3546 Altiora
2493 3499 2542 3545 te
2570 3506 2633 3545 ne
2659 3491 2929 3562 quaesieris
2973 3491 3164 3563 (Eccli.
3192 3508 3274 3558 ιιι,
3294 3493 3409 3566 22),
3438 3494 3493 3549 in

250 3578 294 3631 in
338 3574 620 3644 δάοῐδηνοὶ
663 3570 795 3641 qum
841 3582 981 3622 unus
1035 3581 1103 3621 ex
1142 3565 1248 3620 illis
1300 3580 1459 3619 Verus
1486 3573 1571 3619 θεῖ
1607 3562 1805 3619 Filius:
1912 3582 2233 3654 profundam
2257 3582 2463 3638 erroris
2510 3581 2720 3637 foveam
2760 3562 3092 3652 praecipitata
3120 3582 3284 3638 cadit.
3348 3562 3496 3638 idem

248 3666 366 3721 ιηετ
392 3665 577 3733 “aque
599 3677 706 3716 ηοη
734 3674 914 3714 "ems-
989 3656 1160 3729 Ιείιυτ
1197 3655 1489 3722 diversum,
1542 3671 1733 3710 "erum
1757 3664 1815 3711 οι
1916 3671 2060 3727 enim
2080 3671 2242 3726 homo
2282 3670 2451 3726 Filius
2468 3670 2714 3742 virginis,
2744 3670 2950 3742 Spiritu
2972 3681 3161 3728 sancto
3181 3681 3494 3743 conceptus,

250 3773 339 3813 non
363 3772 576 3821 Verum.
619 3767 743 3808 esse
778 3750 901 3822 (ἰυὶε
926 3764 1031 3804 θοι)
1055 3754 1330 3819 agnoscat:
1386 3747 1490 3801 ηίεί
1517 3747 1816 3820 ιειὶιπείεο
1919 3764 1986 3818 ab
2012 3761 2169 3817 initio
2188 3760 2556 3830 conceptionis
2578 3775 2691 3815 suae
2716 3761 2859 3815 Deus
2896 3776 3059 3817 verus
3080 3769 3375 3831 conceptus
3392 3770 3498 3827 est,

249 3849 612 3920 «phrenetico
639 3846 852 3900 laboret
870 3844 924 3897 in
938 3841 1167 3896 morbo?
1195 3838 1329 3894 Nam
1350 3847 1570 3895 sanctus
1589 3839 1788 3895 Ambro

1919 3862 1975 3910 et
2002 3861 2244 3924 tempore
2278 3859 2582 3921 opportuno
2614 3851 2757 3908 Deus
2791 3868 2951 3909 verus
2972 3863 3150 3910 natus.
3206 3854 3345 3909 Ecce
3357 3852 3503 3909 Deus

248 3943 347 3997 sius
368 3942 423 3996 in
446 3941 594 3996 libro
618 3938 797 4010 primo
841 3933 1120 3990 catholicae
1154 3932 1279 3988 ﬁdei
1307 3933 1384 3988 ait
1411 3945 1438 3974 α
1465 3950 1478 3986 :
1542 3950 1561 3984 ι
1588 3931 1708 3987 Non
1736 3947 1788 3987 es

1921 3944 2084 4000 Pater
2114 3943 2283 3998 Deum
2314 3956 2505 3998 verum
2550 3942 2701 3997 nasci
2745 3942 2933 4007 voluit,
2976 3944 3052 3997 ita
3095 3952 3156 3997 ut
3205 3958 3313 3997 una
3359 3952 3505 3999 esset

248 4050 401 4089 unum
427 4032 717 4102 adoptivus
742 4036 798 4084 et
822 4041 1015 4083 verus:
1060 4039 1162 4081 nec
1181 4024 1351 4079 Filius
1387 4023 1613 4089 diceret,
1657 4039 1788 4076 unus

1924 4034 2021 4090 Dei
2071 4041 2128 4090 et
2156 4031 2392 4089 hominis
2439 4045 2690 4101 persona,
2735 4039 2791 4086 et
2821 4046 2960 4086 unus
2996 4040 3142 4086 esset
3171 4031 3343 4089 Filius
3384 4032 3502 4099 Dei,

244 4140 441 4189 unus,
491 4122 538 4178 si
566 4136 628 4177 se
649 4135 775 4177 cum
822 4132 972 4185 vero,
1028 4116 1124 4187 qui
1174 4129 1334 4171 verus
1386 4130 1493 4171 non
1520 4122 1657 4180 erat,
1709 4114 1788 4185 ips

1927 4127 2070 4181 Deus
2096 4131 2152 4180 et
2169 4125 2352 4179 homo.
2430 4122 2708 4189 Quomodo
2734 4122 2906 4177 noluit
2928 4137 3052 4178 eum
3089 4138 3278 4179 verum
3306 4123 3503 4179 Filium

244 4214 539 4269 conferret.
570 4233 592 4265 ι
1928 4230 2067 4280 esse,
2093 4230 2253 4284 quem
2278 4228 2465 4269 verum
2499 4211 2666 4267 voluit
2688 4227 2811 4269 esse
2831 4212 3039 4268 Deum?
3092 4213 3202 4269 Aut
3241 4214 3372 4269 illud
3412 4228 3509 4284 po-

314 4302 569 4361 XXXVL
588 4302 861 4374 Interrogo
880 4299 1175 4371 te,profani
1197 4305 1437 4353 assertor
1456 4312 1657 4352 erroris
1675 4315 1688 4350 :
1706 4297 1788 4352 ani

1930 4307 2053 4373 tuit,
2101 4315 2157 4362 et
2200 4306 2304 4361 hoc
2326 4321 2432 4361 non
2461 4304 2670 4375 potuit?
2729 4304 2833 4361 Ubi
2853 4312 2938 4360 est
2957 4321 3100 4361 nunc
3116 4306 3509 4376 omnipotentis

246 4413 330 4453 na
356 4392 667 4458 rationalis,
712 4407 833 4464 quae
856 4392 912 4447 in
950 4399 1003 4446 te
1026 4399 1130 4457 est,
1174 4397 1233 4468 et
1263 4396 1433 4444 totum
1461 4402 1660 4458 corpus
1680 4395 1788 4442 tuui

1887 4399 2051 4484 )Dei,
2111 4396 2266 4466 cujus
2291 4395 2554 4459 voluntati
2603 4395 2780 4451 nullus
2816 4397 3052 4487 resistit?
3125 4397 3191 4487 Si
3232 4398 3409 4468 potuit
3456 4406 3514 4453 et

248 4487 513 4551 viviﬁcat,
558 4491 785 4556 vegetat.
831 4491 889 4538 ει
925 4491 1126 4547 ωονθῑ,
1161 4491 1217 4537 ει
1244 4488 1302 4536 ιιι
1328 4480 1501 4535 sancti
1526 4479 1716 4535 Patres
1740 4493 1829 4534 V0-
1860 4479 1900 4487 *
1934 4487 2127 4552 noluit,
2170 4502 2268 4542 cur
2294 4485 2487 4541 invidit
2514 4485 2565 4540 ei
2603 4486 2886 4541 veritatem
2911 4485 3060 4551 Filii,
3110 4486 3197 4541 cui
3235 4502 3341 4541 non
3370 4487 3511 4542 invio

250 4584 380 4647 lunt,
425 4579 682 4650 corporis
717 4578 927 4649 origine
956 4575 1154 4649 [Deest,
1191 4572 1321 4647 non]
1372 4573 1690 4638 seminatur,
1737 4571 1833 4627 sed
1935 4579 2014 4635 dit
2039 4578 2320 4634 veritatem
2348 4576 2619 4640 Deitatis?
2666 4576 2735 4630 Et
2769 4578 2897 4645 quid
2920 4586 3024 4643 est,
3066 4577 3209 4647 quod
3247 4578 3379 4634 dicit
3419 4595 3517 4651 pa-

248 4685 309 4726 ει
329 4671 512 4727 nihilo
532 4678 718 4725 creata
737 4668 954 4723 aliunde
980 4666 1193 4737 corpori
1236 4666 1572 4730 immiti-iw";
1623 4679 1692 4719 an
1726 4677 1834 4718 non
1936 4678 2093 4725 terna
2120 4684 2257 4725 vox:
2311 4667 2414 4722 Hic
2436 4676 2511 4722 est
2541 4665 2711 4723 Filius
2735 4684 2880 4722 meus
2908 4667 3148 4735 dilectus,
3182 4670 3239 4725 in
3265 4687 3367 4742 quo
3387 4673 3517 4727 mihi

248 4764 316 4818 sit
334 4762 493 4819 Patri
522 4772 621 4817 tuo
648 4762 900 4830 adoptiva
928 4759 1055 4826 ﬁlia,
1084 4768 1139 4814 et
1166 4773 1295 4814 caro
1327 4756 1699 4811 tantummodo
1713 4770 1837 4825 pro-
1939 4763 2063 4816 bene
2091 4747 2418 4830 complacui?
2452 4759 2758 4827 lterumque
2779 4759 2831 4813 in
2855 4768 3067 4815 monte:
3101 4760 3205 4816 Hac
3239 4773 3315 4818 εει
3341 4761 3519 4819 Filia;

248 4857 361 4927 prin
391 4855 555 4910 ﬁlia?
596 4853 759 4908 Antn
799 4861 962 4916 totus,
1017 4851 1196 4906 anima
1219 4857 1275 4904 et
1294 4863 1546 4919 corpore,
1593 4860 1735 4901 unus
1785 4870 1788 4890 ‹

1940 4869 2085 4907 meus
2110 4849 2354 4916 dilectus,
2380 4850 2436 4904 in
2453 4865 2557 4919 quo
2579 4848 2706 4902 mihi
2730 4848 2853 4904 bene
2880 4851 3171 4922 complacui
3184 4871 3205 4919 ;
3233 4855 3400 4925 ipsum
3423 4866 3522 4906 au-

246 4946 509 5018 νωβτὶιιε
533 4945 683 5016 patri
713 4951 803 4997 ιιιο
828 4943 904 4998 Sis
945 4941 1119 4997 milis"
1185 4939 1326 5008 Quid
1363 4940 1410 4995 Si
1463 4939 1624 4995 homo
1665 4953 1733 4994 ex
1777 4951 1843 4991 ea
1943 4946 2069 5000 dite.
2122 4943 2379 4999 Diabolus
2407 4942 2617 4997 dubitat
2637 4943 2683 4997 si
2700 4942 2795 4999 Dei
2823 4944 2992 4999 Filius
3020 4955 3166 5000 esset
3182 4960 3344 5014 quem
3362 4944 3519 5009 vidit,

250 5039 589 5103 substantia,
642 5051 762 5107 quas
788 5050 895 5091 non
923 5050 991 5091 ex
1019 5050 1079 5090 se
1102 5043 1410 5105 generatur,
1455 5032 1672 5103 corpori
1718 5046 1847 5087 con-
1944 5045 2000 5092 et
2026 5035 2148 5090 ideo
2176 5034 2231 5088 in
2253 5047 2349 5087 sua
2370 5033 2663 5088 tentatione
2696 5034 2798 5090 hoc
2814 5036 2923 5106 egit
2952 5051 3186 5105 semper,
3214 5043 3274 5089 ut
3293 5035 3454 5089 sciret
3475 5034 3524 5089 si

239 5130 431 5199 ivncta
451 5128 748 5200 proprium
772 5134 829 5182 et
851 5142 1038 5182 verum
1064 5124 1266 5197 poterit
1292 5125 1495 5179 habere
1532 5122 1721 5189 ﬁlium,
1751 5137 1849 5177 cur
1947 5124 2041 5179 Dei
2065 5130 2209 5179 esset
2233 5120 2421 5177 Filius.
2443 5119 2508 5176 Hi
2524 5136 2651 5177 vero
2664 5123 2965 5195 adoptionis
2986 5131 3301 5188 assertores,
3320 5121 3526 5192 majore

244 5219 423 5276 Deum
450 5222 814 5291 impotentem
834 5228 1013 5289 putas,
1054 5218 1197 5290 quod
1249 5216 1529 5288 proprium
1552 5231 1661 5271 non
1680 5216 1852 5286 possit
1948 5215 2365 5289 praesumptione
2393 5230 2557 5285 quam
2580 5216 2845 5283 diabolus,
2874 5216 3088 5287 publice
3110 5222 3310 5286 negant
3334 5230 3526 5272 verum

242 5320 295 5365 et
322 5328 537 5368 verum
577 5310 648 5366 de
662 5310 878 5382 Spiritu
897 5318 1083 5366 sancto
1129 5325 1198 5366 ex
1222 5308 1391 5363 Maria
1438 5308 1645 5378 virgine
1663 5315 1851 5362 natum
1950 5309 2148 5366 Filium
2176 5307 2444 5372 Deiesse;
2503 5307 2598 5362 sed
2623 5315 2820 5362 nostras
2871 5305 3174 5376 adoptionis
3210 5305 3531 5377 participem

238 5404 467 5460 habere
506 5404 749 5460 Filium?
785 5402 1039 5473 Nunquid
1086 5409 1143 5457 tu
1190 5401 1604 5474 lcgesimpones
1638 5398 1710 5465 ei,
1760 5397 1854 5469 qui
1953 5397 2227 5455 afﬁrmare
2245 5412 2353 5453 non
2380 5398 2593 5453 timent.
2640 5396 2778 5452 Nam
2797 5403 2852 5452 et
2884 5396 3000 5466 ipse
3033 5396 3291 5454 Dominus
3318 5397 3533 5469 adjura-

234 5496 439 5549 ιιι-ξι
505 5506 846 5566 quascunque
876 5491 988 5548 vult
1016 5490 1176 5559 facit,
1223 5490 1280 5546 in
1303 5490 1442 5547 cmlo
1479 5497 1536 5544 et
1563 5489 1620 5543 in
1671 5487 1857 5543 terra?
1955 5501 2044 5548 tus
2070 5507 2101 5545 a
2127 5489 2383 5562 pontiﬁce
2434 5503 2534 5560 per
2573 5502 2771 5543 nomen
2813 5486 2911 5543 Dei
2957 5486 3104 5554 vivi,
3151 5488 3197 5543 si
3222 5487 3393 5543 Filius
3434 5486 3531 5541 Dei

240 5580 488 5640 hocin
522 5582 779 5639 voluitex
799 5597 902 5639 sua
947 5580 1253 5639 substantia
1298 5577 1630 5636 aeternaliter
1658 5577 1860 5634 habere
1958 5588 2123 5648 esset,
2161 5577 2319 5650 77],
2367 5575 2674 5649 respondit:
2729 5574 2845 5650 Ego
2867 5593 2985 5633 sum
3020 5574 3215 5651 (Marc.
3256 5592 3367 5647 ειν,
3418 5574 3531 5649 62).

308 5710 339 5737 ι
384 5695 460 5752 S.
495 5695 844 5764 Ambrosius,
871 5694 939 5753 dc
958 5689 1091 5753 Fide
1119 5690 1245 5751 libr.
1271 5708 1314 5761 ι,
1349 5706 1468 5766 cap.
1516 5690 1603 5759 17,
1647 5705 1701 5745 n.
1736 5689 1858 5745 ill.
