3906 6186
429 329 536 388 103

1256 327 1317 384 Β.
1351 325 1416 382 F.
1457 326 1683 383 ALBINI
1725 323 1855 379 SEU
1895 317 2171 376 ALCUINI
2210 318 2496 378 OPERUM
2534 318 2712 377 PARS
2749 319 2834 376 III.

3573 317 3674 374 105

423 444 521 500 Isti
541 456 672 499 vero
697 440 914 497 dicunt:
946 439 1068 496 Non
1115 450 1222 505 est;
1254 455 1354 495 nec
1385 439 1750 495 testimonium
1774 443 2008 505 paternae
2037 437 2085 494 Α
2111 433 2238 500 lem,
2269 437 2551 492 veritatem
2589 437 2641 490 in
2666 451 2724 492 se
2745 434 2932 490 forma:
2968 433 3246 502 utriusque
3296 431 3626 489 demonstrat
3657 451 3675 490 :

423 531 594 598 vocis,
649 545 750 585 nec
775 529 945 599 ipsius
991 529 1084 584 Dei
1104 528 1305 583 Christi
1344 527 1711 582 testimonium
1742 522 2008 592 recipien-

425 631 527 682 tes.
577 620 668 690 qui
715 619 819 673 alio
847 619 966 674 loco
991 619 1095 673 ait:
1149 618 1284 672 Etsi
1327 633 1419 687 ego
1463 615 1810 669 testimonium
1829 611 2005 683 perhi-

426 713 517 766 beo
540 711 603 763 de
615 714 832 779 meipso,
855 711 1204 764 testimonium
1225 724 1394 761 meum
1409 722 1579 760 verum
1604 714 1702 766 est,
1732 706 1855 774 quia
1876 703 2004 766 scio,

427 798 564 853 unde
594 800 759 864 venio,
787 809 837 852 et
860 815 964 869 quo
997 797 1126 852 vado
1158 796 1339 868 (Ioan.
1363 811 1483 859 vm,
1518 794 1626 866 14).
1677 794 1744 848 Et
1769 795 1998 848 iterum:

425 888 540 958 Ego
561 907 701 953 sum,
753 889 842 959 qui
861 889 1210 942 testimonium
1262 885 1502 952 perhibeo
1524 885 1588 938 de
1610 884 1825 954 meipso,
1857 892 1905 936 et
1933 894 2008 935 te-

423 983 490 1035 sti
495 982 723 1035 monium
738 980 964 1050 perhibet
984 979 1047 1032 de
1059 995 1158 1042 me,
1171 979 1258 1048 qui
1277 977 1415 1031 misit
1430 993 1510 1030 me
1524 973 1686 1028 Pater
1707 974 1868 1045 (Ibid.
1895 973 2003 1044 i8).

427 1071 635 1127 Haec'ut
661 1072 809 1136 libet,
835 1071 924 1139 qui
951 1069 1113 1138 legat,
1141 1068 1418 1138 intelligat.
1467 1066 1576 1120 Nos
1601 1065 1668 1119 ad
1697 1072 2006 1119 sanctorum

423 1163 645 1219 Patrum
681 1163 924 1229 exempla
950 1161 1242 1231 colligenda
1285 1168 1638 1217 revertamur.

493 1250 778 1306 XXXVIII.
807 1251 939 1304 Nam
965 1250 1530 1321 sanctusAugustinus
1552 1251 1605 1304 in
1633 1245 2009 1319 Homiliaqua-

422 1344 728 1413 dragesima
747 1351 898 1397 sexta
927 1358 1067 1412 saepe
1084 1344 1211 1397 dicti
1237 1341 1426 1413 Operis
1442 1343 1521 1396 sic
1547 1342 1623 1395 ait
1638 1353 1663 1381 ιι
1687 1359 1699 1394 :
1732 1360 1750 1391 c
1773 1339 2008 1394 Fremuit

425 1436 632 1505 spiritu,
667 1445 715 1487 et
760 1435 985 1488 turbavit
1033 1436 1258 1504 seipsum
1284 1476 1298 1500 ,
1339 1444 1388 1488 et
1435 1434 1589 1497 dixit,
1631 1434 1717 1487 ubi
1763 1434 2007 1503 posuistis

422 1542 541 1578 eum
579 1524 759 1595 (Joan.
795 1540 871 1588 ιι,
919 1524 1050 1595 55)?
1099 1525 1293 1580 Nescio
1348 1525 1477 1592 quid
1509 1524 1663 1577 nobis
1715 1523 2010 1577 insinuavit

423 1614 699 1668 fremendo
714 1613 926 1682 spiritu,
951 1612 1279 1667 etturbando
1301 1613 1557 1682 seipsum.
1583 1612 1714 1677 Quis
1729 1611 1870 1664 enim
1885 1625 2008 1664 eum

421 1705 590 1774 possit
642 1705 747 1759 nisi
802 1705 1038 1773 seipsum
1084 1703 1582 1770 turbare?ltaque,
1635 1700 1829 1754 fratres
1877 1701 2005 1763 mei,

2107 534 2166 580 ut
2189 535 2244 580 et
2287 527 2576 580 humanam
2605 511 2825 596 probet.
2845 524 3185 594 imparilitas,
3215 530 3270 578 et
3295 523 3527 578 divinam
3585 525 3678 582 do-

2106 615 2276 670 claret
2299 617 2596 685 aequalitas.
2630 615 2895 682 Majestati
2928 615 3091 683 igitur
3137 613 3255 668 Filii
3289 614 3382 668 Dei
3419 629 3678 685 corporea

2105 707 2360 761 nativitas
2379 707 2511 762 nihil
2541 707 2778 771 abstulit,
2828 705 2962 759 nihil
2988 704 3214 759 contulit
3239 721 3252 769 ;
3281 705 3407 773 quia
3427 707 3680 762 substan-

2106 801 2184 853 tia
2231 801 2685 856 incommutabilis
2724 817 2825 856 nec
2879 801 3046 854 minui
3101 801 3276 870 potuit
3323 815 3422 854 nec
3471 803 3676 870 augeri.

2107 890 2260 956 Quod
2308 893 2448 946 enim
2482 893 2714 948 Verbum
2747 907 2876 946 caro
2935 889 3136 944 factum
3182 899 3296 952 est,
3331 905 3436 944 non
3466 891 3570 946 hoc
3607 891 3680 946 si-

2106 980 2344 1049 gniﬁcat,
2380 982 2523 1051 quod
2548 983 2599 1036 in
2630 997 2848 1036 carnem
2873 982 2943 1040 sit
2967 980 3061 1034 Dei
3090 987 3281 1033 natura
3328 988 3556 1044 mutata,
3587 982 3682 1037 sed

2106 1071 2248 1139 quod
2277 1086 2308 1125 a
2338 1073 2514 1127 Verbo
2543 1073 2595 1126 in
2620 1074 2879 1127 unitatem
2920 1086 3163 1142 persona:
3189 1072 3258 1125 sit
3290 1087 3419 1126 caro
3461 1087 3682 1142 suscep-

2111 1169 2196 1226 ta;
2230 1163 2283 1214 in
2312 1163 2466 1232 cujus
2506 1165 2691 1231 utique
2743 1164 2960 1218 nomine
2987 1163 3146 1218 homo
3199 1171 3344 1217 totus
3393 1165 3679 1234 accipitur,

2107 1269 2230 1307 cum
2265 1269 2372 1323 quo
2393 1254 2533 1307 intra
2560 1254 2786 1324 virginis
2809 1255 3018 1308 viscera
3045 1262 3232 1308 sancto
3261 1252 3462 1323 Spiritu
3494 1255 3681 1310 fecun-

2109 1343 2254 1407 data,
2287 1353 2342 1398 et
2369 1361 2641 1412 nunquam
2657 1345 2963 1416 virginitate
2990 1347 3250 1409 caritura,
3276 1355 3385 1400 tam
3409 1347 3686 1417 insepara-

2106 1434 2287 1488 biliter
2326 1435 2418 1489 Dei
2443 1436 2608 1490 Filius
2637 1447 2720 1492 est
2744 1438 2946 1500 unitos,
2981 1447 3042 1492 ut
3068 1439 3157 1508 qui
3201 1446 3319 1492 erat
3349 1439 3682 1509 intempora-

2109 1522 2233 1577 liter
2282 1525 2348 1579 de
2370 1527 2602 1580 essentia
2631 1527 2808 1582 Patris
2836 1529 3071 1599 genitus,
3118 1530 3232 1599 ipse
3261 1530 3331 1584 sit
3370 1530 3684 1600 temporali-

2110 1621 2192 1667 ter
2219 1613 2284 1668 de
2307 1623 2460 1669 utero
2489 1617 2713 1686 virginis
2739 1628 2916 1673 natus.
2945 1638 2963 1672 ›

2177 1720 2290 1775 XL.
2319 1721 2449 1776 Item
2483 1723 2537 1777 in
2561 1723 2664 1778 alia
2691 1725 2910 1781 homilia
2940 1739 2962 1765 ο
2989 1746 3000 1780 :
3038 1747 3056 1778 ‹
3087 1727 3496 1799 Agnoscendum
3528 1748 3682 1796 sane,

421 1796 595 1864 primo
610 1795 699 1850 hic
722 1795 978 1848 attendite
1003 1803 1346 1864 potestatem,
1365 1795 1514 1848 etsic
1527 1793 1782 1860 inquirite
1802 1791 2006 1860 signiﬁ-

2108 1812 2464 1880 dilectissimi,
2492 1827 2546 1872 et
2577 1825 2688 1872 toto
2713 1819 2874 1873 corde
2897 1827 2981 1874 est
3002 1787 3385 1888 condiendum,
3405 1823 3545 1892 quod
3571 1824 3688 1880 lure

421 1887 708 1940 cntionem.
741 1886 998 1940 Turbaris
1045 1894 1101 1940 tu
1151 1886 1379 1950 nolens;
1433 1885 1682 1939 turbatur
1709 1883 1958 1938 Christus
1985 1923 2000 1947 ,

421 1976 547 2047 quia
572 1977 759 2031 voluit.
784 1977 1024 2031 Esurivit
1061 1975 1240 2042 Iesus,
1271 1993 1461 2031 verum
1485 1985 1602 2040 est,
1654 1977 1781 2045 quia
1810 1975 1999 2030 voluit.

429 2066 692 2120 Dormivit
716 2064 896 2131 Iesus,
927 2083 1115 2122 verum
1143 2076 1244 2132 est,
1276 2068 1400 2136 quia
1434 2067 1620 2121 voluit.
1643 2065 2004 2121 Contristatus

421 2164 508 2210 est
533 2154 691 2210 Iesus
718 2195 732 2220 ,
765 2171 953 2210 verum
996 2165 1100 2220 est,
1142 2157 1237 2211 sed
1265 2157 1389 2224 quia
1418 2155 1604 2209 voluit.
1652 2153 1891 2208 Mortuus
1920 2163 2006 2208 est

421 2245 598 2312 Iesus,
634 2264 822 2302 verum
853 2258 954 2314 est,
987 2250 1112 2318 quia
1132 2249 1313 2303 voluit.
1343 2251 1400 2302 In
1421 2249 1563 2302 illius
1589 2254 1856 2317 potestate
1885 2254 2006 2301 erat

422 2341 502 2395 sic
522 2340 607 2395 vel
657 2341 737 2396 sic
767 2338 928 2406 allici,
975 2341 1058 2395 vel
1089 2357 1195 2395 non
1218 2339 1378 2394 affici.
1409 2341 1626 2402 Veram,
1660 2339 1856 2407 inquit,
1889 2338 2004 2391 ani-

422 2448 570 2488 mam
608 2434 850 2502 suscepit
874 2441 927 2488 et
950 2449 1200 2498 carnem,
1231 2433 1395 2486 totius
1439 2432 1673 2486 hominis
1714 2431 1815 2486 sibi
1842 2446 2003 2500 coap-

422 2531 543 2576 tans
569 2523 622 2575 in
649 2537 894 2591 personae
935 2523 1195 2575 unitatem
1241 2531 1511 2574 naturam.
1563 2519 1697 2574 Nam
1726 2529 1780 2574 et
1820 2520 2000 2575 anima

423 2613 650 2684 apostoli
676 2614 844 2668 verbo
871 2612 1140 2667 illustrata
1166 2620 1251 2668 est
1277 2629 1290 2677 ;
1337 2612 1518 2667 anima
1555 2611 1708 2665 Pauli
1739 2621 1794 2667 et
1821 2613 2000 2666 anima

422 2706 565 2761 Petri
617 2705 782 2760 verbo
839 2705 1107 2759 illustrata
1151 2712 1266 2768 est;
1319 2704 1549 2759 aliorum
1599 2703 1998 2774 apostolorum,

424 2807 733 2854 sanctorum
781 2798 1170 2868 prophetarum
1215 2796 1380 2850 verbo
1409 2797 1686 2850 illustratze
1713 2804 1839 2851 sunt
1884 2796 2002 2850 ani-

422 2903 545 2952 mae,
593 2887 688 2942 sed
713 2887 779 2942 de
804 2886 951 2940 nulla
1003 2887 1206 2940 dictum
1232 2895 1315 2940 est
1346 2905 1357 2938 :
1413 2885 1526 2956 Ego
1570 2895 1619 2940 et
1660 2896 1809 2956 pater
1837 2903 1998 2940 unum

424 2999 601 3039 sumus
635 2981 816 3056 (Joan.
856 2999 911 3048 χ,
954 2982 1066 3054 50).
1092 2981 1284 3036 Anima
1333 2981 1536 3035 Christi
1563 2989 1616 3035 et
1638 2984 1767 3035 caro
1795 2980 1999 3036 Christi

422 3089 545 3128 cum
577 3075 751 3131 Verbo
777 3075 872 3130 Dei
901 3091 1005 3129 una
1031 3089 1261 3145 persona
1289 3083 1391 3139 est,
1419 3090 1558 3128 unus
1598 3073 1845 3128 Christus
1879 3082 1993 3139 est;

419 3183 490 3227 ac
515 3184 613 3238 per
636 3167 762 3233 hoc,
790 3167 879 3222 ubi
907 3183 1115 3222 summa
1142 3174 1402 3236 potestas,
1435 3166 1727 3220 secundum
1753 3165 1998 3220 volunta-

426 3260 497 3313 tis
521 3267 707 3313 nutum
729 3259 977 3314 turbatur
1000 3258 1308 3323 infirmitas,
1333 3258 1435 3312 hoc
1463 3265 1562 3320 est,
1591 3257 1827 3311 turbavit
1844 3253 1996 3328 [Ms.,

423 3351 682 3422 turbabit]
715 3353 1086 3421 semetipsum.
1130 3371 1148 3404 ι

482 3449 697 3503 XXXIX
709 3490 722 3502 .
739 3448 1154 3504 Consideremus
1167 3466 1379 3521 quoque
1392 3453 1518 3521 quid
1533 3452 1641 3520 Leo
1653 3470 1789 3524 papa
1803 3454 2000 3508 Roma-

421 3556 544 3604 nus,
569 3540 653 3592 vir
675 3539 728 3592 in
751 3539 855 3594 ﬁde
877 3540 1143 3594 catholica
1171 3543 1572 3608 veracissimus,
1595 3552 1650 3598 et
1677 3545 1728 3597 in
1747 3544 2000 3614 eloquen—

425 3632 498 3685 tia
529 3629 869 3685 clarissimus
892 3629 960 3684 de
989 3631 1183 3685 divinze
1209 3632 1261 3684 in
1285 3631 1499 3686 Christo
1527 3643 1582 3687 et
1601 3634 1849 3687 humante
1872 3649 2002 3688 eon-

423 3721 594 3777 sortio
610 3729 816 3775 natura:
838 3729 1076 3776 enarret.
1101 3720 1192 3775 Ait
1219 3721 1363 3775 enim
1391 3721 1462 3775 ita
1488 3722 1540 3776 in
1568 3723 1809 3787 homilia,
1837 3738 1999 3792 quam

423 3815 492 3870 de
515 3813 797 3868 nativitate
829 3812 1040 3866 Domini
1072 3812 1243 3866 nostri
1275 3810 1402 3866 Iesu
1429 3811 1631 3867 Christi
1676 3814 1893 3884 scripsit
1921 3814 1948 3852 b
1984 3831 1995 3864 :

425 3922 445 3955 ι
484 3904 684 3959 Verum
718 3913 819 3967 est,
873 3902 1017 3972 quod
1048 3903 1240 3957 beatus
1293 3901 1528 3957 Joannes
1579 3903 1783 3972 Spiritu
1813 3913 2001 3958 sancto

422 3997 613 4067 plenus
643 3997 913 4051 intonuit:
959 3995 1024 4050 In
1051 3996 1307 4067 principio
1351 4005 1462 4050 erat
1502 3993 1745 4061 Verbum,
1778 4007 1825 4050 et
1876 3994 2005 4050 Ver-

426 4091 548 4144 bum
583 4099 694 4142 erat
719 4088 858 4160 apud
883 4088 1070 4153 Deum,
1097 4098 1145 4142 et
1178 4087 1317 4141 Deus
1336 4095 1446 4140 erat
1481 4085 1726 4140 Verbum.
1759 4085 1872 4139 Hoc
1891 4097 2002 4139 erat

421 4187 478 4242 in
503 4186 756 4257 principio
783 4185 922 4256 apud
952 4185 1116 4238 Deum
1137 4225 1151 4249 ,
1180 4184 1354 4238 omnia
1379 4200 1470 4252 per
1495 4184 1661 4253 ipsum
1690 4181 1831 4251 facta
1859 4190 1998 4245 sunt,

423 4287 472 4332 et
499 4278 609 4332 sine
635 4277 746 4346 ipso
785 4276 984 4344 factum
1012 4284 1087 4328 est
1120 4273 1266 4327 nihil.
1303 4275 1369 4328 Et
1413 4274 1662 4328 similiter
1681 4288 1868 4327 verum
1896 4281 2000 4336 est,

423 4372 565 4442 quod
585 4371 726 4425 idem
754 4368 1076 4438 przezlicator
1103 4367 1333 4437 adjecit:
1375 4367 1601 4421 Verbum
1651 4385 1773 4422 caro
1803 4369 2002 4438 factum

2104 1907 2381 1973 generatio
2406 1947 2420 1970 ,
2471 1924 2577 1977 qua
2606 1910 2842 1964 Verbum
2888 1919 2942 1965 et
2974 1927 3102 1966 caro
3132 1953 3146 1978 ,
3183 1914 3235 1967 id
3279 1923 3385 1979 est,
3441 1916 3583 1970 Deus
3630 1926 3688 1970 et

2102 1998 2286 2065 homo,
2312 2017 2452 2055 unus
2476 2001 2572 2055 Dei
2625 2001 2812 2067 Filius,
2864 2019 3112 2073 unusque
3155 2004 3402 2060 Christus
3431 2006 3686 2071 edicitur,

2102 2104 2268 2160 super
2293 2107 2508 2146 omnem
2531 2094 2791 2162 originem
2819 2096 3068 2149 humanae
3083 2097 3368 2150 creationis
3393 2098 3628 2152 excellit.
3664 2119 3683 2150 ι

2101 2182 2233 2236 Item
2279 2191 2401 2250 post
2428 2199 2599 2253 pauca
2630 2186 2683 2238 in
2710 2187 2898 2240 eadem
2925 2187 3144 2242 homilia
3179 2205 3192 2240 :
3239 2207 3258 2240 ι
3296 2189 3562 2243 Nativitas
3591 2207 3692 2245 au-

2105 2280 2211 2324 tem
2237 2272 2448 2326 Domini
2475 2276 2643 2330 nostri
2670 2275 2792 2331 Iesu
2816 2276 3013 2332 Christi
3040 2294 3252 2333 omnem
3274 2281 3693 2352 intelligentiam

2102 2372 2343 2432 superat,
2372 2372 2427 2419 et
2453 2375 2645 2421 cuncta
2674 2367 2917 2437 exempla
2949 2371 3281 2424 transcendit
3313 2390 3324 2423 :
3355 2388 3457 2426 nec
3503 2381 3699 2442 potest

2101 2470 2227 2510 esse
2257 2455 2381 2509 ullis
2404 2457 2799 2526 comparabilis,
2832 2474 2951 2527 quae
2995 2468 3080 2512 est
3107 2460 3245 2513 inter
3269 2463 3448 2515 omnia
3497 2464 3698 2535 singu-

2100 2545 2252 2600 laris.
2290 2566 2310 2599 δ

2172 2636 2331 2706 772
2361 2635 2494 2690 XLI.
2543 2638 2834 2693 Videamus
2862 2641 3005 2710 quod
3041 2649 3225 2698 tantus
3261 2643 3422 2698 Pater
3467 2653 3522 2700 et
3568 2656 3696 2704 tam

2101 2727 2389 2797 praeclarus
2421 2730 2605 2784 doctor
2648 2746 2863 2786 omnem
2892 2732 3295 2802 intelligentiam
3345 2735 3549 2791 Christi
3580 2754 3694 2792 na-

2104 2818 2369 2872 tivitatem
2398 2821 2661 2877 excedere
2701 2827 3034 2892 pronuntiat.
3065 2824 3202 2890 Quid
3248 2828 3337 2882 isti
3380 2829 3503 2883 novi
3529 2844 3698 2884 scru-

2102 2916 2303 2962 tatores
2329 2925 2642 2966 arcanorum
2669 2913 2760 2966 Dei
2784 2929 2840 2967 se
2863 2916 3175 2969 existimant
3194 2917 3513 2989 intelligere,
3538 2921 3695 2987 quod

2101 2998 2306 3068 antiqui
2336 3000 2527 3056 Patres
2568 3013 2624 3057 et
2651 3004 2901 3059 catholici
2947 3006 3195 3061 doctores
3221 3023 3277 3062 se
3324 3009 3534 3065 nescire
3564 3025 3698 3079 pro-

2104 3089 2231 3146 fessi
2275 3102 2442 3159 sunt;
2471 3095 2610 3150 sicut
2658 3097 2823 3153 Isaias
2847 3114 3060 3169 quoque
3105 3102 3368 3171 propheta
3421 3119 3696 3159 arcanum

2102 3183 2403 3240 nativitatis
2427 3187 2572 3242 illius
2621 3203 2742 3244 esse
2790 3198 3019 3245 testatur
3070 3191 3337 3247 ineffabile
3365 3210 3379 3259 ;
3410 3201 3464 3248 et
3493 3196 3598 3249 hoc
3630 3197 3695 3250 in

2100 3289 2166 3328 eo
2189 3274 2327 3341 loco,
2350 3277 2441 3331 ubi
2470 3279 2536 3333 de
2574 3280 2924 3337 humanitatis
2946 3283 3177 3353 injuriis,
3207 3299 3346 3353 quas
3372 3300 3473 3355 pro
3494 3295 3698 3341 nostra

2099 3380 2358 3433 passurus
2380 3376 2497 3420 erat
2523 3367 2714 3433 salute,
2747 3369 2960 3426 locutus
2988 3380 3072 3426 est
3100 3390 3112 3425 :
3145 3371 3295 3427 Sicut
3322 3373 3433 3427 ovis
3455 3373 3523 3428 ad
3545 3376 3703 3430 occ-:-

2101 3456 2298 3510 sioucm
2349 3457 2589 3524 ducetur,
2633 3469 2682 3513 et
2701 3463 2853 3532 quasi
2901 3479 3066 3532 agnus
3097 3479 3274 3516 coram
3319 3465 3564 3518 tondente
3596 3466 3704 3520 ob—

2101 3554 2346 3598 mutescet
2376 3563 2393 3611 ;
2425 3557 2473 3600 et
2502 3564 2605 3602 non
2649 3551 2850 3620 aperuit
2877 3567 2933 3604 os
2975 3568 3150 3617 suum,
3199 3562 3247 3606 et
3276 3553 3341 3608 de
3360 3556 3608 3624 angustia
3643 3567 3704 3611 et

2102 3637 2165 3690 de
2173 3636 2378 3706 judicio
2400 3637 2637 3694 sublatus
2663 3650 2760 3706 est,
2786 3643 3170 3712 generationem
3195 3642 3309 3713 ejus
3323 3645 3436 3713 quis
3462 3661 3703 3700 enarra-

2106 3725 2177 3777 bit
2202 3723 2356 3796 (Isai.
2387 3743 2502 3793 LIII,
2525 3728 2579 3792 7,
2609 3728 2662 3800 8)
2688 3730 2710 3782 ?

2175 3831 2330 3890 XLII.
2368 3836 2518 3892 Sicut
2549 3847 2603 3893 et
2629 3841 2729 3895 iste
2752 3842 2892 3896 idem
2913 3843 3024 3897 Leo
3051 3843 3104 3897 in
3134 3844 3236 3898 alia
3267 3845 3554 3900 confirmat
3582 3845 3706 3900 lio-

2103 3925 2252 3980 milia
2277 3926 2303 3966 d
2337 3946 2348 3981 :
2381 3946 2398 3979 ι
2431 3929 2653 3983 Excedit
2676 3931 2911 3998 quidem,
2944 3932 3137 4001 inquit,
3163 3934 3518 3999 dilectissimi,
3548 3937 3710 3992 mul-

2107 4026 2325 4088 tumque
2348 4021 2709 4090 supereminet
2751 4022 2969 4076 humani
3007 4024 3205 4093 eloquii
3243 4023 3554 4080 facultatem
3612 4028 3710 4082 di-

2103 4108 2213 4162 ﬁni
2236 4111 2414 4178 operis
2437 4111 2766 4180 magnitudo,
2787 4120 2840 4166 et
2865 4113 2986 4167 inde
3006 4115 3180 4169 oritur
3202 4115 3488 4170 dillicultas
3514 4117 3709 4184 fandi,

2106 4198 2246 4253 unde
2272 4200 2428 4254 adest
2465 4201 2600 4255 ratio
2628 4217 2735 4256 non
2763 4203 2970 4259 tacendi
2997 4223 3009 4257 ;
3055 4205 3182 4274 quia
3212 4205 3265 4259 in
3292 4203 3419 4260 Iesu
3464 4206 3711 4264 Christo

2104 4287 2241 4342 Filio
2269 4289 2365 4344 Dei
2389 4305 2496 4345 non
2525 4291 2698 4346 solum
2721 4291 2788 4345 ad
2809 4293 3047 4347 divinam
3071 4296 3381 4360 essentiam,
3407 4297 3503 4350 sed
3523 4297 3712 4352 etiam

2107 4381 2175 4435 ad
2203 4382 2495 4437 humanam
2523 4393 2801 4454 exspectat
2835 4385 2988 4458 [Ms.,
3033 4396 3320 4458 spectant;
3347 4388 3517 4453 Edit.,
3540 4405 3721 4460 spec-

423 4471 518 4525 est,
551 4468 600 4513 et
636 4457 886 4551 habitavit
910 4457 964 4551 in
991 4456 1136 4551 nobis
1157 4495 1172 4521 ,
1203 4465 1250 4551 et
1280 4456 1503 4551 vidimus
1545 4456 1770 4526 gloriam
1813 4458 1998 4527 ipsius,
2031 4479 2082 4539 ι)
2107 4471 2208 4544 ωε]
2239 4483 2489 4528 naturam
2522 4515 2537 4540 ,
2576 4479 2718 4545 quod
2767 4456 2969 4534 diem,
3030 4456 3115 4534 eg;
3165 4495 3263 4551 per
3312 4456 3652 4550 Ρι-οριιειᾷηι
3692 4502 3713 4541 ε

423 4551 644 4621 gloriam
667 4549 819 4623 quasi
850 4547 1101 4620 unigeniti
1125 4565 1158 4602 a
1194 4546 1372 4601 Patre.
1408 4547 1468 4600 In
1493 4554 1723 4616 utraque
1755 4563 1884 4617 ergo
1907 4565 2004 4603 na—

425 4649 547 4695 tura
568 4642 708 4697 idem
737 4649 821 4697 est
861 4640 956 4695 Dei
1004 4638 1174 4693 Filius
1216 4645 1400 4692 nostra
1429 4637 1750 4707 suscipiens,
1799 4647 2004 4708 etpro—

424 4731 544 4800 pria
572 4746 679 4786 non
700 4733 952 4787 amittens
974 4772 988 4797 ,
1011 4731 1066 4785 in
1089 4730 1306 4786 homine
1335 4729 1608 4784 hominem
1631 4744 1918 4795 renovans,
1947 4730 2001 4783 in

429 4836 487 4878 se
527 4821 979 4879 incommutabilis
1026 4838 1403 4895 perseverans.
1448 4821 1629 4876 Deitas
1671 4821 1855 4886 enimt,
1885 4837 2005 4891 quae

427 4912 538 4968 illic
592 4910 800 4986 [Forte,
827 4911 924 4983 illi]
962 4927 1086 4966 cum
1112 4914 1272 4968 Patre
1302 4911 1604 4968 communis
1644 4918 1726 4965 est
1749 4953 1762 4975 ,
1796 4911 2002 4965 nullum

429 5003 810 5061 detrimentum
847 5004 1244 5072 omnipotentize
1293 5006 1478 5071 subiit,
1508 5020 1607 5060 nec
1633 5004 1727 5059 Dei
1774 5003 2003 5059 formam

427 5096 569 5153 servi
597 5095 769 5152 forma
797 5093 1016 5150 violavit
1046 5112 1058 5148 :
1084 5095 1210 5165 quia
1247 5111 1460 5152 summa
1484 5107 1539 5152 et
1565 5099 1891 5168 sempiterna
1919 5113 2002 5152 es-

429 5189 622 5254 sentia,
674 5203 795 5259 qua:
821 5202 879 5243 se
906 5186 972 5241 ad
1019 5187 1238 5242 humani
1285 5190 1499 5258 generis
1537 5191 1813 5245 inclinavit
1862 5191 2004 5246 salu-

431 5290 564 5348 tem,
590 5298 690 5338 nos
719 5284 934 5354 quidem
964 5282 1018 5337 in
1063 5297 1215 5337 suam
1266 5283 1490 5352 gloriam
1546 5287 1853 5351 transtulit,
1908 5288 2005 5343 sed

431 5371 576 5440 quod
623 5381 758 5435 erat,
793 5389 912 5430 esse
942 5389 1046 5429 non
1072 5374 1298 5430 desistit.
1358 5373 1510 5430 Unde
1539 5393 1661 5431 cum
1697 5379 2006 5447 unigenitus

431 5461 528 5518 Dei
557 5463 823 5520 minorem
851 5481 909 5520 se
939 5465 1098 5522 Patre
1122 5465 1442 5534 conﬁtetur,
1473 5468 1558 5522 cui
1587 5484 1646 5525 se
1674 5470 1804 5525 dicit
1827 5487 2006 5540 mqua—

501 5597 806 5674 _Aug.,
845 5605 1001 5652 tract.
1035 5602 1248 5674 au.an
1280 5619 1398 5673 cap.
1428 5619 1481 5658 χι
1527 5602 1706 5674 Joan.,
1742 5623 1889 5662 num.
1917 5607 2001 5664 l8.

500 5665 530 5706 δ
632 5666 740 5723 Leo
763 5681 916 5737 papa,
944 5683 1105 5742 serui.
1130 5665 1362 5742 Ἤιδειρῖ
1397 5678 1415 5725 l
1451 5683 1506 5728 et
1525 5674 1578 5726 9..

501 5745 525 5777 ⁸
555 5736 721 5808 Idem,
751 5736 914 5794 Serm.
943 5736 1033 5804 50,
1067 5755 1182 5809 cap.
1210 5741 1261 5794 4.

2107 4562 2504 4619 Geuerationem
2535 4568 2650 4637 ejus
2700 4572 2815 4640 quis
2847 4571 3159 4625 enarrabit?
3202 4571 3497 4642 Utramque
3539 4575 3715 4630 enim

2104 4653 2463 4711 substantiam
2485 4657 2539 4713 in
2567 4675 2728 4714 unam
2759 4662 3074 4717 convenisse
3110 4678 3399 4733 personam
3427 4663 3528 4717 nisi
3553 4663 3721 4722 fides

2103 4747 2308 4812 credat,
2351 4762 2532 4802 sermo
2564 4766 2671 4806 non
2701 4753 2936 4822 explicat
2969 4773 2980 4806 :
3016 4762 3070 4809 et
3109 4755 3231 4809 ideo
3255 4771 3524 4824 nunquam
3555 4754 3718 4810 dell—

2103 4835 2178 4889 cit
2204 4837 2428 4891 materia
2455 4837 2648 4904 laudis,
2675 4841 2798 4909 quia
2828 4859 3102 4911 nunquam
3131 4841 3716 4912 sufiicitcopialauda-

2104 4928 2257 4982 toris.
2288 4927 2630 4984 Gaudeamus
2659 4931 2838 5000 igitur.
2887 4934 3028 5002 quod
3047 4934 3113 4987 ad
3142 4933 3494 5004 eloquendum
3523 4941 3720 4991 tanta:

2105 5019 2494 5074 misericordia“:
2539 5031 2939 5077 sacramentum
2967 5024 3199 5094 impares
3227 5040 3452 5089 sumus;
3481 5033 3536 5079 et
3560 5041 3715 5082 cum

2105 5109 2295 5163 salutis
2335 5118 2532 5167 nostra:
2579 5111 2916 5168 altitudinem
2955 5113 3250 5188 [promere]
3289 5131 3398 5170 non
3425 5115 3719 5182 valemus,

2105 5201 2402 5258 sentiamus
2448 5205 2601 5258 nobis
2625 5204 2825 5258 bonum
2871 5221 3015 5271 esse,
3058 5208 3201 5277 quod
3246 5210 3531 5265 vincimur.
3571 5229 3590 5262 ι
3627 5211 3725 5270 Et

2103 5299 2227 5361 post
2242 5308 2413 5362 pauca
2439 5294 2581 5348 idem
2608 5293 2770 5355 Rater
2798 5295 2851 5350 in
2901 5297 3092 5354 eadem
3114 5300 3335 5356 homilia
3368 5313 3391 5341 ε
3423 5319 3435 5354 :
3472 5319 3490 5351 ι
3519 5301 3728 5360 Rece-

2107 5381 2236 5437 dant
2261 5383 2472 5453 procul,
2499 5393 2660 5454 atque
2687 5385 2740 5439 in
2765 5389 3018 5445 tenebras
3048 5407 3174 5447 suas
3207 5393 3464 5449 recedant
3489 5391 3684 5468 [Εαιι.
3704 5439 3726 5464 ,

2106 5475 2256 5549 cant]
2281 5476 2658 5533 hrereticarum
2683 5491 2928 5537 monstra
2953 5485 3262 5554 opinionum
3291 5493 3346 5541 et
3375 5487 3730 5548 insanarum

2178 5607 2204 5646 ά
2235 5608 2403 5684 Idem,
2434 5626 2599 5666 serm.
2628 5612 2720 5684 ἓξ),
2743 5629 2844 5684 cap
2884 5615 2935 5668 l.

2184 5689 2206 5716 ο
2234 5678 2392 5748 Ibid,
2427 5697 2588 5737 serm.
2617 5683 2704 5752 50,
2729 5678 2846 5755 cap.
2879 5685 2934 5752 5,
2974 5685 3026 5753 6,
3061 5685 3110 5740 7.
