3906 6186
256 302 342 358 ωδ
1071 297 1485 356 DOGMATICA.
1529 328 1599 340 --
1632 298 1760 354 LIB.
1801 299 1959 356 ADV.
1996 296 2323 355 HEBESIN
2360 295 2641 356 FELICIS.

3384 301 3486 356 I08

249 410 502 483 sacrilegia
548 408 852 466 I‘alsitatum
877 424 892 464 :
922 408 1032 465 Nos
1083 411 1364 467 exsultans
1402 411 1458 466 in
1504 411 1661 467 laude
1708 409 1804 465 Dei
1835 415 1885 475 Α
1910 410 2054 466 sem'
2079 425 2109 465 a
2138 409 2309 466 forma
2353 409 2447 464 Dei
2476 428 2490 465 :
2520 410 2644 480 quia
2673 411 2774 466 etsi
2819 427 2982 469 unum
3012 423 3196 469 manet
3219 413 3291 469 ab
3331 422 3487 470 mter-

248 502 517 560 omlestium
540 500 859 567 multitudo,
898 510 955 557 et
978 502 1230 559 instructi
1255 501 1326 558 ab
1345 501 1553 573 angelis
1572 503 1808 558 dbeuere

246 603 486 669 pastores,
508 601 574 647 ut
601 593 839 664 cognitis
882 601 1094 648 natura:
1136 594 1423 663 utriusque
1468 594 1808 650 documentis

246 696 292 744 et
311 686 531 743 Verbum
563 684 619 740 in
644 683 865 741 Christo
882 685 1121 751 homine,
1146 693 1203 740 et
1229 684 1506 742 Christum
1533 685 1807 740 hominem

246 781 504 837 adoremus
534 779 593 834 in
617 778 821 835 Verbo.
858 779 996 834 Nam
1036 779 1104 845 si,
1130 788 1195 834 ut
1218 778 1508 851 Apostolus
1544 781 1663 835 ait:
1703 779 1809 847 Qui

246 873 446 928 adliceret
488 871 721 926 Domino
748 910 765 936 ,
801 887 937 925 unus
976 870 1209 942 Spiritus
1237 880 1312 925 est
1351 869 1403 943 (I
1426 868 1550 925 Cor.
1574 887 1653 935 vr,
1678 870 1771 942 17»)
1790 912 1805 937 ,

246 970 417 1034 quanto
440 962 619 1034 magis
630 960 868 1017 Verbum
893 976 1022 1016 caro
1046 960 1249 1016 factum
1270 976 1413 1016 unus
1427 969 1512 1016 est
1528 960 1808 1017 Christus?

243 1053 315 1109 ubi
329 1051 457 1108 nihil
476 1060 565 1107 est
582 1051 811 1106 alterius
839 1058 1071 1116 natum,
1088 1049 1169 1122 [in
1187 1051 1588 1123 dispensatione
1618 1051 1808 1107 salutis

240 1153 419 1201 nostra
429 1141 481 1214 ει]
502 1142 648 1212 quod
670 1156 780 1197 non
800 1143 875 1195 sit
894 1142 1196 1211 utriusque.
1219 1140 1335 1197 Non
1355 1142 1500 1196 enim
1515 1141 1807 1214 {Edit.,er-

240 1235 315 1309 go]
331 1234 669 1291 intirmemnr
685 1234 739 1288 in
767 1232 998 1289 consilio
1024 1232 1414 1289 misericordia:
1429 1233 1548 1299 Dei,
1564 1248 1685 1304 qua:
1706 1249 1806 1288 nos

239 1337 285 1383 et
299 1328 613 1384 innocentia:
633 1324 903 1382 reformat
925 1333 981 1382 et
997 1326 1156 1394 vitae;
1178 1342 1279 1383 nec
1296 1327 1423 1397 quia
1449 1328 1503 1382 in
1521 1326 1806 1382 Salvatore

238 1427 402 1474 nostro
424 1416 719 1472 manifesta
740 1415 1085 1487 agnoscimus
1114 1416 1327 1486 gemina
1354 1414 1529 1487 [Leg.,
1552 1412 1802 1487 geminae]

237 1510 370 1582 signa
389 1517 617 1575 naturae,
648 1517 743 1563 aut
788 1508 843 1563 in
873 1507 1045 1577 gloria
1083 1507 1179 1564 Dei
1224 1509 1291 1565 de
1315 1509 1546 1565 veritate
1597 1509 1799 1573 carnis,

236 1610 317 1656 aut
358 1601 412 1656 in
466 1600 780 1655 humilitate
833 1598 1073 1654 hominis
1124 1599 1193 1655 de
1252 1599 1471 1655 deitatis
1517 1600 1802 1671 majestate

236 1692 546 1748 dubitemus.
576 1689 730 1745 Idem
756 1690 922 1745 homo
969 1687 1139 1761 [Edit.
1191 1690 1387 1757 omitt.,
1417 1690 1602 1764 homo]
1631 1699 1717 1747 est
1744 1692 1800 1747 iu

1907 504 2100 570 nitate,
2127 503 2272 559 aliud
2314 504 2460 573 cepit
2481 518 2513 558 a
2542 512 2782 574 tempore
2813 518 2826 557 :
2866 519 2986 574 qua:
3022 513 3204 562 tamen
3228 506 3282 560 in
3309 506 3486 562 unita-

1909 601 2016 649 tem
2040 600 2429 660 convenertnu,
2467 607 2569 648 nec
2594 594 2991 663 separationem
3017 604 3242 666 possunt
3260 595 3487 662 habere,

1907 698 2008 740 nec
2039 682 2237 748 linem;
2282 683 2411 737 dum
2452 683 2697 740 exultans
2725 693 2779 740 et
2828 686 3129 753 exaltatus,
3178 686 3492 757 gloriﬁcans

1906 781 1966 828 et
1998 772 2332 844 gloriﬁcatus
2373 774 2447 828 ita
2471 774 2688 831 sibimet
2729 776 2996 834 inhaerent
3024 776 3218 851 [Edit.,
3259 777 3489 836 inhaese—

1908 862 2080 935 runt],
2130 872 2191 918 ut
2213 865 2329 920 sive
2357 865 2411 919 in
2436 866 2851 937 omnipotentia,
2895 871 3010 927 sive
3043 870 3095 927 in
3122 871 3487 935 contumelia;
3590 908 3595 914 -

1906 968 2008 1009 nec
2030 953 2212 1011 divina
2240 954 2296 1009 in
2323 953 2542 1011 Christo
2571 968 2794 1015 careant
2820 960 3094 1030 humanis,
3122 977 3225 1019 nec
3251 963 3489 1019 humana

1908 1042 2123 1098 divinis.
2137 1042 2251 1100 Hoc
2263 1046 2566 1112 credentes,
2589 1046 2923 1105 dilectissimi
2934 1049 3255 1115 ,Christiani
3275 1068 3489 1118 sumus,

1906 1134 2021 1188 veri
2050 1133 2325 1209 Israelitte,
2358 1135 2479 1191 etin
2491 1139 2824 1193 consortium
2850 1138 3081 1196 ﬁliorum
3106 1141 3201 1197 Dei
3220 1145 3491 1199 veraciter

1906 1226 2145 1296 adoptati
2163 1245 2177 1282 :
2195 1228 2325 1298 quia
2345 1235 2401 1284 et
2425 1243 2614 1285 omnes
2634 1231 2804 1287 sancti
2815 1216 2949 1303 ,°qui
2984 1232 3281 1291 Salvatoris
3314 1235 3485 1292 nostri

1905 1324 2148 1388 tempora
2174 1329 2587 1388 praecesserunt,
2607 1336 2707 1391 per
2734 1321 2874 1379 hanc
2920 1324 3080 1380 ﬁdem
3100 1324 3405 1396 iustiﬁcati,
3432 1335 3492 1383 et

1903 1420 2001 1474 per
2034 1408 2138 1465 hoc
2165 1416 2566 1465 sacramentum
2602 1408 2805 1467 Christi
2853 1427 3051 1484 corpus
3074 1415 3252 1471 eﬁ‘ecti
3281 1426 3428 1474 sunt.
3462 1437 3483 1471 ι

1974 1497 2152 1554 XLIII.
2182 1500 2316 1555 Item
2338 1500 2449 1557 Leo
2474 1515 2612 1572 papa
2636 1502 2691 1557 in
2710 1502 2815 1558 alia
2842 1504 3063 1561 homilia
3084 1506 3113 1547 δ
3145 1524 3160 1560 ε
3192 1525 3213 1558 ‹
3242 1506 3490 1565 Scientes

1902 1590 2044 1659 quod
2069 1591 2397 1662 sempiterna
2432 1592 2555 1648 Filii
2581 1592 2754 1650 deitas
2781 1595 2928 1651 nullo
2957 1597 3096 1666 apud
3125 1598 3341 1654 Patrem
3365 1615 3489 1656 cre-

1901 1680 1980 1734 vit
2007 1690 2316 1752 augmento,
2340 1684 2637 1753 prudenter
2663 1686 2947 1753 advertite,
2978 1688 3123 1758 quod
3167 1691 3255 1747 cui
3282 1699 3493 1748 natura:

234 1783 396 1840 forma
450 1783 575 1848 Dei,
626 1782 724 1853 qui
760 1781 995 1838 formam
1046 1781 1253 1851 recepit
1299 1782 1464 1837 servi.
1519 1782 1665 1838 mem
1712 1789 1798 1837 est
1828 1778 1874 1838 B
1904 1774 1958 1829 in
2003 1774 2175 1831 Adam
2224 1777 2425 1833 dictum
2469 1787 2592 1834 est:
2648 1778 2808 1836 Terra
2850 1798 2924 1845 es,
2971 1793 3021 1836 et
3064 1783 3119 1837 in
3162 1792 3356 1838 terram
3392 1785 3492 1841 ibi:

232 1875 571 1946 incorporeus
600 1887 856 1936 manens,
883 1880 940 1928 et
983 1886 1181 1943 corpus
1216 1887 1521 1928 assumens.
1569 1873 1716 1928 Idem
1745 1873 1801 1928 in

230 1983 313 2024 sua
346 1967 543 2023 virtute
567 1963 911 2030 inviolabilis,
942 1972 998 2020 et
1033 1964 1087 2019 in
1118 1972 1307 2021 nostra
1334 1964 1652 2020 infirmitate
1677 1979 1804 2035 pas-

229 2060 407 2117 sibilis.
440 2058 595 2115 Idem
619 2074 653 2112 a
679 2066 907 2128 paterno
926 2057 1191 2114 indivisus
1214 2059 1431 2124 throno,
1455 2066 1511 2113 et
1530 2058 1599 2113 ab
1620 2058 1803 2128 impiis

227 2150 509 2209 cruciﬁxus
528 2151 591 2206 in
608 2150 777 2221 ligno.
819 2148 966 2221 Idem
995 2157 1081 2206 est
1121 2164 1286 2221 super
1310 2149 1575 2206 caelorum
1617 2149 1802 2205 altitu-

226 2243 365 2300 dines
392 2243 583 2299 victor
605 2242 793 2297 mortis
829 2241 1153 2307 ascendens,
1186 2251 1244 2298 et
1262 2256 1434 2313 usque
1452 2242 1522 2297 ad
1550 2257 1802 2298 consum-

223 2335 519 2391 nationem
556 2331 736 2387 seculi
779 2331 1088 2387 universam
1137 2330 1438 2387 Ecclesium
1486 2346 1594 2387 non
1638 2330 1803 2386 relin-

224 2440 403 2497 quens.
434 2424 590 2480 Idem
613 2430 887 2494 postremo
914 2429 1020 2489 est,
1052 2423 1144 2492 qui
1178 2422 1233 2477 in
1265 2422 1454 2478 eadem
1479 2436 1586 2492 qua
1612 2434 1803 2477 ascen-

224 2516 309 2580 dit,
337 2531 506 2571 carne
528 2523 816 2580 venturus,
854 2516 997 2570 sicut
1011 2512 1278 2583 judicium
1322 2514 1582 2570 sustinuit
1613 2513 1803 2586 impio-

227 2620 353 2671 rum,
375 2606 454 2661 ita
490 2603 841 2675 iudicaturus
866 2612 955 2659 est
983 2605 1051 2660 de
1077 2603 1320 2660 omnium
1349 2604 1560 2659 actione
1597 2612 1801 2659 morta-

222 2698 362 2754 lium.
393 2698 554 2754 llnde
597 2695 716 2770 [ne]
760 2696 1013 2767 plurimis
1062 2695 1386 2752 testimoniis
1416 2693 1797 2760 immoremur,

222 2801 376 2842 unum
400 2785 601 2841 suﬂieit
621 2800 689 2840 ex
728 2785 1023 2855 Evangelio
1047 2786 1221 2842 sancti
1267 2783 1491 2843 Joannis
1529 2785 1795 2850 adhiberi,

217 2899 321 2955 quo
341 2882 463 2953 ipse
483 2882 742 2937 Dominus
770 2890 961 2937 noster
979 2881 1145 2938 dicit:
1183 2881 1369 2948 Amen,
1391 2897 1545 2936 amen
1573 2879 1691 2935 dico
1713 2895 1800 2934 vo-

215 2976 315 3040 bis,
336 2976 464 3046 quia
485 2975 610 3030 venit
634 2976 855 3039 liora,et
874 2988 1010 3028 nunc
1032 2982 1126 3041 est,
1140 2973 1351 3046 quando
1368 2972 1563 3027 mortui
1584 2970 1799 3026 audient

212 3084 385 3123 notem
420 3065 555 3121 Filii
580 3066 696 3131 Dei,
731 3076 779 3120 et
806 3065 900 3138 qui
920 3065 1203 3130 audierint,
1236 3065 1423 3120 vivent.
1455 3061 1607 3119 Sicut
1657 3063 1798 3118 enim

1905 1864 2058 1937 (Gen.
2088 1882 2173 1925 ut.
2202 1866 2330 1936 19);
2363 1867 2538 1925 eidem
2569 1869 2624 1924 in
2646 1869 2862 1927 Christo
2888 1872 3120 1929 dicitur:
3152 1872 3288 1929 Sede
3312 1892 3346 1930 α
3367 1876 3493 1932 dex-

1904 1957 2000 2009 tris
2031 1958 2159 2012 meis
2206 1958 2379 2030 (Psal.
2423 1976 2539 2026 ctx,
2571 1961 2646 2032 l).
2679 1960 2987 2020 Secundum
3033 1964 3179 2021 illam
3217 1974 3492 2036 naturam,

1903 2060 2011 2114 qua
2052 2046 2304 2103 Christus
2344 2050 2569 2120 aqualis
2596 2059 2681 2107 est
2729 2053 2902 2122 Patri,
2950 2071 3225 2127 nunquam
3268 2058 3494 2117 inferior

1905 2136 2009 2191 fuit
2035 2138 2346 2210 unigenitus
2372 2141 2706 2199 sublimitate
2730 2146 3029 2217 genitoris;
3053 2165 3156 2206 nec
3182 2153 3494 2223 temporalis

1902 2229 1954 2285 ei
1979 2238 2065 2285 est
2090 2246 2216 2286 cum
2256 2232 2419 2289 Patre
2443 2235 2637 2306 gloria,
2675 2239 2770 2307 qui
2810 2239 2864 2293 in
2888 2240 3004 2310 ipsa
3052 2242 3233 2299 Patris
3254 2254 3339 2301 est
3359 2246 3493 2301 dex-

1904 2331 2020 2376 tera
2049 2319 2245 2393 [Edit.,
2273 2340 2394 2394 qua:
2418 2335 2503 2382 est
2530 2327 2646 2398 ipsa
2687 2328 2865 2386 Patris
2904 2332 3174 2407 dextera],
3212 2336 3278 2391 de
3302 2350 3408 2406 qua
3437 2338 3493 2393 in

1903 2412 2090 2470 Exodo
2112 2415 2327 2472 canitur
2348 2416 2541 2489 [Edit.,
2561 2420 2778 2494 dicitur]
2803 2437 2819 2477 :
2851 2422 3080 2480 Dextera
3104 2436 3220 2492 tua,
3248 2426 3490 2496 Domine,

1901 2503 2199 2575 glori/irata
2246 2517 2321 2563 est
2359 2510 2414 2563 in
2457 2511 2643 2567 virtute
2688 2511 2885 2585 (Exod.
2915 2532 3005 2583 xv,
3033 2516 3111 2590 6).
3138 2518 3206 2573 Ει
3231 2519 3286 2574 in
3312 2520 3489 2576 Isaia:

1901 2595 2143 2662 Domine,
2168 2598 2283 2671 quis
2304 2599 2525 2656 credidit
2553 2603 2760 2659 auditui
2781 2616 2982 2672 nostro,
3007 2617 3061 2663 et
3083 2608 3359 2665 brachium
3385 2611 3495 2667 Do-

1901 2688 2032 2743 mini
2059 2690 2146 2743 cui
2176 2691 2457 2747 revelatum
2484 2704 2561 2750 est
2586 2715 2606 2749 ι
2636 2694 2818 2769 (Isaia:
2833 2715 2954 2765 LIII,
2973 2700 3048 2771 I).
3067 2700 3134 2755 Et
3156 2702 3320 2772 paulo
3334 2712 3489 2774 post:

1908 2795 1927 2829 ι
1953 2778 2281 2852 Assumptus
2316 2783 2481 2856 igitur
2506 2787 2669 2843 homo
2698 2789 2755 2844 in
2795 2790 2994 2846 Filium
3029 2792 3123 2848 Dei
3170 2794 3249 2850 sic
3277 2794 3333 2851 in
3374 2798 3496 2853 uni-

1902 2876 2071 2927 tatem
2098 2888 2344 2943 persona:
2388 2874 2592 2932 Christi
2622 2879 2691 2934 ab
2718 2879 2851 2951 ipsis
2895 2884 3272 2954 corporalibus
3293 2896 3381 2943 est
3411 2902 3497 2943 re-

1901 2969 2088 3031 ceptus
2115 2962 2419 3039 {exordiis},
2441 2975 2503 3021 ut
2531 2982 2633 3024 nec
2672 2968 2791 3026 sine
2829 2972 3033 3029 deitate
3064 2987 3358 3048 conceptus
3399 2980 3494 3046 sit,

1903 3051 2027 3125 [nec
2056 3054 2175 3109 sine
2201 3054 2402 3113 deitate
2424 3056 2647 3131 editus],
2680 3074 2781 3115 nec
2813 3061 2930 3117 sine
2963 3064 3163 3121 deitate
3188 3066 3445 3124 nutritus.
3458 3090 3488 3133 ,ι

215 3154 712 3215 Pater/taburnum
732 3157 790 3210 iu
815 3154 1109 3226 semetipso,
1136 3154 1381 3210 sicvdedit
1410 3164 1464 3207 et
1475 3151 1520 3206 F
1522 3152 1614 3208 ilio
1636 3152 1798 3208 vitam
1823 3140 1871 3202 C
1973 3143 2156 3201 XLIV.
2202 3146 2336 3201 Item
2386 3147 2441 3202 in
2467 3148 2574 3203 alia
2598 3149 2818 3207 homilia
2846 3162 2869 3191 ο
2899 3169 2914 3206 :
2947 3171 2966 3204 ι
2995 3152 3311 3226 Repudiatis
3330 3158 3496 3229 igitur

211 3251 459 3305 haberein
484 3248 785 3317 semetipso,
810 3257 857 3302 et
887 3256 1192 3318 potestatem
1215 3244 1421 3313 deditfei
1439 3244 1705 3315 judicium
1719 3242 1803 3313 fa-

207 3357 336 3407 cere,
348 3342 479 3413 quia
494 3337 675 3394 Filius
685 3338 914 3394 hominis
924 3347 1000 3393 est
1022 3337 1205 3409 (Joan.
1221 3353 1253 3390 v
1264 3378 1278 3402 ,
1291 3336 1406 3407 ‘25).
1426 3335 1566 3407 Ergo
1582 3334 1798 3389 subuna

209 3434 472 3491 nitentia
502 3432 836 3498 ostenditur,
881 3431 1009 3503 quia
1041 3430 1180 3485 idem
1207 3428 1376 3484 Filius
1403 3427 1498 3483 Dei
1531 3436 1695 3496 atque
1712 3425 1805 3480 Fi-

208 3525 565 3582 liushominis
590 3533 696 3580 est.
725 3521 882 3580 Unde
910 3528 1135 3591 apparet
1166 3517 1619 3589 quemadmodum
1646 3514 1804 3572 Chri—

209 3617 658 3673 stumDominum
687 3616 740 3670 in
768 3615 979 3670 unitate
1002 3626 1247 3684 persona:
1261 3610 1485 3666 credere
1516 3607 1800 3671 debemus,

210 3710 329 3779 qni:
355 3724 485 3765 cum
500 3709 581 3766 sit
607 3705 777 3762 Filius
805 3705 925 3771 Dei,
947 3719 1045 3776 per
1070 3718 1232 3774 quem
1262 3701 1387 3757 facti
1408 3716 1616 3765 sumus,
1636 3701 1800 3756 etiam

210 3800 373 3857 Filius
407 3798 655 3855 hominis
682 3812 784 3869 per
816 3796 1240 3868 assumptionem
1269 3793 1451 3849 carnis
1493 3800 1576 3848 est
1603 3791 1802 3856 iactus,

209 3902 266 3947 ut
306 3900 645 3955 moreretur,
690 3890 834 3944 sicut
879 3888 957 3943 ait
990 3884 1282 3957 Apostolus
1304 3924 1323 3950 ,
1356 3883 1580 3955 Prapter
1612 3880 1803 3937 delicta

206 3995 381 4039 nostra
403 4000 425 4047 ;
446 3992 506 4038 et
532 3986 851 4052 resurgeret
878 3988 1088 4050 prepter
1099 3975 1540 4049 justiﬁcationem
1569 3983 1802 4028 nostram

204 4074 384 4147 (Rom.
417 4090 498 4139 tv,
554 4071 674 4144 25).
730 4070 862 4126 Ilaec
907 4067 1192 4133 confessio,
1234 4064 1596 4128 dilectissimi,
1628 4061 1804 4119 nullas

199 4167 403 4223 leniit
432 4164 918 4227 contradictiones,
975 4160 1138 4215 nullis
1184 4158 1331 4213 cedit
1361 4155 1657 4212 erroribus.
1694 4153 1803 4222 Ag-

199 4257 496 4313 uoscimus
516 4255 664 4310 enim
704 4250 1140 4309 miscricordiam
1176 4247 1275 4303 Dei
1304 4246 1373 4301 ab
1399 4246 1557 4301 initio
1578 4245 1803 4316 promis-

196 4363 351 4412 sam,
396 4354 462 4402 et
502 4356 623 4401 ante
656 4342 860 4401 saecula
888 4348 1273 4414 prazparatam,
1306 4352 1405 4411 per
1430 4352 1596 4408 quam
1630 4335 1801 4392 solam

1907 3237 2173 3309 longeque
2223 3238 2440 3309 rejectis
2488 3242 2741 3300 omnibus
2793 3245 3136 3316 opinionibus
3182 3249 3493 3322 impiorum,

1904 3329 2102 3399 quibus
2125 3339 2218 3385 aut
2239 3330 2465 3388 stultitia
2500 3343 2585 3391 est
2611 3350 2744 3391 crux
2786 3336 3009 3404 Christi,
3043 3348 3137 3395 aut
3157 3342 3496 3410 scandalum,

1904 3419 2137 3475 exsultet
2164 3429 2434 3478 rectarum
2461 3426 2724 3482 mentium
2753 3427 2908 3495 ﬁdes,
2930 3439 2987 3485 et
3010 3445 3197 3489 verum
3222 3449 3498 3506 unumque

1907 3511 2003 3567 Dei
2049 3510 2245 3568 Filium
2299 3530 2407 3570 non
2454 3516 2629 3572 solum
2676 3519 2972 3576 secundum
3020 3521 3301 3591 deitatem,
3331 3541 3438 3597 qua
3464 3544 3496 3583 a

1904 3603 2067 3660 Patre
2101 3607 2316 3677 genitus
2341 3647 2357 3672 ,
2401 3608 2496 3664 sed
2533 3610 2698 3666 etiam
2739 3614 3033 3669 secundum
3080 3616 3495 3688 humanitatem,

1904 3716 2010 3772 qua
2038 3701 2105 3758 de
2133 3710 2309 3758 matre
2345 3702 2553 3774 virgine
2588 3712 2676 3760 est
2718 3713 2901 3771 natus,
2944 3706 3226 3780 intelligat.
3270 3709 3390 3781 Ipse
3413 3722 3499 3768 est

1905 3794 1960 3850 in
1987 3795 2293 3853 humilitate
2338 3806 2544 3862 nostra,
2592 3798 2683 3868 qui
2731 3809 2815 3856 est
2857 3801 2913 3856 in
2963 3800 3244 3871 majestate
3290 3804 3493 3871 divina,

1903 3899 2067 3940 verus
2092 3884 2234 3940 Deus
2249 3895 2305 3939 et
2327 3900 2490 3941 verus
2515 3886 2697 3942 homo.
2727 3906 2746 3938 ι

1977 3977 2136 4032 XLV.
2162 3977 2297 4033 Item
2341 3977 2482 4033 idem
2525 3980 2850 4036 venerabilis
2887 3980 3050 4037 Pater
3077 3982 3134 4036 in
3169 3981 3390 4037 homilia
3430 3983 3498 4039 de

1906 4070 2293 4143 'I‘beophaniad
2320 4088 2333 4125 :
2367 4089 2389 4122 ι
2419 4070 2477 4126 Si
2506 4080 2686 4127 autem
2710 4072 2940 4127 sollicito
2966 4072 3239 4129 inteilectu
3265 4074 3498 4131 velimus

1905 4161 2450 4231 aspicere,qnomodo
2469 4161 2631 4216 etiam
2654 4161 2848 4232 triplex
2870 4162 2957 4217 illa
2981 4164 3188 4233 species
3210 4180 3497 4222 munerum

1904 4255 1975 4310 ab
2005 4255 2281 4321 omnibus,
2320 4256 2412 4325 qui
2445 4255 2514 4310 ad
2557 4254 2834 4312 Christum
2863 4271 3054 4327 gressu
3096 4256 3220 4313 ﬁdei
3249 4258 3491 4323 veniunt,

1904 4344 2168 4401 aﬁ'eratur
2194 4345 2390 4419 [Edit.,
2430 4344 2736 4421 oll‘eratur],
2761 4364 2945 4405 nonne
2988 4349 3041 4403 in
3068 4349 3320 4406 cordibus
3346 4361 3498 4407 recte

196 4440 416 4498 resolvi
452 4438 776 4508 captivitatis
802 4436 1052 4492 humanm
1075 4431 1291 4489 vincula
1318 4437 1635 4501 potuerunt,
1680 4426 1801 4498 qui-

1910 4436 2242 4494 credentium
2270 4439 2461 4495 eadem
2490 4440 2797 4497 celebretur
2825 4440 3023 4514 [Edit.,
3052 4442 3380 4516 celebratur]
3405 4445 3501 4499 ob-

196 4534 298 4589 hs
316 4531 581 4604 primum
617 4529 890 4585 hominem
913 4538 1241 4595 omnemque
1281 4521 1400 4592 eius
1423 4519 1797 4593 posteritatem

196 4626 341 4679 male
366 4636 582 4679 sitasus
610 4632 801 4677 auctor
820 4619 1210 4683 obstrinxerat,
1254 4624 1311 4672 et
1335 4614 1686 4687 propaginem
1712 4611 1803 4668 de-

196 4716 442 4772 diitiam
482 4713 737 4782 originali
781 4712 887 4769 sibi
930 4709 1246 4783 pra‘judicio
1286 4707 1614 4763 vindicabat.
1661 4704 1800 4773 Quia

192 4808 365 4878 igitur
396 4802 778 4877 jostiﬁcaudis
806 4801 1119 4858 hominibus
1156 4801 1264 4856 hoc
1285 4797 1664 4870 principaliter
1684 4797 1803 4867 opi-

194 4898 435 4964 ﬂatu,
458 4893 609 4967 quod
636 4894 949 4967 unigenitus
974 4893 1068 4949 Dei
1093 4892 1260 4948 etiam
1289 4890 1527 4947 hominis
1556 4889 1700 4944 ﬁlius
1724 4902 1804 4943 es-

192 4990 557 5062 eedignatus
609 4993 712 5053 est,
738 4995 801 5042 ut
847 4986 1120 5060 ὁμοσύσιος
1171 4983 1319 5039 Patri
1370 4982 1535 5048 Deus,
1594 4981 1647 5036 id
1695 4987 1801 5045 est,

194 5080 363 5136 unius
420 5080 775 5146 substantiae,
823 5079 967 5136 idem
1015 5080 1180 5135 homo
1224 5091 1388 5133 verus
1414 5084 1474 5131 et
1505 5074 1803 5131 secundum

189 5185 433 5229 autem
483 5172 651 5227 matri
706 5172 1181 5228 eonsubstantialis
1219 5171 1524 5236 existeret;
1572 5176 1805 5239 utroque

185 5264 533 5332 gaudemus,
564 5263 697 5334 quia
721 5278 830 5319 non
879 5264 987 5320 nisi
1016 5263 1178 5336 773
1206 5271 1441 5333 utroque
1487 5260 1799 5317 solvamur:

184 5355 243 5410 in
268 5357 439 5414 nullo
465 5357 775 5414 dividentes
792 5356 1059 5427 visibilem
1079 5358 1149 5412 ab
1176 5352 1454 5421 invisibili,
1482 5367 1802 5424 corporeum

182 5448 260 5503 ab
290 5450 654 5519 incorporeo,
706 5447 1023 5518 passibilem
1066 5448 1137 5505 ab
1183 5445 1524 5520 impassibili,
1575 5444 1804 5500 formam

256 5593 287 5621 -
312 5579 466 5636 lianc
482 5580 687 5637 omissa
717 5588 848 5636 sunt
865 5579 919 5635 in
946 5582 1120 5638 sancti
1145 5582 1343 5641 Leonis
1369 5580 1627 5639 editione.

256 5652 289 5693 δ
316 5652 473 5707 Ibid.
503 5650 684 5708 Serm.
713 5651 809 5722 28,
833 5668 953 5722 cap.
970 5651 1024 5707 6.

258 5732 287 5763 α
512 5723 693 5779 Serm.
717 5721 813 5788 25,
837 5721 1017 5792 capit.

500 5816 790 5878 Ριιτιιοι..
830 5812 945 5878 CI.

1830 4490 1878 4551 D

1902 4532 2077 4588 latio?
2101 4531 2307 4589 Aurum
2344 4534 2489 4590 enim
2528 4535 2596 4590 de
2637 4536 2892 4591 thesauro
2936 4534 3101 4590 animi
3150 4536 3231 4590 sui
3272 4537 3497 4605 promit,

1903 4622 1997 4691 qui
2021 4618 2297 4678 Christum
2324 4638 2506 4695 regem
2528 4624 2896 4679 universitatis
2912 4625 3190 4696 agnoscit;
3216 4627 3495 4697 myrrham

1902 4712 2085 4779 offert,
2115 4714 2208 4783 qui
2236 4714 2569 4785 unigenitum
2596 4715 2692 4769 Dei
2721 4714 2894 4769 credit
2919 4729 3102 4770 veram
3129 4714 3233 4772 sibi
3262 4716 3499 4774 hominis

1905 4803 2110 4859 uniisse
2137 4812 2386 4859 naturam
2412 4820 2428 4869 ;
2475 4811 2532 4858 et
2565 4804 2798 4873 quodam
2827 4819 2952 4859 eum
2983 4806 3143 4863 thure
3177 4817 3494 4874 veneratur,

1905 4894 2000 4967 qui
2031 4895 2085 4950 in
2109 4893 2262 4950 nullo
2285 4893 2462 4966 ipsum
2488 4908 2518 4947 a
2559 4892 2720 4950 Patre
2761 4893 3062 4964 maiestatis
3086 4895 3285 4970 [Edit.,
3314 4908 3497 4970 pater-

1907 5000 1992 5040 na:
2024 4980 2319 5055 maiestati]
2349 4982 2611 5053 imparem
2635 4983 2939 5041 conﬁtetur.

1978 5072 2160 5129 XLVI.
2188 5074 2293 5130 Sed
2315 5082 2371 5130 et
2389 5074 2580 5130 beatus
2607 5073 2937 5146 Augustinus
2974 5077 3028 5132 in
3059 5078 3277 5135 homilia
3302 5078 3496 5150 ad-po-

1904 5165 2114 5236 pulum,
2146 5167 2213 5223 de
2248 5166 2334 5223 die
2361 5164 2760 5223 Puriﬁcationis
2783 5176 2985 5224 saneta:
3013 5169 3192 5224 Maria-
3235 5185 3397 5240 quam
3423 5172 3500 5229 lo-

1904 5264 2064 5313 cutus
2086 5265 2192 5323 est,
2221 5257 2286 5313 de
2310 5259 2518 5314 unitate
2548 5274 2796 5329 personre
2824 5259 2918 5315 Dei
2957 5268 3011 5316 et
3052 5260 3308 5329 hominis,
3343 5273 3400 5320 et
3430 5266 3500 5325 de

1910 5349 2121 5406 unitate
2164 5349 2529 5409 Ecclesiarum
2565 5352 2803 5418 Christi,
2836 5353 2919 5408 his
2949 5353 3128 5409 verbis
3172 5364 3501 5424 protestatus
3567 5348 3581 5362 ’

1896 5450 1997 5497 est
2029 5453 2053 5482 ε
2078 5456 2093 5497 :
2116 5460 2137 5495 ι
2182 5440 2310 5498 Haec
2339 5443 2502 5515 igitur
2518 5458 2632 5516 prae
2655 5447 2921 5502 cbaritate
2959 5447 3017 5503 in
3040 5447 3260 5507 Christo
3293 5454 3498 5518 scribo,

1982 5574 2009 5618 ἀ
2031 5575 2165 5632 Ibid.
2194 5575 2373 5632 Serm.
2402 5575 2495 5640 36,
2518 5592 2635 5647 cap.
2665 5579 2714 5633 I.

1987 5648 2170 5735 θ’
2191 5649 2261 5735 sit
2290 5649 2419 5735 haec
2436 5647 2725 5735 rhuglts‘tini
2763 5650 3006 5735 homilia,
3032 5654 3244 5735 ignoro,
3266 5670 3383 5735 _ncc
3407 5670 3498 5711 re-

1916 5720 2125 5790 peritur
2146 5718 2291 5776 inter
2316 5716 2493 5788 Opera
2522 5716 2580 5776 S.
2606 5719 2740 5793 Aug.
2764 5723 2908 5779 edita
2933 5740 2948 5792 ;
2972 5716 3172 5794 reliqua
3195 5716 3360 5792 enim,
3379 5740 3500 5797 qua:

3084 5813 3119 5871 lt
