3906 6186
401 328 505 384 10⁵1

1212 312 1272 367 Β.
1312 312 1374 368 F.
1416 305 1640 365 ALBINI
1680 303 1810 360 SEU
1844 297 2123 356 ALCUINI
2159 294 2446 355 OPERUM
2486 292 2665 348 PARS
2703 291 2788 347 III.

3545 287 3644 342 108

400 451 648 513 quaerens
675 444 926 504 tanquam
953 427 1172 493 fratres,
1201 433 1258 480 et
1279 430 1590 480 contestans
1628 430 1809 472 coram
1829 411 1982 468 Chri—
2008 411 2059 471 Α
2083 410 2390 472 suscitetur,
2421 415 2475 462 et
2503 404 2783 461 catholica:
2830 399 2950 456 ﬁdei
2983 398 3240 455 interiore
3271 398 3468 455 mentis
3501 401 3652 456 oculo

401 506 487 588 sto
511 536 566 583 et
604 524 790 581 electis
815 521 1040 592 angelis,
1070 527 1130 572 ut
1171 514 1534 572 Ecclesiarum
1561 523 1660 579 pax
1691 506 1841 560 salva
1871 517 1982 557 ser-

399 629 581 685 vetur,
620 624 676 671 ct
712 611 1010 670 concordia
1037 606 1419 674 cbaritatisque
1463 598 1733 655 vinculum
1762 594 1982 650 indisso-

400 709 564 766 lubile
607 710 822 762 maneat
864 699 1232 757 sacerdotibus
1275 694 1392 754 Dei,
1439 687 1691 760 quoniam
1735 698 1983 755 magnum

402 810 478 856 est
527 797 731 869 pietatis
783 774 1210 851 sacramentum,
1238 783 1376 855 quod
1425 777 1761 846 manifestum
1809 782 1882 827 est
1928 773 1984 825 in

393 860 582 951 carne,
624 881 975 955 iustiﬁcatam
1019 885 1093 931 est
1122 876 1177 928 in
1222 873 1429 944 spiritu,
1478 866 1721 938 apparuit
1761 860 1982 933 angelis,

399 951 746 1050 pra-dicatum
776 978 850 1024 est
891 968 1146 1039 gentibus,
1189 962 1440 1016 creditum
1466 967 1538 1011 est
1562 958 1618 1010 in
1644 955 1740 1008 hoc
1767 951 1980 1014 mundo,

405 1045 726 1135 assumptum
772 1069 848 1114 est
892 1061 949 1112 in
977 1057 1145 1127 gloria
1191 1051 1243 1123 (1
1275 1051 1404 1104 Tim.
1439 1065 1524 1114 ιιι,
1556 1046 1664 1116 I6),
1700 1045 1844 1117 [eum
1872 1059 1988 1135 mas

407 1134 588 1210 nente
615 1153 704 1206 illa
763 1144 1217 1204 incommutabilis
1263 1141 1424 1197 Verbi
1469 1138 1728 1201 essentia,
1770 1151 1890 1204 qum
1936 1134 1987 1188 ei

407 1259 529 1299 cum
557 1243 716 1296 Patre
738 1248 936 1294 etcum
978 1235 1180 1305 Spiritu
1208 1242 1395 1287 sancto
1420 1226 1786 1297 intemporalis
1829 1234 1989 1293 atque

406 1343 672 1391 coaeterna
697 1340 801 1396 est,
826 1332 900 1385 ita
927 1330 1068 1383 intra
1085 1326 1328 1396 virginea
1358 1323 1567 1376 viscera
1603 1319 1838 1375 Verbum
1863 1329 1990 1371 caro

408 1426 480 1481 sit
508 1424 731 1487 factum,
782 1429 841 1476 ut
868 1435 966 1490 per
995 1416 1262 1473 inell'abile
1290 1419 1686 1469 sacramentum
1716 1423 1824 1463 uno
1870 1422 1992 1462 con-

409 1523 592 1584 ceptu,
621 1526 834 1582 unoque
870 1518 1028 1580 partu
1061 1506 1353 1562 secundum
1393 1503 1670 1556 veritatem
1709 1498 1992 1568 utriusque

411 1615 620 1661 natura:
653 1604 838 1658 eadem
870 1601 1022 1670 virgo
1060 1606 1114 1653 et
1151 1596 1347 1651 ancilla
1375 1593 1582 1648 Domini
1625 1599 1769 1646 esset
1797 1599 1852 1646 et
1876 1605 1994 1643 ma-

413 1707 494 1752 ter
513 1697 554 1769 ].
580 1718 598 1749 ι
630 1696 761 1750 llem
791 1702 912 1764 post
944 1706 1114 1761 pauca
1145 1691 1200 1744 in
1237 1688 1423 1744 eadem
1454 1684 1672 1740 homilia
1700 1702 1712 1736 :
1739 1681 1759 1754 [
1789 1701 1808 1734 ‹
1844 1682 1993 1736 Licet

2082 501 2260 556 lumen
2288 497 2670 568 aliquantulum
2698 494 2942 562 attingat.

2151 588 2338 643 XLIX.
2384 586 2679 640 Audiamus
2713 582 3079 638 testimonium
3119 579 3345 636 Joannis
3392 580 3654 653 Chrysen-

2083 681 2216 736 tomi
2245 681 2310 735 de
2335 675 2734 747 magniﬁcentia
2777 673 2978 728 Christi
3007 673 3130 727 Filii
3177 673 3292 726 Dei.
3343 673 3485 727 Dicit
3515 674 3656 728 enim

2085 770 2138 824 in
2159 768 2377 823 homilia
2401 765 2657 829 secunda,
2676 763 2766 818 ubi
2790 763 3082 833 Epistolam
3103 764 3246 818 beati
3264 761 3415 817 Pauli
3435 765 3660 833 apostoli

2083 860 2151 914 ad
2180 859 2436 913 Hebraeos
2461 856 2707 926 exposuit
2743 853 2770 893 δ
2797 872 2810 906 :
2845 872 2863 904 ι
2904 853 3091 917 Tanto,
3139 853 3336 922 inquit,
3365 853 3550 908 melior
3577 856 3660 926 fa-

2084 957 2199 1003 ctus
2227 957 2303 1002 est
2350 945 2568 1017 angelis,
2609 952 2801 1016 quanto
2842 943 3168 1012 di/ferentius
3216 959 3401 998 nomen
3439 944 3662 998 hwredi-

2085 1041 2212 1094 tavit
2239 1037 2424 1110 (Hebr.
2455 1054 2496 1101 ι,
2519 1035 2596 1107 4).
2630 1036 2686 1089 In
2722 1035 2824 1088 hoc
2851 1033 2996 1102 quod
3023 1033 3157 1088 dixit
3199 1035 3396 1103 factus,
3425 1051 3525 1105 pro
3551 1051 3668 1090 sus-

2087 1134 2274 1196 ceptus
2299 1125 2555 1192 intellige,
2584 1135 2836 1192 tanquam
2867 1123 2916 1176 si
2941 1122 3160 1185 diceret,
3209 1123 3402 1178 melius
3440 1133 3522 1179 est
3552 1140 3670 1180 sus-

2087 1225 2275 1287 ceptus
2299 1219 2365 1271 ab
2407 1216 2632 1286 angelis.
2681 1215 2749 1269 Et
2791 1215 2933 1270 unde
2961 1216 3064 1270 hoc
3098 1217 3415 1271 asseverat?
3448 1217 3524 1272 Ex
3554 1216 3670 1287 ipso

2088 1311 2324 1365 nomine.
2372 1307 2791 1370 Animadvertis,
2824 1306 2948 1375 quia
2989 1307 3128 1363 solet
3173 1307 3266 1361 lilii
3312 1323 3506 1363 nomen
3547 1323 3672 1376 pro-

2087 1404 2374 1474 prietatem
2404 1401 2736 1471 cognationis
2767 1400 2960 1472 [Edit.,
2987 1401 3329 1472 cognitionis]
3349 1403 3670 1471 ostendere;

2091 1503 2146 1548 et
2174 1507 2326 1557 sane,
2377 1493 2482 1546 nisi
2523 1498 2668 1546 esset
2700 1493 2949 1560 proprius
2996 1492 3176 1557 ﬁlius;
3213 1493 3464 1562 proprius
3491 1503 3672 1549 autem

2092 1583 2234 1638 ﬁlius
2260 1584 2394 1638 nihil
2413 1592 2498 1638 est
2521 1583 2684 1649 aliud,
2711 1599 2872 1653 quam
2899 1585 2965 1639 de
2993 1584 3108 1653 ipso
3139 1586 3370 1656 genitus.
3397 1585 3678 1652 Quomodo

2093 1684 2269 1744 potest
2311 1684 2366 1730 et
2411 1677 2514 1730 hoc
2567 1676 2968 1745 amplitudinem
3020 1678 3242 1732 honoris
3283 1679 3579 1733 asserere?
3620 1679 3676 1733 Si

412 1803 540 1857 ergo
577 1789 629 1842 in
660 1803 768 1840 uno
797 1785 1022 1839 Domino
1067 1789 1251 1836 nostro
1298 1777 1512 1833 Christo
1540 1791 1670 1831 vero
1707 1775 1802 1828 Dei
1833 1781 1994 1842 atque
2027 1749 2070 1810 Β
2096 1767 2240 1821 enim
2269 1766 2444 1836 gratia
2478 1774 2621 1821 esset
2661 1767 2823 1833 ﬁlius,
2851 1782 2957 1821 non
2987 1768 3159 1822 solum
3189 1767 3432 1823 dili‘erret
3459 1770 3602 1838 apud
3621 1782 3680 1824 se

414 1879 644 1934 hominis
673 1877 808 1930 Filio
839 1875 999 1931 Verbi
1021 1881 1075 1927 et
1098 1871 1277 1927 carnis
1303 1884 1407 1923 una
1445 1866 1608 1939 774.
1640 1880 1874 1937 persona
1903 1864 1994 1928 sit,

414 1989 533 2042 qua:
557 1970 985 2042 inseparabiliter
1017 1976 1176 2036 atque
1202 1965 1429 2020 indivise
1454 1977 1768 2018 communes
1800 1962 2000 2016 habeat

413 2064 675 2127 actiones,
707 2060 1062 2130 intelligenda:
1093 2067 1270 2112 tamen
1317 2063 1442 2111 sunt
1492 2055 1731 2123 ipsorum
1775 2066 1998 2122 operum

413 2153 723 2224 qualitates,
751 2159 804 2206 et
851 2150 1074 2204 sincerae
1116 2146 1239 2202 ﬁdei
1282 2143 1733 2212 contemplatione
1776 2157 2001 2196 cernen-

413 2245 541 2299 dum
576 2250 680 2306 est,
703 2241 769 2296 ad
793 2256 913 2310 qua:
953 2238 1282 2308 provehatur
1309 2234 1587 2289 humilitas
1615 2233 1817 2297 carnis,
1843 2239 1898 2286 et
1932 2231 2000 2286 ad

415 2349 534 2405 qua
563 2333 851 2388 inclinetur
881 2330 1104 2385 altitudo
1133 2328 1371 2383 deitatis.
1398 2325 1459 2398 ι]

489 2421 692 2477 XLVII.
715 2420 846 2474 Item
869 2418 1124 2489 prmfatus
1137 2417 1247 2471 Leo
1268 2417 1320 2469 in
1336 2413 1559 2470 homilia
1585 2413 1650 2466 de
1671 2411 1926 2466 Passione
1948 2423 1996 2465 tl:

423 2531 442 2564 ι
474 2512 877 2582 Amplectentes
901 2511 1064 2578 igitur
1101 2505 1456 2568 dilectissimi,
1497 2503 1818 2558 Christianae
1845 2501 1999 2573 [Ms.,

418 2601 738 2673 Christiani]
791 2601 904 2670 spei
947 2600 1141 2670 pignus
1171 2612 1275 2652 non
1325 2595 1700 2650 divellamura
1745 2607 2002 2663 compage

420 2696 667 2765 corporis
699 2692 922 2755 Christi,
949 2691 1003 2744 in
1029 2705 1129 2760 quo
1173 2687 1392 2750 habitat,
1424 2686 1564 2740 sicut
1590 2683 1879 2754 Apostolus
1905 2685 1997 2746 ait,

418 2785 686 2857 plenitudo
715 2781 1002 2836 divinitatis
1044 2777 1385 2849 corporaliter
1409 2785 1455 2830 et
1485 2777 1606 2830 estis
1629 2776 1684 2828 in
1712 2774 1804 2828 illo
1827 2773 2003 2844 repleti

419 2879 646 2952 (Coloss.
676 2894 737 2943 ιι,
771 2875 882 2947 10).
932 2875 1065 2928 Nam
1091 2889 1213 2928 cum
1240 2873 1556 2941 incorporea
1582 2871 1654 2925 sit
1699 2871 2002 2925 substantia

420 2974 538 3039 Dei,
567 2971 838 3042 quomodo
873 2966 1224 3038 corporaliter
1256 2966 1311 3019 in
1355 2963 1575 3019 Christo
1619 2962 1847 3027 habitat,
1900 2963 2002 3017 nisi

422 3064 545 3134 quia
575 3076 704 3117 caro
735 3059 905 3114 nostri
935 3056 1146 3128 generis
1175 3055 1317 3108 facta
1343 3061 1427 3108 est
1455 3067 1583 3107 caro
1611 3051 1869 3106 deitatis?
1899 3069 1918 3103 ι

492 3150 720 3208 XLVIll.
755 3149 892 3217 Quid
939 3147 1153 3202 dicam?
1180 3145 1263 3199 An
1306 3143 1479 3213 magis
1529 3141 1771 3196 miranda
1813 3148 1898 3195 est
1921 3140 2005 3195 vel

424 3241 731 3299 miseranda
760 3239 974 3295 eiecitas
1001 3236 1260 3308 perﬁdiae,
1287 3249 1406 3304 quae
1429 3248 1492 3286 ex
1524 3247 1629 3286 una
1660 3241 1813 3301 parte
1838 3231 2008 3286 omni-

425 3336 674 3406 potentiae
698 3334 868 3389 credit
900 3332 1014 3395 Dei,
1053 3343 1122 3384 ex
1160 3329 1327 3383 altera
1359 3329 1601 3396 derogat.
1650 3326 1835 3381 Potuit
1863 3328 2007 3382 enim

425 3430 606 3484 facere
634 3434 693 3480 ut
722 3425 882 3479 homo
911 3423 1077 3476 Deum
1101 3426 1404 3490 generaret,
1423 3426 1478 3472 et
1503 3431 1610 3470 non
1630 3417 1804 3486 potuit
1831 3415 2009 3471 facere

427 3527 487 3573 ut
514 3517 616 3572 sibi
645 3515 840 3569 Filium
865 3511 1141 3581 proprium
1170 3511 1322 3580 virgo
1365 3517 1667 3578 generaret.
1701 3506 1839 3572 Quid
1863 3508 2007 3561 enim

430 3606 698 3664 dilIicilius
725 3612 826 3668 est,
858 3611 952 3657 aut
980 3609 1040 3655 ut
1069 3602 1230 3655 homo
1275 3599 1443 3652 Deum
1483 3605 1784 3668 generaret,
1829 3605 1924 3650 aut
1951 3605 2010 3652 ut

429 3700 594 3762 homo
615 3695 891 3768 prOprium
920 3693 1030 3747 Deo
1054 3691 1248 3746 Filium
1272 3689 1598 3759 generaret?
1625 3687 1863 3757 Utraque
1885 3694 2010 3742 sunt

430 3788 570 3858 apud
613 3785 859 3840 homines
907 3780 1280 3852 impossibilia,
1327 3777 1421 3833 sed
1468 3787 1697 3847 utraque
1746 3778 1856 3832 Deo
1886 3783 2011 3832 sunt

429 3877 722 3950 possibilia.
761 3875 863 3942 Qui
907 3873 1080 3944 potuit
1109 3871 1369 3941 virginem
1413 3868 1590 3923 facere
1634 3875 1860 3922 matrem
1889 3866 2012 3920 Filii

430 3969 549 4034 Dei,
577 3969 752 4038 potuit
778 3964 956 4020 facere
986 3964 1154 4017 ﬁlium
1184 3960 1408 4031 virginis
1449 3974 1635 4014 verum
1669 3972 1787 4012 esse
1816 3957 2012 4012 Filium

433 4063 527 4118 Dei
559 4057 713 4132 (nihil
740 4058 883 4114 enim
912 4063 1013 4120 est,
1062 4055 1204 4109 sicut
1249 4061 1470 4108 sanctus
1513 4052 1832 4107 Ambrosius
1860 4051 1936 4104 ait
1958 4051 2012 4104 in

434 4155 590 4218 libro,
617 4166 778 4222 quem
806 4148 1022 4218 scripsit
1046 4148 1113 4201 de
1132 4144 1505 4200 Incarnatione
1535 4143 1756 4207 Christi,
1783 4143 1836 4196 iu
1861 4140 2016 4196 Chri-

433 4252 519 4301 sto
541 4239 957 4313 imperfectum),
973 4238 1100 4307 quia
1119 4237 1403 4306 adoptivus
1423 4235 1565 4290 ﬁlius
1591 4235 1660 4289 ad
1682 4233 2015 4290 nobilitatem

434 4335 637 4408 proprii
667 4333 761 4386 lilii
788 4347 894 4386 non
937 4338 1114 4398 potest
1150 4329 1454 4396 pervenire.
1498 4327 1580 4380 An
1622 4326 1908 4381 dicendum
1935 4333 2021 4380 est

2100 1855 2294 1926 [Edit.,
2323 1855 2437 1910 loco
2465 1857 2604 1926 apud
2637 1872 2694 1911 se
2719 1857 2906 1910 habent
2931 1873 2948 1910 :
2976 1871 3006 1910 a
3032 1856 3236 1928 Patre],
3267 1859 3361 1914 sed
3385 1859 3551 1913 etiam
3580 1860 3680 1913 mi-

2097 1963 2200 2001 nor
2226 1954 2371 2002 esset
2396 1948 2465 2002 ab
2509 1947 2732 2018 angelis.
2763 1947 3042 2014 Quomodo
3069 1948 3173 2002 hoc
3218 1948 3439 2018 inquis?
3465 1948 3606 2016 Quia
3629 1956 3684 2004 et

2097 2036 2343 2092 homines
2380 2036 2516 2106 justi
2562 2037 2811 2107 appellati
2866 2047 2991 2092 sunt
3042 2037 3159 2092 ﬁlii.
3206 2037 3438 2094 Proinde
3488 2053 3685 2093 nomen

2098 2129 2193 2182 lilii
2221 2129 2324 2184 nisi
2347 2131 2732 2200 proprietatem
2760 2131 3028 2207 ostendat,
3058 2146 3163 2185 non
3187 2131 3331 2186 valet
3368 2131 3686 2195 ostendere,

2097 2221 2222 2290 quia
2253 2219 2557 2277 differentia
2601 2230 2686 2278 est
2730 2221 2871 2276 inter
2914 2229 3196 2277 creaturas
3237 2232 3292 2276 et
3319 2223 3678 2278 conditorem.

2097 2311 2332 2368 Adverte
2355 2313 2539 2383 itaque
2565 2312 2693 2382 quid
2721 2313 2893 2368 dixit:
2933 2309 3032 2366 Cui
3072 2311 3372 2383 angelorum
3402 2312 3692 2382 aliquando

2099 2402 2233 2456 dixit
2257 2421 2276 2456 :
2300 2401 2348 2456 F
2351 2404 2474 2458 ilius
2500 2421 2646 2458 meus
2668 2421 2721 2458 es
2748 2413 2824 2469 tu,
2855 2421 2949 2474 ego
2991 2404 3146 2457 hodie
3177 2403 3330 2472 genui
3354 2411 3403 2456 te
3430 2402 3623 2474 (Hebr.
3649 2419 3694 2469 ι,

2099 2495 2153 2566 5)
2179 2497 2202 2549 ?
2230 2496 2349 2567 [llic
2375 2497 2620 2565 quaedam
2646 2496 2867 2558 omissa,
2900 2511 3019 2564 quae
3043 2496 3097 2548 in
3134 2494 3292 2549 editis
3311 2492 3571 2567 exstant.]
3593 2491 3694 2548 Ni-

2101 2587 2176 2641 hil
2199 2586 2343 2641 aliud
2373 2586 2700 2652 manil‘estat,
2726 2587 2830 2641 nisi
2853 2587 2977 2656 quia
3007 2602 3074 2640 ex
3104 2585 3219 2654 ipsa
3247 2584 3482 2639 essentia
3505 2583 3697 2640 Patris

2101 2684 2182 2730 est
2203 2676 2432 2746 genitus.
2466 2675 2619 2730 Sicut
2637 2677 2779 2731 enim
2803 2689 2921 2730 esse
2959 2674 3156 2729 dicitur
3186 2686 3252 2726 ex
3277 2673 3530 2742 praesenti
3555 2680 3696 2726 tem-

2100 2782 2230 2837 pore
2255 2784 2268 2820 :
2295 2768 2374 2823 sic
2397 2768 2593 2838 quippe
2621 2767 2795 2836 magis
2817 2767 2882 2822 de
2901 2765 3013 2821 Deo
3034 2765 3142 2820 dici
3169 2764 3454 2820 conveniat
3486 2762 3695 2835 (Edit.,

2101 2857 2394 2931 convenit].
2429 2858 2622 2926 Filius,
2655 2859 2851 2928 inquit,
2881 2874 3027 2914 meus
3053 2874 3108 2912 es
3137 2865 3214 2922 tu,
3245 2873 3336 2926 ego
3361 2855 3517 2908 hodie
3538 2853 3698 2924 genui

2103 2960 2171 3004 te.
2204 2948 2357 3016 Quod
2385 2949 2586 3003 dictum
2617 2956 2723 3013 est,
2751 2947 2930 3013 hodie,
2967 2945 3252 3017 prresentis
3279 2950 3362 2999 est
3391 2943 3657 3013 temporis
3682 2960 3698 3009 ;

2105 3046 2282 3109 potest
2301 3045 2485 3122 tamen
2509 3044 2563 3090 et
2588 3037 2882 3091 secundum
2905 3050 3122 3091 carnem
3145 3035 3246 3089 hoc
3263 3033 3429 3104 accipi
3455 3034 3698 3098 dictum;

2031 3096 2077 3157 C
2107 3144 2229 3184 cum
2255 3114 2396 3184 enim
2427 3127 2786 3182 nominaverit
2805 3142 3045 3191 carnem,
3074 3124 3185 3193 jam
3219 3125 3336 3179 sine
3363 3122 3472 3178 ullo
3503 3125 3703 3178 timore

2103 3234 2283 3290 prava:
2324 3218 2649 3288 suspicionis
2693 3217 2984 3286 eloquitur.
3022 3215 3233 3270 Etenim
3281 3229 3409 3270 caro
3455 3229 3704 3268 commuo

2105 3310 2252 3365 nicat
2280 3310 2590 3373 altioribus,
2622 3309 2765 3363 sicut
2788 3316 2842 3362 ct
2877 3306 3130 3361 divinitas
3159 3304 3466 3360 hominibus
3495 3302 3706 3376 [Edit.,

2105 3398 2416 3470 humilibus]
2443 3398 2844 3455 communicare
2870 3397 3085 3466 dignata
3116 3405 3215 3452 est.
3239 3415 3258 3448 ι

2176 3515 2237 3569 L.
2291 3514 2488 3569 Beatus
2517 3511 2877 3583 Hieronymus
2906 3527 3075 3566 sacrm
3117 3511 3386 3580 interpres
3431 3509 3708 3575 historia},

2106 3614 2162 3660 et
2205 3605 2473 3660 maximus
2524 3604 2802 3659 catholica:
2856 3604 2977 3658 lidei
3028 3603 3222 3658 doctor
3250 3610 3306 3658 et
3349 3600 3609 3657 defensor
3651 3602 3710 3655 in

2110 3696 2386 3759 Tractatu,
2407 3710 2570 3766 quem
2597 3695 2650 3748 in
2679 3694 2972 3764 Epistolam
2998 3693 3142 3749 beati
3170 3693 3321 3746 Pauli
3349 3692 3415 3746 ad
3437 3691 3714 3760 Ephesios

2109 3791 2256 3856 fecit,
2289 3790 2362 3844 ita
2391 3790 2457 3844 de
2494 3787 2722 3843 naturali
2764 3787 3020 3841 ﬁliatione
3047 3785 3144 3840 Dei
3170 3784 3370 3840 Christi
3389 3791 3446 3838 et
3471 3783 3542 3837 de
3570 3783 3714 3838 ado-

2109 3885 2293 3955 ptione
2329 3889 2516 3935 nostra
2560 3879 2815 3934 disseruit
2845 3889 2867 3917 ο
2900 3895 2914 3932 :
2946 3895 2964 3928 ‹
3000 3877 3110 3931 Nec
3151 3893 3254 3931 non
3283 3877 3470 3940 etiam,
3501 3876 3714 3944 inquit,

2111 3975 2214 4028 hoc
2261 3969 2622 4034 inferendum,
2673 3967 2815 4036 quod
2866 3981 2988 4020 cum
3038 3965 3384 4034 praedestinet
3433 3978 3534 4018 nos
3595 3963 3720 4018 sive

2114 4063 2274 4134 775
2308 4060 2574 4132 przeﬁniat
2601 4059 2744 4114 Deus
2768 4061 2820 4111 in
2845 4057 3182 4127 adoptionem
3225 4055 3456 4110 ﬁliorum
3486 4070 3595 4125 per
3621 4053 3719 4110 Je.

2115 4168 2233 4207 sum
2258 4151 2556 4216 Christum,
2583 4157 2760 4203 tamen
2801 4162 2908 4201 non
2951 4154 3074 4200 ante
3112 4145 3208 4199 ﬁlii
3245 4159 3366 4200 esse
3392 4159 3720 4214 possumus,

2116 4243 2221 4296 nisi
2269 4241 2365 4295 ﬁlii
2402 4242 2518 4312 ejus
2562 4238 2687 4294 Jesu
2738 4238 2938 4293 Christi
2990 4237 3148 4292 ﬁdem
3191 4245 3248 4291 et
3294 4235 3722 4307 intelligentiam

2120 4334 2464 4403 recipiamus.
2518 4332 2584 4385 Et
2623 4331 2714 4386 ille
2751 4330 2966 4399 quidem
3001 4337 3192 4383 natura
3235 4327 3405 4382 Filius
3451 4339 3562 4394 est,
3617 4345 3726 4384 nos

437 4428 590 4482 nobis
615 4424 888 4479 Christum
939 4434 1060 4476 esse
1104 4419 1160 4472 in
1201 4419 1380 4489 aliquo
1411 4416 1830 4486 imperfectum?
1874 4417 1943 4472 Et
1975 4416 2020 4471 si
2053 4436 2094 4492 ι)
2122 4439 2250 4479 vero
2277 4423 2583 4491 adoptione,
2633 4421 2726 4475 [ne
2761 4435 3036 4489 nunquam
3082 4419 3252 4475 Filius
3292 4435 3398 4474 non
3435 4419 3564 4484 fuit,
3614 4435 3724 4475 nos

436 4516 684 4573 Christus
721 4512 1000 4582 adoptivus
1029 4509 1170 4564 ﬁlius
1211 4516 1314 4574 est,
1347 4523 1476 4578 ergo
1525 4507 1871 4576 imperfectus
1908 4517 2014 4573 est,

437 4621 600 4676 quem
628 4614 739 4660 tota
766 4601 1030 4659 catholica
1065 4599 1236 4654 credit
1259 4596 1497 4652 Ecclesia
1524 4596 1692 4650 Deum
1718 4595 2016 4664 perlectum

439 4713 560 4752 esse
595 4706 652 4752 et
696 4697 966 4752 hominem
1013 4692 1332 4765 perfectum.
1384 4687 1663 4758 Quomodo
1715 4689 1859 4743 enim
1908 4689 2018 4743 sola

442 4789 664 4842 lilictate
691 4785 1035 4856 imperfectus
1072 4793 1171 4848 est,
1211 4783 1336 4838 dum
1385 4782 1439 4835 in
1469 4795 1578 4834 una
1617 4793 1847 4848 persona
1880 4779 2021 4833 Deus

442 4888 499 4935 et
526 4880 686 4936 homo
718 4891 856 4930 unus
885 4875 1051 4929 Filius
1095 4883 1178 4929 est
1224 4882 1278 4928 et
1320 4887 1460 4927 unus
1505 4869 1778 4936 Christus,
1802 4879 1858 4924 et
1885 4885 2023 4924 unus

445 4968 686 5026 omnium
717 4967 770 5020 in
799 4979 856 5019 se
887 4964 1221 5018 credentium
1273 4961 1561 5017 Salvator?
1599 4959 1798 5015 Iterum
1846 4973 2027 5013 rever-

453 5071 635 5118 tamur
663 5059 729 5115 ad
767 5065 1077 5112 sanctorum
1118 5054 1361 5123 exempla
1409 5054 1711 5117 doctorum,
1755 5057 1808 5104 et
1837 5065 2031 5119 magno

452 5151 886 5209 testimoniorum
911 5144 1145 5216 pondere
1176 5143 1388 5198 inﬁdele
1425 5150 1584 5212 caput
1613 5143 1880 5197 haeretica:
1911 5158 2032 5212 pra-

452 5242 635 5296 vitatis
660 5239 1046 5313 opprimamus,
1076 5242 1136 5288 ut
1162 5233 1245 5288 vel
1289 5234 1367 5287 sic
1396 5232 1462 5287 de
1491 5248 1680 5288 somno
1705 5231 2036 5288 inﬁdelitatis

457 5369 658 5423 ansulis
679 5367 1059 5431 conclusimus,
1091 5379 1195 5419 non
1231 5369 1356 5417 sunt
1399 5361 1586 5432 sancti
1609 5360 1919 5432 Augustini,
1941 5363 2036 5416 sed

457 5439 628 5494 sancti
656 5438 848 5506 Leonis
876 5430 1050 5506 papae,
1073 5436 1387 5506 deprompta
1412 5447 1479 5486 ex
1503 5431 1663 5501 epist.
1687 5430 1813 5497 165,
1837 5447 1952 5501 cap.
1979 5432 2030 5486 6.

530 5521 555 5548 ι
586 5507 715 5575 Ibid.
744 5504 916 5559 Serm.
945 5504 1034 5571 65,
1065 5521 1181 5575 cap.
1205 5504 1256 5558 5.

528 5578 557 5618 b
593 5577 652 5630 S.
688 5574 842 5629 Joan.
871 5569 1186 5646 Δ(Σιιιυδξςιιοείη
1211 5571 1463 5646 hoinil._2
1491 5571 1546 5646 in
1568 5570 1746 5646 _Epi5t.
1777 5571 1843 5626 ad
1871 5569 2032 5626 Ilebr.

457 5665 524 5706 ex
551 5642 1234 5716 interpretatione'hlutiani
1263 5642 1602 5699 Scholastici.

2121 4523 2405 4583 antequam
2435 4526 2699 4576 essemus,
2739 4511 3104 4580 praedestinati
3134 4526 3340 4575 sumus,
3361 4519 3416 4564 et
3442 4519 3574 4566 tunc
3599 4513 3725 4582 spi-

2123 4604 2284 4656 ritum
2329 4600 2628 4670 adoptionis
2664 4599 2995 4668 acccpimus,
3039 4598 3254 4669 quando
3294 4600 3630 4656 credidimus
3663 4602 3724 4656 in

2123 4693 2315 4747 Filium
2344 4691 2456 4745 Dei.
2480 4710 2498 4743 ι

2195 4786 2278 4840 LI.
2320 4784 2552 4840 Sanctus
2579 4785 2721 4840 idem
2749 4801 2964 4857 quoque
3012 4786 3256 4842 scribens
3298 4787 3367 4843 de
3416 4790 3726 4845 concordia

2125 4874 2580 4946 evangelistarum
2598 4875 2666 4929 ad
2679 4874 3000 4946 Euprepiam
3015 4875 3158 4932 inter
3170 4884 3364 4931 caetera
3380 4877 3447 4931 ad
3464 4877 3590 4932 locu
3598 4895 3657 4933 m
3671 4879 3728 4934 δε

2133 4984 2152 5016 ι
2178 4965 2304 5020 lIaec
2334 4965 2583 5030 dicimus,
2617 4981 2722 5020 non
2753 4983 2861 5036 quo
2909 4968 3071 5024 alium
3117 4969 3302 5031 Deum,
3349 4968 3512 5022 alium
3537 4969 3732 5024 homi-

2130 5070 2254 5110 nem
2283 5071 2403 5110 esse
2430 5057 2736 5120 credamus,
2769 5065 2824 5112 et
2861 5057 2996 5113 duas
3041 5073 3300 5127 personas
3346 5056 3617 5114 faciamus
3669 5059 3732 5114 in

2132 5161 2240 5201 uno
2266 5146 2404 5202 Filio
2429 5147 2546 5212 Dei,
2569 5147 2712 5201 sicut
2746 5161 2884 5201 nova
2921 5149 3142 5205 haeresis
3170 5148 3564 5215 calumniatur;
3623 5152 3734 5207 sed

2133 5253 2275 5292 unus
2301 5246 2465 5308 atque
2494 5239 2637 5293 idem
2669 5237 2840 5293 Filius
2867 5237 2962 5292 Dei
2986 5246 3042 5292 et
3074 5238 3214 5294 ﬁlius
3261 5240 3496 5295 hominis
3543 5247 3734 5297 esset.

2209 5379 2232 5439 ς
2263 5367 2318 5422 S.
2351 5367 2570 5424 Hieron.
2603 5368 2654 5423 in
2678 5384 2797 5438 cap.
2827 5385 2842 5424 ι
2870 5369 3038 5438 Epist.
3067 5371 3135 5425 ad
3154 5371 3348 5439 Ephcs.
3377 5387 3427 5424 v.
3459 5369 3512 5424 5.

2159 5509 2168 5519 .
2203 5438 2231 5519 fl
2273 5439 2584 5494 Tractatum
2626 5441 2683 5495 S.
2719 5441 3030 5519 Hieronymi
3071 5442 3138 5495 de
3167 5438 3454 5519 concordia
3481 5456 3738 5519 evange-

2136 5508 2383 5562 listarum
2419 5526 2577 5564 nemo
2614 5508 3132 5582 recensuitﬁlgnota
3184 5511 3471 5583 Euprepia,
3495 5508 3739 5580 ignoius

2138 5593 2352 5649 quoque
2380 5588 2644 5637 tractatus
2674 5583 2926 5652 deinceps
2947 5583 3166 5637 citatus.
