3906 6186
294 282 393 339 W9

283 482 524 557 gloriam,
557 483 706 539 aliud
726 485 799 543 ad
822 496 1066 546 nostram
1093 493 1350 561 salutem,
1375 512 1475 566 pro
1504 500 1704 570 quibus
1756 519 1864 557 non

281 575 518 644 rapinam
543 575 837 633 arbitratus
871 589 948 634 est
987 598 1097 637 esse
1121 585 1342 656 (aqualis
1386 588 1514 654 Deo,
1543 592 1635 644 sed
1676 603 1863 647 semet-

277 673 443 738 ipsum
470 668 789 735 carinarum;
816 669 989 739 faetus
1012 674 1254 732 obedienc
1275 678 1428 734 Patri
1448 697 1609 753 usque
1627 685 1696 738 ait
1722 702 1862 739 mar-

276 773 393 822 tem,
419 767 649 812 mortem
671 768 850 814 autem
876 765 1048 819 crucis
1077 764 1332 838 (Philipp.
1352 786 1414 837 ιι,
1430 771 1517 842 6);
1547 781 1603 829 et
1641 773 1860 829 Verbum

278 864 392 903 curo
430 848 636 918 [eam
660 859 760 914 est,
785 861 837 905 et
865 853 1119 909 habitavit
1142 858 1204 911 in
1240 859 1389 915 nobis
1415 880 1434 914 ι
1466 861 1646 933 (locu.
1674 880 1714 929 ι,
1744 865 1854 938 Ην).

278 941 397 997 Itan
418 941 492 995 de
518 941 778 998 Tractatu
804 946 977 1000 sancti
1006 945 1247 1016 ejusdem
1281 950 1350 1006 de
1383 951 1556 1008 Natali
1599 955 1811 1010 Domini
1838 972 1854 1010 :

279 1047 298 1083 ι
324 1030 506 1087 Hodie
526 1047 690 1089 verus
715 1034 795 1090 sol
816 1044 972 1091 omns
997 1046 1081 1094 est
1101 1040 1322 1106 mundo,
1354 1042 1515 1099 hodie
1541 1046 1594 1100 in
1617 1048 1857 1103 tenebris

271 1122 484 1179 neniis
510 1122 694 1179 lumen
720 1140 1002 1197 egressum
1023 1140 1124 1186 est.
1165 1131 1309 1189 Deus
1336 1132 1511 1192 factus
1539 1146 1623 1192 est
1667 1139 1851 1204 homo,

270 1222 324 1269 ut
344 1214 519 1271 homo
549 1216 706 1291 ﬁeret
729 1219 895 1274 Deus.
920 1218 1170 1278 Formam
1209 1226 1351 1280 servi
1390 1226 1650 1285 Dominus
1700 1246 1854 1286 acce-

270 1304 357 1372 pit,
380 1314 448 1360 ut
475 1321 668 1364 servus
701 1318 1009 1367 verteretur
1036 1313 1091 1368 in
1118 1313 1373 1375 Domino:
1399 1318 1661 1375 caelorum
1700 1319 1852 1377 habi-

268 1404 407 1452 tator
433 1407 493 1453 et
517 1400 775 1457 conditor
796 1401 1066 1461 habitavit
1092 1405 1147 1461 in
1193 1408 1383 1476 terris,
1414 1420 1475 1465 ut
1504 1413 1666 1468 homo
1705 1413 1850 1469 colo-

268 1502 364 1542 nus
393 1496 560 1544 terra:
578 1491 844 1562 migraret
869 1492 940 1547 ad
962 1499 1161 1555 oculos.
1182 1515 1202 1550 ι

331 1578 443 1635 ω.
470 1581 732 1651 Leporius
752 1582 1065 1643 Gallicanos
1085 1590 1369 1661 presbyter
1388 1592 1443 1647 in
1469 1592 1667 1659 libello,
1685 1608 1844 1665 quem

269 1668 333 1724 de
359 1669 712 1728 Confessione
729 1688 877 1729 verae
897 1674 1025 1732 ﬁdei
1048 1677 1233 1743 edidit,
1263 1680 1330 1737 de
1358 1682 1570 1738 unitate
1601 1699 1845 1754 persona:

1127 286 1540 347 DOCMATICA.
1579 325 1648 335 —
1686 295 1812 351 LIB.
1854 298 2010 355 ADV.
2056 301 2385 359 HAERESIN
2418 305 2693 367 FELICIS.

287 391 551 463 Quidquid
577 393 821 464 loquitur
839 397 985 453 aliud
1022 399 1308 459 referimus
1351 407 1419 461 ad
1468 407 1703 463 divinam
1751 410 1868 480 ejus
1895 419 1943 474 Α
1970 414 2196 482 rarium,
2220 418 2312 473 sed
2346 428 2639 489 aeternum,
2667 440 2766 496 pro
2810 431 2965 490 nobis
3007 440 3188 495 omnia

3436 334 3537 389 llo

3242 448 3534 505 secundum

1967 520 2182 561 carnem
2210 506 2374 566 fuisse
2393 527 2731 584 perpessum,
2753 528 2935 577 etnon
2966 524 3068 580 sibi
3087 532 3416 601 agonizasse,
3440 538 3533 593 sed

1962 598 2147 701 pobis;
2343 614 2564 701 propter
2606 624 2686 676 se,
2725 615 2816 669 scd
2851 629 3073 690 propter
3113 598 3233 692 nos,
3262 629 3354 700 qui
3387 598 3536 701 jace-

1963 689 2155 748 bamus
2182 735 2196 759 ,
2240 695 2390 751 illum
2439 697 2507 754 ab
2554 703 2782 760 excelsis
2838 689 3533 778 misericorditer-ad'ima

1959 782 2189 838 venisse.
2227 805 2245 837 I

2029 873 2194 971 776
2225 875 2355 932 LIII.
2386 881 2568 938 Victor
2593 900 2807 957 quoque
2836 889 3030 961 Capua:
3059 897 3339 971 episcopus
3362 902 3415 957 in
3437 917 3532 959 ex-

1955 961 2265 1032 planatione
2293 972 2602 1039 apostolicae
2630 980 2953 1037 sententiae:
2990 961 3293 1058 animo}.
3337 1003 3412 1048 est
3462 1011 3530 1050 ea:

1954 1054 2149 1109 semine
2177 1055 2347 1111 David
2375 1064 2657 1119 secundum
2676 1083 2885 1124 carnem
2913 1072 2941 1111 δ
2967 1054 3142 1143 (Romi.
3178 1095 3218 1145 ι,
3240 1079 3295 1153 3)
3330 1100 3345 1137 :
3378 1103 3395 1134 ι
3423 1085 3529 1141 Ve-

1955 1154 2258 1203 rumtamen
2288 1158 2432 1208 totus
2457 1154 2545 1211 hic
2574 1156 2727 1215 locus
2761 1172 2950 1220 contra
3000 1171 3324 1230 manichzeos
3372 1175 3523 1246 facit,

1952 1234 2045 1288 ubi
2071 1235 2220 1303 dicit,
2249 1242 2391 1308 quod
2418 1252 2473 1298 et
2501 1255 2627 1301 ante
2653 1249 2998 1322 Evangelium
3039 1260 3117 1314 sic
3138 1263 3442 1331 proximum

1951 1338 2049 1427 per
2072 1330 2363 1400 prophetas
2381 1333 2475 1390 Dei
2503 1344 2555 1391 et
2594 1338 2651 1393 in
2692 1345 2894 1400 sanctis
2941 1330 3265 1420 Scripturis;
3297 1363 3352 1423 et
3378 1361 3522 1427 quod

1949 1414 2197 1474 Christus
2232 1425 2524 1480 secundum
2552 1443 2768 1485 carnem
2802 1448 2866 1488 ex
2915 1414 3081 1495 David
3119 1414 3315 1513 stirpe,
3332 1414 3519 1514 idest,

1950 1502 2117 1561 Maria
2145 1508 2352 1579 virgine
2378 1514 2448 1567 sit
2489 1527 2720 1583 creatus,
2752 1524 3044 1581 secundum
3089 1502 3237 1600 quod
3255 1502 3518 1602 praedixe-Z

1947 1602 2035 1650 rat
2063 1596 2245 1653 Isaias.
2281 1601 2431 1658 Multi
2461 1603 2553 1661 ﬁlii
2581 1609 2776 1678 gratia,
2802 1611 2889 1668 hic
2910 1596 3136 1684 naturaw;
3179 1596 3332 1692 cujus
3353 1625 3519 1681 etiam

1949 1686 2002 1741 in
2025 1703 2244 1746 carnem
2269 1696 2523 1753 nativitas
2552 1700 2833 1760 dissimilis
2859 1709 3071 1766 caeteris
3099 1710 3387 1771 invenitur.
3410 1718 3520 1775 Ad-

266 1759 391 1816 Filii
422 1761 515 1817 Dei
535 1762 608 1817 ita
637 1763 899 1820 disseruit
926 1777 954 1807 ι
989 1784 1003 1821 :
1041 1784 1062 1820 ι
1093 1766 1348 1826 Nascitur
1368 1787 1500 1844 ergo
1520 1774 1675 1830 nobis
1713 1788 1838 1844 pro-
1869 1780 1914 1839 B
1941 1775 2115 1832 dendo
2134 1783 2415 1838 secundum
2444 1802 2650 1844 carnem
2676 1801 2732 1847 et
2755 1759 3242 1858 contraPhotinum
3260 1759 3520 1865 exs-tin‘x‘it

264 1853 382 1921 prie
398 1852 467 1908 de
492 1852 697 1925 Spiritu
721 1863 917 1912 sancto
935 1865 991 1912 et
1014 1857 1181 1915 Maria
1208 1875 1423 1933 semper
1440 1863 1647 1935 virgine
1693 1864 1840 1922 Deus

261 1944 420 2002 homo
442 1944 605 2003 Jesus
620 1947 876 2004 Christus
900 1949 1072 2007 Filius
1100 1950 1215 2019 Dei,
1242 1969 1307 2010 ac
1334 1956 1414 2012 sic
1437 1955 1492 2012 in
1519 1956 1836 2014 alterutrum

260 2050 423 2092 unum
446 2036 511 2092 ﬁt
529 2037 772 2095 Verbum
797 2048 856 2098 et
880 2056 1030 2111 caro,
1062 2053 1123 2100 ut
1147 2057 1400 2104 manente
1428 2050 1485 2105 in
1511 2064 1609 2106 sua
1652 2051 1835 2122 perfe-

257 2126 437 2183 ctione
462 2129 787 2186 naturaliter
804 2139 1036 2203 utraque
1056 2135 1375 2204 substantia,
1398 2139 1514 2194 sine
1532 2140 1616 2196 sui
1641 2142 1836 2213 praeju-

255 2216 400 2272 dicio
426 2226 487 2273 et
515 2219 836 2277 humanitati
881 2223 1061 2280 divina
1089 2229 1505 2296 communicent,
1537 2237 1594 2287 et
1642 2233 1837 2288 divini-

254 2307 354 2362 tati
384 2309 625 2365 humana
648 2312 989 2385 participem.
1014 2316 1125 2373 Nec
1148 2319 1285 2378 alter
1311 2320 1471 2386 Deus,
1489 2322 1628 2378 alter
1646 2324 1832 2390 homo,

253 2399 343 2454 sed
363 2399 513 2457 idem
544 2402 657 2472 ipse
691 2403 853 2470 Deus,
881 2407 974 2477 qui
1001 2415 1057 2464 et
1074 2409 1267 2476 homo;
1295 2420 1352 2466 et
1371 2411 1612 2470 vicissim
1638 2416 1826 2482 homo,

258 2490 341 2559 qui
364 2500 422 2547 et
446 2491 596 2549 Deus
611 2493 772 2552 Iesus
789 2496 1062 2565 Christus,
1081 2515 1223 2555 unns
1241 2500 1339 2557 Dei
1358 2501 1529 2559 Filius
1548 2513 1606 2560 et
1626 2522 1833 2564 nuncu-

259 2593 405 2653 petur
423 2594 485 2641 et
500 2601 634 2643 vere
661 2588 754 2644 sit.
780 2589 851 2644 Et
875 2590 1001 2647 ideo
1023 2592 1288 2662 agendum
1316 2594 1474 2650 nobis
1511 2609 1725 2666 semper
1747 2607 1831 2654 est

257 2676 673 2745 etcredendum,
699 2686 763 2734 ut
790 2679 960 2735 Deum
999 2679 1186 2737 Iesum
1214 2681 1490 2740 Christum
1518 2684 1715 2741 Filium
1735 2688 1829 2743 Dei

254 2767 419 2822 Deum
438 2784 651 2831 verum,
675 2785 841 2840 quem
873 2787 999 2827 cum
1041 2771 1203 2829 Patre
1225 2788 1459 2844 semper,
1482 2783 1538 2830 et
1564 2777 1828 2847 aequalem

253 2858 403 2914 Patri
452 2870 577 2914 ante
620 2860 819 2915 secula
853 2861 1208 2930 conﬁtemur,
1235 2864 1483 2919 eumdem
1525 2878 1558 2919 a
1587 2872 1830 2943 tempore

253 2956 517 3017 susceptae
544 2951 719 3006 carnis
747 2948 951 3006 factum
990 2951 1158 3007 Deum
1202 2953 1477 3009 hominem
1520 2969 1629 3009 non
1667 2970 1829 3027 nege-

254 3052 391 3092 mus.
424 3058 445 3090 ι
477 3039 547 3093 Et
587 3048 711 3110 post
755 3055 929 3111 pauca
979 3058 994 3096 :
1053 3042 1378 3113 “Sed'quia
1407 3044 1646 3101 Verbum
1680 3045 1826 3102 Deus

1936 1873 1991 1920 et
2008 1865 2220 1925 Arium.
2255 1869 2311 1927 Si
2335 1874 2478 1930 enim
2504 1884 2799 1938 secundum
2829 1900 3048 1944 carnem
3092 1889 3266 1949 factus
3298 1905 3403 1965 est,
3425 1913 3513 1954 se-

1935 1961 2169 2016 cundum
2193 1964 2353 2020 Verbi
2382 1969 2568 2038 utique
2584 1973 2943 2033 substantiam
2968 1995 3073 2034 non
3105 1990 3189 2037 est
3215 1961 3419 2056 factus;
3452 1998 3511 2043 ut

1935 2047 2007 2103 sit
2027 2049 2082 2103 in
2103 2052 2356 2110 omnibus
2394 2055 2509 2127 ipse
2543 2062 2837 2130 primatum
2871 2074 3060 2124 tenens
3086 2074 3380 2129 secundum
3407 2047 3515 2149 spi-

1935 2138 2099 2196 ritum
2128 2145 2572 2206 sanctiﬁcationis
2600 2154 3034 2225 praedestinatus,
3067 2171 3126 2216 ut
3164 2164 3315 2233 prior
3341 2138 3516 2222 omni-

1934 2232 2037 2286 bus
2088 2232 2610 2305 incorruptibilitatis
2650 2244 2852 2301 virtute
2893 2232 3221 2320 resurgeret,
3252 2262 3307 2310 et
3361 2257 3505 2313 viam

1933 2323 2471 2417 resurrectionis‘Dei
2494 2328 2668 2388 Filius
2691 2336 2947 2405 aperiret,
2976 2340 3042 2395 de
3066 2343 3261 2412 quibus
3282 2347 3396 2417 ipse
3427 2349 3508 2407 di-

1932 2410 2026 2476 cit,
2060 2413 2188 2482 quia
2215 2413 2311 2471 ﬁlii
2349 2417 2446 2476 Dei
2476 2431 2623 2489 sunt,
2648 2440 2770 2480 cum
2809 2427 2917 2484 sint
2944 2429 3037 2486 ﬁlii
3078 2410 3509 2507 resurrectionis,

1931 2515 2038 2557 non
2067 2504 2309 2563 omnium
2342 2514 2758 2583 resurgentium,
2781 2519 2876 2575 sed
2903 2521 2970 2576 ad
3017 2521 3289 2583 Christum
3344 2504 3512 2600 perti;

1932 2595 2195 2650 nentium.
2237 2616 2257 2650 ι

2001 2681 2152 2776 ων.
2168 2685 2274 2743 Sed
2297 2697 2353 2745 et
2381 2689 2641 2763 Origenes
2675 2697 2729 2752 in
2760 2699 3016 2759 Tractatu
3040 2704 3292 2776 Epistolm
3318 2712 3384 2771 ad
3408 2712 3511 2770 Ro-

1930 2784 2120 2830 manos
2141 2775 2281 2833 libro
2296 2782 2526 2852 septimo
2549 2786 2613 2841 de
2633 2791 2963 2859 proprietate
2981 2775 3106 2852 Filii
3133 2797 3228 2855 Dei
3256 2801 3509 2869 patefecit

1928 2876 2146 2919 sensum
2175 2881 2352 2935 suum,
2404 2872 2591 2931 dicens
2642 2892 2658 2930 :
2714 2896 2734 2929 ι
2783 2879 2888 2937 Dat
2939 2895 3200 2954 praeterea
3252 2889 3507 2949 indicium

1929 2953 2225 3010 maximum
2264 2957 2497 3030 ingentis
2524 2977 2652 3034 erga
2684 2980 2784 3023 nos
2809 2953 3013 3027 amoris
3039 2973 3158 3041 Dei,
3181 2978 3273 3046 qui
3304 2978 3357 3034 in
3387 2986 3509 3036 tan-

1929 3048 2042 3097 tum
2072 3060 2191 3111 nos,
2217 3048 2411 3120 inquit,
2439 3052 2649 3121 dilexit,
2679 3065 2739 3112 ut
2762 3074 2856 3113 nec
2878 3064 3090 3132 proprio
3132 3064 3181 3118 F
3183 3067 3276 3122 ilio
3315 3086 3507 3140 peper-

250 3129 530 3200 dignanter
573 3132 633 3187 in
676 3132 956 3188 hominem
1000 3134 1395 3204 suscipiendum
1447 3134 1575 3208 [Αι.
1596 3176 1611 3203 ,
1649 3138 1823 3194 susci-

1933 3133 2083 3200 eerit,
2106 3135 2198 3189 sed
2217 3117 2312 3207 pro
2338 3140 2488 3195 nobis
2517 3117 2757 3200 omnibus
2784 3149 2853 3203 ad
2876 3117 3183 3219 passionem
3224 3117 3507 3217 tradiderit

249 3220 455 3296 piendo]
492 3223 796 3290 descendit,
838 3232 896 3281 et
944 3238 1043 3294 per
1090 3226 1485 3297 susceptionem
1527 3227 1623 3284 Dei
1662 3228 1824 3284 homo

250 3315 483 3370 ascendit
502 3314 560 3370 in
577 3314 752 3371 Deum
773 3314 1027 3379 Verbum,
1055 3323 1201 3372 totus
1221 3315 1364 3372 Deus
1387 3317 1619 3373 Verbum
1648 3316 1823 3375 factus

249 3414 324 3461 est
343 3414 488 3463 totus
521 3405 708 3463 homo.
740 3404 860 3462 Non
897 3406 1044 3461 enim
1083 3405 1228 3463 Deus
1254 3406 1416 3462 Pater
1442 3408 1603 3464 homo
1645 3407 1821 3465 factus

249 3510 341 3567 est,
363 3515 466 3557 nec
488 3498 728 3571 Spiritus
745 3508 985 3567 sanctus,
1003 3501 1099 3558 sed
1118 3500 1427 3573 unigenitus
1446 3500 1644 3557 Patris.
1669 3501 1821 3558 Ideo—

251 3609 344 3664 que
366 3610 474 3650 una
503 3609 741 3665 persona
782 3593 1096 3664 accipienda
1139 3601 1224 3650 est
1263 3593 1443 3650 carnis
1471 3601 1528 3649 et
1552 3594 1740 3660 Verbi,
1760 3603 1820 3648 ut

252 3684 465 3741 ﬁdeliter
519 3684 642 3740 sine
693 3683 875 3754 aliqua
928 3682 1268 3739 dubitatione
1320 3684 1605 3740 credamus
1648 3699 1817 3739 unum

247 3776 592 3844 eamdemque
620 3773 720 3828 Dei
765 3774 965 3829 Filium
1005 3773 1421 3844 inseparabilem
1469 3789 1686 3845 semper
1730 3791 1820 3846 ge-

246 3866 392 3921 minae
442 3864 769 3922 substantia:
797 3882 811 3919 :
842 3864 1006 3921 etiam
1048 3865 1327 3936 gigantem
1375 3865 1713 3921 nominatum
1758 3866 1815 3922 in

243 3956 423 4012 diebus
468 3956 655 4012 carnis
698 3970 835 4022 suae,
864 3965 921 4012 et
963 3971 1092 4013 vere
1127 3971 1340 4028 semper
1371 3957 1553 4012 omnia
1581 3959 1817 4029 gessisse

242 4063 352 4119 qua
371 4057 503 4104 sunt
532 4048 792 4116 hominis,
814 4057 871 4104 et
897 4062 1026 4104 vere
1076 4061 1289 4119 semper
1336 4048 1643 4119 possedisse
1692 4065 1821 4119 quae

240 4139 327 4195 Dei
360 4148 519 4205 sunt;
548 4141 808 4210 quoniam
832 4139 937 4195 etsi
963 4138 1257 4195 cruciﬁxus
1283 4147 1368 4195 est
1384 4153 1452 4195 ex
1474 4138 1810 4206 inﬁrmitate,

238 4231 329 4286 sed
346 4230 481 4285 vivit
502 4244 573 4284 ex
598 4231 800 4285 virtute
826 4229 941 4286 Dei.
972 4248 991 4282 ι
1021 4226 1221 4284 Iterum
1239 4239 1363 4299 post
1388 4230 1662 4299 aliquanta
1691 4229 1812 4286 loco

234 4331 532 4393 opportuno
557 4322 805 4378 addidit:
837 4340 857 4374 ι
899 4321 1011 4378 Nos
1048 4323 1402 4393 praedicamus
1442 4323 1720 4380 Christum
1755 4330 1813 4380 et

234 4417 375 4472 hunc
393 4413 751 4480 auciﬁxum;
782 4414 973 4485 utique
993 4414 1091 4469 Dei
1112 4414 1365 4469 virtutem
1387 4423 1444 4468 et
1472 4415 1568 4470 Dei
1593 4416 1808 4485 sapien-

1924 3238 2048 3280 eum
2074 3225 2253 3298 (Rom.
2281 3244 2401 3294 vnn,
2430 3231 2543 3304 52).
2584 3235 2653 3290 Et
2690 3245 2747 3292 ut
2793 3239 2996 3309 majore
3022 3258 3122 3300 nos
3146 3247 3504 3310 admiratione

1924 3317 2336 3388 constringeret,
2352 3321 2557 3378 addidit
2579 3339 2884 3384 sermonem
2908 3330 3141 3403 ingentis
3164 3340 3345 3395 arcani
3368 3357 3501 3397 con-

1921 3406 2095 3462 scium
2121 3408 2329 3477 dicens,
2351 3412 2478 3482 quia
2515 3416 2727 3487 proprio
2755 3414 2899 3474 Filio
2932 3422 3037 3476 non
3068 3427 3310 3496 pepercit.
3342 3428 3502 3489 Dixe-

1922 3505 2007 3552 rat
2032 3499 2179 3554 enim
2206 3503 2613 3575 superius,'quia
2639 3507 2804 3563 etiam
2826 3525 2946 3578 nos,
2965 3514 3056 3584 qui
3072 3517 3319 3587 spiritum
3336 3522 3502 3594 adop.

1920 3588 2084 3645 tionis
2108 3593 2436 3662 accepimus,
2492 3595 2616 3651 Filii
2667 3596 2763 3654 Dei
2811 3615 2998 3660 sumus
3053 3606 3242 3679 (1554.,
3274 3610 3384 3683 ιδ).
3421 3588 3500 3669 1i.

1916 3693 2048 3751 ergo
2089 3685 2362 3739 communi
2404 3685 2507 3766 ista
2533 3688 2893 3759 appellatione
2919 3693 3176 3766 ﬁliorum,
3205 3717 3371 3759 unum
3399 3704 3498 3762 ali-

1915 3786 2077 3840 quem
2103 3787 2169 3827 ex
2199 3774 2285 3829 his
2314 3762 2605 3834 tradidisse
2643 3790 2949 3852 putaretur,
2973 3789 3065 3856 qui
3094 3762 3317 3849 invﬁlios
3347 3796 3496 3853 vide-

1914 3862 2115 3917 bantur
2160 3864 2351 3930 asciti,
2381 3866 2605 3934 addidit,
2632 3875 2844 3943 proprio
2896 3874 3078 3942 Filio;
3124 3889 3187 3934 ut
3228 3894 3375 3951 eum,
3401 3887 3495 3957 qui

1913 3953 2062 4009 solus
2088 3968 2154 4010 ex
2183 3953 2302 4023 ipso
2349 3955 2461 4010 Deo
2516 3956 2775 4015 inell‘abili
2829 3965 3113 4023 nativitate
3164 3953 3492 4040 generatur,

1911 4045 2237 4101 ostenderet.
2265 4045 2372 4101 Pro
2393 4047 2550 4102 nobis
2581 4065 2711 4120 ergo
2750 4054 2999 4111 omnibus
3039 4060 3262 4115 tradidit
3285 4077 3430 4119 eum.
3467 4085 3486 4118 ι

1980 4132 2094 4189 LV.
2120 4133 2483 4207 Hieronymus
2510 4154 2725 4212 quoque
2757 4144 2812 4200 in
2852 4145 3108 4205 Tractatu
3137 4151 3206 4208 ad
3228 4153 3492 4225 Ephesios

1911 4227 2050 4283 libro
2076 4229 2315 4285 seclmdo
2353 4230 2534 4286 dixit:
2574 4252 2594 4286 ι
2628 4235 2815 4293 Potest
2843 4253 2973 4312 ergo
3021 4252 3077 4298 et
3118 4245 3222 4301 hoc
3267 4247 3393 4315 dici,
3422 4264 3488 4304 ex

1909 4329 1975 4371 eo
2001 4316 2147 4386 quod
2164 4316 2321 4409 Deus
2337 4318 2501 4376 Pater
2526 4321 2737 4381 Domini
2767 4330 2938 4385 nostri
2964 4329 3093 4388 Jesu
3112 4333 3315 4409 Christi
3330 4335 3488 4407 juxta

1911 4406 2269 4463 substantiam
2309 4408 2475 4467 Pater
2518 4421 2622 4482 est,
2647 4425 2704 4472 et
2732 4420 3041 4493 unigenitus
3074 4441 3183 4483 non
3227 4406 3311 4486 est
3359 4432 3489 4487 ado-

408 4468 417 4469 ,
512 4468 517 4469 κ
574 4468 579 4469 κ
950 4468 963 4470 -
1006 4468 1019 4469 κ
1054 4468 1087 4469 η
1152 4468 1155 4469 ν
1294 4468 1301 4469 κ
1530 4468 1568 4470 κ-
1595 4468 1778 4485 ar-"
2530 4468 2571 4471 η
2609 4468 2622 4482 ,
2656 4468 2702 4472 --
2737 4468 3041 4493 _---,,--..-....
3076 4468 3183 4483 ην..
3227 4468 3311 4486 υς..
3359 4468 3487 4487 ..υν-

235 4468 395 4568 [ιξιώ
424 4503 553 4573 quia
579 4468 975 4575 ῳωέωιιῖιω
1012 4514 1099 4562 ως
1128 4505 1246 4573 δεῖ,
1270 4508 1568 4579 sapientius
1591 4517 1676 4565 εει
1707 4509 1805 4564 ho.
1836 4468 1888 4529 D
1908 4496 2092 4567 ptione
2112 4498 2305 4568 Filius,
2328 4501 2424 4558 sed
2453 4514 2665 4563 natura.
2715 4510 2938 4569 Caetera:
2972 4531 3185 4588 quoque
3222 4531 3487 4583 creatura:

232 4596 485 4661 niuibus,
507 4604 563 4651 et
582 4596 728 4665 quod
749 4595 1024 4653 inﬁrmum
1044 4605 1133 4653 est
1161 4596 1279 4665 Dei,
1302 4595 1497 4655 fortius
1515 4609 1597 4657 est
1629 4599 1805 4656 homi-

230 4688 398 4743 nibus.
458 4684 600 4755 Quid
644 4688 790 4745 enim
844 4696 958 4744 tam
1008 4688 1229 4745 stultum
1277 4698 1334 4746 et
1383 4698 1493 4746 tam
1522 4692 1801 4748 inﬁrmum

231 4780 435 4835 videtur
484 4780 799 4838 hominibus
846 4781 1160 4848 incredulis,
1200 4797 1365 4853 quam
1401 4799 1524 4840 cum
1574 4787 1802 4841 audiunt

230 4869 385 4925 Deum
415 4869 518 4926 Dei
552 4869 750 4928 Filium
793 4872 1149 4929 cruciﬁxum?
1191 4872 1299 4929 Sed
1336 4874 1536 4944 placuit
1563 4876 1676 4931 Deo
1700 4892 1803 4946 per

227 4960 506 5017 stultitiam
552 4962 950 5034 praedicationis
996 4964 1174 5021 salvos
1229 4963 1414 5022 facere
1462 4967 1751 5024 credentes
1775 5010 1792 5036 ,

227 5051 339 5119 Quia
363 5050 421 5107 in
447 5051 557 5108 hoc
608 5052 843 5110 maxime
868 5052 1003 5110 ﬁdes
1027 5063 1215 5111 nostra
1237 5056 1504 5121 consistit,
1530 5064 1592 5112 ut
1605 5058 1794 5114 creda-

224 5155 336 5200 ιιι
370 5145 599 5199 unicum
633 5144 831 5201 Filium
858 5144 976 5212 Dei,
1001 5162 1109 5202 non
1154 5146 1485 5217 adoptivum,
1515 5149 1608 5205 sed
1660 5165 1787 5221 pro-

223 5234 425 5303 prium;
455 5249 567 5291 non
587 5235 1013 5307 pbantasticum,
1034 5238 1130 5294 sed
1153 5253 1372 5305 verum;
1426 5254 1534 5295 non
1587 5250 1792 5311 tempo-

281 5403 498 5480 ξηαπς
530 5405 747 5480 Leporii
792 5406 1035 5480 libellum
1073 5406 1216 5479 typis
1262 5408 1502 5480 vulgavit
1550 5411 1791 5465 omnium

220 5474 418 5552 primus
438 5476 785 5552 Sirmondus,
810 5474 1235 5552 cujus_0pérum
1272 5474 1403 5533 toni.
1442 5480 1485 5552 l,_
1510 5494 1631 5552 pag.
1663 5480 1789 5545 205,

221 5547 456 5603 invenies
488 5547 790 5619 Iocumibic
822 5548 1185 5619 descriptum;
1233 5563 1393 5619 quem
1418 5547 1795 5619 etianflaudn-

218 5625 338 5671 rlmt
358 5618 651 5690 Cassianus
675 5618 802 5690 libr.
839 5635 856 5690 ι
896 5620 966 5672 de
1004 5617 1394 5690 lncarn.,‘eap.
1449 5621 1528 5685 Il,
1560 5617 1795 5677 Joannes

216 5689 480 5746 secundus
513 5689 678 5761 epist.
708 5689 777 5744 ad
822 5689 1106 5755 Avienum,
1138 5698 1192 5745 et
1234 5690 1519 5748 Facundus
1549 5690 1794 5745 llermia-

1903 4591 2249 4659 paternitatis
2275 4606 2472 4650 nomen
2496 4599 2783 4669 adoptione
2829 4614 3162 4662 meruerunt.
3213 4608 3484 4686 Quidquid

1903 4690 2083 4738 autem
2104 4686 2172 4739 de
2192 4683 2352 4741 Patre
2375 4695 2431 4742 et
2450 4685 2588 4743 Filio
2615 4688 2863 4755 dicimus,
2891 4694 2994 4749 hoc
3020 4696 3256 4756 sciamus
3279 4683 3482 4760 dictum

1902 4787 2024 4829 esse
2052 4774 2119 4830 de
2141 4772 2344 4844 Spiritu
2373 4785 2578 4831 sancto.
2613 4776 2746 4833 Nam
2788 4787 2843 4834 et
2876 4779 3125 4841 Salvator
3148 4797 3335 4846 noster
3380 4790 3480 4848 Pa-

1900 4872 2042 4920 trem
2066 4878 2186 4921 esse
2212 4881 2273 4922 se
2299 4867 2451 4921 novit
2473 4868 2660 4923 dicens
2689 4886 2701 4921 :
2730 4866 2862 4936 Fili,
2885 4871 3225 4933 (inmittuntur
3251 4881 3344 4934 tibi
3361 4898 3483 4951 pec-

1898 4965 2018 5010 cata
2047 4954 2242 5026 (Marc.
2275 4973 2346 5021 ιι,
2372 4956 2450 5028 5).
2478 4957 2545 5012 Et
2568 4973 2583 5013 :
2612 4957 2778 5028 Filia,
2798 4960 2929 5030 ﬁdes
2955 4974 3047 5019 tua
3072 4976 3121 5022 te
3139 4968 3335 5023 salvam
3353 4969 3479 5039 fecit

1899 5047 2131 5122 (Matth.
2166 5065 2244 5115 ιιι,
2267 5048 2400 5120 22).
2454 5049 2521 5105 Et
2549 5068 2563 5106 :
2597 5050 2782 5109 Filioli
2834 5058 2958 5124 mei,
2991 5059 3165 5114 adhuc
3212 5059 3474 5116 modicum

1896 5142 2159 5197 vobiscum
2185 5158 2302 5196 sum
2330 5140 2514 5214 (Joan.
2538 5160 2660 5210 mn,
2691 5144 2800 5216 15).
2832 5146 2899 5202 Et
2927 5163 3024 5219 per
3054 5147 3319 5219 Spiritum
3351 5164 3477 5207 san-

1894 5239 2041 5287 ctum
2060 5229 2192 5300 justi
2223 5231 2421 5301 quique
2449 5232 2774 5303 adoptantur
2797 5236 2852 5289 in
2877 5235 3032 5291 ﬁlios.
3069 5255 3089 5289 ι

1896 5408 2078 5466 nensis
2106 5408 2232 5463 libr.
2262 5424 2303 5473 ι,
2330 5421 2451 5473 cap.
2479 5408 2532 5463 4.
2673 5460 2676 5464 λ

1967 5481 1997 5520 b
2052 5478 2326 5555 Victorem
2383 5478 2697 5555 Capuanum
2758 5478 2934 5555 simile
3005 5483 3132 5555 quid
3184 5484 3469 5555 scripsisse

1898 5564 2059 5605 nemo
2087 5549 2225 5603 alius
2252 5557 2497 5623 veterum
2525 5549 3458 5623 velArecentiomm‘incminiL'Qca-
3536 5580 3539 5581 ν

1898 5629 2322 5697 propterppenn
2345 5618 2575 5697 pretium
2606 5618 2767 5677 fuerit
2793 5620 2858 5676 de
2908 5624 3007 5679 hoc
3038 5639 3198 5697 opere
3234 5618 3463 5681 Victoris

1900 5688 2209 5761 diligentius
2234 5688 2527 5757 inquirere.
