3952 6184
326 234 424 289 illi

1171 230 1233 285 Β.
1274 227 1335 285 F.
1378 228 1599 284 ALBINI
1641 229 1771 286 SEU
1810 228 2085 287 ALCUINI
2143 228 2424 289 OPERUM
2459 233 2636 290 PARS
2672 234 2757 288 III.

3482 232 3586 286 Hi

402 345 532 401 LVI.
581 343 689 401 Nec
724 359 832 401 non
863 350 915 400 et
952 342 1269 398 Ambrosius
1318 341 1734 397 Mediolanensis
1761 341 1911 397 urbis
1936 347 1990 406 Α
2015 343 2237 401 alterius
2288 345 2480 419 Hdde,
2507 346 2787 419 pepulnm]
2824 346 3030 401 salvum
3080 344 3258 401 faciet.
3309 342 3491 400 Unde?
3540 348 3585 400 A

316 440 770 511 archiepiscopus
803 438 857 492 in
900 436 1038 491 libro
1064 436 1131 490 ad
1159 434 1475 490 Gratianum
1528 434 1909 503 imperatorem

332 534 537 590 directo
575 532 653 587 sic
703 532 779 586 ait
823 542 847 571 ι
886 544 900 582 :
940 548 957 580 ‹
1004 528 1197 596 Qnmso
1247 526 1442 599 [Edit.,
1470 524 1675 597 quaero]
1728 534 1909 579 autem

333 623 475 698 [cur]
506 640 613 679 non
654 628 845 693 putent
876 620 1303 676 subaudiendum
1334 626 1389 672 et
1430 631 1493 671 ex
1542 616 1911 685 superioribus

331 716 720 786 colligendum;
768 722 848 777 ut,
876 713 1003 782 quia
1032 710 1295 780 prtemisit
1323 708 1496 764 solum
1526 723 1713 761 verum
1740 707 1911 762 Deum

332 807 571 868 Patrem,
599 804 983 860 subaudiamus
1005 803 1166 856 etiam
1194 800 1377 854 Iesum
1419 798 1696 853 Christum
1738 798 1911 854 solum

330 912 521 954 verum
548 896 752 952 Deum?
802 894 1224 964 Erprimendum
1253 892 1396 945 enim
1433 890 1590 944 aliter
1639 906 1744 944 non
1791 889 1909 955 fuit,

329 1003 402 1044 ne
424 989 561 1043 duos
589 988 768 1043 dicere
793 985 1087 1039 videretur.
1125 981 1260 1035 Nam
1302 996 1476 1051 neque
1515 981 1649 1035 duos
1686 980 1916 1035 dicimus

336 1079 505 1143 Deos;
528 1086 583 1131 et
607 1075 845 1144 ejusdem
868 1090 990 1129 cum
1016 1072 1177 1126 Patre
1203 1070 1543 1144 [divinitatis]
1571 1069 1765 1125 Filium
1789 1086 1916 1125 con-

335 1168 573 1223 ﬁtemnr.
618 1167 805 1235 Itaque
855 1178 1178 1234 qumramus,
1208 1176 1313 1231 qua
1362 1161 1570 1215 ratione
1621 1160 1917 1215 divinitatis

334 1262 424 1316 hic
461 1269 651 1332 putent
678 1259 874 1314 factam
900 1274 1020 1314 esse
1046 1258 1380 1323 distantiam,
1406 1264 1585 1311 utrum
1628 1255 1801 1310 Deum
1828 1270 1920 1310 ne-

336 1361 463 1425 gent
488 1351 795 1407 Christum?
824 1349 931 1405 Sed
954 1365 1154 1420 negare
1175 1363 1281 1403 non
1305 1358 1552 1419 possunt.
1577 1346 1684 1401 Aut
1715 1346 1914 1419 [Edit.,

335 1442 441 1516 An]
470 1458 658 1499 verum
688 1440 857 1495 Deum
889 1440 1124 1510 negent?
1170 1437 1276 1494 Sed
1301 1438 1503 1502 dicant,
1528 1437 1574 1492 si
1606 1451 1793 1491 verum
1824 1450 1917 1491 ne-

336 1546 484 1608 gant,
518 1545 699 1591 utrum
750 1535 967 1599 falsum,
1010 1549 1079 1588 an
1118 1534 1538 1603 nuncupativum
1568 1533 1736 1588 Deum
1766 1530 1917 1600 judi-

338 1628 497 1683 cent?
523 1627 658 1680 Nam
685 1625 981 1680 secundum
1010 1623 1322 1695 Scripturas
1348 1632 1441 1678 aut
1460 1640 1619 1679 verus
1646 1625 1787 1679 Deus
1810 1632 1914 1688 est,

2010 440 2246 507 peccatis
2274 453 2481 495 eorum.
2516 440 2649 495 Esse
2700 440 2889 506 Deum,
2916 440 3007 508 qui
3051 446 3271 507 peccata
3317 438 3502 503 donat,
3538 440 3585 493 si

2010 527 2333 584 Christianis
2352 546 2458 585 non
2488 531 2856 596 credis,crede
2880 529 3246 584 inﬁdelissime
3271 528 3359 583 vel
3385 526 3589 586 Iudaeis

2011 619 2353 675 dicentibus:
2385 621 2517 676 Cum
2566 622 2639 675 sis
2685 621 2859 686 homo,
2886 620 3018 689 facis
3073 622 3291 690 teipsum
3349 619 3519 674 Deum
3567 635 3586 672 :

2012 726 2158 764 nemo
2180 720 2343 780 potest
2364 720 2575 781 peccata
2594 712 2852 766 dimittere
2864 712 2963 766 nisi
2984 711 3126 765 solus
3150 711 3292 765 Deus
3323 710 3507 783 (Ioan.
3531 727 3589 768 ι.

2011 799 2111 865 35;
2155 801 2326 855 Marc.
2357 819 2421 868 ιι,
2450 802 2525 875 7).
2577 801 2657 856 Illi
2707 816 2831 857 eum
2875 811 3076 873 negant
3121 802 3311 867 Deum,
3345 801 3436 871 qui
3464 818 3589 857 cum

2012 900 2231 960 peccata
2252 893 2568 959 dimitteret,
2592 910 2699 949 non
2724 892 3036 949 credebant.
3064 892 3144 946 Tn
3174 893 3242 947 ab
3276 905 3345 949 eo
3389 890 3590 948 dimitti

2015 984 2211 1048 credis,
2237 992 2293 1039 et
2322 985 2492 1041 Deum
2520 986 2734 1041 dubitas
2768 985 3033 1043 conﬁteri.
3057 984 3292 1040 Verbum
3331 998 3460 1039 caro
3508 982 3587 1038 fa-

2016 1084 2163 1129 ctum
2191 1084 2293 1141 est,
2322 1084 2381 1129 nt
2431 1077 2593 1132 homo
2641 1091 2766 1131 caro
2813 1084 3225 1146 promoveretur
3268 1074 3325 1129 in
3360 1073 3589 1145 gloriam

2018 1165 2134 1229 Dei,
2165 1180 2273 1221 non
2298 1174 2357 1219 ut
2404 1166 2547 1221 Deus
2582 1174 2884 1222 verteretur
2911 1167 2965 1221 in
3010 1180 3251 1230 carnem,
3277 1165 3418 1219 sicut
3459 1163 3593 1219 dicit

2016 1259 2333 1329 Apostolus:
2354 1258 2456 1327 Qui
2485 1274 2542 1313 se
2563 1259 2742 1330 jungit
2770 1259 2995 1314 Domino
3022 1273 3162 1312 unus
3188 1258 3411 1327 spiritus
3435 1264 3538 1313 est.
3568 1276 3587 1308 ι

2019 1348 2479 1416 Quemadmodum
2516 1350 2659 1405 idem
2687 1364 2902 1419 quoque
2930 1349 2984 1403 in
3023 1347 3191 1402 altera
3230 1346 3452 1402 homilia
3498 1357 3521 1386 ο
3576 1364 3591 1399 :

2025 1458 2043 1492 ι
2071 1439 2242 1495 Homo
2280 1449 2363 1495 est
2388 1440 2567 1495 anima
2601 1448 2656 1496 et
2689 1456 2821 1495 caro
2855 1458 2869 1494 :
2901 1440 2979 1495 sic
3006 1447 3151 1495 esset
3174 1438 3424 1493 Christus
3451 1435 3595 1492 Dens

2019 1540 2075 1585 et
2094 1533 2256 1587 homo
2290 1532 2469 1587 :idem
2492 1531 2657 1597 Deus,
2685 1532 2777 1603 qui
2826 1532 3006 1596 homo,
3038 1538 3094 1585 et
3136 1529 3228 1598 qui
3258 1527 3399 1584 Deus
3451 1528 3597 1583 idem

2020 1622 2204 1687 homo,
2226 1638 2332 1677 non
2361 1623 2677 1677 confusione
2715 1631 2952 1686 naturaz,
2976 1622 3070 1677 sed
3097 1621 3303 1675 unitate
3330 1634 3593 1689 personui.

339 1727 433 1771 aut
458 1717 826 1771 tantummodo
860 1716 1273 1784 nuncupativus,
1298 1723 1391 1768 aut
1416 1714 1602 1769 falsus.
1633 1715 1823 1779 Verus,
1855 1724 1914 1770 nt
1947 1709 1993 1771 Β
2020 1715 2262 1784 Denique
2299 1715 2391 1784 qui
2428 1715 2599 1770 Filius
2626 1716 2720 1771 Dei
2749 1715 3096 1785 generatione
3125 1720 3431 1768 coaeternus
3454 1727 3595 1767 sem-

337 1811 524 1876 Pater;
555 1809 974 1879 nuncupativns,
1001 1816 1061 1862 ut
1086 1808 1294 1872 sancti;
1332 1807 1522 1870 falsus,
1546 1814 1607 1861 ut
1646 1807 1921 1862 daemones

337 1906 499 1968 atque
523 1899 831 1953 simulacra.
861 1898 1052 1952 Dicant
1080 1898 1243 1968 igitur
1267 1912 1373 1966 qua
1414 1896 1608 1951 Filium
1654 1897 1749 1952 Dei
1795 1913 1923 1952 con-

337 1987 573 2045 fessione
604 1990 916 2060 designent;
971 1995 1156 2043 utrum
1213 1987 1351 2043 falso
1402 1996 1732 2058 praereptum
1786 1987 1917 2059 [Al.,

336 2080 753 2153 pmsnmptum]
786 2079 880 2135 Dei
910 2094 1126 2144 nomen,
1152 2095 1219 2134 an
1243 2096 1374 2135 vero
1406 2099 1418 2133 :
1458 2080 1566 2134 Aut
1591 2081 1743 2149 quasi
1787 2097 1924 2135 nun-

338 2174 593 2243 cnpativo
620 2172 1027 2241 inspirationem
1052 2179 1263 2225 tantum
1289 2172 1588 2227 divinitatis
1616 2172 1793 2227 inesse
1830 2187 1922 2225 ar—

334 2263 642 2319 bitrentur?
685 2262 847 2317 Falso
887 2270 1211 2332 praereptum
1259 2278 1456 2318 nomen
1484 2279 1591 2319 non
1622 2272 1753 2335 puto
1783 2264 1927 2333 quod

335 2354 539 2419 dicant,
570 2363 629 2409 ut
659 2356 931 2426 apertiore
957 2372 1015 2412 se
1043 2357 1270 2413 crimine
1308 2358 1601 2428 impietatis
1630 2358 1919 2421 involvant,

337 2458 408 2498 ne
439 2453 499 2499 ιιι
530 2446 810 2500 daemoniis
836 2452 890 2500 et
914 2446 1236 2509 simulacris,
1264 2446 1340 2500 ita
1367 2447 1533 2501 etiam
1573 2446 1792 2502 Christo
1831 2445 1924 2499 fal-

335 2551 457 2590 sum
488 2535 585 2589 Dei
616 2536 847 2589 inditum
873 2550 1073 2590 nomen
1100 2536 1424 2590 insinuando
1452 2551 1510 2589 se
1562 2536 1810 2604 prodant.
1864 2534 1921 2589 Si

335 2634 520 2681 autem
549 2625 670 2681 ideo
697 2625 866 2681 Deum
897 2634 1089 2696 putant
1110 2626 1334 2690 dictum,
1358 2626 1484 2695 quia
1510 2626 1920 2696 inspirationem

338 2716 638 2771 divinitatis
662 2716 870 2781 habuit,
892 2716 1032 2770 sicut
1062 2724 1117 2770 et
1140 2715 1293 2770 multi
1315 2716 1485 2771 sancti
1508 2716 1608 2769 viri
1636 2716 1750 2785 (cos
1774 2714 1919 2769 enim

337 2805 617 2876 Scriptura
632 2806 771 2861 Deos
795 2805 952 2869 dixit,
970 2805 1035 2859 ad
1052 2820 1190 2874 quos
1207 2806 1365 2875 777
1385 2820 1565 2861 sermo
1592 2804 1753 2859 ﬁebat
1780 2804 1918 2875 Dei).

336 2899 481 2971 Ergo
511 2913 617 2952 non
648 2897 789 2951 ultra
819 2897 1067 2952 homines
1096 2912 1219 2950 eum
1250 2895 1566 2965 praeferunt,
1588 2897 1682 2951 sed
1708 2910 1925 2965 compa-

338 2991 570 3046 randum
596 2989 908 3044 hominibus
946 2989 1304 3053 arbitrantur,
1336 2996 1397 3043 ut
1421 2989 1524 3044 hoc
1564 3002 1688 3043 eum
1734 2995 1927 3057 putent

336 3096 479 3146 esse,
504 3080 647 3151 quod
679 3079 989 3134 hominibus
1012 3080 1127 3149 ipse
1151 3079 1388 3134 donavit.
1430 3098 1449 3131 ι
1493 3078 1622 3133 Item
1654 3080 1767 3149 ipse
1802 3086 1924 3149 post
1949 3070 1996 3132 C

336 3187 549 3242 pauca:
588 3189 605 3221 ι
638 3170 888 3238 Quicum
920 3169 1109 3241 legerit
1137 3168 1328 3242 [Edit.,
1355 3167 1580 3241 legeret]
1618 3170 1671 3223 in
1718 3170 1926 3239 psalmo

344 3263 581 3318 secundo
602 3263 873 3317 dicentem
895 3262 1035 3316 Filio
1061 3260 1280 3315 Patrem
1310 3259 1403 3314 ιβ
1408 3260 1529 3314 ilius
1572 3277 1717 3314 meus
1753 3277 1807 3315 es
1848 3271 1922 3325 tu,

340 3372 434 3425 ego
478 3354 632 3407 hodie
678 3355 833 3423 genui
892 3363 941 3406 te
978 3350 1149 3424 (Psal.
1187 3369 1258 3418 ιι,
1292 3352 1376 3422 7);
1430 3352 1705 3406 adnotavit
1752 3352 1925 3417 hodie,

344 3460 453 3500 non
480 3444 621 3509 heri,
655 3445 721 3497 ad
750 3444 1111 3498 aaternitatem
1139 3444 1337 3498 divinae
1374 3443 1741 3512 generationis
1789 3442 1929 3498 refe-

343 3552 491 3597 rens.
521 3534 664 3605 quod
696 3535 762 3589 de
789 3535 972 3591 carnis
1010 3536 1377 3604 assumptione
1420 3543 1777 3589 memoratum
1824 3542 1927 3589 est.

345 3626 549 3681 Sancto
581 3623 744 3695 igitur
774 3622 977 3693 Spiritu
1027 3623 1265 3693 repletus
1315 3623 1622 3692 Apostolus,
1670 3631 1733 3678 ut
1781 3623 1926 3679 illam

339 3716 568 3773 elideret
594 3716 910 3780 stevitatem,
934 3717 1013 3771 ait
1045 3732 1061 3770 :
1091 3716 1222 3771 Heri
1250 3726 1297 3770 et
1318 3717 1472 3771 hodie
1501 3718 1607 3788 ipse
1631 3728 1707 3772 est
1737 3720 1793 3773 in
1818 3736 1923 3773 ειε-

341 3808 463 3863 cula
500 3807 687 3875 (Hebr.
716 3824 837 3873 xui,
866 3807 942 3878 8).
973 3806 1123 3873 Heri,
1150 3816 1373 3877 propter
1391 3809 1779 3875 aeternitatem;
1828 3809 1923 3863 ho-

344 3901 448 3968 die,
462 3911 684 3973 propter
698 3901 941 3972 corporis
958 3903 1378 3972 susceptionem.
1403 3902 1500 3957 Est
1519 3918 1647 3973 ergo
1661 3902 1927 3970 Christus,

344 4001 399 4049 et
420 4004 502 4050 est
524 4010 768 4066 semper;
798 3994 890 4066 qui
912 3995 1057 4050 enim
1080 4001 1193 4058 est,
1229 4009 1444 4064 semper
1479 4003 1581 4050 est.
1625 4015 1643 4047 ι

403 4084 569 4151 ,ιγιι
598 4085 729 4140 Item
757 4102 974 4157 quoque
999 4088 1054 4141 in
1084 4086 1347 4143 Sermone
1367 4087 1623 4143 deNatali
1647 4090 1859 4145 Domini
1877 4091 1926 4145 δε

351 4193 370 4225 ι
412 4174 649 4228 Andiant
678 4176 771 4244 qui
802 4178 1087 4245 requirunt
1123 4178 1245 4246 quis
1284 4186 1367 4233 est
1410 4179 1503 4248 qui
1543 4188 1702 4235 natus
1744 4188 1827 4235 est
1864 4182 1931 4237 de

348 4266 550 4321 Maria?
591 4265 775 4322 Pariet
814 4267 1035 4333 Filium,
1077 4270 1253 4338 inquit
1296 4272 1541 4341 angelus,
1568 4282 1621 4328 et
1664 4275 1932 4330 vocabunt

2022 1822 2119 1877 per
2154 1822 2221 1861 ex
2250 1806 2431 1872 Patre,
2460 1807 2601 1862 idem
2630 1806 2799 1861 Filius
2818 1805 3053 1861 hominis
3075 1819 3197 1860 esse
3217 1804 3381 1873 coepit
3406 1817 3473 1858 ex
3495 1803 3603 1857 vir-

2023 1899 2166 1969 gine,
2197 1913 2261 1953 ac
2280 1899 2357 1953 sic
2378 1900 2540 1953 etiam
2568 1898 2691 1953 Filii
2711 1897 2979 1953 divinitati
3008 1903 3093 1951 est
3136 1895 3315 1950 addita
3356 1893 3602 1949 humani-

2024 1999 2126 2052 tas.
2159 2000 2215 2046 et
2254 2000 2433 2046 tamen
2460 2006 2563 2045 non
2601 1998 2685 2045 est
2708 2003 3060 2059 personarum
3079 1986 3221 2043 facta
3242 1987 3601 2057 quaternitas.

2025 2083 2120 2137 sed
2177 2087 2463 2152 permanet
2509 2080 2765 2136 Trinitas.
2821 2079 2941 2135 Non
2985 2092 3113 2149 ergo
3153 2079 3310 2134 nobis
3352 2078 3609 2147 subrepat

2024 2173 2380 2241 quorumdam
2408 2173 2676 2229 sententia
2703 2174 2883 2227 minus
2907 2180 3237 2227 attentorum
3270 2170 3326 2225 in
3367 2169 3606 2240 regulam

2026 2265 2148 2321 ﬁdei
2180 2275 2234 2321 et
2262 2267 2316 2320 in
2349 2266 2750 2336 Scripturarnm
2784 2265 3006 2320 oracula
3044 2264 3367 2319 divinarum.
3408 2262 3607 2316 Dicunt

2023 2361 2167 2416 enim
2200 2378 2213 2413 :
2246 2359 2343 2425 Qui
2376 2359 2516 2413 ﬁlius
2544 2368 2627 2412 est
2668 2358 2924 2422 hominis,
2956 2357 3130 2411 factus
3163 2365 3248 2411 est
3275 2356 3443 2409 Filius
3474 2354 3605 2420 Dei;

2022 2452 2115 2522 qui
2142 2453 2271 2505 véro
2298 2450 2465 2503 Filius
2494 2459 2578 2504 est
2603 2450 2718 2514 Dei,
2741 2466 2847 2505 non
2871 2458 2957 2505 est
2980 2450 3153 2504 factus
3180 2449 3322 2503 ﬁlius
3347 2449 3605 2505 hominis.

2021 2539 2136 2595 Hoc
2161 2541 2305 2608 quod
2325 2538 2589 2601 dicerent,
2606 2540 2750 2609 quod
2770 2554 2960 2594 verum
2991 2548 3073 2594 est
3105 2554 3212 2595 non
3234 2539 3603 2605 attenderunt,

2021 2640 2077 2687 et
2103 2646 2290 2686 verum
2336 2631 2481 2701 loqui
2529 2646 2637 2686 non
2666 2632 2968 2686 voluerunt.
3016 2631 3155 2699 Quid
3179 2631 3326 2687 enim
3361 2633 3610 2687 attende-

2021 2733 2168 2789 runt,
2200 2724 2305 2779 nisi
2346 2724 2635 2792 quamdam
2681 2725 2976 2779 humanam
3026 2733 3278 2778 naturam
3321 2725 3499 2794 potuit
3548 2726 3606 2779 in

2020 2816 2214 2871 melius
2238 2822 2598 2880 commutare,
2630 2816 2681 2870 in
2715 2816 2954 2869 deterius
2999 2822 3177 2869 autem
3212 2816 3448 2870 divinam
3498 2831 3606 2871 non

2022 2906 2231 2975 potuit?
2269 2904 2383 2960 Hoc
2424 2919 2613 2958 verum
2651 2912 2753 2960 est.
2784 2903 2892 2960 Sed
2926 2906 3090 2960 etiam
3128 2905 3207 2961 sic
3233 2905 3377 2959 idem
3405 2920 3610 2976 nequa-

2025 3014 2188 3068 quam
2210 2998 2266 3051 in
2298 2998 2534 3052 deterius
2562 2997 2840 3052 divinitate
2887 3006 3115 3063 mutata,
3147 2997 3381 3052 Verbum
3425 3005 3605 3053 tamen

2028 3106 2156 3145 caro
2182 3090 2385 3145 factum
2414 3097 2514 3145 est.
2543 3088 2728 3159 Neque
2765 3090 2910 3143 enim
2943 3090 3020 3143 ait
3045 3090 3424 3159 Evangelium;
3480 3104 3607 3144 caro

2026 3182 2264 3237 Verbum
2292 3180 2434 3235 facta
2463 3188 2575 3247 est;
2606 3182 2721 3246 sed,
2739 3182 2973 3236 Verbum
2995 3196 3125 3236 caro
3147 3179 3366 3235 factum.
3386 3179 3443 3235 Si
3473 3195 3602 3249 ergo

2028 3270 2265 3324 Verbum
2295 3269 2469 3334 Deus,
2500 3278 2555 3323 et
2592 3270 2754 3324 homo
2782 3284 2932 3333 caro,
2965 3269 3095 3340 quid
3142 3277 3227 3325 est
3272 3269 3440 3335 aliud,
3468 3271 3603 3325 Ver-

2028 3362 2155 3417 bum
2183 3361 2385 3416 l‘actum
2409 3368 2493 3416 est
2521 3376 2669 3425 caro,
2697 3361 2802 3415 nisi
2830 3361 2921 3430 qui
2946 3361 3089 3415 Deus
3114 3368 3267 3425 erat,
3306 3360 3484 3415 factus
3526 3370 3611 3416 est

2029 3453 2211 3517 homo,
2240 3459 2296 3506 et
2326 3467 2424 3522 pro
2452 3452 2576 3517 hoc,
2600 3452 2743 3521 quod
2776 3461 2897 3507 erat
2938 3451 3035 3506 Dei
3082 3450 3273 3516 Filius,
3309 3449 3482 3508 factus
3526 3461 3611 3507 est

2031 3544 2264 3598 hominis
2288 3542 2451 3598 ﬁlius.

2101 3635 2278 3689 LVIII.
2296 3634 2339 3688 A
2349 3636 2626 3690 thanasins
2646 3650 2860 3707 quoque
2882 3634 2933 3690 in
2946 3634 3292 3706 Expositione
3304 3634 3426 3689 ﬁdei
3444 3632 3585 3690 sua:d
3593 3651 3609 3689 :

2037 3743 2055 3775 ι
2092 3724 2149 3779 Si
2183 3726 2307 3796 quis
2347 3740 2477 3782 vero
2512 3728 2770 3781 adversus
2806 3726 3016 3782 divinas
3068 3725 3381 3795 Scripturas
3432 3725 3613 3792 docet,

2031 3815 2193 3869 alium
2224 3817 2408 3870 dicens
2430 3814 2626 3870 Filium
2657 3817 2769 3880 Dei,
2798 3824 2853 3869 et
2881 3815 3046 3869 alium
3076 3816 3170 3884 qui
3196 3830 3261 3869 ex
3306 3814 3471 3869 Maria
3506 3815 3617 3871 vir-

2032 3908 2157 3979 gine
2182 3907 2457 3962 hominem
2499 3907 2793 3962 secundum
2831 3906 3062 3975 gratiam
3108 3906 3440 3975 adoptatum,
3472 3906 3615 3961 sicut

2034 4009 2091 4055 et
2118 4015 2240 4063 nos,
2262 3999 2416 4067 quasi
2441 4007 2623 4053 essent
2651 3998 2757 4053 duo
2783 3996 2900 4063 ﬁlii,
2926 4010 3065 4050 unus
3110 3998 3405 4051 secundum
3454 4006 3615 4052 natu-

2038 4108 2179 4156 ram,
2206 4092 2297 4160 qui
2325 4107 2392 4145 ex
2418 4090 2557 4156 Deo;
2589 4097 2645 4144 et
2680 4088 2975 4143 secundum
3000 4088 3254 4158 gratiam,
3284 4087 3377 4157 qui
3401 4103 3467 4142 ex
3500 4087 3616 4141 Ma.

2038 4184 2118 4238 ria
2143 4200 2156 4235 :
2182 4190 2274 4235 aut
2295 4188 2557 4235 mutatam
2586 4180 2843 4235 deitatem
2867 4179 2919 4232 in
2954 4179 3177 4234 carnem
3205 4187 3260 4233 et
3300 4178 3616 4244 confusam;

2038 4281 2132 4327 aut
2157 4272 2467 4336 alienatam,
2491 4279 2583 4325 aut
2606 4269 2919 4341 passibilem
2944 4269 3156 4323 Domini
3184 4270 3468 4336 deitatem;
3519 4278 3615 4326 aut

352 4370 549 4412 nomen
572 4354 690 4423 ejus
719 4354 903 4410 Iesum
937 4357 1088 4428 (Luc.
1119 4375 1160 4423 ι,
1182 4358 1294 4428 al).
1321 4361 1498 4425 Quare
1524 4363 1743 4418 Iesum?
1791 4365 1935 4436 Apo-
1971 4435 1978 4436 ί
2036 4365 2422 4419 inadorandam
2444 4364 2499 4418 in
2522 4363 2618 4417 ﬁlii
2645 4362 2727 4417 sui
2757 4375 2997 4425 carnem,
3023 4361 3164 4415 hunc
3199 4363 3618 4418 anathematizat

350 4446 519 4502 stolus
543 4447 688 4502 dicat
721 4465 733 4499 :
775 4443 840 4499 Ut
863 4447 917 4499 in
947 4448 1155 4501 nomine
1180 4447 1307 4502 Iesu
1331 4466 1479 4503 omne
1522 4468 1655 4521 genu
1690 4435 1934 4522 ﬂectatur
1962 4435 2012 4496 υ
2038 4465 2224 4511 sancta
2250 4456 2517 4511 catholica
2540 4463 2595 4509 et
2618 4453 2911 4523 apostolica
2937 4452 3198 4506 Ecclesia.
3234 4472 3253 4505 ι

350 4537 654 4603 εωιεδιὶιιηι,
679 4538 1002 4592 terrestrium
1030 4548 1078 4592 et
1109 4537 1435 4607 infernarum
1474 4539 1695 4612 (Philip.
1719 4560 1755 4597 ιι
1779 4584 1792 4605 ,
1819 4545 1927 4615 10).

351 4626 418 4680 Ει
446 4635 501 4680 ιιι
528 4630 657 4697 quid
684 4630 755 4683 sit
780 4627 957 4696 Iesus,
975 4628 1190 4683 dolosus
1213 4630 1458 4698 cognitor
1479 4632 1728 4701 requiris.
1748 4632 1932 4689 Omnis

352 4716 457 4785 iam
483 4716 663 4788 lingua
693 4721 987 4789 conﬁtetur,
1021 4722 1145 4791 quia
1174 4720 1432 4776 Dominus
1473 4722 1627 4778 Iesus
1665 4726 1723 4778 in
1764 4725 1934 4795 gloria

352 4824 425 4869 est
452 4812 550 4868 Dei
575 4810 753 4867 Patris
783 4814 1096 4885 (Ibid.,ll).
1127 4815 1195 4870 Et
1225 4823 1283 4871 tu
1308 4816 1485 4871 adhuc
1509 4818 1669 4873 modo
1690 4820 1817 4887 quid
1842 4820 1934 4886 sit,

353 4904 602 4975 nequiter
641 4904 1025 4972 perscrutaris.
1066 4904 1207 4960 Audi
1257 4908 1434 4961 adhuc
1477 4909 1605 4978 quid
1634 4909 1706 4964 sit
1731 4907 1929 4966 Iesus:

354 5002 540 5057 Parias
558 4998 778 5065 Filium,
795 5008 844 5055 et
864 5001 1067 5055 vocabis
1089 5017 1275 5056 nomen
1299 5002 1412 5071 ejus
1433 5004 1649 5070 Iesum;
1669 5006 1777 5075 ipse
1798 5006 1936 5060 enim

353 5092 554 5147 salvum
598 5092 755 5164 faciet
800 5091 1049 5163 populum
1084 5108 1238 5146 suum
1263 5109 1296 5145 a
1332 5096 1555 5162 peccatis
1581 5112 1781 5150 eorum.
1821 5096 1939 5151 Non

428 5275 456 5304 ι
497 5262 558 5319 S.
605 5264 860 5323 Ambros.
911 5266 1004 5322 lib.
1047 5281 1101 5333 ν,
1131 5266 1196 5322 de
1236 5266 1386 5332 Fide,
1438 5282 1556 5338 cap.
1593 5269 1643 5335 l,
1674 5285 1824 5325 num.
1868 5270 1939 5326 20

355 5340 413 5478 fi
428 5348 689 5478 mm
711 5407 815 5464 iste
844 5407 901 5462 S.
943 5408 1214 5465 Ambrosii
1257 5408 1568 5478 ignoratur;
1618 5426 1719 5466 nec
1758 5419 1940 5469 textus

358 5473 461 5529 iste
487 5474 757 5544 reperitur
784 5478 924 5532 inter
946 5494 1223 5535 sermones
1246 5473 1310 5536 de
1329 5478 1505 5534 Natali
1526 5481 1736 5536 Domini
1764 5482 1939 5539 eidem

360 5552 548 5616 sancto
575 5543 724 5598 Patri
750 5544 887 5600 falso
908 5550 1190 5616 ascriptos.

433 5625 454 5653 ο
501 5613 649 5670 Hanc
673 5630 886 5687 quoque
913 5613 1187 5673 homiliam
1223 5618 1367 5675 inter
1393 5634 1559 5691 opera
1580 5619 1635 5675 S.
1670 5621 1943 5679 Ambrosii

2109 4546 2242 4601 LIX.
2259 4546 2594 4617 Augustinus
2620 4560 2837 4615 quoque
2864 4545 2918 4598 in
2948 4543 3087 4597 libro
3110 4542 3186 4598 De
3216 4553 3405 4600 sancta
3426 4546 3623 4601 divini-

2039 4648 2150 4693 tate
2176 4637 2284 4709 [Ita
2314 4639 2429 4692 cod.
2447 4638 2594 4707 Leg.,
2612 4634 2896 4708 Trinitate]
2909 4643 3102 4704 quarto
3117 4636 3196 4690 sic
3217 4637 3416 4691 dicite:
3448 4656 3465 4687 ι
3484 4637 3623 4693 Cum

2041 4738 2221 4782 autem
2261 4726 2539 4796 plenitudo
2593 4728 2850 4797 temporis
2887 4726 3060 4790 venit,
3093 4727 3255 4782 missa
3281 4737 3384 4792 est,
3407 4743 3514 4784 non
3560 4737 3624 4784 ut

2041 4823 2291 4894 impleret
2310 4822 2558 4893 angelos,
2583 4837 2683 4877 nec
2716 4830 2776 4876 ut
2800 4830 2945 4876 esset
2966 4821 3210 4891 angelus,
3240 4823 3345 4877 nisi
3371 4823 3423 4877 in
3451 4837 3623 4892 quan-

2042 4928 2159 4974 tum
2186 4914 2470 4971 consilium
2519 4913 2698 4968 Patris
2740 4913 3112 4979 annuntiabat,
3156 4915 3299 4983 quod
3350 4922 3406 4968 et
3454 4913 3626 4984 ipsius

2041 5017 2190 5074 erat;
2218 5022 2320 5063 nec
2341 5017 2400 5062 ut
2419 5016 2563 5063 esset
2587 5022 2708 5061 cum
2736 5004 3175 5070 hominibus,aut
3200 5006 3253 5060 in
3282 5006 3620 5071 hominibus;

2043 5101 2147 5156 hoc
2181 5100 2325 5155 enim
2356 5107 2513 5155 antea
2548 5098 2713 5168 778
2738 5097 2791 5151 in
2828 5097 3074 5165 patribus
3096 5104 3152 5153 et
3184 5097 3483 5168 prophetis.
3516 5095 3630 5154 Sed

2047 5274 2287 5342 reperire
2308 5288 2414 5327 non
2443 5272 2734 5342 potuimus.

2114 5344 2141 5382 ά
2180 5343 2237 5398 S.
2269 5344 2597 5415 Athanasius
2625 5343 2691 5415 de
2716 5342 2933 5415 Incarn.
2958 5343 3052 5415 Dei
3076 5344 3238 5399 Verbi
3264 5352 3397 5415 tom.
3422 5344 3463 5399 Il
3482 5342 3621 5415 Ope-

2044 5430 2185 5536 ruIn,
2214 5430 2336 5485 pag.
2369 5415 2392 5467 1
2418 5430 2431 5479 ;
2461 5414 2603 5483 quod
2627 5412 2956 5483 Opusculum
2985 5414 3059 5467 ibi
3083 5414 3227 5470 inter
3252 5414 3416 5471 dubia
3440 5412 3627 5471 recen-

2047 5500 2104 5536 se
2132 5500 2227 5536 ur.

2047 5500 2227 5538 setur.

2050 5623 2107 5680 in
2122 5552 2515 5679 °ﬁiAagustu
2546 5554 2640 5611 lib.
2665 5571 2720 5610 tv
2744 5555 2811 5613 de
2839 5554 3121 5623 Trinitate,
3139 5570 3259 5627 cap.
3281 5555 3351 5611 20
3389 5554 3623 5613 ιιιιω,9,Ἱ
