3906 6186
274 393 374 448 H3

1109 391 1530 450 DOGMATIC’A.
1570 423 1640 434 —-
1667 393 1792 448 LIB.
1834 393 1994 450 ADV.
2035 395 2358 452 HERESIN
2393 397 2675 456 FELICIS.

3432 403 3532 460 ΙΗ

267 519 324 562 ut
353 510 532 580 ipsum
564 506 807 562 Verbum
834 521 964 563 caro
993 507 1166 570 ﬁeret,
1197 508 1251 564 id
1275 517 1382 573 est,
1413 509 1574 563 homo
1617 506 1790 562 fieret.
1827 527 1845 560 ι
1883 515 1931 574 Α
1957 507 2196 578 qualibet
2214 514 2524 580 praestantia
2549 514 2761 585 gratiae,
2785 514 3047 586 unigeniti
3076 530 3272 572 nomen
3299 520 3529 589 accepit,

267 598 413 654 Idem
452 598 624 654 etiam
668 600 723 654 in
761 601 1099 668 expositione
1124 600 1399 671 Evangelii
1428 599 1650 654 Joannis
1679 599 1733 654 in
1761 599 1858 654 ho-

268 686 418 742 milia
442 687 679 758 septima
707 689 788 745 sic
807 690 939 746 dicit
966 701 991 729 ι
1019 711 1033 746 :
1076 711 1096 744 ο
1130 690 1412 747 Perhibuit
1443 690 1677 746 Joannes
1705 691 1859 746 testi-

268 781 537 847 monium,
561 782 693 852 quia
721 781 873 837 vidit.
923 783 1092 851 Quale
1130 784 1498 840 testimonium
1542 783 1858 855 perhibuit?

268 871 394 941 quia
417 872 536 943 ipse
557 880 643 928 est
667 871 842 928 Filius
866 874 963 930 Dei
990 872 1173 944 (Joan.
1199 891 1238 940 I,
1272 873 1384 947 54).
1410 874 1704 944 Oportebat
1725 888 1856 944 ergo

269 972 327 1019 ut
353 964 446 1020 ille
466 964 797 1035 baptizaret,
815 966 910 1037 qui
934 974 1018 1022 est
1040 967 1209 1023 Filius
1233 969 1327 1023 Dei
1353 968 1567 1033 unicus,
1593 983 1701 1023 non
1730 967 1854 1022 ado-

268 1063 476 1126 ptatus.
521 1056 780 1127 Adoptati
834 1058 933 1114 filii
985 1059 1220 1115 ministri
1263 1069 1390 1117 sunt
1435 1061 1602 1117 unici.
1653 1060 1856 1118 Unicus

269 1147 436 1202 habet
460 1156 812 1218 potestatem,
845 1152 1082 1222 adoptati
1105 1152 1485 1208 ministerium.
1519 1173 1538 1206 ι

337 1238 458 1294 LX.
482 1239 681 1297 Beatus
702 1242 1038 1314 Augustinus
1064 1243 1120 1298 in
1141 1244 1360 1300 homilia
1382 1244 1448 1299 de
1477 1254 1666 1300 octava
1685 1242 1743 1299 S.
1760 1243 1856 1300 Pa-

266 1331 415 1387 scha:
444 1333 521 1387 δε
560 1352 582 1384 ι
617 1333 680 1390 Si
721 1337 838 1407 quis
883 1337 1011 1391 mihi
1056 1338 1448 1402 ministraverit,
1490 1337 1855 1414 honori/icabit

266 1439 388 1479 eum
418 1423 587 1480 Pater
607 1442 753 1482 meus
773 1426 960 1499 (Joan.
979 1444 1078 1495 xu,
1105 1428 1220 1501 26).
1246 1429 1365 1498 Quo
1386 1429 1611 1495 honore,
1643 1431 1747 1485 nisi
1796 1439 1854 1486 ut

268 1513 342 1567 sit
365 1529 492 1569 cum
521 1514 661 1571 Filio
689 1518 844 1588 ejus?
864 1516 1017 1584 Quod
1041 1519 1186 1574 enim
1213 1521 1461 1592 superius
1489 1521 1595 1576 ait:
1628 1519 1730 1575 Ubi
1757 1537 1851 1592 ego

268 1620 406 1670 um,
433 1605 545 1660 illic
567 1607 635 1677 {et
675 1609 916 1663 minister
949 1624 1094 1664 meus
1123 1613 1256 1678 erit;
1285 1616 1389 1672 hoc
1414 1615 1734 1686 intelligitur
1759 1629 1852 1670 ex-

268 1695 538 1762 posuisse,
563 1713 686 1752 cum
726 1699 897 1755 dicit:
931 1702 1313 1774 Honoriﬁcabit
1338 1724 1458 1761 eum
1490 1705 1652 1761 Pater
1679 1723 1847 1760 meus.

269 1783 413 1840 Nam
441 1802 594 1858 quem
623 1791 886 1862 majorem
912 1794 1174 1852 honorem
1220 1797 1466 1868 accipere
1503 1799 1703 1868 poterit
1749 1798 1847 1854 ad-

267 1887 506 1948 optatus,
529 1895 691 1950 quam
720 1891 781 1938 ut
811 1885 906 1951 sit,
931 1887 1023 1942 ubi
1053 1896 1137 1943 est
1164 1889 1399 1944 unicus?
1431 1911 1450 1944 ι

334 1969 473 2026 LXI.
513 1973 645 2028 Item
678 1976 870 2031 beatus
896 1978 1227 2036 Athanasius
1264 1982 1316 2035 in
1337 1983 1565 2051 epistola
1595 1983 1662 2038 ad
1682 1984 1843 2042 Pota-

267 2063 435 2119 mium
459 2067 773 2137 episcOpum
801 2069 947 2124 inter
967 2081 1162 2126 caetera
1185 2080 1207 2112 ο
1241 2091 1252 2127 :
1291 2091 1310 2125 ι
1341 2073 1534 2142 ριιωιιο
1555 2075 1736 2146 itaque
1755 2077 1853 2134 abs

267 2162 338 2218 te,
353 2156 610 2225 quisquis
629 2156 784 2226 hujus
812 2176 872 2215 es
893 2170 1164 2218 scrutator
1185 2165 1391 2231 arcani,
1417 2168 1686 2236 quomodo
1707 2167 1851 2226 Deus

265 2263 329 2300 ex
355 2247 538 2302 nihilo
566 2258 757 2305 cuncta
792 2252 1124 2320 condiderit;
1176 2257 1446 2325 quomodo
1485 2273 1590 2312 una
1619 2259 1852 2318 hominis

266 2345 423 2391 costa
453 2338 722 2409 integnim
750 2341 1022 2398 hominem
1067 2343 1290 2411 fecerit;
1342 2348 1575 2417 qualiter
1601 2359 1657 2405 et
1684 2350 1850 2423 Egy-

268 2427 505 2495 ptiorum
535 2444 702 2499 aquas
729 2433 782 2487 in
809 2435 1128 2504 sanguinem
1171 2440 1428 2506 verterit;
1469 2443 1737 2510 quomodo
1783 2445 1850 2500 de

273 2518 555 2575 durissima
585 2530 740 2591 petra
765 2521 967 2593 liquida
999 2524 1198 2581 ﬂuenta
1235 2529 1581 2598 produxerit;
1611 2547 1716 2602 qua
1761 2549 1850 2588 ra-

274 2611 406 2665 tione
434 2611 524 2666 ille
547 2612 858 2684 ipse,que
880 2625 1188 2673 creaturam
1219 2629 1397 2690 putas,
1416 2637 1544 2679 caro
1573 2623 1642 2679 sit
1671 2621 1849 2681 factus

271 2718 333 2758 ex
370 2705 617 2777 virgine?
671 2706 950 2774 Quomodo
999 2713 1174 2782 potuit
1219 2713 1286 2768 de
1335 2715 1574 2784 quinque
1619 2717 1848 2787 panibus

269 2796 502 2866 quinque
541 2798 708 2854 millia
738 2801 1019 2856 hominum
1047 2812 1319 2868 saturare,
1347 2807 1432 2861 vel
1461 2809 1528 2862 ad
1555 2809 1847 2878 discipulos

269 2903 393 2943 cum
413 2905 635 2960 corpore
658 2893 866 2950 clausis
905 2894 1112 2951 foribus
1141 2896 1400 2953 introire?
1441 2899 1549 2954 Aut
1587 2902 1631 2955 si
1659 2900 1848 2959 fateris

271 2987 329 3033 et
357 2979 713 3052 intelligentiae
745 2993 853 3040 tuae
879 2985 1021 3041 vires
1047 2987 1329 3052 excedere,
1350 2995 1407 3043 et
1429 2990 1698 3045 credenda
1725 3007 1847 3048 esse

270 3067 446 3138 potius
472 3085 631 3140 quam
651 3074 971 3146 explicanda
1003 3078 1286 3144 concedis;
1317 3080 1446 3148 quid
1475 3080 1705 3137 inveniri
1745 3082 1847 3136 ini-

267 3159 421 3269 quius
440 3169 639 3230 potest,
652 3180 812 3269 quam
838 3165 1153 3236 simpliciter
1173 3184 1261 3225 me
1287 3170 1510 3226 credere
1533 3171 1673 3228 nolle
1701 3175 1842 3243 quod
1867 3206 1914 3269 ο

267 3248 399 3320 lego,
412 3260 469 3305 et
499 3257 883 3324 praesumptive
911 3259 1136 3315 credere
1166 3260 1302 3317 velle
1331 3262 1473 3332 quod
1502 3279 1608 3318 non
1630 3264 1788 3334 lego?
1816 3288 1834 3320 ι

330 3339 485 3396 LXII.
509 3342 644 3398 Item
662 3346 716 3399 in
736 3347 961 3415 epistola
976 3351 1148 3406 sancti
1177 3351 1759 3424 GregoriiNazianzeni
1775 3355 1842 3410 ad

267 3428 566 3488 Clidonium
593 3436 832 3491 directa:
860 3457 879 3486 ι
909 3437 967 3494 Si
995 3441 1120 3509 quis
1145 3457 1212 3497 ex
1235 3457 1458 3514 operum
1484 3445 1839 3516 perfectione,

267 3533 346 3577 aut
360 3535 482 3594 post
491 3527 844 3596 baptismum,
862 3538 954 3584 aut
971 3539 1094 3600 post
1107 3535 1555 3590 resurrectionem
1569 3552 1599 3591 a
1614 3539 1843 3594 mortuis

269 3615 598 3686 redemptum
620 3617 909 3687 adoptione
928 3620 1060 3676 dicit
1073 3621 1168 3676 Dei
1191 3621 1385 3678 Filium
1405 3627 1688 3693 meruisse,
1703 3629 1843 3683 sicut

267 3711 483 3778 gentiles
511 3727 577 3766 ex
607 3715 957 3786 inscriptione
980 3718 1350 3787 introducunt,
1377 3723 1664 3778 anathema
1689 3726 1778 3781 sit.

330 3797 503 3857 LXIII.
524 3802 758 3860 Sanctus
777 3822 842 3860 ac
864 3809 1186 3865 venerabilis
1212 3811 1374 3868 Pater
1394 3812 1686 3884 Capreolus
1705 3815 1838 3872 Car-

270 3892 598 3963 thaginensis
627 3895 782 3951 urbis
817 3897 1104 3968 episcopus
1128 3901 1182 3954 in
1210 3903 1437 3972 epistola
1494 3904 1562 3959 ad
1609 3907 1839 3963 Vitalem

266 3992 314 4035 et
334 3983 712 4040 Constantium
739 3987 1068 4058 rescriptad:
1101 4009 1120 4042 ι
1148 3991 1298 4058 Quod
1327 3994 1473 4049 enim
1488 3996 1585 4062 ait,
1613 3998 1840 4052 ascendo

175 4117 178 4119 λ
265 4075 330 4129 ed
350 4074 568 4132 Patrem
595 4095 786 4143 meum,
814 4081 1086 4151 pertinere
1113 4084 1327 4152 quidem
1352 4085 1566 4140 videtur
1596 4086 1664 4142 ad
1711 4086 1840 4143 Uni-

265 4167 499 4237 genitum
528 4168 725 4223 Filium
760 4188 772 4223 :
804 4172 947 4241 quod
976 4179 1157 4228 autem
1205 4175 1300 4239 ait,
1331 4175 1401 4228 ad
1435 4175 1602 4230 Deum
1644 4194 1840 4244 meum,

264 4257 528 4323 pertinere
554 4259 766 4314 videtur
788 4260 856 4316 ad
883 4261 1152 4317 hominem
1173 4264 1394 4320 factum.
1422 4263 1529 4321 Sed
1546 4265 1601 4320 in
1624 4265 1842 4323 Christo

266 4346 388 4402 Jesu
419 4363 518 4404 nec
543 4351 709 4405 homo
733 4361 950 4407 creatus
974 4362 1156 4422 potest
1201 4355 1328 4420 dici,
1369 4370 1471 4411 nec
1521 4355 1708 4419 Filius,
1743 4371 1844 4412 nec

265 4439 570 4510 unlgernitus
596 4441 739 4497 Deus
764 4442 950 4512 negari
998 4445 1156 4499 homo
1197 4447 1398 4514 poterit
1444 4455 1622 4501 natus.
1667 4447 1842 4518 Atque

1957 608 2016 654 ut
2036 599 2177 670 quod
2199 610 2284 656 est
2306 601 2480 672 ipsum
2507 604 2602 658 Dei
2616 605 2852 659 Verbum
2873 613 2999 661 ante
3015 606 3225 671 saecula,
3247 607 3350 664 hoc
3369 608 3532 663 simul

1956 705 2080 746 cum
2103 702 2380 764 assumpto
2405 695 2623 750 homine
2643 696 2931 752 diceretur.
2965 697 3266 770 Singularis
3292 713 3421 770 ergo
3448 709 3534 755 est

1956 779 2045 834 illa
2068 784 2356 853 susceptio,
2378 799 2479 839 nec
2499 785 2804 842 hominibus
2823 789 3028 847 sanctis
3052 788 3338 860 aliquibus,
3359 804 3532 861 quan-

1956 871 2143 926 talibet
2160 874 2423 942 sapientia
2445 889 2509 930 ac
2521 877 2813 932 sanctitate
2827 880 3230 948 praestantibus,
3248 880 3357 936 ullo
3369 881 3531 936 modo

1954 973 2132 1036 potest
2166 981 2285 1023 esse
2313 971 2635 1025 communis.
2679 991 2698 1024 ›
2733 971 2952 1028 Certum
2998 983 3082 1030 est
3111 976 3290 1045 itaque
3318 984 3535 1032 sancto-

1956 1073 2077 1112 rum
2105 1058 2324 1115 Patrum
2364 1063 2688 1117 sententiam
2721 1061 3018 1135 Scripturis
3064 1067 3377 1124 cmlestibus
3403 1083 3534 1124 con-

1874 1219 1878 1224 ‘
1955 1150 2158 1231 venire,
2183 1167 2302 1221 qua:
2324 1152 2765 1210 manifestissime
2797 1163 3134 1212 contestatur
3169 1155 3376 1230 [Forte,
3403 1173 3533 1215 con-

1955 1241 2266 1315 testantur],
2290 1252 2344 1298 et
2371 1244 2629 1300 divinitus
2659 1245 2954 1316 inspirante
2990 1247 3327 1318 proclamant
3353 1247 3528 1316 nobis,

1955 1333 2094 1388 idem
2116 1335 2369 1390 omnibus
2399 1337 2666 1407 adoptivis
2693 1345 2903 1408 partem
2944 1339 3336 1409 cognoscendas
3370 1347 3533 1408 atque

1954 1425 2226 1496 sapiendte
2249 1427 2570 1495 divinitatis,
2601 1437 2763 1499 prout
2791 1429 3037 1485 voluntas
3064 1430 3342 1485 donaverit
3368 1428 3533 1502 largi.

1954 1511 2116 1577 toris,
2149 1510 2358 1567 infundi
2405 1528 2504 1584 per
2551 1515 2814 1586 gratiam;
2869 1515 3087 1571 Christo
3131 1531 3282 1582 vero,
3322 1515 3378 1571 id
3423 1525 3528 1583 est,

1951 1605 2146 1660 animae
2196 1606 2314 1678 ejus
2356 1606 2576 1678 plenam
2621 1608 2786 1664 totius
2827 1608 3120 1664 divinitatis
3162 1608 3342 1665 inesse
3389 1609 3531 1665 noti-

1953 1696 2103 1750 tiam.

2023 1787 2188 1858 779
2237 1787 2398 1845 LXV.
2454 1788 2586 1845 Item
2643 1789 2961 1845 Ambrosius
2989 1788 3009 1830 ἲ
3041 1803 3056 1843 :
3089 1805 3108 1840 ι
3143 1788 3338 1844 Filium
3387 1789 3530 1845 enim

1876 1865 1924 1926 Β
1951 1891 2107 1933 suum
2143 1881 2423 1950 proprium
2443 1888 2500 1934 et
2523 1881 2590 1936 de
2620 1895 2716 1935 sua
2746 1889 2940 1935 natura
2964 1878 3126 1934 Pater
3147 1879 3352 1950 genuit,
3383 1882 3527 1936 etde

1952 1977 2144 2026 natura
2188 1971 2415 2042 virginis
2453 1972 2602 2028 fecit.
2646 1971 2916 2041 Quidquid
2942 1979 3124 2028 autem
3152 1970 3300 2037 fecit,
3332 1985 3530 2042 coope-

1952 2073 2107 2120 rante
2159 2064 2364 2135 Spiritu
2391 2075 2578 2122 sancto
2619 2063 2765 2120 fecit.
2813 2064 3006 2120 Filium
3029 2079 3158 2136 ergo
3180 2080 3335 2121 suum
3381 2064 3537 2120 solus

1951 2156 2168 2226 quidem
2222 2157 2384 2212 Pater
2406 2159 2611 2228 genuit,
2673 2157 2768 2212 sed
2800 2172 2906 2212 non
2935 2157 3082 2213 solus
3107 2156 3256 2212 fecit.
3286 2157 3347 2212 In
3391 2156 3536 2212 Filio.

1951 2249 2094 2303 enim
2122 2249 2302 2318 genito
2352 2249 2518 2304 solius
2544 2259 2628 2305 est
2668 2259 2868 2305 aeterna
2907 2249 3185 2321 generatio
3221 2249 3428 2315 Patris;
3471 2258 3527 2305 et

1952 2340 2006 2394 in
2035 2340 2222 2395 eodem
2274 2339 2414 2394 Filio
2440 2339 2586 2396 facto
2641 2355 2746 2395 una
2771 2341 2936 2395 totius
2973 2349 3056 2396 est
3085 2340 3330 2410 operatio
3351 2339 3526 2396 Trini-

1951 2431 2096 2485 tatis.
2130 2450 2151 2482 ι
2177 2429 2323 2485 Idem
2347 2431 2402 2485 in
2432 2431 2622 2486 eodem
2648 2431 2807 2496 libro,
2834 2431 2861 2471 ⁶
2887 2445 2901 2484 :
2927 2429 3176 2484 Paritura
3204 2444 3334 2500 ergo
3357 2429 3527 2486 Deum

1953 2522 2147 2596 [Edit.,
2201 2521 2510 2595 Dominum]
2567 2523 2722 2594 virgo
2769 2521 2956 2587 Maria,
3009 2529 3198 2576 sancto
3239 2521 3380 2576 inse
3407 2519 3527 2592 Spi-

1949 2613 2056 2667 ritu
2102 2612 2485 2679 descendente,
2529 2621 2584 2668 et
2631 2613 2829 2666 virtute
2872 2611 3136 2666 Altissimi
3199 2619 3526 2680 cooperante

1947 2707 2212 2777 concepit.
2264 2706 2344 2762 Ac
2368 2721 2470 2777 per
2492 2707 2596 2763 hoc
2634 2706 2886 2778 intelligis
2913 2706 3057 2775 quod
3085 2704 3296 2760 Domini
3335 2703 3524 2761 Salva-

1947 2799 2189 2868 torisque
2236 2800 2406 2854 nostri
2436 2799 2562 2855 inde
2604 2807 2688 2854 est
2719 2797 2893 2868 origo,
2942 2797 3084 2853 unde
3121 2807 3444 2868 conceptus;
3473 2808 3534 2854 et

1946 2903 2072 2944 cum
2131 2888 2493 2944 descendente
2544 2889 2601 2945 in
2652 2889 2917 2959 virginem
2986 2888 3151 2944 totius
3197 2889 3524 2959 virginitatis

1948 2977 2143 3050 [Edit.,
2188 2977 2510 3050 divinitatis]
2538 2977 2866 3048 plenitudine
2892 2986 3050 3032 natus
3104 2978 3195 3043 sit,
3239 2977 3381 3036 filius
3406 2994 3541 3035 esse-

1946 3069 2180 3124 hominis
2209 3085 2315 3124 non
2347 3077 2577 3138 poterat,
2629 3069 2733 3123 nisi
2783 3069 2934 3138 prius
2968 3068 3061 3122 Dei
3091 3069 3260 3124 Filius
3307 3069 3523 3136 fuisset;

1946 3165 2000 3212 et
2024 3159 2144 3214 ideo
2200 3157 2440 3230 [missus]
2468 3161 2534 3213 ad
2560 3157 2982 3212 annuntiandam
3037 3159 3178 3214 sacri
3212 3166 3366 3214 ortus
3387 3161 3527 3214 nati-

1945 3249 2166 3306 vitatem
2211 3249 2434 3319 angelus
2459 3249 2554 3303 Dei
2580 3264 2701 3305 cum
2739 3257 3080 3304 sacramento
3111 3249 3306 3322 [Edit.,
3338 3268 3525 3309 sacra-

1945 3341 2208 3414 mentum]
2256 3342 2630 3412 conceptionis
2685 3349 2810 3396 ante
2835 3342 3080 3410 dixisset,
3113 3344 3295 3413 partui
3328 3359 3524 3402 nomen

1945 3435 2199 3505 imposuit
2229 3434 2416 3489 dicens
2446 3451 2459 3487 :
2491 3450 2511 3485 ι
2540 3431 2668 3488 Ideo
2690 3442 2738 3488 et
2757 3435 2897 3505 quod
2927 3445 3170 3490 nascetur
3189 3453 3254 3491 ea:
3281 3445 3348 3502 te,
3372 3453 3525 3491 voca-

1945 3525 2087 3579 bitur
2126 3523 2300 3579 Filius
2329 3524 2429 3580 Dei
2457 3524 2588 3597 (Luc
2639 3542 2676 3591 I,
2721 3525 2811 3597 55)
2839 3545 2852 3580 :
2879 3526 2982 3583 hoc
3014 3536 3118 3594 est,
3171 3528 3312 3584 illius
3357 3527 3526 3584 Filius

1942 3617 2359 3688 nuncupabitur,
2408 3619 2550 3689 quod
2572 3626 2864 3690 generante
2910 3627 2962 3672 et
2989 3627 3279 3688 generatur
3309 3618 3507 3697 [Edit.,

1941 3726 2050 3780 quo
2088 3719 2380 3780 generante
2424 3721 2507 3766 est
2551 3709 2884 3782 generatus].
2933 3711 3028 3766 Dei
3062 3727 3192 3783 ergo
3235 3711 3405 3768 Filius
3423 3711 3518 3769 Je-

1942 3820 2035 3860 sus
2067 3803 2347 3869 Christus;
2379 3805 2504 3873 quia
2527 3813 2583 3860 et
2610 3821 2640 3860 a
2667 3805 2947 3860 divinitate
2977 3803 3212 3876 [genitus
3231 3813 3286 3859 et
3307 3819 3340 3858 a
3369 3805 3508 3860 divi-

1942 3892 2132 3967 nitate]
2182 3903 2494 3964 conceptus,
2546 3895 2792 3950 siautem
2844 3895 2940 3949 Dei
2974 3894 3166 3960 Filius,
3197 3909 3326 3966 ergo
3368 3895 3524 3951 indu-

1941 3985 2178 4040 bitanter
2199 3985 2360 4041 Deus.
2399 4006 2418 4038 ι
2469 3986 2614 4040 Idem
2638 3986 2752 4054 ipse
2782 3986 2838 4040 in
2863 3985 3002 4039 libro
3032 3985 3191 4040 tertio
3230 3985 3258 4025 ιι
3301 4001 3316 4040 :
3370 4002 3393 4038 ε
3434 3985 3524 4041 Ea:

1939 4077 2126 4148 quibus
2155 4078 2296 4132 enim
2323 4074 2586 4140 Christus,
2621 4075 2814 4145 inquit,
2843 4076 3129 4131 secundum
3173 4093 3407 4144 carnem,
3431 4080 3524 4148 qui

1941 4180 2017 4225 est
2053 4185 2210 4240 super
2250 4169 2424 4222 omnia
2470 4167 2612 4222 Deus
2651 4167 2949 4222 benedictus
2985 4168 3043 4221 in
3091 4167 3288 4223 siccata
3335 4167 3517 4241 (Rom.

1941 4278 2015 4324 ix,
2054 4262 2129 4333 5).
2182 4261 2316 4314 Eum
2347 4259 2553 4316 scilicet
2594 4275 2663 4316 ex
2689 4259 2795 4314 illis
2822 4257 3097 4314 Christum
3120 4266 3307 4313 natum
3335 4261 3412 4314 ait
3433 4275 3518 4314 se-

1942 4352 2175 4408 cundum
2203 4364 2444 4417 carnem,
2498 4351 2592 4422 qui
2625 4352 2696 4406 sit
2731 4365 2893 4421 super
2934 4350 3116 4406 omnia
3144 4350 3304 4405 Deus.
3353 4349 3509 4405 Chri-

1942 4454 2083 4499 stum
2127 4444 2314 4514 utique
2359 4444 2656 4500 secundum
2687 4459 2906 4498 carnem
2935 4451 3123 4499 natum
3153 4459 3220 4500 ex
3248 4443 3351 4498 illis
3399 4457 3514 4499 non

263 4529 383 4584 ideo
414 4544 519 4584 nec
548 4529 640 4585 Dei
677 4541 887 4588 tantum
928 4548 1030 4589 nec
1056 4535 1289 4591 hominis
1335 4544 1541 4591 tantum
1585 4552 1688 4592 vox
1737 4538 1840 4592 ista
1867 4559 1920 4618 υ
1944 4551 2146 4606 negas;
2203 4535 2298 4592 sed
2343 4536 2506 4602 idem,
2535 4536 2628 4607 qui
2673 4551 2740 4590 ex
2777 4535 2882 4590 illis
2929 4542 3090 4590 natus
3121 4543 3224 4601 est,
3255 4535 3397 4591 Deus
3414 4544 3518 4591 est.

261 4633 378 4674 esse
403 4620 762 4685 convincitur,
795 4639 956 4692 quam
987 4624 1130 4682 Deus
1173 4635 1228 4681 et
1273 4627 1435 4682 homo
1485 4643 1624 4684 unus
1676 4637 1840 4699 atque

261 4709 452 4764 unicus
495 4709 610 4780 ipse
645 4711 813 4768 Filius
851 4714 918 4769 ad
954 4730 1081 4771 suos
1123 4715 1414 4786 discipulos
1463 4717 1838 4786 perferendam

263 4801 609 4872 inseparabili
668 4806 892 4861 omnino
954 4816 1115 4878 atque
1185 4807 1499 4864 indivisibili
1564 4811 1841 4866 mandavit

259 4892 473 4949 aﬂectu.
526 4915 545 4948 ι

326 4987 513 5045 LXIV.
544 4989 744 5046 Beatus
781 4992 1184 5064 Augustinus":
1220 5011 1238 5044 ‹
1274 4991 1464 5048 Nullus
1504 5001 1838 5060 sanctorum,

329 5114 356 5144 ι
395 5104 646 5174 Sequens
671 5114 851 5162 textus
892 5107 944 5160 in
976 5107 1096 5162 cod.
1127 5122 1230 5161 ms.
1263 5107 1489 5166 incuria,
1525 5105 1623 5160 abs
1653 5104 1835 5180 dubio,

251 5173 466 5231 librarii
488 5178 728 5232 omissus
751 5185 853 5240 est,
877 5175 1007 5232 solis
1030 5177 1234 5232 ultimis
1249 5177 1460 5232 duobus
1482 5177 1689 5231 verbis:
1709 5175 1838 5229 ado-

255 5249 506 5328 ptaadiJ
714 5247 986 5328 adoptati)
1039 5248 1382 5328 ministerium
1424 5246 1671 5328 residuis.
1697 5245 1839 5300 Inte-

255 5332 408 5386 grnm
436 5317 506 5372 Β.
526 5317 791 5373 Alcuinus
806 5317 919 5385 jam
950 5332 1110 5386 supra
1147 5318 1388 5382 dederat,
1413 5333 1562 5372 num.
1592 5317 1678 5372 10.

325 5385 357 5424 δ
386 5386 454 5460 _S.
481 5389 643 5460 Aug.,
676 5395 835 5460 tract.
867 5403 918 5440 LI
946 5385 1204 5460 urticam,
1226 5404 1381 5460 num.
1417 5388 1502 5460 il.

327 5467 353 5493 ε
385 5457 587 5527 Fateor
622 5472 710 5512 me
751 5457 1002 5527 ignorare
1027 5459 1166 5512 hanc
1209 5457 1486 5513 Athanasii
1517 5457 1832 5527 epistolam,

251 5541 374 5586 mna:
398 5526 644 5584 fortassis
669 5526 794 5582 cum
826 5528 1008 5582 multis
1037 5527 1155 5582 aliis
1199 5529 1420 5583 interiit.
1469 5526 1659 5583 ExStat
1704 5543 1835 5583 vero

248 5597 1622 5724 ἵζ’Ἢυῗὲέθὲἳοιξὲιξῗίῗῗοὲδ.ὣίδὲωέὶᾝά
1667 5613 1834 5724 iiii:

260 5671 337 5720 ω.
370 5671 429 5722 D.
470 5671 644 5726 Lucas
674 5671 944 5739 d'Achcry
974 5683 1005 5723 e
1029 5671 1149 5723 cod.
1180 5671 1302 5723 abb.
1330 5671 1388 5723 S.
1421 5671 1622 5724 Ebrulii
1667 5671 1835 5724 edidit

260 5751 384 5811 toan.
407 5739 468 5793 Ill
507 5740 788 5811 Spicilegii
820 5755 972 5811 novre
995 5739 1266 5811 editionis,
1294 5754 1413 5808 pag.
1435 5738 1566 5811 299.
1688 5809 1696 5811 _

323 5809 349 5847 δ
387 5809 630 5884 Capreoli
661 5809 948 5884 epistolam
971 5809 1038 5866 ad
1062 5809 1290 5865 Vitalem
1336 5819 1389 5864 ct
1421 5809 1831 5865 Constantinum

1944 4628 2082 4695 Quid
2112 4631 2330 4694 circuis,
2377 4629 2507 4699 quid
2530 4627 2942 4698 tergiversaris?
2963 4627 3236 4683 Christum
3265 4641 3332 4682 ex
3353 4627 3534 4683 Israel'

1945 4728 2128 4774 natum
2149 4721 2443 4776 secundum
2464 4732 2684 4775 carnem
2706 4718 2872 4771 Deum
2901 4731 3023 4773 esse
3039 4716 3326 4788 Apostolus
3344 4717 3474 4773 dicit
3499 4737 3513 4783 ;

1946 4817 2004 4864 tu
2055 4810 2204 4876 doce,
2239 4811 2456 4880 quando
2509 4824 2618 4863 non
2657 4805 2841 4862 fuerit.
2907 4807 2992 4862 Ea:
3037 4808 3224 4879 quibus
3249 4807 3519 4871 Christus,

1948 4900 2140 4969 inquit,
2168 4900 2452 4955 secundum
2474 4915 2705 4964 carnem,
2727 4900 2816 4969 qui
2837 4907 2912 4954 est
2937 4917 3093 4971 super
3104 4900 3278 4955 omnia
3297 4899 3459 4954 Deus.
3493 4919 3512 4950 ι

1943 4988 2089 5044 Idem
2118 4991 2171 5070 ion
2199 4989 2386 5044 eodem
2418 4989 2554 5043 libro
2588 4989 2604 5030 ί
2637 5007 2651 5043 :
2687 5006 2706 5040 ι
2744 4989 2819 5044 De
2857 4990 2968 5045 Deo
2993 4998 3172 5046 autem
3199 5005 3263 5044 ac
3290 4987 3518 5044 Domino

1941 5102 2148 5172 primus
2181 5100 2349 5155 edidit
2373 5099 2723 5172 Sirmondus;
2751 5112 2806 5158 et
2827 5101 2974 5157 locus
2993 5097 3516 5170 hicexstatOperum

1943 5171 2214 5227 Sirmondi
2243 5179 2372 5225 tom.
2396 5171 2437 5226 I.

2017 5253 2040 5281 θ
2077 5240 2134 5298 8.
2165 5240 2412 5312 August.,
2441 5241 2566 5296 libr.
2600 5241 2666 5297 de
2689 5239 3134 5312 PraisentiaDei,
3160 5251 3254 5293 seu
3283 5236 3511 5308 epistola

1944 5313 2064 5376 i87,
2096 5313 2163 5366 ad
2191 5309 2652 5380 Dardanum,cap.
2683 5313 2767 5375 i3,
2799 5325 2947 5380 num.
2983 5309 3072 5380 40.

2018 5382 2036 5420 τ
2095 5381 2249 5436 Hunc
2307 5389 2508 5435 textum
2571 5378 2622 5436 in
2668 5380 2726 5436 S.
2784 5378 3069 5434 Ambrosio
3119 5379 3356 5448 reperire
3405 5393 3516 5434 non

1939 5452 2242 5521 potuimus,
2274 5465 2448 5522 neque
2499 5452 2640 5521 apud
2682 5451 3020 5514 Cassianum,
3075 5447 3228 5518 cuﬁis
3273 5457 3400 5505 sunt
3427 5462 3516 5506 sc-

1938 5531 2210 5646 qusmlliztn
2263 5591 2320 5646 S.
2369 5589 2706 5651 Ambrosius,
2745 5587 2839 5642 sed
2866 5588 3156 5644 Cassianus
3210 5591 3326 5646 hac
3349 5588 3513 5645 habet

1939 5662 2060 5716 libr.
2093 5678 2130 5715 ιι
2159 5663 2225 5716 de
2252 5661 2624 5716 Incarnatione
2653 5658 2869 5720 Christi,
2894 5675 3012 5727 cap.
3045 5659 3097 5712 6.

2010 5733 2033 5770 ιι
2077 5730 2388 5796 Cassianus,
2420 5731 2540 5786 libr.
2578 5747 2636 5787 ιιι
2667 5730 2732 5785 de
2780 5729 2987 5784 Incarn.
3020 5745 3136 5799 cap.
3168 5730 3214 5783 I.

2017 5804 2030 5842 ί
2077 5800 2206 5859 Ibid.
2241 5818 2356 5874 cap.
2381 5801 2434 5855 ’2.
