3906 6186
403 365 503 420 115

1247 366 1307 419 Β.
1348 367 1409 420 F.
1439 365 1663 420 ALBlNl
1702 365 1831 422 SEU
1869 365 2144 423 ALCUlNl
2177 367 2461 426 OPERUM
2498 368 2677 426 PARS
2713 369 2799 425 Ill.

3552 377 3652 432 ll6

398 488 586 534 nostro
621 475 748 532 Jesu
782 476 999 533 Christo
1022 491 1145 532 cum
1171 477 1404 532 dicitur:
1436 476 1538 544 Qui
1575 487 1650 531 est
1685 492 1842 546 super
1863 492 1973 530 ont-
2000 482 2048 539 Α
2076 494 2276 534 arcano
2303 480 2524 546 sciebat,
2555 482 2648 537 sed
2675 490 2884 537 tantum
2903 483 3048 552 quod
3069 483 3204 540 mori
3226 500 3388 556 posse
3410 487 3650 558 videbat,

395 574 487 626 nia
525 572 665 626 Deus
695 570 991 626 benedictus
1034 571 1092 626 in
1125 571 1358 636 sarcula;
1410 580 1464 624 et
1490 585 1578 626 res
1623 569 1805 624 statim
1851 585 1976 640 pro-
2075 569 2268 624 Filium
2297 571 2393 625 Dei
2418 579 2665 626 testatur.

393 663 553 718 batur
588 663 642 717 in
664 662 850 727 verbo,
892 669 948 716 et
986 661 1136 716 verbi
1185 677 1271 718 res
1324 661 1724 716 demonstratur
1768 658 1822 712 in
1879 673 1974 714 no-

391 753 558 818 mine,
605 752 732 822 quia
777 751 870 805 Dei
897 765 1090 806 nomen
1137 751 1193 804 in
1220 732 1475 805 DeiFilio
1521 763 1628 804 non
1651 746 1972 819 significatio

388 851 472 898 est
518 841 822 913 adoptionis
875 839 1117 906 indultae,
1169 841 1264 896 sed
1304 839 1509 896 veritas
1555 839 1971 910 proprietasque

387 940 615 988 naturae.
668 950 688 984 ι
730 931 788 986 In
818 931 1041 987 homilia
1078 930 1222 986 beati
1269 929 1496 986 Joannis
1538 931 1882 1002 evangelistae
1906 943 1967 984 ας

393 1043 410 1074 ι
457 1023 538 1078 Ad
587 1039 898 1079 mensuram
945 1023 1142 1094 quippe
1177 1023 1270 1077 dat
1318 1022 1502 1077 multis
1530 1021 1672 1088 filiis,
1731 1022 1825 1078 sed
1861 1038 1968 1076 non

384 1119 452 1172 ad
499 1132 808 1173 mensuram
857 1117 1056 1186 accipit
1104 1115 1297 1172 unicus
1340 1114 1532 1181 Filius,
1589 1115 1715 1185 quia
1751 1115 1829 1171 sic
1884 1122 1967 1170 est

382 1224 543 1264 verus
568 1208 750 1274 homo,
776 1216 832 1262 ut
863 1215 918 1262 et
949 1223 1110 1263 verus
1131 1207 1202 1262 sit
1227 1208 1388 1262 Deus.
1430 1229 1448 1260 ι

450 1318 634 1374 LXVI.
677 1319 873 1375 Beatus
896 1318 1188 1375 Cassianus
1222 1320 1276 1373 in
1303 1319 1441 1374 libro
1482 1319 1548 1374 de
1589 1319 1963 1375 Incarnatione

376 1414 591 1470 Domini
624 1415 651 1454 ι»
681 1431 694 1468 :
743 1432 762 1466 ι
799 1414 866 1468 Ει
887 1414 1007 1469 ideo
1032 1413 1308 1470 descendit
1326 1413 1563 1469 Verbum
1591 1411 1779 1477 Filius,
1811 1412 1964 1468 adest

375 1507 630 1576 maiestas
657 1507 892 1578 Spiritus
920 1508 1114 1573 sancti,
1174 1506 1349 1562 virtus
1405 1505 1695 1561 obumbrat
1741 1504 1954 1559 Patris:

373 1600 562 1668 utique
604 1599 740 1653 utin
771 1605 1110 1653 sacramento
1138 1612 1308 1653 sacrae
1332 1595 1702 1666 oonceptionis
1733 1594 1954 1667 [omnis]

371 1698 516 1745 esset
562 1688 868 1757 cooperatio
924 1687 1224 1742 Trinitatis.
1276 1685 1426 1752 Ideo,
1463 1687 1655 1755 inquit,
1713 1695 1763 1741 et
1816 1685 1955 1756 quod

371 1792 616 1835 nascetur
640 1781 696 1835 in
717 1790 765 1833 te
792 1778 940 1851 [Edit
967 1819 982 1844 ,
1013 1795 1079 1832 ea:
1109 1777 1179 1851 te]
1209 1785 1449 1832 sanctum
1475 1777 1746 1832 vocabitur
1773 1774 1950 1830 Filius

369 1870 468 1924 Dei
486 1869 636 1940 (Luc.
666 1867 727 1940 ι).
752 1834 897 1924 Bene
921 1834 1302 1934 addidit,ideo,
1319 1874 1380 1921 ut
1392 1865 1701 1921 ostenderet
1721 1864 1947 1929 scilicet,
1981 1834 2027 1893 Β

369 1957 488 2012 ideo
513 1959 630 2013 haec
657 1964 929 2022 secutura,
953 1957 1077 2026 quia
1093 1955 1407 2011 fuerantilla
1418 1955 1698 2025 praemissa
1717 1963 1802 2010 :et
1826 1955 1954 2025 quia

369 2048 509 2102 Deus
538 2047 938 2116 supervenisset
965 2047 1020 2101 in
1039 2046 1411 2118 conceptione,
1440 2045 1560 2101 ideo
1578 2045 1718 2102 Deus
1739 2045 1953 2102 futurus

365 2135 525 2210 μη,
554 2135 818 2210 facturus]
845 2145 990 2193 esset
1019 2137 1076 2192 in
1097 2144 1278 2207 partu.
1327 2135 1613 2191 Rationem
1633 2149 1764 2205 ergo
1791 2143 1954 2190 tantae

365 2229 442 2284 rei
493 2229 684 2300 puella:
741 2229 982 2284 reddidit.
1018 2227 1308 2292 nescienti,
1348 2227 1535 2282 dicens
1595 2224 1782 2294 utique
1826 2225 1952 2294 quia

365 2318 600 2388 Spiritus
642 2326 864 2373 sanctus
901 2317 1247 2387 superveniat
1288 2315 1496 2388 [Edit.,
1559 2313 1949 2386 superveniet],

363 2417 415 2462 et
456 2410 581 2478 quia
628 2409 804 2464 virtus
849 2407 1114 2464 Altissimi
1152 2407 1515 2470 obumbrabit,
1561 2404 1685 2460 ideo
1715 2414 1770 2459 et
1806 2405 1951 2474 quod

363 2505 615 2552 nascetur
658 2507 927 2564 sanctum,
973 2497 1256 2553 vocabitur
1314 2495 1484 2550 Filius
1529 2495 1644 2549 Dei.
1708 2493 1821 2550 Hoc
1867 2503 1951 2550 est

358 2587 542 2642 dicere
572 2604 584 2640 :
613 2585 692 2642 Ne
722 2588 956 2655 ignores,
981 2587 1174 2656 inquit,
1223 2587 1368 2642 hunc
1391 2593 1558 2642 tanta)
1597 2585 1676 2640 rei
1723 2600 1951 2654 appara-

357 2685 474 2730 tum
530 2673 656 2746 [boc
672 2675 808 2730 tanti
847 2675 1089 2746 mysterii
1143 2673 1588 2745 sacramentum],
1627 2674 1747 2730 ideo
1781 2675 1836 2729 in
1897 2682 1950 2731 te

359 2773 475 2820 tota
524 2766 707 2822 veniet
735 2764 1009 2835 maiestas,
1040 2765 1166 2836 quia
1190 2780 1260 2820 ex
1290 2775 1344 2820 te
1365 2774 1618 2821 nascetur
1655 2781 1815 2822 verus
1859 2767 1948 2822 Fi-

357 2856 462 2910 lius
509 2856 625 2910 Dei.
663 2856 802 2923 Quid
847 2857 938 2912 hic
967 2857 1110 2912 ultra
1159 2857 1358 2929 ambigi
1405 2864 1612 2928 potest,
1664 2857 1795 2928 quid
1834 2872 1948 2911 am-

359 2948 500 3016 plius
549 2947 692 3003 dici?
735 2949 903 3003 Deum
933 2949 1069 3005 dixit
1103 2957 1576 3020 superventurum,
1620 2948 1820 3004 Filium
1850 2948 1947 3005 Dei

361 3041 719 3096 nasciturum.
757 3060 779 3094 ›
823 3040 967 3097 Idem
1006 3041 1060 3096 in
1105 3041 1294 3097 eodem
1328 3053 1349 3080 ο
1391 3059 1405 3096 :
1445 3059 1464 3092 ι
1513 3040 1654 3108 Quid
1699 3055 1830 3111 ergo
1870 3039 1950 3093 ait

357 3134 590 3191 Petrus?
616 3133 761 3190 Tues
774 3133 1012 3190 Christus
1034 3134 1209 3190 Filius
1233 3135 1328 3190 Dei
1349 3133 1804 3207 uivi(Matth.1v1,
1829 3132 1938 3203 16).
1966 3175 2015 3238 c

356 3229 452 3284 Dic
465 3229 595 3284 mihi
609 3243 816 3299 quaeso,
830 3227 1104 3292 hieretice,
1120 3227 1241 3297 quis
1254 3227 1342 3282 ille
1357 3226 1539 3292 fuerit,
1555 3226 1640 3281 cui
1655 3223 1852 3280 Petrus
1866 3225 1943 3280 ita

360 3320 672 3389 respondit?
692 3319 898 3389 Negare
920 3334 1026 3374 non
1049 3327 1202 3387 potes
1213 3318 1491 3374 Christum
1509 3317 1693 3372 fuisse.
1709 3317 1944 3371 Interro-

353 3426 422 3479 go
447 3426 602 3479 ergo,
624 3409 904 3465 Christum
923 3423 1081 3478 quem
1109 3407 1304 3463 vocas?
1334 3407 1610 3463 Hominem
1641 3421 1706 3461 an
1733 3405 1940 3461 Deum?

356 3499 644 3554 Ilominem
671 3499 857 3566 utique
895 3499 1100 3566 absque
1145 3492 1338 3562 dubio;
1362 3497 1490 3552 hinc
1507 3497 1941 3552 euimomnistua

354 3589 602 3655 hmresis,
642 3589 770 3657 quia
819 3604 984 3660 negas
1013 3590 1159 3643 hunc
1185 3587 1460 3644 Christum
1507 3602 1699 3642 verum
1743 3585 1939 3640 Filium

351 3679 562 3735 Dei.....
601 3677 738 3746 Quid
764 3694 894 3749 ergo
917 3679 985 3734 ad
1025 3680 1142 3734 haec
1176 3679 1456 3749 respondit
1484 3677 1718 3732 Petrus?
1766 3676 1843 3730 Tu
1861 3694 1936 3742 es,

351 3772 545 3842 inquit,
602 3771 778 3826 Filius
811 3771 910 3826 Dei
953 3772 1070 3826 vivi.
1107 3769 1384 3826 Christum
1435 3771 1599 3833 hunc,
1647 3783 1808 3838 quem
1883 3775 1940 3822 tu

349 3862 582 3918 hominis
621 3871 826 3918 tantum
875 3861 1070 3917 Filium
1119 3862 1340 3927 asseris,
1380 3861 1466 3916 ille
1487 3867 1717 3916 testatur
1741 3859 1938 3914 Filium

348 3953 466 4008 Dei.
489 3952 588 4009 Cui
625 3954 706 4009 vis
736 3954 1040 4019 credamus,
1069 3953 1166 4008 tibi
1192 3968 1261 4006 an
1305 3951 1501 4008 Petro?
1547 3949 1776 4022 Opinor,
1829 3964 1937 4003 non

347 4060 408 4102 es
455 4054 565 4100 tam
614 4045 918 4117 impudens,
956 4054 1018 4101 ut
1063 4060 1376 4117 praeponere
1427 4053 1480 4100 te
1509 4043 1710 4098 audeas
1759 4042 1936 4112 primo

347 4138 735 4208 apostolorum.
780 4137 888 4196 Sed
908 4140 1037 4209 quid
1080 4149 1185 4204 est,
1226 4138 1370 4209 quod
1411 4154 1519 4193 non
1549 4137 1749 4192 audeas
1773 4134 1938 4206 780

349 4228 441 4296 qui
472 4228 566 4284 Dei
611 4227 808 4283 Filium
834 4243 1032 4300 negare
1070 4229 1331 4299 potuisti?
1371 4228 1448 4283 Tu
1479 4246 1532 4284 es
1561 4244 1713 4300 ergo,
1738 4226 1931 4296 inquit,

349 4315 587 4374 Christus
641 4317 816 4374 Filius
849 4318 943 4372 Dei
981 4318 1098 4372 vivi.
1141 4318 1394 4388 Nunquid
1433 4321 1535 4376 hoc
1560 4319 1798 4391 ambigui
1840 4327 1934 4373 aut

349 4409 568 4468 obscuri
629 4409 832 4480 aliquid
865 4408 920 4463 in
950 4424 1007 4464 sc
1030 4410 1228 4463 habet?
1271 4408 1513 4478 Simplex
1543 4417 1628 4464 est
1653 4418 1710 4466 et
1737 4418 1931 4478 aperta

349 4500 637 4567 confessio,
685 4500 960 4556 Christum
1005 4499 1102 4556 Dei
1151 4500 1347 4591 Filium
1394 4500 1691 4570 praedicare
1733 4499 1927 4572 [Edit.,
1954 4532 2008 4593 υ

352 4593 650 4668 prtedicat].
694 4614 713 4647 ι
745 4592 898 4662 Quod
936 4593 982 4649 si
1009 4601 1066 4648 tu
1106 4588 1367 4649 consueto
1406 4606 1558 4646 more
1610 4591 1929 4648 diverticula

351 4682 549 4736 latendi
587 4698 835 4752 quaerens
877 4685 1032 4751 dicis,
1073 4685 1178 4740 hoc
1204 4683 1517 4754 usurpative
1553 4682 1639 4739 vel
1668 4683 1928 4754 adoptive

352 4773 483 4839 diei,
531 4774 662 4842 quid
698 4775 941 4832 dicturus
994 4792 1054 4833 es
1100 4778 1166 4832 de
1205 4776 1378 4833 altero
1425 4777 1716 4833 multorum
1769 4777 1930 4833 simul

348 4868 720 4924 attestantium
745 4877 908 4939 atque
937 4871 1101 4926 etiam
1125 4871 1472 4926 clamantium
1507 4871 1818 4927 testimonio
1841 4871 1927 4926 di-

345 4961 620 5017 centium:
659 4957 788 5024 Vere
827 4958 996 5016 Filius
1018 4963 1118 5018 Dei
1164 4980 1218 5018 es
1266 4972 1323 5017 tu
1371 4962 1584 5035 (Matth.
1639 4979 1752 5030 Juv,
1803 4961 1930 5032 5'5)?

347 5050 632 5109 Hominem
677 5050 946 5118 videlicet,
975 5068 1135 5122 quem
1164 5063 1485 5124 praesentem
1514 5055 1784 5121 viderunt,
1831 5054 1928 5109 de-

348 5153 730 5200 monstrantes.
756 5144 898 5212 Quid
944 5145 1107 5198 etiam
1130 5145 1433 5199 centurioni
1460 5146 1776 5216 respondes,
1836 5146 1931 5214 qui

349 5231 599 5288 videlicet
640 5235 911 5290 hominem
944 5233 1220 5288 Christum
1254 5235 1390 5288 mori
1449 5236 1639 5292 videns
1678 5238 1730 5290 in
1766 5251 1929 5291 cruce

344 5322 598 5378 clamavit
643 5326 871 5383 dicens:
913 5324 1042 5380 Vere
1078 5324 1125 5378 F
1129 5325 1251 5380 ilius
1282 5325 1377 5380 Dei
1423 5337 1535 5380 erat
1570 5327 1665 5382 iste
1709 5327 1924 5399 (Matth.

345 5422 519 5478 xmt,
566 5413 678 5487 54).
723 5417 792 5472 Et
814 5419 999 5488 utique
1039 5419 1142 5474 iste
1178 5416 1312 5472 nihil
1349 5419 1414 5474 de
1462 5418 1758 5474 divinitatis
1808 5420 1927 5491 ejus

421 5580 454 5647 fl
490 5567 655 5648 Cujus
677 5569 1045 5648 htecjuomilia
1076 5574 1190 5648 εἱι.Δ
1218 5575 1476 5648 ignotum.
1505 5575 1666 5631 Forte
1691 5575 1750 5631 S.
1787 5575 1922 5648 Aug.

349 5640 504 5720 cujus
529 5640 690 5720 dicta
720 5640 773 5692 in
803 5642 983 5696 Traet.
1040 5659 1128 5695 xw
1178 5640 1265 5698 in'
1287 5644 1464 5712 Joan.,
1499 5663 1645 5702 num.
1689 5648 1770 5712 l0,
1804 5640 1926 5703 cuiu

349 5708 436 5765 his
460 5711 805 5765 Concordant.

426 5781 452 5821 δ
491 5780 809 5850 Cassianus,
843 5783 960 5837 libr.
997 5799 1032 5838 ιι
1061 5784 1149 5839 cit.
1183 5801 1296 5856 cap.
1337 5786 1382 5838 l.

2143 661 2348 717 LXVII.
2379 663 2454 718 De
2476 677 2726 720 sermone
2751 665 2926 720 sancti
2947 665 3273 737 Augustini<1
3295 688 3308 725 :
3334 688 3352 721 ι
3382 669 3522 738 Quid
3544 675 3649 730 sibi

2071 752 2200 808 velit
2248 763 2306 809 et
2337 755 2607 824 quomodo
2653 755 3028 824 accipiendum
3071 758 3160 824 sit,
3211 762 3358 830 quod
3389 762 3650 821 Dominus

2069 849 2146 902 ait
2175 889 2190 913 ,
2222 846 2328 913 Qui
2381 847 2542 902 credit
2567 849 2622 902 in
2648 865 2750 916 me,
2774 865 2952 919 opera,
2988 867 3108 922 quae
3161 868 3254 922 ego
3275 853 3439 923 facio,
3463 867 3512 910 et
3538 858 3652 928 ipse

2069 939 2222 1009 faciet
2251 939 2432 1011 (Joan.
2462 955 2575 1006 xiv,
2612 940 2722 1013 12).
2749 956 2857 996 non
2891 952 2975 998 est
2999 942 3154 1001 facile
3171 947 3649 1017 comprehendere.

2067 1031 2286 1086 Etcum
2333 1032 2436 1087 hoc
2459 1032 2528 1087 ad
2556 1032 2963 1103 intelligendum
3017 1034 3386 1092 dillicillimum
3417 1040 3508 1104 sit,
3551 1044 3652 1096 ad-

2058 1121 2192 1192 jecit
2235 1124 2382 1180 aliud
2408 1123 2691 1196 diﬂicillius
2723 1135 2808 1181 :et
2830 1126 3038 1196 majora
3067 1127 3255 1182 horum
3283 1127 3458 1198 faciet.
3485 1129 3651 1203 [Quid

2064 1224 2148 1272 est
2187 1215 2344 1289 hoc?]
2411 1215 2514 1284 Qui
2564 1216 2770 1274 faceret
2814 1233 3000 1289 opera,
3048 1234 3169 1289 quae
3205 1219 3453 1276 Christus
3495 1221 3646 1289 fecit,

2063 1325 2170 1364 non
2221 1308 2654 1377 inveniebamus;
2696 1311 2788 1380 qui
2817 1311 2984 1366 etiam
3014 1312 3219 1382 majora
3248 1311 3428 1378 faciet,
3459 1313 3650 1369 inven-

2063 1403 2170 1459 turi
2197 1418 2384 1459 sumus
2403 1405 2425 1445 ν
2470 1403 2576 1459 Sed
2601 1405 2912 1461 dixeramus
2939 1420 3189 1461 sermone
3215 1406 3467 1475 pristino,
3514 1407 3647 1477 quia

2061 1493 2233 1563 majus
2261 1493 2363 1548 fuit
2389 1497 2597 1551 umbrae
2647 1511 2758 1551 suae
2803 1496 3056 1560 transitu,
3085 1497 3228 1566 quod
3276 1497 3545 1569 [discipuli
3568 1497 3650 1556 fe-

2059 1594 2270 1653 cerunt,
2320 1601 2482 1656 quam
2514 1585 2741 1642 ﬁmbriae
2785 1601 2896 1642 suae
2922 1594 3092 1652 tactu,
3120 1587 3285 1658 quod]
3320 1588 3436 1657 ipse
3459 1588 3647 1644 Domi-

2057 1694 2159 1736 nus
2187 1677 2315 1732 l'ecit
2343 1691 2536 1733 sanare
2561 1677 2879 1748 languentes
2911 1695 2925 1730 :
2956 1684 3011 1731 et
3037 1678 3163 1747 quia
3207 1678 3392 1747 plures
3419 1689 3644 1749 aposto-

2057 1766 2144 1831 lis,
2170 1783 2330 1836 quam
2357 1768 2474 1836 ipso
2495 1781 2590 1837 per
2617 1782 2681 1822 os
2717 1767 2993 1836 proprium
3017 1767 3348 1836 praedicante
3385 1768 3642 1835 Domino,

2055 1857 2419 1921 crediderunt,
2448 1865 2506 1912 ut
2547 1857 2663 1911 haec
2690 1857 3004 1912 viderentur
3024 1871 3188 1927 opera
3245 1857 3642 1932 [intelligenda]

2053 1965 2175 2006 esse
2200 1947 2439 2017 majora;
2477 1963 2584 2003 non
2609 1963 2716 2020 quo
2737 1946 2908 2018 major
2929 1959 3073 2004 esset
3099 1949 3358 2020 magistro
3405 1950 3646 2020 discipu-

2054 2041 2159 2109 lus,
2209 2041 2293 2096 vel
2333 2041 2563 2096 Domino
2593 2055 2804 2106 servus,
2858 2039 2946 2096 vel
2989 2041 3276 2111 adoptatus
3325 2041 3641 2114 Unigenito,

2053 2133 2138 2189 vel
2191 2133 2354 2189 homo
2382 2131 2530 2198 Deo;
2591 2131 2686 2188 sed
2713 2133 2857 2201 quod
2887 2147 2984 2203 per
3012 2132 3137 2189 illos
3171 2133 3284 2204 ipse
3323 2134 3647 2204 dignaretur

2052 2223 2241 2278 eadem
2267 2222 2470 2292 majora
2523 2223 2727 2289 facere,
2771 2225 2864 2294 qui
2909 2224 3041 2280 dicit
3079 2225 3160 2280 eis
3179 2225 3285 2281 alio
3309 2225 3429 2283 loco
3460 2244 3474 2280 :
3513 2225 3645 2282 Sine

2052 2330 2134 2368 me
2170 2313 2302 2367 nihil
2329 2315 2548 2384 potestis
2568 2313 2741 2383 facere
2768 2335 2786 2368 ι
2833 2313 3013 2386 (Joan.
3044 2332 3136 2381 xv,
3168 2316 3244 2386 5).

2122 2403 2352 2459 LXVIII.
2381 2404 2634 2474 Ejusdem
2659 2406 2712 2459 in
2745 2403 3005 2461 Sermone
3027 2406 3148 2461 XXI
3165 2419 3188 2446 ε
3211 2426 3229 2459 ι
3255 2407 3383 2464 Post
3405 2412 3645 2478 promis-

2052 2496 2261 2552 sionem
2314 2495 2546 2566 Spiritus
2574 2496 2749 2551 sancti
2798 2512 2868 2553 ne
2918 2499 3207 2570 quisquam
3235 2509 3451 2569 putaret
3488 2505 3647 2572 quod

2051 2584 2126 2638 ita
2155 2599 2277 2640 eum
2309 2585 2571 2641 Dominus
2617 2587 2843 2641 daturus
2867 2585 3064 2655 fuerat,
3136 2589 3283 2645 velut
3307 2605 3406 2661 pro
3430 2593 3642 2662 seipse,

2052 2687 2110 2733 ut
2159 2692 2266 2733 non
2285 2685 2341 2732 et
2379 2679 2494 2747 ipse
2541 2695 2664 2735 cum
2693 2681 2774 2736 eis
2799 2688 2942 2736 esset
2968 2679 3201 2749 futurus,
3238 2683 3436 2752 adjecit
3474 2692 3648 2754 atque

2049 2768 2165 2822 ait:
2224 2766 2347 2821 Non
2395 2767 2687 2839 relinquam
2736 2786 2821 2824 vos
2885 2772 3171 2841 orphanos,
3222 2773 3371 2826 venio
3419 2773 3490 2827 ad
3548 2791 3644 2830 vos

2050 2858 2232 2931 (Joan.
2288 2875 2402 2925 inv,
2462 2860 2574 2933 18).
2630 2859 2870 2930 Orphani
2894 2861 3084 2932 pupilli
3130 2870 3293 2929 sunt;
3323 2863 3455 2919 illud
3482 2865 3639 2923 enim

2048 2948 2296 3006 Grzecum
2319 2951 2557 3021 ejusdem
2586 2952 2665 3006 rei
2694 2967 2892 3008 nomen
2922 2961 3027 3018 est,
3061 2954 3167 3009 hoc
3200 2953 3471 3011 Latinum.
3497 2955 3642 3012 Nam

2047 3051 2102 3099 et
2131 3042 2185 3097 in
2238 3043 2470 3115 psalmo,
2516 3045 2610 3098 ubi
2658 3043 2888 3117 legimus
2919 3063 2932 3099 :
2962 3043 3175 3116 Pupilla
3205 3057 3264 3101 tu
3285 3049 3389 3103 eris
3418 3051 3644 3120 adjutor

2047 3139 2222 3211 (Psal.
2249 3155 2300 3203 x,
2336 3138 2449 3210 11),
2479 3137 2700 3195 Graecus
2721 3140 2886 3195 habet
2913 3141 3169 3211 orphauo.
3223 3140 3482 3208 Quamvis
3504 3159 3642 3214 ergo

2044 3247 2144 3287 nos
2168 3230 2341 3286 Filius
2361 3231 2459 3286 Dei
2487 3246 2586 3286 suo
2630 3229 2778 3284 Patri
2827 3229 3165 3300 adoptaverit
3193 3231 3350 3297 filios,
3384 3240 3440 3286 et
3480 3248 3642 3288 eum-

2041 3324 2165 3378 dem
2185 3323 2402 3376 Patrem
2451 3337 2551 3377 nos
2593 3321 2824 3376 voluerit
2875 3321 3076 3376 habere
3118 3337 3217 3392 per
3245 3323 3496 3393 gratiam,
3538 3327 3639 3394 qui

2041 3412 2157 3482 ejus
2203 3411 2366 3466 Pater
2415 3420 2500 3467 est
2546 3427 2646 3482 per
2691 3421 2945 3468 naturam
2997 3413 3168 3485 [Ms.,
3207 3417 3637 3490 paternarum]:

2041 3514 2223 3560 tamen
2260 3504 2423 3559 etiam
2472 3504 2588 3572 ipse
2623 3518 2751 3574 erga
2781 3518 2880 3559 nos
2912 3512 3198 3574 paternum
3232 3507 3640 3576 quodammodo

2041 3597 2376 3651 demonstrat
2404 3593 2677 3659 affectum,
2737 3607 2861 3649 cum
2900 3595 3031 3650 dicit
3066 3615 3078 3649 :
3125 3594 3251 3650 Non
3273 3597 3638 3669 derelinquam

2039 3704 2126 3742 vos
2157 3687 2440 3757 orphanos,
2490 3686 2695 3740 veniam
2743 3686 2810 3739 ad
2839 3703 2945 3740 vos.
2977 3685 3114 3742 Hinc
3163 3697 3248 3742 est
3289 3689 3432 3758 quod
3463 3691 3637 3746 etiam

2039 3778 2223 3848 sponsi
2254 3777 2392 3832 ﬁlios
2432 3793 2531 3831 nos
2558 3776 2810 3848 appellat,
2859 3777 2950 3832 ubi
3011 3777 3143 3833 dicit
3173 3796 3186 3832 :
3219 3779 3411 3835 Veniet
3459 3780 3622 3846 hora,

2039 3880 2097 3926 ut
2125 3869 2402 3926 auferatur
2426 3870 2493 3924 ab
2531 3870 2612 3925 eis
2641 3885 2892 3940 sponsus,
2920 3879 2977 3925 et
3001 3879 3127 3926 tunc
3159 3870 3482 3941 jejunabunt
3531 3871 3635 3930 ﬁlii

2038 3961 2225 4034 sponsi
2264 3983 2282 4014 ι
2324 3960 2542 4033 (Matth.
2585 3976 2663 4018 rx.
2695 3960 2804 4032 l5).

2109 4051 2294 4108 LXIX.
2315 4052 2542 4107 Videtur
2572 4051 2717 4106 enim
2745 4051 2906 4120 hujus
2935 4052 3157 4108 haeresis
3177 4065 3301 4108 esse
3325 4066 3550 4108 causam
3576 4053 3638 4112 in

2036 4146 2218 4200 animo
2241 4145 2564 4209 errantium,
2607 4143 2752 4213 quod
2781 4152 2974 4212 putant
2993 4145 3048 4199 hi
3070 4143 3160 4213 qui
3186 4152 3438 4198 asserunt
3466 4144 3637 4200 Chri-

2036 4244 2178 4290 stum
2209 4234 2519 4304 adOptivum
2567 4247 2712 4299 esse,
2764 4248 2931 4287 unum
2977 4249 3096 4290 esse
3133 4234 3494 4303 assumpsisse
3529 4235 3636 4290 ali-

2034 4327 2164 4396 quid
2186 4334 2243 4381 et
2263 4327 2549 4396 adoptasse
2587 4342 2601 4378 :
2639 4324 2707 4380 de
2735 4338 2844 4394 quo
2881 4339 3068 4380 errore
3106 4324 3161 4379 in
3199 4339 3298 4380 suo
3329 4323 3450 4379 loco
3489 4325 3632 4380 satis

2036 4417 2446 4490 respondimus;
2482 4422 2538 4470 et
2566 4430 2734 4470 unum
2761 4415 3034 4470 aestimant
3051 4415 3280 4486 gratiam
3303 4422 3358 4469 et
3379 4413 3634 4484 adoptio-

2036 4525 2182 4575 nem,
2231 4525 2356 4564 eum
2408 4509 2606 4579 legitur
2649 4506 2966 4576 Apostolum
3029 4506 3256 4562 dicere:
3288 4503 3478 4560 Gratia
3524 4505 3631 4560 Dei

2031 4618 2127 4671 pro
2160 4600 2398 4655 omnibus
2424 4600 2646 4670 gustavit
2688 4606 2907 4652 mortem
2951 4594 3136 4669 (Hebr.
3185 4613 3249 4662 ιι,
3299 4597 3377 4671 9).
3416 4597 3628 4652 Tamen

2034 4711 2141 4750 non
2180 4694 2319 4749 dixit
2353 4692 2664 4764 Apostolus,
2686 4691 2972 4762 adoptione
2991 4705 3092 4761 pro
3138 4689 3392 4746 omnibus
3439 4697 3630 4761 gusta-

2031 4787 2112 4842 vit
2145 4794 2399 4851 mortem,
2457 4785 2586 4855 quia
2626 4783 2782 4856 longe
2816 4782 2962 4838 aliud
2991 4791 3075 4838 est
3095 4782 3271 4853 gratia
3300 4780 3457 4853 [Ms.,
3504 4779 3625 4852 glo-

2033 4877 2135 4950 ria]
2177 4877 2358 4932 multis
2396 4876 2450 4930 in
2470 4875 2621 4940 locis,
2662 4883 2718 4930 et
2763 4874 2996 4945 adeptio.
3049 4873 3318 4928 Praevenit
3345 4872 3489 4926 enim
3517 4871 3625 4927 ali-

2034 4968 2230 5037 quibus
2267 4967 2322 5023 in
2350 4966 2483 5022 locis
2522 4965 2888 5037 adoptionem,
2934 4965 3073 5020 sicut
3100 4978 3201 5018 nos
3225 4978 3350 5018 cum
3375 4976 3625 5017 essemus

2035 5062 2129 5117 lilii
2177 5062 2270 5116 ira:
2316 5060 2613 5116 secundum
2658 5065 2931 5123 naturam,
2984 5055 3112 5112 fecit
3161 5071 3259 5111 nos
3306 5054 3479 5126 gratia
3524 5053 3622 5108 Dei

2035 5150 2172 5205 ﬁlios
2201 5150 2296 5204 Dei
2356 5163 2452 5220 per
2471 5147 2838 5217 adeptionem.
2891 5146 3178 5202 Praecessit
3199 5161 3300 5201 nos
3323 5144 3522 5216 gratia,
3560 5153 3625 5199 ut

2031 5258 2274 5298 essemus
2297 5241 2566 5310 adoptivi;
2609 5239 2860 5295 Christus
2899 5254 3030 5292 vero
3059 5255 3166 5294 non
3188 5239 3288 5292 fuit
3306 5247 3430 5292 ante
3455 5238 3621 5291 homo

2033 5333 2227 5398 factus,
2287 5339 2340 5386 et
2390 5340 2513 5401 post
2555 5344 2654 5400 per
2691 5329 2919 5401 gratiam
2969 5331 3250 5399 adoptivus
3288 5327 3456 5382 Filius
3482 5326 3612 5392 Dei;

2033 5423 2128 5479 sed
2155 5439 2281 5478 mox
2307 5423 2361 5478 in
2388 5431 2544 5477 utero
2568 5420 2795 5491 virginis
2823 5420 2964 5474 Deus
3003 5437 3164 5476 verus
3209 5429 3263 5476 et
3291 5420 3433 5476 Deus
3452 5417 3621 5475 homo

2111 5598 2130 5622 ι’
2171 5585 2336 5646 hiem,
2379 5584 2501 5639 libr.
2535 5600 2619 5649 ιιι,
2651 5598 2768 5652 cap.
2826 5583 2908 5635 l2.
2945 5650 2959 5652 _
3001 5613 3006 5615 -

2105 5656 2127 5693 σ¹
2169 5657 2224 5710 S.
2265 5656 2424 5723 Aug,
2464 5663 2624 5709 tract.
2661 5650 2803 5708 nixu
2838 5650 3113 5723 in_.loan.,
3151 5651 3291 5723 n._l.

2113 5742 2131 5764 ε’
2173 5729 2226 5780 S.
2271 5721 2427 5795 Aug,
2474 5735 2789 5779 tractu“
2817 5721 3068 5788 ἱηδῡιιιι..
3107 5738 3160 5777 ιι.
3203 5721 3254 5776 1.
