3906 6186
273 329 379 387 ﬂ'l

1120 327 1540 389 DOGMATICA.
1580 362 1650 373 —
1688 332 1816 387 LIB.
1854 331 2016 389 ADV.
2059 330 2386 389 ΗᾹΞΒΕΞΙΝ
2423 332 2708 393 FELICIS.

3459 335 3564 393 M8

273 448 572 515 conceptus
619 448 739 506 est;
798 448 856 496 et
902 436 967 496 de
995 450 1153 498 utero
1176 443 1404 516 virginis
1446 445 1590 500 Deus
1628 461 1790 503 verus
1811 455 1867 502 ct
1892 450 1943 508 Δ
1969 446 2238 516 quomodo
2268 446 2426 504 ﬂeret
2463 448 2609 518 quod
2653 448 2705 504 ei
2758 447 3061 513 nuntiabat.
3118 448 3564 522 quandoquidem

272 537 434 594 homo
455 549 622 589 verus
648 543 836 600 natus,
868 531 1008 590 sicut
1031 542 1252 591 sanctus
1266 535 1600 608 Augustinus
1622 537 1677 593 in
1706 537 1867 603 libro,

270 644 430 703 quem
449 626 813 684 Enchiridion
858 627 934 683 illi
963 626 1167 699 placuit
1190 629 1492 696 nominare,
1530 632 1872 702 apertissime

273 727 529 785 testatur,
583 718 773 774 dicens
797 730 824 759 ι
860 736 874 773 :
919 737 938 770 ι
973 718 1072 775 Hic
1107 718 1331 777 omnino
1361 721 1642 791 granditer
1668 730 1724 777 et
1759 723 1871 779 evi-

270 813 463 869 denter
511 811 814 883 Dcigratia
842 813 1273 868 commendatur.
1318 810 1462 883 Quid
1481 812 1627 869 enim
1674 822 1869 870 natura

272 904 511 961 humana
539 902 597 958 in
643 900 871 959 homine
909 900 1131 958 Christo
1159 903 1380 970 meruit,
1426 912 1487 959 ut
1510 903 1566 959 iu
1607 905 1871 961 unitatem

271 1012 521 1069 personae
558 994 708 1051 unici
754 994 882 1050 Filii
939 994 1035 1051 Dei
1081 995 1432 1068 singulariter
1474 1004 1621 1052 esset
1661 1011 1872 1053 assum-

272 1090 392 1161 pta?
428 1087 568 1157 Qua:
598 1087 738 1143 bona
785 1085 1057 1153 voluntas,
1088 1086 1244 1157 cujus
1284 1088 1414 1144 boni
1462 1088 1728 1159 propositi
1758 1095 1872 1145 stu-

272 1180 444 1245 dium,
482 1194 607 1249 quae
648 1177 790 1233 bona
819 1191 985 1248 opera
1010 1187 1428 1247 praecesserunt,
1469 1179 1665 1249 quibus
1689 1194 1869 1235 mere-

272 1278 423 1328 retur
469 1271 575 1325 iste
613 1269 777 1324 homo
807 1283 916 1323 una
947 1266 1067 1326 ﬁeri
1109 1283 1343 1339 persona
1381 1285 1506 1325 cum
1553 1270 1698 1325 Deo?
1721 1268 1871 1325 Nun-

270 1362 403 1439 quid
451 1370 617 1417 antea
662 1359 766 1415 fuit
809 1359 994 1425 homo,
1050 1368 1105 1414 et
1150 1359 1254 1416 hoc
1281 1360 1331 1416 ei
1362 1358 1637 1431 singulare
1671 1359 1872 1417 beneﬁ-

274 1455 418 1511 cium
458 1452 765 1524 pmestitum
791 1457 897 1517 est,
935 1465 1061 1506 cum
1095 1450 1446 1522 singulariter
1465 1458 1872 1521 promereretur

274 1546 441 1617 78],
488 1546 659 1601 Deum
683 1545 707 1598 ?
758 1542 964 1614 Nempe
990 1558 1057 1598 ex
1077 1559 1184 1613 quo
1223 1544 1385 1599 homo
1406 1557 1529 1599 esse
1552 1544 1735 1616 coepit,
1761 1559 1869 1600 non

275 1638 426 1693 aliud
457 1638 783 1708 crepitesse,
814 1651 979 1707 quam
1005 1635 1103 1690 Dei
1156 1634 1348 1701 Filius,
1400 1642 1457 1691 et
1492 1636 1597 1692 hoc
1640 1636 1866 1705 unicus;

270 1738 331 1786 et
351 1738 575 1800 propter
616 1728 790 1784 Deum
823 1728 1086 1792 Verbum,
1140 1726 1288 1798 quod
1316 1722 1407 1782 illo
1450 1735 1704 1797 suscepto
1734 1742 1866 1783 caro

1971 536 2060 591 illa
2098 538 2274 594 virum
2299 555 2404 595 non
2436 548 2811 612 cognosceret,
2843 539 3120 611 respondit
3150 540 3410 612 angelus:
3442 539 3565 609 Spi-

1972 628 2104 684 ritus
2127 639 2339 685 sanctus
2368 632 2688 702 superveniet
2708 631 2763 684 in
2783 640 2852 696 te,
2896 641 2944 686 et
2979 632 3142 686 virtus
3171 629 3429 688 Altissimi
3472 631 3563 688 ob-

1971 722 2231 778 umbrabit
2252 724 2374 789 tibi,
2398 724 2617 795 ideoque
2637 734 2684 779 et
2707 724 2847 795 quod
2885 734 3129 780 nascetur
3151 740 3216 779 ea:
3238 733 3287 780 te
3316 733 3562 782 sanctum

1970 810 2238 867 vocabitur
2276 812 2453 869 Filius
2476 813 2574 868 Dei
2602 834 2621 867 ι
2659 813 2811 887 (Luc.
2836 831 2878 881 ι,
2904 814 3018 888 55).
3049 816 3118 872 Et
3140 826 3263 887 post
3301 830 3477 887 pauca
3505 815 3561 872 in

1971 902 2161 957 eodem
2218 903 2488 974 capitulo:
2522 921 2542 956 ί
2578 903 2838 971 Proinde,
2889 905 3031 961 sicut
3068 905 3413 972 conﬁtemur,
3453 906 3562 963 Do-

1970 992 2152 1050 minus
2172 1002 2360 1049 noster
2383 993 2541 1052 Jesus
2563 993 2833 1062 Christus,
2860 996 2951 1066 qui
2985 996 3052 1051 de
3072 996 3183 1053 Deo
3212 996 3378 1063 Deus,
3398 996 3562 1055 homo

1972 1092 2151 1140 autem
2180 1093 2340 1141 natus
2364 1094 2449 1142 est
2473 1087 2541 1142 de
2575 1085 2779 1156 Spiritu
2824 1093 3015 1142 sancto
3044 1094 3099 1142 et
3124 1087 3335 1158 virgine
3365 1085 3560 1153 Maria,

1972 1185 2198 1248 utraque
2224 1177 2543 1240 substantia,
2598 1178 2778 1233 divina
2812 1178 3021 1234 scilicet
3073 1186 3237 1249 atque
3283 1179 3555 1243 humana;

1971 1268 2141 1325 Filius
2165 1279 2251 1326 est
2275 1271 2466 1326 unicus
2511 1269 2608 1325 Dei
2653 1270 2831 1325 Patris
2881 1270 3290 1342 omnipotentis,
3337 1270 3405 1326 de
3453 1284 3560 1341 quo

1970 1363 2215 1433 procedit
2268 1362 2502 1434 Spiritus
2532 1372 2772 1420 sanctus.
2811 1384 2829 1417 ι
2865 1363 2988 1419 Mox
3041 1365 3440 1434 subsequenter
3482 1364 3549 1419 de

1971 1456 2160 1511 eadem
2187 1456 2360 1527 gratia
2389 1463 2608 1512 secutus
2631 1458 2742 1511 ait:
2775 1477 2793 1509 ι
2838 1458 2920 1513 Ac
2946 1458 3027 1514 sic
3056 1458 3113 1514 in
3139 1466 3345 1515 naturae
3366 1459 3561 1515 huma-

1970 1563 2054 1602 na:
2084 1547 2429 1618 susceptione
2467 1546 2623 1603 ﬁeret
2662 1548 3060 1617 quodammodo
3103 1548 3219 1618 ipsa
3265 1548 3441 1620 gratia
3480 1544 3553 1602 illi

1972 1640 2177 1696 homini
2207 1639 2494 1705 naturalis,
2550 1655 2672 1710 quae
2713 1639 2921 1695 nullum
2950 1648 3235 1711 peccatum
3258 1639 3434 1711 possit
3461 1638 3562 1695 ad-

1975 1730 2191 1786 mittere
2219 1749 2232 1785 :
2260 1746 2379 1800 qua:
2399 1730 2573 1803 gratia
2600 1739 2888 1802 propterea
2916 1747 3016 1803 per
3036 1731 3295 1803 Spiritum
3313 1737 3563 1786 sanctum

273 1793 485 1879 factum
519 1832 622 1886 est,
649 1823 839 1891 utique
866 1822 1009 1876 Deus
1036 1835 1051 1875 :
1079 1829 1138 1875 ut
1160 1793 1627 1891 quemadmodum
1640 1828 1725 1876 est
1759 1836 1869 1875 una
1899 1793 1946 1852 Β
1974 1819 2154 1876 fuerat
2194 1793 2569 1892 significanda,
2600 1793 2749 1892 -quia
2775 1822 2888 1891 ipse
2912 1793 3130 1892 proprie
3158 1821 3239 1877 sic
3284 1827 3371 1877 est
3396 1820 3560 1885 Deus,

268 1932 505 1988 persona
552 1916 781 1985 quilibet
825 1916 1009 1978 homo,
1060 1915 1239 1968 anima
1267 1913 1476 1968 scilicet
1506 1913 1790 1969 rationalis
1815 1921 1873 1969 et

269 2022 424 2071 caro,
454 2007 531 2062 ita
558 2007 631 2062 sit
655 2005 904 2061 Christus
922 2019 1030 2059 una
1048 2018 1300 2074 persona,
1336 2003 1573 2060 Verbum
1601 2012 1659 2059 et
1684 2003 1869 2061 homo.

271 2096 431 2157 Unde
469 2105 685 2152 natura:
735 2096 985 2151 humana:
1030 2102 1181 2150 tanta
1227 2094 1420 2167 gloria,
1460 2094 1624 2150 nullis
1669 2109 1875 2165 praece-

271 2190 535 2244 dentibus
558 2187 782 2252 meritis,
809 2187 929 2243 sine
952 2185 1285 2242 dubitatione
1317 2187 1578 2258 gratuita,
1615 2187 1720 2242 nisi
1746 2188 1874 2258 quia

270 2296 480 2351 magna
503 2280 597 2335 hic
618 2287 673 2335 et
699 2277 806 2334 sola
823 2278 919 2333 Dei
942 2278 1137 2348 gratia,
1180 2277 1413 2332 ﬁdeliter
1442 2284 1499 2332 et
1536 2277 1718 2333 sobrie
1744 2292 1875 2332 con-

272 2371 650 2429 siderantibus
696 2370 971 2426 evidenter
993 2370 1319 2435 ostenditur,
1357 2378 1418 2424 ut
1442 2369 1753 2438 intelligant
1777 2369 1876 2425 ho-

277 2465 450 2519 mines
471 2479 577 2533 per
604 2462 852 2517 eamdem
882 2461 1113 2532 gratiam
1143 2476 1203 2516 se
1222 2460 1515 2531 iustificari
1543 2475 1575 2515 a
1609 2461 1872 2528 peccatis,

277 2568 372 2624 per
396 2568 565 2623 quam
592 2551 794 2606 factum
821 2558 905 2606 est
933 2558 994 2604 ut
1012 2551 1175 2605 homo
1194 2549 1444 2605 Christus
1463 2548 1673 2605 nullum
1693 2558 1878 2619 posset

285 2643 485 2699 habere
510 2650 822 2713 peccatum.
862 2660 881 2694 ›

347 2732 512 2789 LXX.
533 2733 653 2790 Non
671 2749 799 2790 eum
820 2740 946 2788 ante
970 2731 1108 2787 dixit
1127 2731 1210 2787 vel
1227 2740 1546 2801 conceptum
1567 2732 1649 2788 vel
1666 2742 1874 2799 natum,

277 2837 334 2881 et
356 2835 489 2883 tunc
517 2840 615 2895 per
638 2824 873 2896 gratiam
908 2822 1251 2893 adoptionem
1278 2824 1575 2893 accepisse,
1606 2831 1670 2880 ut
1704 2823 1876 2879 Filius

282 2916 385 2970 Dei
422 2924 590 2980 esset;
619 2915 716 2971 sed
746 2929 872 2969 mox
903 2913 956 2967 in
987 2913 1105 2982 ipso
1139 2920 1406 2983 conceptu
1427 2921 1482 2968 et
1499 2913 1554 2968 in
1571 2914 1690 2983 ipso
1715 2922 1876 2983 partu

288 3004 459 3059 Deum
514 3019 631 3060 esse
676 3019 870 3060 venum
905 3011 961 3058 et
1010 3002 1290 3058 hominem
1342 3015 1533 3058 verum
1580 3010 1790 3071 natum,
1823 3011 1879 3059 et

280 3098 479 3154 Filium
507 3098 676 3154 Deum
703 3096 915 3171 [For-te.
956 3094 1074 3168 Dei]
1129 3111 1339 3163 verum,
1382 3102 1437 3151 et
1473 3095 1580 3152 hoc
1631 3095 1872 3151 unicum.

282 3192 460 3259 Quare
495 3192 742 3257 unicum,
786 3190 832 3246 si
869 3189 1153 3261 adoptivus
1172 3196 1279 3254 est,
1307 3188 1449 3244 sicut
1474 3193 1530 3241 et
1574 3188 1720 3244 nos?
1758 3186 1877 3244 Uti-

281 3304 386 3359 que
414 3288 548 3358 quia
580 3284 789 3354 maiore
824 3284 1159 3354 proprietate
1206 3282 1377 3338 Filius
1424 3290 1509 3338 est
1564 3282 1686 3348 Dei,
1709 3298 1872 3353 quam

281 3395 396 3445 nos,
422 3380 520 3449 qui
543 3394 736 3434 sumus
748 3376 1115 3447 praeveniente
1135 3376 1308 3446 gratia
1341 3375 1586 3445 adoptivi
1606 3374 1730 3431 Filii
1756 3375 1874 3431 Dei.

282 3468 397 3524 Mox
421 3470 566 3524 idem
596 3468 762 3523 Pater
798 3467 853 3522 in
898 3467 1089 3522 eodem
1124 3465 1364 3537 capitulo
1406 3466 1731 3522 subsecutus
1760 3465 1875 3519 ait:

290 3577 309 3609 ι
353 3558 445 3614 Sic
467 3567 525 3614 et
551 3556 672 3626 ejus
720 3563 953 3611 matrem
988 3555 1213 3627 angelus
1257 3555 1532 3621 salutavit,
1583 3554 1800 3625 quando
1825 3554 1877 3609 ei

282 3648 524 3705 tutumm
545 3648 821 3704 nuntiavit
848 3648 996 3703 hunc
1017 3654 1231 3716 partum
1264 3663 1279 3701 :
1312 3645 1438 3711 Ave,
1486 3645 1685 3715 inquit,
1706 3644 1879 3715 gratia

282 3738 454 3808 plena.
510 3739 577 3793 Et
603 3740 765 3811 paulo
786 3747 910 3808 post
953 3757 967 3792 :
1008 3736 1264 3792 Invenisti
1291 3776 1308 3801 ,
1336 3736 1434 3801 ait,
1474 3736 1703 3805 gratiam
1734 3737 1878 3806 apud

282 3829 451 3885 Deum
485 3830 642 3902 (Luc.
685 3848 728 3896 ι,
751 3830 845 3897 28,
884 3829 1000 3901 30).
1038 3829 1108 3884 Et
1149 3827 1369 3898 quidem
1406 3825 1579 3897 gratia
1599 3823 1781 3896 plena,
1822 3834 1880 3882 et

283 3920 562 3979 invenisse
582 3923 816 3994 gratiam
836 3924 980 3992 apud
1009 3923 1175 3978 Deum
1194 3919 1412 3982 dicitur,
1440 3925 1502 3973 ut
1526 3917 1742 3973 Domini
1771 3919 1876 3985 sui,

280 4009 393 4066 imo
436 4011 659 4066 Domini
700 4012 941 4067 omnium
975 4018 1149 4066 mater
1189 4015 1355 4065 esset.
1405 4007 1486 4062 De
1529 4007 1647 4077 ipso
1695 4014 1878 4063 autem

1969 1919 2032 1966 ut
2065 1911 2279 1966 dicatur
2301 1911 2468 1966 etiam
2488 1911 2588 1966 Dei
2613 1911 2834 1968 donum.
2868 1932 2887 1965 ι

2041 1999 2226 2055 LXXI.
2245 2002 2413 2073 Igitur
2442 2002 2491 2057 si
2511 2003 2687 2057 sancti
2717 2000 2928 2074 [Forte,
2955 2001 3198 2075 sanctus]
3223 2001 3479 2074 Spiritus,
3502 2010 3564 2059 ut

1973 2091 2077 2147 iste
2102 2092 2483 2147 sanctissimus
2518 2091 2683 2149 Pater
2701 2100 3056 2163 protestatur,
3086 2093 3182 2148 Dei
3203 2093 3407 2149 donum
3456 2102 3559 2161 est,

1973 2178 2118 2239 etde
2132 2182 2241 2238 hoc
2269 2170 2411 2241 dono
2438 2200 2506 2241 ex
2532 2184 2702 2241 Maria
2729 2185 2942 2257 virgine
2986 2198 3147 2244 natus
3166 2197 3253 2245 est
3301 2189 3563 2247 Dominus

1974 2281 2159 2329 noster
2186 2272 2344 2329 Jesus
2364 2274 2632 2341 Christus,
2675 2290 2838 2347 quem
2888 2276 3180 2348 Apostolus
3212 2280 3443 2350 gratiam
3466 2279 3562 2337 Dei

1974 2379 2081 2421 non
2133 2365 2400 2421 dubitavit
2454 2367 2756 2434 nominare,
2806 2367 2951 2423 unde
2995 2368 3088 2423 hic
3130 2368 3349 2439 adoptio
3384 2378 3561 2440 potest

1975 2454 2256 2520 accedere,
2282 2455 2411 2510 dum
2426 2454 2513 2511 ille
2533 2464 2825 2526 conceptus
2844 2457 2910 2537 de
2930 2457 3042 2512 Deo
3066 2458 3121 2513 in
3134 2457 3302 2514 Deum
3316 2459 3560 2528 prolicieo

1973 2545 2101 2601 bat?
2118 2544 2255 2602 Cum
2277 2545 2421 2603 Deus
2441 2556 2526 2603 est
2556 2546 2793 2619 Spiritus
2813 2558 3054 2616 sanctus,
3098 2564 3205 2604 una
3231 2549 3350 2605 haec
3379 2549 3561 2622 [Forte

1974 2636 2323 2710 supplendum
2352 2639 2432 2712 in]
2463 2649 2652 2696 sancta
2678 2640 2945 2696 Trinitate
2981 2655 3216 2712 persona
3263 2641 3490 2712 aequalis
3510 2651 3561 2699 et

1975 2732 2455 2789 consubstantialis
2492 2733 2642 2791 Patri
2672 2740 2728 2789 et
2750 2733 2890 2789 Filio
2931 2748 3031 2805 per
3058 2733 3260 2788 omnia.
3311 2732 3424 2790 Nec
3467 2733 3555 2789 ali-

1977 2821 2106 2890 quid
2149 2832 2274 2878 ante
2309 2821 2413 2878 l‘uit
2439 2824 2603 2881 homo
2634 2824 2745 2891 ille,
2793 2832 3084 2895 antequam
3118 2824 3285 2891 Deus,
3326 2831 3385 2879 ut
3436 2826 3557 2880 add

1977 2912 2118 2982 ptari
2142 2912 2315 2981 possit
2351 2913 2409 2969 in
2456 2912 2554 2972 Dei
2578 2913 2777 2975 Filium
2807 2933 2820 2969 :
2848 2915 3015 2981 veluti
3045 2930 3147 2970 nos
3191 2924 3318 2975 ante
3361 2914 3559 2973 fuimus

1980 3002 2072 3058 lilii
2102 3004 2214 3069 iraa,
2242 3006 2416 3077 gratia
2465 3006 2645 3061 divina
2678 3007 3042 3076 przeveniente
3092 3006 3222 3062 facti
3252 3022 3441 3063 sumus
3462 3024 3558 3078 per

1979 3092 2324 3164 adoptionem
2348 3095 2443 3151 ﬁlii
2478 3095 2609 3162 Dei;
2648 3096 2745 3151 sed
2768 3096 2872 3152 iste
2892 3097 3078 3152 statim
3116 3097 3213 3152 Dei
3242 3096 3412 3156 Filius
3431 3114 3564 3156 con-

1980 3191 2170 3254 ceptus
2221 3191 2309 3239 est
2350 3185 2404 3238 in
2454 3194 2686 3255 utraque
2713 3193 2931 3251 natura,
2975 3186 3119 3242 sicut
3165 3188 3569 3246 evidentissima

1978 3276 2082 3332 iste
2132 3276 2389 3348 praefatus
2443 3277 2631 3333 doctor
2662 3285 2892 3333 testatus
2927 3286 3045 3345 est;
3076 3286 3139 3334 ut
3155 3279 3564 3336 eertissimein-

1980 3367 2253 3440 telligatur
2305 3380 2414 3425 non
2457 3369 2638 3425 omnia
2683 3369 2928 3439 adoptari
2976 3370 3032 3425 in
3072 3369 3271 3426 Filium
3300 3384 3421 3441 qua:
3464 3386 3563 3442 per

1980 3460 2210 3532 gratiam
2246 3461 2557 3528 adveniant,
2613 3475 2715 3518 nec
2759 3461 2904 3517 idem
2929 3477 3053 3519 esse
3080 3463 3311 3534 gratiam
3338 3470 3396 3518 et
3428 3463 3562 3519 ado-

1980 3549 2218 3618 ptionem
2238 3562 2337 3618 per
2363 3548 2565 3604 omnia.
2593 3547 2731 3603 Nam
2759 3549 2985 3619 quilibet
3012 3551 3176 3606 homo
3204 3549 3339 3607 duos
3356 3548 3566 3604 habens

1982 3638 2121 3695 ﬁlios
2165 3654 2331 3694 unum
2370 3645 2548 3709 potest
2597 3655 2696 3710 per
2747 3641 2976 3713 gratiam
3006 3640 3110 3696 sibi
3163 3639 3344 3695 facere
3394 3639 3567 3695 haere-

1981 3730 2133 3795 dem;
2172 3745 2278 3785 non
2332 3741 2510 3786 tamen
2536 3730 2847 3800 adoptivum
2896 3739 3075 3802 potest
3120 3747 3244 3789 cum
3292 3729 3473 3787 facere
3511 3731 3568 3787 iu

1982 3820 2176 3887 tilium,
2231 3821 2323 3890 qui
2376 3816 2539 3891 782
2599 3822 2865 3877 naturalis
2911 3829 2995 3877 est
3028 3823 3079 3878 ei
3126 3822 3289 3891 filius.
3334 3820 3571 3877 Sanctus

1982 3909 2167 3981 itaque
2213 3907 2381 3963 David
2438 3908 2637 3965 multos
2691 3910 2883 3965 habuit
2939 3909 3218 3965 naturales
3265 3908 3427 3974 ﬁlios,
3470 3908 3569 3965 sed

1983 3997 2353 4054 tantummodo
2401 3996 2743 4054 Salomonem
2780 3998 3038 4069 singulari
3071 4000 3247 4070 gratia
3302 3998 3433 4054 fecit
3460 3999 3567 4055 sibi

279 4102 506 4159 Christo
548 4102 790 4161 Joannes
813 4106 1148 4176 evangelista
1186 4120 1311 4162 cum
1365 4101 1591 4159 dixisset
1623 4101 1713 4156 :Et
1748 4100 1879 4157 Ver-

1981 4088 2250 4144 haeredem
2297 4089 2470 4159 regni,
2527 4104 2633 4142 non
2663 4104 2760 4158 per
2809 4088 3153 4158 adoptionem
3199 4088 3389 4155 filium,
3437 4089 3566 4160 quia

280 4195 409 4249 bum
437 4213 561 4249 caro
588 4196 789 4266 factum
804 4205 907 4262 est,
929 4205 980 4251 et
1008 4196 1260 4251 habitavit
1279 4196 1337 4249 in
1359 4194 1528 4261 nobis,
1561 4201 1612 4248 et
1628 4193 1875 4259 vidimus,

1981 4179 2235 4251 proprius
2272 4179 2321 4233 ei
2344 4179 2553 4237 exstitit
2573 4179 2732 4236 ﬁlius.
2784 4179 2918 4235 Item
2944 4187 3123 4251 potest
3146 4180 3373 4252 quilibet
3401 4183 3564 4238 homo

281 4287 494 4355 inquit,
534 4288 750 4357 gloriam
779 4289 919 4359 ejus,
945 4288 1172 4359 gloriam
1200 4288 1354 4360 quasi
1407 4285 1665 4357 unigeniti
1700 4302 1735 4338 a
1771 4283 1881 4338 Pa-

1982 4286 2152 4326 unum
2181 4270 2381 4326 habere
2404 4271 2684 4343 proprium
2713 4271 2905 4338 lilium,
2935 4280 2994 4329 et
3014 4273 3160 4328 hunc
3185 4272 3521 4341 unigenitum
3546 4290 3562 4337 ;

274 4384 393 4439 tre,
447 4374 651 4445 plenum
684 4378 869 4448 gratia:
906 4389 956 4433 et
985 4378 1217 4434 veritatis
1247 4375 1439 4450 (Joan.
1472 4393 1515 4441 ι,
1560 4373 1672 4447 Η).
1723 4373 1878 4442 Quod
1982 4366 2165 4436 Plures
2182 4383 2310 4424 νθνο
2334 4381 2435 4439 Per
2480 4368 2824 4439 adoptionem
2875 4367 3016 4424 θυοδ
3072 4368 3275 4424 habere
3340 4374 3561 4438 Ρθίθθιε

274 4467 406 4521 ait;
448 4464 663 4522 Verbum
684 4487 808 4526 εανο
839 4471 1042 4543 factum
1064 4481 1161 4535 eu,
1186 4471 1292 4525 hoc
1313 4477 1399 4526 est
1416 4469 1634 4539 plenum
1666 4467 1874 4539 gratiae.
1909 4492 1960 4554 Β
1984 4459 2133 4515 illum
2165 4477 2351 4527 unum,
2379 4462 2471 4532 qui
2500 4471 2584 4518 est
2615 4461 2924 4534 unigenitus
2944 4470 3000 4517 et
3034 4462 3251 4527 unicus,
3293 4460 3565 4524 hacredem

276 4557 442 4625 Quod
465 4556 1110 4632 ait:Gloriamunig¢niti
1147 4579 1180 4615 a
1210 4560 1387 4624 Patre.
1412 4561 1517 4616 hoc
1555 4558 1774 4630 plenum
1797 4565 1882 4614 est
1912 4551 1940 4554 “
1984 4553 2084 4610 sibi
2133 4552 2338 4610 faciens
2379 4554 2613 4626 quadam
2659 4552 2891 4609 naturali
2937 4552 3237 4607 directione
3257 4559 3313 4607 et
3368 4551 3565 4623 gratia,

280 4649 558 4704 veritatis.
609 4651 821 4707 Veritas
851 4653 1050 4723 quippe
1078 4652 1195 4721 ipsa
1228 4652 1537 4723 unigenitus
1562 4649 1660 4705 Dei
1710 4648 1879 4704 Filius
1982 4643 2128 4699 nulla
2183 4660 2314 4702 vero
2361 4645 2667 4716 adoptione,
2715 4644 2856 4699 sicut
2908 4652 3154 4698 caeteros.
3197 4643 3276 4698 ita
3322 4643 3567 4714 omnipo—

274 4755 389 4795 nou
448 4742 649 4811 gratia,
702 4743 798 4798 sed
843 4752 1058 4799 natura.
1095 4741 1283 4799 Gratia
1329 4742 1562 4812 suscipit
1604 4740 1880 4797 hominem
1984 4744 2103 4792 tens
2133 4735 2294 4792 Pater
2318 4736 2605 4791 Dominum
2625 4742 2872 4789 nostrum
2908 4731 3093 4788 Iesum
3136 4734 3411 4791 Christum
3438 4735 3565 4791 uni-

276 4837 433 4884 tanta
464 4832 676 4887 unitate
699 4849 967 4904 personae,
1006 4841 1067 4889 ut
1108 4835 1251 4890 idem
1272 4833 1387 4904 ipse
1415 4841 1561 4889 esset
1585 4833 1751 4887 etiam
1782 4830 1881 4884 bo-
1982 4842 2107 4881 cum
2130 4828 2293 4885 habet
2312 4827 2508 4881 Filium
2530 4833 2586 4880 et
2604 4824 2960 4895 unigenitum,
2985 4825 3254 4882 haeredcm
3266 4828 3562 4898 proprium,

271 4920 450 4976 minis
490 4920 683 4977 Filius.
738 4923 885 4980 Idem
912 4940 1145 4994 namque
1207 4922 1368 4989 Jesus
1412 4921 1665 4979 Christus
1708 4919 1879 4974 Filius
1984 4921 2053 4977 ad
2076 4934 2237 4990 quem
2257 4920 2462 4974 dictum
2496 4924 2580 4972 est
2606 4934 2620 4948 ·
2646 4913 2874 4970 Ροδιιιια
2896 4934 2929 4970 a
2951 4934 3053 4984 me,
3084 4928 3131 4972 et
3150 4918 3286 4973 dabo
3317 4917 3410 4970 tibi
3440 4933 3564 4987 gen-

271 5009 375 5067 Dei
426 5013 762 5085 unigcnitus,
799 5017 940 5073 idem
968 5018 1160 5073 unicus
1189 5015 1452 5071 Dominus
1494 5022 1679 5070 noster
1723 5021 1884 5068 natus
1984 5021 2058 5065 tes
2091 5008 2448 5065 hereditatem
2477 5018 2621 5062 tuam
2650 5017 2697 5061 et
2722 5007 3099 5078 possessionem
3124 5017 3269 5063 tuam
3315 5006 3563 5063 terminos

270 5115 363 5161 es;
392 5106 466 5163 de
522 5106 729 5177 spiritu
780 5118 973 5166 sancio
1016 5125 1083 5166 ex
1113 5110 1324 5182 virgine
1350 5107 1538 5165 Mal-ia,
1591 5107 1660 5163 Ει
1693 5107 1881 5178 urique
1986 5109 2140 5154 terra:
2170 5095 2344 5170 (Psal.
2385 5112 2446 5162 ιι,
2500 5095 2575 5168 8).
2625 5094 2736 5151 Nos
2765 5111 2896 5151 vero
2949 5096 3259 5152 cohzeredes
3285 5093 3564 5163 unigenito

272 5199 526 5270 Spiritus
581 5211 804 5259 sanctus
837 5203 937 5260 Dei
991 5203 1194 5259 donum
1225 5211 1331 5269 est,
1370 5201 1515 5272 quod
1562 5200 1779 5271 quidem
1821 5205 1879 5253 et
1984 5206 2083 5247 suo
2144 5187 2290 5252 fecit,
2326 5187 2468 5243 sicut
2488 5187 2564 5242 ait
2605 5185 2895 5256 Apostolus
2922 5206 2935 5240 :
2961 5186 3212 5241 eredes
3237 5184 3359 5252 Dei,
3398 5186 3563 5247 cohw_

268 5291 467 5362 ipsum
490 5302 577 5349 est
597 5296 805 5366 aequale
845 5297 1105 5364 donanti;
1142 5304 1199 5354 et
1228 5297 1350 5352 ideo
1388 5296 1533 5351 Deus
1586 5300 1671 5350 est
1715 5290 1880 5346 etiam
1986 5283 2131 5339 redes
2179 5290 2355 5335 autem
2411 5278 2602 5335 Christi
2635 5277 2808 5350 (Rom.
2858 5293 2979 5342 vtu,
3029 5275 3140 5347 i7).
3189 5275 3332 5331 Dicit
3379 5276 3565 5348 itaque

268 5380 524 5453 Spiritus
543 5394 786 5452 sanctus,
839 5386 1000 5444 Patre
1034 5388 1277 5460 Filioque
1304 5402 1412 5444 non
1444 5386 1639 5442 minor.
1671 5383 1749 5438 Ex
1776 5382 1884 5438 hoc
1986 5373 2276 5447 Apostolus
2324 5381 2379 5427 et
2406 5372 2460 5426 in
2507 5370 2612 5425 alio
2632 5370 2751 5424 loco
2779 5388 2791 5421 :
2823 5367 3011 5460 Gratia
3037 5368 3177 5423 enim
3223 5368 3437 5424 Domini
3472 5386 3563 5423 no-

263 5488 437 5544 crgo,
469 5477 613 5547 quod
642 5476 709 5532 de
736 5476 942 5549 spiritu
969 5490 1157 5536 είωοιο
1186 5459 1271 5535 ἀει
1289 5477 1588 5535 secundum
1608 5474 1880 5531 hominem
1985 5467 2080 5522 stri
2123 5464 2255 5520 Jesu
2298 5462 2491 5518 Christi
2536 5471 2585 5516 et
2633 5461 2862 5515 cltaritas
2904 5459 3001 5515 Dei
3050 5470 3098 5515 et
3161 5460 3561 5518 communicatio

264 5566 544 5621 nativitas
590 5569 817 5637 Christi,
866 5572 994 5642 quid
1032 5572 1178 5629 aliud
1214 5586 1375 5641 quam
1419 5571 1532 5641 ipsa
1581 5567 1750 5640 gratia
1789 5567 1881 5622 de-
1983 5559 2151 5615 sancti
2191 5557 2422 5628 Spiritus
2447 5554 2513 5609 sit
2543 5569 2662 5607 cum
2685 5552 2921 5608 omnibus
2972 5553 3117 5607 nobis
3159 5551 3242 5626 (Il
3285 5552 3407 5608 Cor.
3437 5566 3560 5618 xm,

262 5668 646 5717 monstratur.
696 5663 833 5719 Cum
858 5665 1001 5720 enim
1033 5666 1184 5737 virgo
1213 5663 1551 5736 quaesivisset
1575 5661 1642 5716 ab
1665 5658 1872 5731 angelo,
1989 5652 2096 5722 ίδ)ο
2140 5646 2555 5705 Ενίίῖθηίίθδίηῖθ
2580 5645 2759 5717 ί¹³ίι¹¹⁰
2812 5645 2864 5699 ί¹¹
2894 5644 2993 5701 hoc
3014 5645 3131 5701 ¹⁰⁰⁰
3155 5660 3398 5717 ΡθτδθηὊ
3428 5658 3556 5702 sm"

344 5781 375 5810 ο
426 5770 483 5827 5.
541 5775 706 5849 Aug,
750 5776 1023 5834 Enchirid.
1092 5778 1156 5832 dc
1206 5775 1323 5842 ﬁde,
1380 5789 1471 5845 spe
1515 5782 1565 5829 et
1617 5770 1880 5827 charitate
1918 5785 2031 5837 cap.
2070 5765 2337 5833 36ctseq.
