3906 6186
384 329 486 386 “9

1231 327 1290 396 Β.
1332 345 1395 400 r.
1431 347 1651 403 suam
1691 349 1821 407 seu
1858 349 2132 408 ALCUINI
2169 353 2451 412 OPERUM
2488 358 2666 415 psus
2701 360 2786 415 Ill.

3529 358 3632 416 ΩΟ

381 451 482 496 «ηαξ
519 441 801 504 Trinitatis
830 451 1124 523 assignavit
1163 453 1310 526 [Leg.
1364 457 1498 527 forte
1534 460 1939 533 designantur];
1974 467 2019 524 A
2117 464 2321 522 LXXII.
2347 467 2480 525 Item
2499 470 2691 528 beatus
2713 471 3046 542 Augustinus
3067 465 3122 527 iu
3147 471 3367 528 homilia
3395 473 3632 542 quadam

380 534 610 600 gratiam
638 552 765 593 vero
791 539 909 596 Filii
953 559 1196 613 personae
1234 547 1492 616 adjuuxit,
1532 560 1587 605 et
1637 553 1953 609 charitatem

377 635 622 690 persona:
637 626 814 682 Patris
840 632 1151 703 assignavit,
1181 644 1231 690 et
1260 640 1801 698 communicationem
1830 643 1952 713 Spi-

379 717 504 771 ritui
547 728 736 776 sancto
786 724 1071 796 delegavit.
1129 727 1186 784 Si
1217 740 1436 800 propter
1487 734 1717 804 gratiam
1741 736 1832 792 isti
1853 755 1954 807 pu-

377 815 494 862 tant
541 808 713 866 Deum
741 815 1012 872 hominem
1045 823 1339 876 secundum
1392 824 1783 883 humanitatem
1831 845 1952 886 esse

378 898 718 968 adoptivum;
765 914 820 958 et
843 907 1133 977 Apostolus
1183 914 1415 980 gratiam
1440 916 1562 972 Filii
1583 934 1828 988 personae
1859 937 1948 977 as-

373 989 622 1059 signavit,
660 1003 770 1048 tum
791 995 911 1051 Filii
939 1014 1184 1068 persona:
1203 1003 1291 1058 ille
1316 1006 1499 1073 homo,
1531 1010 1622 1079 qui
1651 1011 1716 1065 de
1745 1013 1951 1083 virgine

371 1090 531 1138 natus
557 1094 660 1150 est,
693 1089 977 1159 ad0ptivus
1000 1102 1103 1148 est.
1162 1095 1230 1150 Et
1265 1099 1388 1167 quis
1413 1101 1516 1156 hoc
1567 1103 1728 1160 audet
1771 1105 1950 1161 dicere

368 1175 455 1228 vel
490 1178 746 1234 credere?
790 1181 955 1250 Igitur
975 1201 1075 1240 nec
1111 1197 1333 1257 propter
1380 1195 1802 1264 assumptiouem
1837 1197 1947 1270 [as-

367 1271 709 1343 sumptiouis]
759 1278 988 1344 gratiam
1041 1291 1218 1350 potest
1265 1284 1444 1354 Filius,
1477 1287 1702 1357 virginis
1743 1290 1949 1360 adopti-

364 1372 466 1412 vus
494 1373 632 1415 esse.
692 1363 831 1430 Quid
856 1367 1018 1438 igitur
1045 1377 1335 1430 tenendum
1367 1388 1470 1443 est,
1500 1381 1604 1434 nisi
1634 1389 1693 1436 ut
1719 1381 1944 1438 omnino

363 1450 617 1518 proprius
669 1455 740 1507 sit
774 1455 942 1513 Filius
997 1460 1107 1517 Deo
1162 1464 1311 1520 Patri
1341 1468 1396 1522 in
1443 1477 1672 1540 utraque
1712 1473 1948 1527 natura?

365 1534 520 1591 Sicut
571 1539 714 1596 Deus
764 1560 924 1602 verus
951 1559 1051 1613 est,
1102 1554 1192 1621 qui
1218 1563 1377 1610 natus
1405 1573 1470 1611 ex
1495 1534 1834 1628 virgiiie;ita
1889 1570 1944 1618 et

362 1641 524 1682 verus
549 1629 719 1687 Filius
739 1635 809 1689 sit
829 1636 938 1694 Deo
961 1639 1106 1697 Patri
1131 1645 1183 1699 in
1211 1653 1440 1719 utraque
1468 1660 1680 1716 natura,
1709 1654 1942 1709 humana

367 1717 617 1774 similiter
660 1731 715 1777 et
738 1725 935 1782 divina.

437 1857 455 1876 ‘
500 1853 631 1909 Vide
658 1872 814 1927 supra
839 1877 986 1917 num.
1019 1865 1108 1920 6.5.

2056 556 2327 613 Christum
2374 570 2553 615 autem
2599 577 2708 617 non
2737 562 2910 618 solum
2939 563 3238 624 secundum
3271 564 3628 631 divinitatem,

2054 647 2147 702 sed
2169 649 2333 703 etiam
2377 652 2674 706 secundum
2694 653 3085 708 humanitatem
3109 661 3283 708 totum
3305 652 3634 709 altissimum

2053 737 2221 793 Deum
2251 755 2392 795 verte
2420 740 2543 797 ﬁdei
2572 741 2875 798 conﬁtetur.
2925 743 3097 798 Mater
3137 744 3280 797 enim
3324 743 3454 798 Sion
3497 742 3635 798 dicet

2051 828 2204 882 homo
2233 837 2280 882 et
2305 829 2460 883 homo
2489 830 2661 899 factus
2699 840 2774 885 est
2823 831 2879 884 in
2908 848 2991 896 ea,
3021 840 3069 884 et
3090 831 3198 901 ipse
3226 830 3466 901 fundavit
3515 847 3634 884 eam

2050 918 2348 974 Altissimus
2384 920 2556 992 (Psal.
2601 939 2824 988 Lxxxvt,
2863 922 2941 994 5).
2991 924 3059 977 Et
3085 939 3300 989 revera,
3335 924 3454 994 quis
3498 939 3630 979 eum

2049 1011 2386 1066 Altissimum
2433 1014 2628 1068 audeat
2653 1015 2938 1086 denegare.
2985 1015 3116 1070 Item
3143 1015 3258 1084 ipse
3299 1014 3356 1070 in
3405 1015 3635 1086 Exposi-

2051 1103 2196 1158 tione
2243 1119 2405 1175 super
2427 1104 2690 1161 Joannem
2727 1119 2754 1148 ι
2791 1124 2802 1159 :
2841 1124 2860 1158 ‹
2908 1106 3095 1163 Nullus
3123 1117 3433 1164 sanctorum
3486 1125 3627 1179 qua-

2048 1193 2181 1248 libet
2207 1197 2519 1265 praastautia
2564 1198 2750 1268 gratim
2774 1196 3036 1268 uuigeuiti
3064 1211 3260 1252 nomen
3313 1198 3541 1267 accepit,
3568 1207 3631 1253 ut

2048 1287 2190 1354 quod
2217 1295 2301 1342 est
2327 1287 2504 1358 ipsum
2527 1287 2622 1342 Dei
2651 1289 2890 1344 Verbum
2921 1298 3047 1345 ante
3074 1289 3294 1354 saecula,
3336 1290 3440 1344 hoc
3465 1288 3630 1344 simul

2047 1390 2167 1430 cum
2201 1388 2480 1447 assumpto
2526 1378 2743 1434 homine
2768 1377 3043 1434 diceretur
3061 1389 3116 1434 et
3141 1395 3268 1434 vere
3297 1386 3458 1435 esset.
3503 1377 3633 1436 Sin.-

2046 1467 2246 1538 gularis
2293 1483 2424 1540 ergo
2453 1468 2543 1524 illa
2568 1472 2839 1541 susceptio
2864 1487 2964 1526 nec
3001 1487 3124 1526 cum
3160 1471 3471 1527 hominibus
3507 1487 3631 1527 sau-

2045 1559 2168 1625 ctis,
2197 1558 2530 1629 quantalibet
2544 1561 2806 1631 sapientia
2827 1577 2891 1616 ac
2917 1563 3202 1617 sanctitate
3221 1561 3626 1633 praestantibus,

2045 1651 2152 1705 ullo
2184 1652 2343 1707 modo
2371 1659 2550 1723 potest
2570 1667 2693 1710 esse
2736 1655 3057 1710 communis.
3096 1675 3116 1708 ›

2049 1774 2086 1792 νδ

379 1973 3587 2030 _—-——_______.___________________________________

1253 2163 1413 2235 783
1496 2143 1965 2249 BEATI
2098 2150 2726 2257 ALCUINI

1851 2340 1980 2396 (ΣοΝ
1990 2341 2029 2396 Τ
2035 2341 2126 2395 BA

990 2479 1428 2561 FELICEM
1507 2486 2325 2570 URGELLITANUM
2405 2494 2979 2573 EPISCOPUM

1699 2647 1910 2708 LIBRI
1956 2649 2286 2711 SEPTEM.

1839 2776 2143 2791 .—__-_

802 2835 827 2862 ι
868 2823 1197 2883 EPISTOLA
1236 2828 1462 2886 ALBINI

787 2930 853 2968 AD
891 2932 1116 2972 ι-Ἒιιιςειι
1155 2936 1500 2978 “EBETICUM.

975 3027 1152 3098 (Auno
1179 3031 1326 3105 795.)

355 3109 611 3193 Hortatur
630 3111 884 3193 Eclio-eid
905 3126 961 3193 ut
1011 3119 1285 3174 novitatem
1315 3123 1569 3193 doctrina:
1619 3126 1847 3193 deserat,
1879 3141 1926 3183 et

419 3182 739 3264 universalis
757 3183 1009 3241 Ecclesia:
1037 3199 1440 3264 sanctorumque
1484 3191 1707 3251 Patrum
1733 3182 1930 3253 doctri-

417 3269 541 3306 nam
562 3263 832 3323 sequatur.

419 3367 549 3420 Viro
577 3370 888 3424 venerando
906 3380 962 3425 et
981 3373 1034 3426 in
1058 3374 1259 3432 Christi
1283 3380 1549 3436 charitate
1571 3384 1926 3441 desiderando

345 3459 507 3514 Felici
536 3461 812 3530 episcopo,
845 3464 1064 3520 humilis
1088 3467 1250 3522 levita
1277 3469 1537 3528 Alcuiuus
1564 3475 1815 3532 salutem.

415 3549 456 3602 Ι.
497 3549 615 3603 Non
647 3559 732 3604 est
761 3566 890 3606 cura
922 3553 1176 3612 fraternae
1205 3561 1396 3617 salutis
1417 3566 1570 3633 parvi
1600 3569 1880 3636 peudenda
1905 3590 1919 3627 :

343 3657 455 3698 non
479 3649 594 3707 est,
643 3645 882 3712 quandiu
934 3648 1158 3717 Spiritus
1190 3653 1290 3707 hos
1337 3665 1488 3725 regat
1531 3667 1705 3726 artus,
1743 3662 1922 3720 divina

340 3733 706 3803 praeveniente
749 3737 922 3806 gratia
972 3740 1192 3797 cuilibet
1232 3748 1516 3803 conversio
1563 3751 1919 3822 desperanda.

344 3827 480 3880 Dum
509 3827 622 3881 haec
649 3827 724 3882 ita
745 3845 803 3883 se
831 3829 1052 3899 habent,
1082 3841 1138 3888 et
1162 3851 1191 3890 a
1216 3838 1430 3894 nemine
1453 3838 1598 3908 juste
1626 3847 1923 3902 contradici

343 3923 540 3984 potest,
579 3929 795 3987 semper
840 3928 970 3975 sunt
1008 3935 1102 3976 seu
1145 3925 1432 3982 verborum
1462 3931 1747 3987 collatione
1785 3950 1923 4004 prae-

341 4015 522 4061 sentes
546 4008 892 4076 admoueudi,
925 4027 1021 4068 seu
1042 4013 1343 4072 litterarum
1364 4020 1649 4078 devotione
1671 4024 1921 4081 absentes

337 4097 684 4163 exhortandi,
715 4109 773 4155 ut
817 4101 944 4157 hinc
981 4105 1260 4163 charitatis
1288 4109 1520 4166 ofﬁcium
1549 4127 1706 4168 suam
1734 4123 1917 4170 osten-

336 4188 431 4240 dat
449 4186 788 4245 devotiouem
816 4233 830 4257 ,
862 4201 918 4248 et
937 4195 1062 4250 inde
1092 4197 1369 4256 humilitas
1389 4207 1692 4260 communis
1722 4207 1919 4264 frater-

337 4277 526 4332 nitatis
551 4291 704 4333 suam
733 4281 1071 4340 demonstret
1096 4287 1476 4349 obedientiam.
1517 4294 1594 4351 Illi
1639 4296 1917 4371 Scriptura

2033 2848 2228 2905 magna
2262 2831 2584 2888 humilitatis
2620 2833 2891 2889 charitate
2916 2832 3182 2890 litterulas
3225 2844 3329 2891 tuae
3357 2835 3616 2896 laudabili

2034 2925 2311 2996 sapientiae
2332 2925 2568 2996 dirigere
2589 2926 2773 2980 curavi
2797 2943 2813 2992 ;
2846 2941 2953 2980 uou
2983 2927 3381 2984 contentiosum
3405 2930 3616 3003 discep-

1955 3048 2002 3111 ϐ
2036 3017 2256 3072 tationis
2301 3015 2485 3071 funem
2514 3015 2812 3082 trahentes,
2866 3017 2961 3071 sed
3017 3017 3282 3088 triplicem
3331 3020 3617 3077 charitatis

2032 3105 2233 3162 Christi
2261 3107 2574 3162 testiculum
2599 3109 2878 3163 trahentes
2903 3149 2918 3174 ,
2945 3110 3037 3179 qui
3083 3111 3458 3180 exploratores
3482 3113 3615 3170 Jesu

2028 3199 2175 3252 Nave
2223 3197 2375 3271 [Cod.
2405 3216 2527 3264 ms.,
2556 3198 2683 3254 Jesu
2708 3201 2902 3266 nostri,
2933 3201 3197 3274 mendose]
3244 3204 3311 3259 de
3356 3205 3601 3276 peritura

2026 3287 2223 3342 Herico
2263 3286 2402 3358 [loco
2429 3286 2667 3359 Iericho]
2706 3287 2968 3354 salvavit;
3003 3291 3070 3345 de
3113 3293 3268 3362 cujus
3301 3295 3614 3363 perditione

2025 3393 2124 3432 nos
2152 3379 2357 3448 pariter
2402 3377 2589 3448 fugere
2641 3377 2838 3433 festiue
2889 3381 3206 3450 suppliciter
3241 3385 3520 3452 exhortor,
3555 3397 3618 3442 et

2025 3468 2160 3522 nihil
2188 3469 2254 3523 de
2274 3469 2617 3524 anathemate
2646 3469 2788 3523 illius
2817 3470 3147 3527 desiderare.
3179 3473 3314 3528 Nam
3346 3477 3612 3547 quidquid

2025 3562 2394 3618 doctrinarum
2437 3571 2591 3616 extra
2631 3561 3016 3619 ecclesiasticae
3060 3565 3183 3621 ﬁdei
3219 3575 3274 3620 et
3301 3569 3611 3638 apostolicae

2023 3652 2283 3707 doctrina:
2309 3667 2491 3707 muros
2517 3653 2806 3716 invenitur,
2837 3653 3261 3712 Hierichoutiuze
3286 3660 3609 3728 perditionis

2025 3744 2366 3798 anathemate
2405 3744 2724 3800 tradendum
2763 3754 2866 3800 est.
2900 3746 3261 3819 Quapropter,
3289 3751 3613 3808 charissime

2024 3830 2212 3897 frater,
2238 3840 2290 3887 te
2319 3849 2416 3902 per
2441 3835 2756 3905 sanguinem
2778 3836 2966 3891 salutis
2993 3848 3192 3893 nostrae
3217 3840 3494 3896 humiliter
3511 3842 3614 3897 ob-

2024 3936 2181 3977 secro
2206 3931 2266 3977 ut
2297 3938 2492 3978 caveas
2538 3925 2824 3994 diligenter
2851 3944 2920 3982 ne
2953 3929 3082 3998 quid
3131 3931 3273 4000 apud
3305 3940 3355 3986 te
3383 3935 3611 3988 exuvia-

2023 4029 2142 4067 rum
2169 4015 2393 4084 perditaz
2422 4015 2657 4070 civitatis
2681 4017 3011 4085 inveniatur,
3049 4035 3115 4074 ne
3141 4037 3266 4090 pars
3289 4024 3467 4091 populi
3507 4023 3608 4079 Dei

2021 4115 2243 4176 propter
2287 4106 2689 4175 improbitatem
2742 4111 2904 4165 unius
2952 4113 3223 4178 hominis,
3273 4114 3400 4169 licet
3438 4118 3510 4172 sit
3540 4119 3612 4174 de

2022 4198 2166 4252 tribu
2199 4195 2358 4262 Juda,
2392 4197 2602 4269 fugiens
2642 4200 2826 4270 przelia
2856 4202 3104 4268 Domini,
3150 4213 3204 4259 et
3241 4208 3447 4261 corruit
3483 4206 3608 4280 [F.,

2021 4284 2264 4360 corruat]
2287 4303 2471 4343 coram
2495 4289 2740 4346 hostibus
2764 4293 2897 4348 suis.
2926 4293 3198 4366 Recollige
3227 4296 3459 4366 teipsum
3479 4313 3607 4354 cum

335 4383 493 4424 sacra
523 4369 723 4425 clamat
753 4390 765 4425 :
801 4371 907 4437 Qui
935 4377 1118 4444 audit,
1160 4380 1304 4435 dicat
1340 4387 1482 4450 veni;
1511 4388 1640 4443 huic
1689 4369 1919 4464 evange—
1945 4405 1995 4464 ι)
2023 4383 2294 4439 cousociis
2342 4384 2449 4438 tuis
2477 4385 2533 4438 in
2564 4393 2741 4440 castra
2770 4386 2935 4459 Regis
2965 4391 3206 4458 superni,
3252 4398 3308 4445 et
3332 4391 3380 4445 si
3407 4389 3609 4448 alicubi

333 4461 435 4517 lica
475 4464 768 4520 auctoritas
829 4466 1038 4523 intonat
1069 4490 1081 4524 :
1117 4470 1222 4536 Qui
1286 4493 1372 4529 vos
1418 4480 1599 4546 audit,
1640 4499 1722 4538 me
1765 4461 1913 4541 audit

335 4551 485 4618 (Luc.
514 4571 572 4620 κ,
625 4557 734 4627 16).
777 4557 1011 4628 Spiritus
1034 4562 1124 4617 ubi
1154 4565 1285 4630 vult,
1337 4569 1527 4638 spirat.
1582 4572 1733 4630 Unde
1761 4583 1816 4630 et
1849 4578 1914 4633 de

331 4655 680 4713 persecutore
712 4649 875 4704 Saulo
899 4651 1074 4710 factus
1101 4665 1185 4711 est
1211 4653 1408 4714 Paulus
1432 4663 1769 4732 praedicator.

404 4733 467 4787 II.
509 4735 649 4792 Olim
677 4756 763 4795 me
793 4741 968 4811 ipsum
990 4787 1004 4812 ,
1035 4748 1442 4806 celeberrimam
1476 4760 1579 4807 tuae
1605 4757 1914 4815 sanctitatis

333 4825 561 4880 audiens
586 4825 786 4884 famam
812 4849 909 4902 per
937 4839 1223 4906 quemdam
1251 4859 1314 4896 ex
1362 4842 1465 4899 illis
1496 4846 1740 4915 partibus
1762 4865 1911 4920 pres—

331 4917 581 4988 byterum
601 4920 707 4974 tuis
724 4926 1106 4985 sacratissimis
1132 4931 1386 5004 [Supple:
1411 4917 1909 4997 intercessionibus.

329 5010 508 5066 Codex
533 5011 694 5068 habet
713 5014 961 5088 cess.]....
984 5025 1366 5080 commendare
1389 5031 1573 5084 curavi
1596 5031 1647 5096 ι),
1672 5040 1726 5086 et
1753 5048 1912 5102 quem

329 5110 457 5157 tunc
505 5104 671 5161 solius
700 5105 857 5161 famae
887 5109 1072 5164 auditu
1103 5128 1286 5170 amare
1313 5120 1631 5187 gestiebam,
1661 5139 1806 5178 nunc
1857 5125 1910 5180 in

329 5193 533 5250 Christi
560 5198 825 5254 charitate
849 5207 905 5254 et
925 5202 1206 5259 catholicae
1225 5209 1374 5279 pacis
1401 5212 1607 5267 unitate
1631 5216 1910 5272 ardentius

329 5300 512 5340 amare
533 5289 725 5356 audeo,
747 5301 942 5364 optans
961 5293 1034 5348 illi
1057 5304 1274 5352 aeternae
1291 5298 1638 5360 beatitudinis
1661 5306 1904 5377 gloriam,

327 5389 447 5442 quae
489 5376 794 5438 nullatenus
843 5385 1061 5442 cuilibet
1111 5388 1227 5444 sine
1278 5392 1601 5450 universalis
1653 5376 1908 5457 Ecclesia:

326 5477 463 5533 pace
489 5471 545 5518 et
573 5473 860 5528 concordia
887 5477 1105 5532 evenire
1124 5477 1283 5534 valet.
1320 5479 1472 5536 Unde
1499 5492 1554 5537 et
1583 5484 1682 5539 has
1701 5527 1715 5552 ,
1740 5503 1904 5545 vene.

329 5554 496 5608 rande
547 5554 709 5612 Pater
737 5569 791 5614 et
845 5565 1076 5621 amande
1115 5567 1304 5635 frater,
1350 5571 1754 5642 deprecatorias
1781 5593 1904 5634 cum

399 5662 561 5756 “illic
591 5677 673 5748 est
724 5669 1094 5756 titulusvhujus
1145 5678 1396 5756 epistolze
1427 5680 1478 5734 in
1527 5684 1644 5738 cod.
1680 5685 1901 5756 Salisli.,

329 5732 588 5792 hactenus
624 5739 858 5797 incditae.
898 5732 1028 5800 Vide
1055 5732 1213 5818 suer
1260 5732 1823 5825 Mellitum

2023 4473 2173 4544 lapso
2223 4473 2360 4544 pede
2413 4474 2656 4529 titubasti
2685 4516 2699 4540 ,
2758 4475 2994 4530 reforma
3020 4492 3305 4548 gressum,
3353 4491 3410 4537 et
3433 4489 3516 4535 sta
3544 4481 3606 4536 in

2019 4563 2187 4632 gradu
2217 4571 2312 4617 tuo
2333 4604 2347 4628 ,
2376 4573 2431 4617 et
2472 4561 2687 4618 fortiter
2732 4565 2978 4634 prteliare
3006 4567 3145 4622 bella
3199 4569 3429 4625 Domini.
3461 4571 3608 4628 Ecce

2017 4651 2176 4708 Jesus
2196 4653 2339 4708 levat
2359 4655 2605 4726 clypeum
2627 4663 2752 4709 ante
2776 4664 2848 4710 te.
2877 4656 3174 4714 Revertere
3193 4669 3249 4714 et
3267 4677 3606 4732 persequen-

2021 4753 2101 4798 tes
2131 4752 2183 4798 te
2202 4745 2388 4799 hostes
2417 4745 2688 4800 trucidare
2714 4760 2819 4800 non
2848 4746 3056 4814 desine,
3085 4749 3255 4805 donec
3276 4750 3343 4806 ad
3362 4751 3606 4820 palmam

2019 4834 2259 4889 victoria
2283 4836 2588 4906 pervenias.

2086 4941 2170 4997 III.
2212 4941 2331 4998 Non
2371 4952 2453 4998 est
2505 4945 2816 5013 htereticus,
2844 4950 2949 5004 uisi
2978 4966 3044 5006 ex
3074 4951 3438 5009 contentione.
3474 4953 3602 5014 Noli

2016 5037 2343 5090 contendere
2372 5036 2606 5101 frustra;
2633 5038 2804 5095 claret
2816 5042 2961 5096 enim
2983 5045 3291 5114 evangelica
3304 5059 3401 5115 per
3423 5054 3602 5102 totum

2014 5127 2202 5181 orbem
2231 5128 2476 5184 doctrina
2509 5149 2521 5183 :
2551 5132 2692 5186 hanc
2721 5134 3052 5194 unanimiter
3082 5143 3360 5192 teneamus
3383 5146 3438 5192 et
3466 5137 3602 5194 ﬁde-

2015 5215 2141 5268 liter
2160 5218 2534 5285 przediccmus.
2561 5221 2701 5288 Quid
2725 5238 2825 5278 uos
2846 5222 3158 5282 homunculi
3183 5228 3237 5282 in
3264 5227 3370 5282 ﬁne
3391 5229 3600 5297 saeculi,

2017 5306 2399 5378 refrigesceute
2427 5313 2697 5368 charitate
2721 5313 3035 5384 multorum,
3066 5319 3260 5374 melius
3283 5321 3603 5392 excogitare

2013 5398 2330 5466 poterimus,
2359 5415 2520 5470 quam
2551 5411 2612 5456 ut
2649 5411 2760 5457 tota
2787 5406 2954 5461 animi
3000 5409 3298 5465 intentione
3337 5413 3601 5482 apostoli-

2013 5503 2132 5542 cam
2161 5496 2217 5544 et
2243 5491 2611 5562 evangelicam
2651 5495 2798 5548 omni
2829 5496 2952 5551 fidei
2988 5497 3244 5554 ﬁrmitate
3278 5508 3334 5554 ct
3363 5500 3602 5559 veritate

2013 5597 2302 5651 sequamur
2328 5583 2630 5639 doctrinam
2654 5627 2667 5651 ,
2699 5603 2804 5641 non
2855 5604 2990 5643 nova
3041 5589 3309 5660 ﬁngentes
3336 5594 3598 5658 nomina:

2086 5692 2112 5731 δ
2136 5691 2251 5748 Vid.
2284 5692 2440 5764 epist.
2473 5693 2527 5762 4,
2554 5695 2620 5752 ad
2643 5695 2875 5756 Felicem
2899 5701 3231 5773 episcopum.
