3952 6184
295 332 396 387 121

867 333 1287 393 DOGMATICA.
1326 369 1394 379 —-
1428 338 1587 396 ADV.
1621 339 1912 396 FELICEM
1945 339 2124 395 LIBRI
2162 341 2270 397 VII.
2300 371 2370 381 —
2404 340 2620 398 EPIST.
2663 342 2986 402 PREVUE.

3447 353 3549 410 122

287 458 403 499 non
433 444 811 500 inconsuetum
839 444 968 513 quid
996 447 1335 512 proferentes
1353 489 1368 511 ,
1406 464 1514 504 non
1544 451 1747 505 nomini
1773 465 1868 504 no-
1897 456 1945 510 Α
1974 448 2158 515 frater,
2186 452 2424 506 omnium
2449 452 2680 508 ﬁliorum
2719 471 2853 526 quos
2881 459 3129 528 genuisti.
3154 460 3290 516 Tota
3314 477 3547 536 evange-

288 544 411 592 stro
432 549 532 606 per
559 534 857 589 novitatem
885 533 1178 605 cujuslibet
1213 538 1471 594 doctrina:
1507 555 1701 594 vanam
1744 555 1874 594 can-

289 631 478 678 tantes
496 621 736 686 laudem,
778 637 846 676 ne
875 622 1218 680 inveniamur
1261 628 1732 696 reprehensibiles,
1780 628 1871 682 ubi

288 713 592 768 laudabiles
616 727 738 767 esse
767 712 1216 773 desideravimus.
1247 718 1574 776 Convertere
1601 719 1656 773 in
1681 733 1774 788 spe
1804 719 1872 773 ad

288 801 463 873 785
488 801 703 856 Domini
749 803 848 860 Dei
894 808 972 862 tui
1001 809 1397 865 sanctissimam
1425 809 1786 873 clementiam,
1818 816 1872 862 et

287 889 589 958 deprecare
621 905 749 948 eum
777 894 865 949 die
892 903 1160 965 noctuque
1182 935 1198 962 ,
1229 905 1290 950 ut
1313 905 1583 953 extremos
1607 897 1724 953 dies
1751 897 1871 951 vitae

291 991 398 1037 tua:
425 981 482 1035 in
513 981 664 1039 viam
692 985 940 1040 veritatis
961 993 1018 1039 et
1041 985 1163 1042 ﬁdei
1192 987 1472 1042 catholica:
1510 1001 1698 1058 pacem
1741 1002 1872 1043 con-

286 1079 501 1139 vertat,
543 1089 613 1129 ne
642 1075 687 1128 si
738 1082 791 1129 te
839 1075 927 1131 hic
976 1078 1234 1133 sanctitas
1271 1077 1591 1134 universalis
1615 1078 1871 1134 Ecclesiae

287 1174 552 1236 respuat,
593 1165 704 1222 illic
728 1174 784 1221 te
806 1166 863 1220 in
887 1175 1092 1222 aeterna
1129 1183 1264 1238 pace
1289 1170 1491 1225 habere
1512 1170 1865 1225 contradicat.

291 1257 569 1312 Memento
595 1257 918 1312 sententiam
959 1257 1171 1312 Domini
1203 1259 1294 1314 Dei
1325 1259 1546 1324 Christi,
1568 1268 1625 1315 et
1645 1260 1866 1330 privile-

288 1351 441 1419 gium
470 1364 682 1419 magna;
719 1349 1076 1414 auctoritatis,
1107 1350 1251 1419 quod
1281 1366 1392 1405 sua:
1417 1359 1620 1406 sanctae
1647 1363 1868 1406 conces-

285 1441 364 1494 sit
393 1439 650 1495 Ecclesiae
670 1439 854 1494 dicens
885 1457 896 1491 :
927 1437 1092 1493 Amen
1133 1440 1250 1494 dico
1281 1440 1442 1504 vobis,
1469 1440 1593 1510 quia
1620 1456 1868 1510 qutecun-

284 1546 390 1600 (ιιι
406 1529 750 1600 alligaveritis
770 1545 929 1600 super
958 1539 1173 1595 terram,
1197 1540 1346 1584 erunt
1361 1531 1523 1600 ligata
1543 1537 1592 1584 et
1615 1530 1668 1583 in
1689 1530 1863 1595 cretis;

286 1631 339 1675 et
362 1637 686 1691 quacunque
724 1619 981 1675 solueritis
999 1636 1155 1691 super
1178 1630 1392 1690 terram,
1423 1621 1630 1690 reliqua
1646 1619 1860 1692 (Matth.

283 1728 453 1777 xvtn,
483 1712 594 1783 18.)
623 1713 765 1767 Ecce
789 1711 966 1783 qualis
991 1713 1282 1769 auctoritas
1321 1720 1523 1768 sancta:
1549 1712 1650 1768 Dei
1681 1712 1865 1768 Eccle-

1978 540 2081 596 lica
2103 541 2300 596 clamat
2325 546 2638 609 auctoritas,
2653 547 2834 600 omnia
2857 549 3219 618 apostolorum
3237 562 3544 622 protestan-

1978 639 2065 686 tur
2103 631 2268 698 dicta,
2312 634 2497 688 mundi
2525 633 2754 691 latitudo
2775 640 2968 704 credit,
3001 640 3243 697 Romana
3289 646 3548 714 prazdicat

1974 719 2234 786 Ecclesia,
2263 720 2537 777 Christum
2567 722 2748 780 Jesum
2775 741 2962 782 verum
2989 745 3109 785 esse
3138 731 3233 787 Dei
3263 733 3459 789 Filium
3486 743 3544 791 et

1973 813 2250 883 proprium
2279 817 2443 884 :quid
2463 817 2625 871 vultis
2647 819 2696 872 ei
2725 834 2918 874 nomen
2947 823 3180 892 adoptivi
3221 825 3500 896 imponere
3518 828 3544 882 2
3625 853 3628 861 ί
3663 833 3670 838 ’
3721 804 3746 815 γ’

1973 903 2111 971 Quid
2151 915 2235 959 est
2273 907 2554 978 adoptivus
2581 909 2750 976 ﬁlius,
2801 913 2906 968 nisi
2936 912 3103 970 falsus
3157 915 3342 972 ﬁlius?
3394 919 3462 974 Et
3497 921 3542 976 si

1973 993 2218 1052 Christus
2243 994 2400 1053 Jesus
2427 997 2593 1054 falsus
2617 1010 2703 1056 est
2727 1001 2836 1057 Deo
2856 1003 3003 1058 Patri
3046 1005 3214 1062 Filius
3230 1049 3245 1072 ,
3293 1017 3348 1063 et
3377 1009 3544 1082 (quod

1973 1085 2193 1154 impium
2215 1097 2298 1142 est
2321 1088 2522 1162 dicere)
2549 1089 2715 1146 falsus
2733 1100 2815 1147 est
2830 1101 2883 1148 et
2906 1096 3067 1161 Deus,
3085 1095 3218 1151 falsa
3239 1107 3324 1153 est
3344 1109 3401 1154 et
3424 1109 3535 1155 tota

1969 1187 2167 1232 nostrae
2184 1178 2375 1234 salutis
2401 1180 2763 1251 dispensatio;
2815 1185 2981 1255 quia,
3035 1188 3082 1242 si
3129 1189 3412 1259 adaptivus
3457 1200 3544 1247 est

1970 1265 2112 1321 ﬁlius
2138 1268 2192 1322 in
2213 1269 2569 1336 humanitate,
2598 1273 2882 1343 adoptivus
2903 1285 2959 1330 et
2988 1278 3128 1333 Deus
3148 1280 3310 1336 homo
3341 1281 3428 1336 ille
3447 1283 3540 1352 qui

1969 1363 2130 1411 natus
2171 1365 2256 1412 est
2306 1373 2372 1413 ex
2408 1360 2648 1431 Virgine.
2688 1363 2756 1417 Et
2782 1365 2910 1433 quid
2956 1376 3041 1422 est
3078 1369 3221 1438 quod
3252 1370 3538 1427 Psalmista

1969 1449 2152 1503 canit:
2179 1447 2381 1504 Veritas
2425 1452 2491 1506 de
2526 1462 2666 1507 terra
2717 1465 2832 1510 orta
2860 1467 2935 1511 est
2955 1457 3124 1530 (Psal.
3158 1477 3378 1528 Lxxxrv,
3412 1463 3540 1535 12)?

1968 1535 2100 1603 Quis
2127 1546 2212 1593 est
2229 1541 2319 1608 qui
2344 1542 2410 1595 ad
2439 1543 2720 1599 dexteram
2745 1545 2838 1603 Dei
2869 1549 3040 1614 sedet,
3083 1559 3138 1604 et
3164 1560 3424 1609 venturus
3449 1565 3534 1610 est

1968 1629 2020 1682 in
2050 1628 2219 1699 gloria
2239 1630 2490 1698 judicare
2546 1635 2698 1690 vivos
2752 1645 2808 1691 et
2859 1641 3138 1695 mortuos?
3190 1640 3266 1697 ΟΞ
3317 1645 3538 1713 quantis

1968 1726 2278 1773 sanctorum
2299 1719 2521 1776 Patrum
2543 1726 2805 1795 exemplis
2832 1727 2972 1783 hanc
3002 1728 3160 1784 ﬁdem
3186 1730 3418 1800 probare
3437 1749 3534 1802 po-

282 1802 388 1855 siae
405 1841 421 1866 ,
453 1815 577 1856 ecce
601 1801 779 1871 qualis
803 1809 982 1855 terror
1019 1802 1392 1860 recedentibus
1417 1803 1484 1856 ab
1511 1817 1598 1857 ea.
1645 1800 1860 1858 Scimus
1891 1790 1936 1850 Β
1965 1806 2061 1872 tui,
2085 1808 2228 1877 quod
2263 1808 2512 1866 Christus
2536 1790 2881 1870 Iesus—verus
2909 1825 2994 1872 est
3021 1818 3129 1873 Deo
3153 1790 3300 1874 Patri
3327 1790 3532 1888 Filius;

284 1891 435 1945 enim
461 1905 622 1944 unam
648 1905 768 1945 esse
791 1899 1034 1947 sanctam
1082 1891 1178 1946 Dei
1221 1891 1518 1948 Ecclesiam
1535 1932 1549 1957 ,
1582 1892 1650 1947 de
1670 1907 1777 1962 qua
1805 1892 1862 1948 in

286 1979 548 2050 Symbolo
583 1979 854 2036 catholico
881 1981 1173 2036 decantare
1210 1981 1443 2037 solemus
1483 1999 1496 2036 :
1542 1979 1711 2035 Unam
1737 1998 1863 2036 san-

284 2083 423 2124 (tam
447 2071 760 2125 catholicam
787 2080 836 2126 et
859 2071 1198 2142 apostolicam
1226 2070 1538 2126 Ecclesiam.
1578 2071 1656 2126 De
1677 2086 1782 2141 qua
1805 2078 1862 2125 et

283 2163 398 2231 ipse
429 2159 676 2232 Sponsus
695 2161 997 2217 decantavit
1023 2180 1034 2216 :
1072 2159 1188 2216 Una
1213 2171 1289 2217 est
1311 2161 1551 2216 columba
1577 2179 1713 2228 mea,
1744 2179 1862 2233 per-

282 2254 422 2320 facta
446 2269 590 2319 mea,
618 2254 956 2310 immaculata
993 2269 1132 2320 mea,
1157 2253 1318 2309 electa
1341 2255 1578 2326 genitrici
1601 2271 1731 2310 suae.
1769 2255 1861 2310 Vi-

283 2341 476 2396 derunt
536 2359 651 2397 eam
705 2344 867 2412 ﬁlia,
929 2353 978 2400 et
1031 2345 1384 2400 beatissimam
1440 2345 1857 2415 prtrdicauerunt

287 2431 463 2503 (Cant.
488 2449 565 2499 Vl,
594 2435 675 2507 8.)

351 2525 442 2581 IV.
477 2526 617 2582 Ecce
644 2527 1023 2584 schismaticus
1045 2542 1198 2583 error
1221 2535 1432 2599 partem
1461 2527 1661 2598 rumpit
1680 2527 1748 2582 ab
1768 2541 1854 2592 ea,

285 2623 340 2670 et
359 2616 641 2671 charitatis
673 2617 936 2672 unitatem
978 2617 1285 2673 maculavit.
1315 2617 1482 2688 igitur
1505 2618 1560 2672 in
1585 2616 1740 2672 nobis
1769 2617 1855 2671 vel

283 2706 337 2759 in
368 2705 523 2761 vobis
552 2707 812 2762 remansit
850 2707 1110 2763 Ecclesia.
1154 2707 1282 2762 Duae
1317 2706 1459 2762 enim
1488 2714 1670 2776 partes
1704 2713 1850 2772 sunt,

280 2806 333 2852 et
360 2814 472 2852 non
498 2807 582 2853 est
596 2799 819 2854 unitatis
847 2799 1156 2855 concordia.
1181 2799 1310 2865 Nos,
1338 2807 1450 2854 toto
1467 2800 1667 2855 mundo
1691 2808 1851 2864 teste,

280 2889 584 2944 clamamus
607 2888 885 2944 Christum
923 2906 1112 2946 verum
1157 2890 1252 2946 Dei
1298 2905 1418 2946 esse
1464 2889 1632 2944 ﬁlium
1659 2929 1674 2956 ,
1715 2889 1855 2944 sicut

274 2979 519 3036 Joannes
544 2981 652 3036 Deo
675 2982 903 3038 dilectus
940 2983 1231 3052 discipulus
1268 2991 1390 3052 post
1416 2983 1582 3038 multa
1612 2982 1854 3037 testimo—

1959 1905 2017 1951 et
2038 1913 2161 1953 mox
2201 1915 2232 1952 a
2259 1902 2611 1972 conceptione
2646 1904 2926 1976 virginalis
2948 1909 3087 1964 uteri
3112 1925 3275 1968 verus
3302 1926 3535 1984 concep—

1961 2001 2052 2047 tus
2080 2000 2164 2048 est
2200 1995 2374 2061 Deus,
2421 2012 2584 2052 verus
2610 1994 2860 2056 et'natus
2886 2001 3047 2057 Deus.
3077 2002 3181 2059 Sed
3229 2005 3362 2060 mihi
3404 2021 3533 2076 pro-

1958 2082 2193 2149 positum
2229 2081 2330 2138 fuit
2373 2085 2774 2155 deprecatorias
2795 2129 2809 2154 ,
2849 2091 3114 2146 charitate
3151 2103 3402 2164 cogente,
3430 2110 3532 2166 pro

1959 2171 2134 2227 salute
2169 2181 2262 2228 tua
2308 2183 2630 2248 tuorumque
2669 2186 2773 2234 tute
2819 2183 3090 2238 sanctitati
3117 2183 3346 2256 dirigere
3391 2186 3534 2242 littec

1959 2262 2127 2317 rulas.

2027 2355 2091 2409 ν.
2125 2354 2364 2410 Plurima
2387 2357 2440 2411 in
2470 2359 2688 2429 scriptis
2717 2361 2825 2417 tuis
2836 2360 2986 2430 justa
3013 2372 3069 2419 et
3099 2379 3228 2420 vera
3250 2366 3533 2422 inveniun-

1957 2453 2066 2500 tur.
2099 2445 2244 2500 Cave
2279 2463 2348 2502 ne
2375 2449 2430 2502 in
2474 2449 2579 2505 hoc
2607 2451 2723 2506 solo
2771 2451 2922 2524 [Ms.,
2975 2457 3194 2522 saeculo,
3246 2457 3527 2530 mendose]

1955 2536 2260 2608 adoptionis
2280 2540 2497 2595 nomine
2511 2555 2543 2594 a
2571 2543 2820 2598 sensibus
2839 2555 3152 2601 sanctorum
3175 2547 3398 2602 Patrum
3421 2549 3530 2603 dis-

1955 2629 2196 2695 sentias;
2225 2630 2333 2684 noli
2362 2631 2439 2685 tui
2461 2645 2655 2688 sensus
2679 2648 2800 2688 cum
2821 2637 3009 2704 paucis
3029 2651 3149 2692 esse
3175 2646 3404 2704 amator,
3433 2640 3526 2693 sed

1954 2733 2078 2774 cum
2115 2719 2362 2789 plurimis
2389 2722 2638 2778 veritatis
2677 2734 2934 2779 assertor.
2985 2725 3073 2781 Me
3117 2728 3262 2781 enim
3303 2728 3528 2784 habebis

1953 2810 2008 2864 in
2027 2809 2228 2866 Christi
2264 2811 2532 2866 charitate
2550 2820 2656 2868 tua;
2676 2815 2864 2870 salutis
2885 2815 3118 2882 ﬁdelem,
3145 2826 3407 2887 quantum
3433 2835 3528 2874 va-

1952 2897 2056 2962 leo,
2083 2907 2526 2969 cooperatorem;
2551 2903 2674 2957 etsi
2701 2910 2878 2958 tecum
2899 2904 3150 2974 loquerer
3171 2947 3186 2973 ,
3216 2922 3324 2961 non
3349 2909 3528 2978 despi-

1953 3001 2134 3042 cerem
2160 2996 2341 3044 tecum
2369 2989 2579 3045 discere
2607 3007 2728 3061 quae
2751 3003 2879 3047 vera
2908 3003 3034 3049 sunt
3067 3003 3121 3049 et
3144 2995 3268 3051 ﬁdei
3296 2997 3527 3053 catholi-

276 3079 368 3131 nia
399 3091 522 3146 quae
547 3077 601 3131 in
638 3076 926 3148 Evangelia
952 3092 1050 3131 suo
1082 3077 1147 3131 de
1171 3075 1433 3146 unigeniti
1463 3075 1742 3130 nativitate
1765 3089 1852 3129 se-
1876 3135 1920 3159 η
1951 3092 2030 3132 ea:
2053 3087 2438 3135 consentanea.
2467 3080 2640 3136 Nolim
2661 3091 2715 3138 te
2741 3085 2970 3154 perdere
2994 3085 3232 3140 laborem
3263 3087 3527 3159 religiosa:

273 3135 513 3222 cundum
535 3181 753 3222 carnem
776 3135 1063 3237 protestari
1088 3167 1244 3231 solet,
1270 3135 1381 3221 hoc
1402 3166 1606 3221 addidit
1631 3184 1644 3218 :
1674 3164 1848 3218 Multa
1875 3135 1922 3200 θ
1949 3171 2110 3235 vim,
2151 3186 2312 3246 quem
2357 3187 2459 3243 pro
2505 3173 2707 3230 Christi
2742 3135 2971 3232 rnomine
3001 3179 3068 3233 ab
3110 3178 3327 3236 ineunte
3365 3135 3527 3236 inme

271 3259 482 3328 quidem
509 3269 558 3312 et
581 3257 689 3312 alia
716 3260 868 3329 signa
901 3258 1022 3328 fecit
1045 3258 1200 3312 Jesus
1232 3258 1286 3310 in
1317 3266 1591 3328 conspectu
1621 3256 1850 3326 discipu-
1952 3259 2292 3325 sustinuisti,
2333 3277 2403 3317 ne
2447 3262 2662 3318 dicatur
2689 3265 2825 3331 tibi,
2875 3273 3025 3321 tanta
3062 3266 3358 3337 patiebaris
3408 3269 3526 3324 sine

272 3351 445 3404 lorum
465 3352 608 3421 ejus,
646 3368 762 3421 qua:
787 3368 892 3404 non
924 3359 1044 3405 sunt
1091 3351 1283 3420 scripta
1327 3350 1383 3404 in
1410 3349 1541 3403 libro
1569 3349 1686 3403 hoc.
1720 3347 1848 3402 Haec
1950 3362 2136 3404 causa.
2177 3351 2346 3417 Veni,
2394 3351 2585 3421 frater,
2632 3355 2792 3421 veni,
2831 3355 3080 3412 Christus
3116 3366 3169 3412 te
3204 3367 3390 3425 vocat;
3422 3360 3524 3415 Ec-

274 3452 450 3494 autem
498 3442 696 3510 scripta
735 3450 874 3506 sunt,
915 3450 971 3494 ut
998 3441 1224 3494 credatis
1265 3441 1388 3510 quia
1418 3440 1571 3495 Jesus
1608 3437 1848 3494 Christus
1948 3439 2113 3494 clesia
2151 3449 2205 3497 te
2241 3442 2529 3508 desiderat,
2562 3459 2750 3500 omnes
2786 3448 2961 3502 sancti
2987 3456 3041 3503 te
3066 3448 3237 3503 civem
3265 3450 3523 3520 concupi-

274 3529 319 3583 Ρ
322 3530 446 3584 ilius
473 3529 576 3584 Dei
599 3529 821 3602 [Supple
841 3529 960 3603 est],
993 3540 1040 3584 et
1066 3540 1122 3584 ut
1147 3530 1412 3584 credentes
1435 3531 1589 3584 vitam
1613 3529 1846 3584 habeatis
1946 3537 2123 3585 scunt.

273 3623 324 3675 iu
347 3623 559 3676 nomine
593 3623 756 3692 ipsius
787 3623 968 3692 (Joan.
997 3639 1090 3688 xx,
1123 3621 1210 3685 50,
1242 3622 1355 3690 '51).
1405 3621 1542 3688 Quid
1572 3630 1694 3691 post
1738 3622 1846 3677 tale
2016 3621 2104 3676 Vl.
2142 3620 2305 3694 785
2335 3623 2451 3680 Etsi
2487 3626 2620 3681 mihi
2647 3641 2754 3683 non
2781 3635 2924 3684 esset
2957 3629 3012 3684 in
3052 3637 3231 3685 mente
3259 3633 3522 3704 exemplis

272 3712 569 3768 tonitruum
597 3715 883 3780 dubitatis,
917 3714 1180 3786 ﬁngentes
1214 3714 1550 3769 nativitatem
1581 3713 1698 3786 [F.,
1723 3722 1846 3784 post
1944 3722 2122 3771 tecum
2150 3732 2331 3788 agere,
2356 3720 2452 3773 sed
2478 3720 2749 3789 precibus,
2777 3729 2956 3776 tamen
2981 3736 3049 3777 ex
3075 3724 3320 3793 plurimis
3347 3742 3519 3796 pauca

270 3805 631 3877 nativitatem)
664 3805 807 3860 illius
837 3821 1032 3860 novum
1062 3805 1367 3875 adoptionis
1386 3819 1604 3871 nomen,
1623 3807 1765 3875 quod
1787 3806 1843 3861 in
1940 3821 2255 3877 proponam,
2276 3817 2337 3863 ut
2363 3810 2408 3864 si
2430 3825 2565 3866 mete
2592 3812 2876 3880 parvitatis
2898 3813 3092 3868 litteris
3118 3831 3224 3870 non
3247 3814 3480 3872 ﬂecteris
3500 3859 3516 3885 ,

269 3901 382 3948 tota
401 3894 618 3950 Veteris
641 3894 881 3965 Novique
903 3895 1234 3952 Testamenti
1261 3895 1403 3950 serie
1423 3910 1528 3950 non
1549 3894 1838 3952 invenitur.
1941 3906 2252 3954 sanctorum
2296 3898 2517 3956 Patrum
2553 3901 2836 3959 catholicis
2877 3904 3126 3960 sensibus
3156 3905 3212 3960 in
3261 3907 3403 3963 viam
3430 3909 3518 3964 de-

266 3983 615 4058 Cognoscitc,
643 3987 745 4040 viri
797 3984 1024 4052 fratres,
1062 4002 1223 4056 quam
1265 4001 1494 4056 parvum
1522 3993 1603 4039 est
1625 3984 1841 4042 Christo
1941 3989 2158 4044 ducaris
2183 3989 2450 4045 veritatis.

264 4071 398 4140 Deo,
424 4092 533 4130 non
562 4076 767 4131 habere
795 4076 996 4132 electos
1044 4076 1098 4130 in
1146 4077 1250 4130 hoc
1278 4076 1501 4140 mundo,
1537 4090 1700 4145 quam
1741 4091 1840 4132 vos
2010 4078 2209 4137 Beatus
2232 4080 2487 4146 Hilarius,
2529 4081 2721 4139 doctor
2766 4084 3052 4150 mirabilis,
3081 4095 3137 4141 et
3158 4087 3305 4142 omni
3333 4088 3517 4144 Ecde‘

261 4182 506 4237 paucos;
532 4167 778 4222 latiorem
807 4183 912 4222 non
942 4167 1141 4222 habere
1162 4165 1483 4230 Ecclesiam,
1513 4180 1674 4234 quam
1696 4165 1836 4220 intra
1939 4170 2034 4225 sire
2061 4171 2157 4225 Dei
2208 4171 2491 4227 laudabilis
2543 4173 2599 4228 in
2625 4189 2679 4228 v1
2722 4173 2862 4228 libro
2903 4175 3082 4244 operis
3129 4175 3512 4246 pulcherrimi,

261 4258 540 4328 angustiae
564 4261 753 4312 vestra:
797 4257 1055 4312 terminos
1107 4257 1286 4311 sitam.
1344 4255 1446 4311 Ubi
1482 4265 1565 4310 est
1596 4264 1836 4325 potestas
1938 4275 2098 4330 quem
2117 4261 2184 4317 de
2209 4261 2486 4318 catholicas
2508 4263 2629 4319 ﬁdei
2649 4263 2983 4335 professione
2997 4267 3318 4338 edidit,post
3346 4269 3515 4323 multa

260 4350 436 4404 Petro
462 4347 689 4418 principi
716 4347 1073 4419 apostolorum
1103 4345 1271 4400 data:
1310 4344 1387 4398 Tu
1439 4363 1491 4398 es
1538 4344 1759 4411 Petrus,
1786 4356 1834 4400 et
1937 4348 2180 4406 veritatis
2222 4351 2529 4409 teStimonia
2569 4354 2645 4410 ita
2688 4355 2871 4410 intulit
2916 4355 3058 4428 (Lib.
3083 4374 3135 4413 vt
3185 4357 3251 4413 de
3296 4357 3512 4423 Trinit.,

259 4455 425 4510 super
458 4437 598 4490 hanc
643 4449 834 4507 petram
884 4436 1154 4507 azdi/icabo
1209 4435 1500 4490 Ecclesiam
1544 4452 1744 4501 meam,
1781 4444 1835 4492 et
1864 4479 1916 4514 η
1937 4456 1992 4494 ιι.
2021 4439 2112 4509 23)
2143 4459 2156 4495 :
2194 4459 2213 4492 ι
2240 4441 2558 4514 Assignetur
2578 4459 2708 4501 sane
2731 4445 2833 4502 hoc
2856 4447 3247 4502 communionis
3275 4448 3329 4502 in
3352 4447 3514 4504 Chri-

261 4539 462 4583 czntera
498 4541 665 4596 usque
694 4543 708 4581 :
737 4528 980 4583 cwlorum
1031 4526 1244 4598 (Matth.
1296 4541 1408 4591 xvr,
1439 4525 1555 4596 18)?
1582 4525 1833 4597 Nunquid
1866 4525 1913 4542 "
1936 4536 2020 4584 sto
2047 4545 2262 4596 nomen,
2293 4539 2352 4586 ut
2382 4531 2550 4588 Filius
2575 4533 2666 4599 sit,
2690 4533 2736 4588 si
2778 4534 2844 4589 de
2889 4550 3158 4605 quoquam
3181 4535 3383 4590 dictum
3429 4551 3516 4592 rev

260 4621 376 4676 bam
398 4628 642 4691 potestas
667 4621 735 4676 ab
767 4633 831 4675 eo
858 4621 1036 4675 ablata
1075 4627 1178 4684 est,
1227 4628 1283 4673 et
1308 4618 1404 4672 tibi
1453 4617 1670 4683 tradita,
1701 4634 1834 4689 qua-
1933 4619 2210 4688 periatur:
2249 4620 2351 4676 Hic
2388 4631 2464 4676 est
2513 4620 2685 4677 Filius
2713 4639 2858 4677 meus
2893 4622 3106 4694 (Matth.
3153 4638 3236 4688 ιιι,
3265 4621 3378 4694 17).
3416 4622 3512 4678 Sin

259 4719 419 4766 tenus
441 4727 606 4781 super
626 4711 749 4765 tein
773 4710 878 4766 ﬁne
902 4709 1100 4772 saeculi,
1122 4717 1177 4762 et
1198 4708 1250 4762 in
1274 4706 1469 4778 angulo
1487 4705 1672 4760 mundi
1693 4723 1832 4764 nova
1935 4724 2064 4765 vero
2097 4712 2372 4781 proprium
2417 4727 2483 4767 ac
2530 4711 2803 4781 singulare
2846 4713 2894 4766 ei
2935 4721 3054 4766 est:
3090 4710 3193 4766 Hic
3222 4723 3296 4770 est
3337 4711 3512 4769 Filius

257 4799 559 4854 aediﬁcetur
583 4800 844 4865 Ecclesia,
884 4809 938 4854 et
965 4798 1273 4868 apostolicis
1316 4796 1697 4850 inconveniens
1723 4804 1834 4852 tra-
1933 4817 2102 4867 meus,
2127 4803 2256 4870 quid
2283 4802 2606 4857 calumniam
2645 4803 2754 4856 Deo
2789 4801 2938 4857 Patri
2982 4802 3226 4873 proferre
3264 4805 3329 4860 de
3375 4805 3513 4860 Filio

259 4892 592 4947 ditionihus?
617 4892 822 4948 Caveas
851 4893 1155 4962 diligenter,
1189 4889 1359 4944 frater
1384 4889 1688 4944 venerande
1707 4930 1722 4954 ,
1765 4904 1834 4943 ne
1934 4891 2280 4960 proprietatis
2300 4893 2628 4946 asserimus?
2647 4891 2799 4948 Anne
2828 4894 2923 4948 tibi
2945 4895 3000 4949 in
3029 4909 3094 4950 eo
3120 4897 3263 4968 quod
3293 4896 3506 4959 dicitur,

259 4981 372 5035 haec
420 4981 706 5036 aediﬁcatio
757 4991 843 5036 tua
875 4996 1036 5051 super
1062 4996 1282 5035 arenam
1319 4979 1432 5045 ﬁat,
1471 4984 1527 5031 et
1571 4979 1640 5033 sit
1681 4977 1834 5032 labor
1936 4979 2020 5032 hic
2043 4989 2136 5045 est,
2170 4997 2277 5037 non
2304 4982 2408 5036 hoc
2428 4982 2717 5053 signiﬁcari
2739 4985 2981 5041 videtur?
3014 4986 3162 5044 Alios
3181 4988 3396 5057 quidem
3417 5001 3511 5042 co.-

260 5081 383 5125 tuus
407 5071 462 5124 in
490 5071 652 5126 domo
675 5071 847 5127 aliena
880 5091 892 5124 :
924 5071 1096 5139 Surge
1121 5111 1136 5136 ,
1165 5070 1264 5135 ﬁli,
1293 5085 1453 5143 surge
1487 5079 1540 5125 et
1563 5077 1832 5125 revertere
1937 5071 2276 5140 gnominatos
2297 5073 2364 5127 ab
2393 5088 2458 5126 eo
2510 5073 2565 5128 in
2595 5073 2759 5141 ﬁlios,
2790 5077 2883 5133 sed
2906 5078 2994 5132 hic
3013 5077 3189 5132 Filius
3209 5091 3361 5130 mens
3385 5084 3503 5130 est:

257 5161 322 5214 ad
374 5160 597 5216 Patrem
651 5169 830 5227 tuum,
881 5171 936 5217 et
978 5162 1032 5216 in
1080 5162 1342 5234 gremium
1395 5171 1594 5216 sancte
1639 5159 1829 5214 matris
1935 5159 2130 5217 donavi
2163 5161 2463 5232 adoptionis
2484 5165 2729 5235 plurimis
2756 5183 2971 5234 nomen,
2998 5169 3094 5223 sed
3131 5168 3231 5222 iste
3259 5162 3392 5222 mihi
3419 5166 3511 5222 Fi-

255 5250 536 5307 Ecclesiae.
560 5252 654 5307 Pia
677 5262 761 5308 est
784 5261 985 5319 mater;
1020 5262 1071 5308 te
1099 5254 1275 5323 ipsum
1300 5253 1569 5324 recollige,
1591 5264 1827 5320 ovesque
1936 5251 2038 5306 lius
2062 5260 2145 5308 est
2169 5266 2184 5306 :
2212 5267 2280 5307 ne
2308 5268 2516 5323 quaeras
2535 5256 2720 5324 alium,
2749 5273 2826 5313 ne
2843 5273 2947 5312 non
2977 5258 3120 5312 hunc
3143 5270 3263 5310 esse
3284 5257 3504 5324 credas;

254 5351 377 5399 tuas
415 5353 595 5401 tecum
641 5346 697 5399 in
741 5345 880 5400 ovile
927 5345 1162 5411 Christi,
1205 5360 1340 5416 quas
1369 5345 1482 5415 ipse
1523 5343 1594 5399 ob
1631 5343 1829 5398 trinam
1935 5342 2080 5398 hunc
2131 5360 2230 5414 ego
2277 5351 2532 5416 tanquam
2580 5347 2741 5417 digno
2788 5345 3163 5419 [Hit.,digito]
3194 5345 3404 5413 indice,
3441 5361 3507 5403 ac

254 5435 612 5508 confessionis
651 5437 878 5508 gloriam
920 5437 1081 5493 beato
1107 5437 1268 5492 Petro
1295 5436 1518 5507 principi
1555 5433 1827 5506 apostolo-
1934 5434 2084 5490 verbi
2109 5435 2498 5505 signiﬁcatione
2517 5439 2785 5509 contingo,
2817 5454 2922 5508 qua
2957 5438 3110 5494 dico:
3149 5449 3197 5494 et
3223 5456 3368 5495 meus
3405 5449 3504 5505 est,

255 5542 370 5582 rum
427 5529 729 5598 pascendae
763 5530 1198 5596 commendavit,
1225 5542 1514 5600 congrega.
1570 5525 1826 5598 Nunquid
1931 5535 1982 5580 et
2009 5526 2092 5579 hic
2115 5535 2209 5591 est,
2227 5527 2394 5582 Filius
2409 5538 2512 5583 est.
2529 5528 2666 5596 Quid
2685 5531 2944 5598 posthaec
2972 5529 3324 5603 intelligentia
3339 5528 3503 5603 [Hil.,

253 5623 338 5690 qui
383 5622 602 5687 dormit,
649 5639 752 5677 non
796 5623 1033 5693 adjiciet,
1061 5631 1117 5677 ut
1147 5631 1384 5693 resurgat
1414 5617 1585 5692 (Psal.
1615 5636 1704 5684 xc,
1730 5618 1828 5690 9)?
1931 5613 2314 5690 intelligentiae]
2341 5619 2536 5688 poterit
2556 5633 2694 5683 esse,
2719 5634 2787 5673 ne
2834 5634 2941 5675 non
2990 5636 3110 5676 esse
3147 5620 3432 5677 credatur?
3478 5637 3498 5672 ι

255 5711 368 5768 Noli
425 5713 750 5770 erubescere
792 5715 1064 5778 converti;
1120 5714 1226 5771 noli
1257 5712 1533 5784 despicere
1577 5711 1822 5778 animas,
1931 5707 2062 5762 item
2090 5706 2204 5777 ipsc
2230 5708 2283 5764 in
2329 5709 2518 5766 eodem
2564 5708 2701 5766 libro
2727 5708 2912 5781 (Ibid.,
2939 5725 3086 5766 num.
3117 5710 3247 5783 36):
3285 5729 3303 5762 ‹
3332 5709 3506 5765 Gene-
