3952 6184
347 314 451 372 {23

1204 303 1266 361 Β.
1306 302 1369 359 F.
1410 299 1636 359 ALBINI
1676 298 1809 357 SEU
1837 294 2116 353 ALCUINI
2153 292 2441 351 OPERUM
2468 293 2649 352 PARS
2677 294 2766 365 III.

3522 288 3627 346 iii

345 428 478 486 ralis
505 424 791 502 professio,
820 421 949 494 quid
989 417 1118 493 [Ms.
1139 458 1156 484 ,
1193 412 1478 488 quidquid]
1526 412 1688 467 habet
1714 408 1928 472 meriti,
1962 414 2007 468 A
2226 404 2448 502 h_omilia
2478 405 2544 460 14
2576 405 2783 502 (Tract.
2812 419 2929 502 mv,
2965 421 3021 502 u.
3059 402 3148 476 ll)
3167 443 3183 469 ,
3206 401 3375 502 dicit:
3409 418 3430 457 ι
3463 397 3629 502 fater

347 529 441 575 aut
462 532 584 590 qua:
609 513 956 571 revelationis
990 519 1076 567 est
1120 506 1310 580 gloria,
1334 506 1382 561 si
1410 519 1477 561 ex
1514 502 1806 574 adoptione
1850 506 1938 556 est

346 612 525 668 ﬁlius?
551 617 647 665 aut
667 608 810 664 unde
829 616 916 663 est
934 606 991 661 in
1015 605 1173 659 beato
1192 601 1356 657 Petro
1375 595 1667 661 confessio,
1695 596 1800 650 hoc
1826 593 1937 650 ﬁlio

348 702 617 760 diﬁ‘erenti
647 698 813 775 [Hil.,
844 693 1155 767 deferenti),
1183 691 1328 766 quod
1369 697 1456 747 est
1497 704 1783 746 commune
1808 702 1936 744 san-

350 792 602 852 ctorum?
636 811 655 844 ι

420 884 530 941 VII.
569 883 704 939 Item
724 883 915 938 beatus
932 876 1261 935 Athanasius
1284 869 1596 944 inlepistola
1627 870 1693 927 ad
1726 869 1940 942 Epicte-

352 988 488 1047 tum,
518 979 573 1035 in
601 976 836 1047 capitulo
872 974 926 1041 5,
970 974 1051 1028 sic
1087 973 1201 1031 ait:
1257 988 1277 1021 ‹
1314 966 1593 1038 Quomodo
1643 972 1828 1021 autem
1884 970 1945 1021 et

352 1071 628 1141 ambigere
653 1068 853 1125 audent
869 1065 1088 1136 quidam
1113 1060 1428 1125 Christiani,
1462 1058 1528 1124 si,
1550 1057 1644 1128 qui
1672 1071 1741 1113 ex
1770 1055 1941 1111 Maria

352 1159 618 1233 processit
638 1157 735 1213 Dei
763 1155 951 1221 Filius,
987 1154 1080 1225 qui
1107 1152 1175 1208 de
1203 1151 1506 1208 substantia
1533 1158 1589 1204 et
1609 1158 1805 1204 natura
1844 1147 1941 1203 Dei

351 1259 459 1318 est,
488 1248 785 1307 secundum
815 1262 1037 1304 carnem
1077 1252 1261 1300 autem
1300 1260 1368 1299 ex
1400 1242 1608 1298 semine
1655 1240 1848 1306 David,
1874 1254 1941 1297 ex

353 1356 521 1400 carne
565 1348 746 1410 autem
790 1347 991 1395 sancta:
1042 1335 1247 1392 Marias.
1311 1334 1543 1401 Quidam
1599 1340 1780 1389 autem
1823 1332 1951 1403 plus

355 1433 633 1490 temerarii
654 1431 785 1486 facti
811 1437 957 1494 sunt,
990 1436 1051 1484 ut
1071 1428 1314 1484 dicerent
1332 1424 1630 1490 Christum,
1660 1425 1752 1495 qui
1779 1438 1953 1480 carne

356 1538 553 1595 passus
599 1530 686 1578 est
727 1531 782 1579 et
805 1520 1121 1585 cruciﬁxus,
1147 1534 1257 1574 non
1286 1532 1411 1574 esse
1439 1517 1728 1573 Dominum
1758 1514 1949 1571 Salva-

358 1627 553 1682 torem,
581 1623 638 1671 et
662 1614 831 1670 Deum
859 1613 1055 1669 Filium
1098 1610 1299 1668 Patris.
1325 1611 1433 1665 Aut
1479 1610 1751 1680 quomodo
1786 1608 1949 1665 Chri-

2033 496 2209 568 diligit
2237 494 2287 550 F
2290 496 2440 567 ilium
2458 537 2480 563 ,
2521 506 2569 551 et
2592 497 2771 553 omnia
2798 495 2941 551 dedit
2978 496 3034 549 in
3072 511 3248 573 manu
3270 493 3410 565 ejus.
3463 492 3627 552 Pater

2034 589 2209 662 diligit
2234 589 2449 653 Filium,
2481 588 2579 644 sed
2606 587 2879 659 quomodo
2904 587 3069 642 Pater
3109 584 3328 651 Filium,
3361 598 3469 641 non
3496 598 3633 656 quo-

2034 682 2196 737 modo
2220 680 2480 737 Dominus
2500 695 2718 738 servum
2744 696 2761 748 ;
2800 676 3074 751 quomodo
3096 672 3467 743 unicum,non
3496 689 3637 748 quo-

2036 773 2198 829 modo
2230 774 2566 844 adoptatum.
2611 792 2632 826 ι

2108 884 2176 941 X.
2217 885 2353 942 Item
2377 886 2571 942 beatus
2597 883 2894 956 Gregorius
2926 883 2985 938 in
3007 881 3293 938 Moralium
3316 880 3456 936 libro
3493 895 3632 936 svnt

2040 974 2186 1048 (cap.
2226 974 2318 1042 52,
2348 991 2407 1031 n.
2436 974 2529 1039 85)
2553 975 2666 1030 ait:
2706 993 2727 1027 ‹
2768 973 2930 1030 Aliud
2951 980 3038 1028 est
3079 972 3225 1027 enim
3258 978 3417 1027 natos
3457 971 3637 1027 homi—

2039 1081 2140 1122 nes
2165 1066 2397 1138 gratiam
2426 1065 2733 1137 adoptionis
2766 1064 3048 1134 accipere;
3078 1062 3229 1129 aliud
3249 1075 3420 1116 unum
3451 1060 3636 1132 singu-

2040 1156 2230 1212 lariter
2255 1171 2356 1229 per
2398 1157 2701 1213 divinitatis
2726 1156 3025 1227 potentiam
3053 1153 3227 1210 Deum
3255 1167 3323 1207 ex
3355 1151 3475 1223 ipso
3501 1165 3639 1208 con-

2041 1258 2198 1320 ceptu
2224 1249 2510 1321 prodiisse.
2538 1249 2652 1306 Nec
2671 1249 2877 1319 aequari
2925 1256 3108 1319 potest
3153 1245 3340 1317 glorias
3365 1242 3647 1316 Unigeniti

2043 1340 2241 1396 habitas
2284 1356 2384 1412 per
2425 1349 2681 1396 naturam
2726 1339 2834 1395 alia
2858 1379 2874 1407 ,
2920 1346 3142 1410 accepta
3189 1352 3291 1409 per
3329 1336 3582 1407 gratiam.
3615 1355 3637 1391 ι

2043 1432 2177 1488 Item
2207 1433 2322 1505 ipse
2350 1434 2405 1489 in
2429 1435 2609 1504 primo
2652 1433 2794 1490 libro
2831 1439 2989 1508 (cap.
3045 1434 3179 1503 18):
3222 1448 3242 1483 ι
3280 1431 3420 1500 Quia
3470 1429 3527 1487 si
3580 1438 3637 1486 et

2045 1523 2328 1593 adoptivus
2382 1525 2614 1596 quisque
2641 1524 2785 1581 illius
2835 1526 2905 1581 ad
2936 1523 3340 1595 percipiendam
3379 1522 3639 1578 divinita-

2048 1621 2157 1668 tem
2183 1612 2420 1684 proﬁcit,
2450 1629 2817 1685 nequaquam,
2842 1622 2907 1670 ut
2935 1614 3080 1670 Deus
3124 1621 3291 1680 esset,
3319 1613 3647 1670 naturaliter

359 1708 520 1764 stiani
544 1707 734 1763 volunt
751 1705 1041 1769 nominari,
1069 1704 1164 1774 qui
1203 1702 1413 1767 dicunt,
1443 1701 1499 1757 in
1521 1700 1797 1757 hominem
1824 1714 1952 1755 san-
2049 1704 2277 1773 accepit.
2308 1722 2329 1756 ι
2361 1703 2496 1759 Ιιεω
2518 1704 2635 1774 ipse
2677 1705 2732 1760 in
2755 1704 2950 1760 eodem
2969 1703 3149 1760 libro:
3183 1721 3204 1755 ι
3237 1718 3449 1770 omnes,
3471 1705 3562 1774 qui
3586 1705 3643 1760 in

361 1805 531 1865 ctum,
573 1797 736 1854 sicuti
764 1797 820 1852 in
845 1810 1011 1851 unum
1038 1793 1426 1866 prophetarum
1450 1793 1667 1849 venisse
1690 1791 1945 1856 Verbum,
1980 1776 2029 1838 Β
2054 1794 2160 1851 ﬁ'ie
2181 1794 2293 1850 Deo
2321 1802 2644 1862 nascuntur,
2670 1802 2926 1866 superat;
2957 1794 3084 1864 quia
3132 1808 3241 1849 non
3282 1808 3432 1861 eum,
3458 1802 3520 1849 ut
3542 1809 3647 1850 caa-

364 1899 422 1945 et
457 1905 565 1945 non
585 1890 761 1960 ipsum
790 1887 1067 1946 hominem
1087 1885 1315 1951 factum,
1342 1893 1645 1941 sumentem
1684 1899 1753 1940 ex
1782 1881 1954 1937 Maria

365 1981 594 2051 corpus?
629 1999 649 2034 ι
686 1980 821 2036 Item
850 1980 966 2049 ipse
1011 1986 1140 2049 post
1180 1976 1355 2049 pauca
1395 1978 1450 2031 in
1487 1976 1680 2032 eadem
1702 1972 1951 2045 epistola,

367 2071 606 2142 capitqu
626 2070 660 2126 6
689 2089 702 2125 :
751 2090 771 2125 ι
806 2083 830 2112 α
868 2070 984 2126 Non
1013 2084 1113 2140 per
1136 2069 1484 2140 adoptionem
1499 2070 1616 2124 haec
1632 2070 1778 2122 tacta
1803 2076 1952 2133 sunt,

367 2165 532 2230 absit,
554 2164 697 2220 sicut
730 2163 1167 2229 aastimaverunt;
1197 2162 1294 2218 sed
1334 2161 1477 2217 sicut
1500 2168 1590 2216 est
1612 2161 1835 2226 veritas,
1859 2161 1959 2215 ho-

372 2257 520 2312 mine
566 2255 710 2311 facto
752 2255 1038 2310 Salvatore
1083 2253 1248 2309 totius
1299 2252 1536 2308 hominis
1599 2251 1750 2307 salus
1812 2250 1958 2307 facta

367 2355 470 2402 est.
495 2344 553 2401 Si
580 2346 728 2402 enim
776 2346 1066 2416 adoptione
1110 2350 1232 2400 erat
1267 2344 1323 2399 in
1350 2357 1579 2414 corpore
1604 2342 1828 2399 verbum
1872 2357 1960 2399 se-

368 2436 601 2492 cundum
633 2435 786 2500 illos;
818 2435 961 2504 quod
990 2442 1177 2490 autem
1215 2434 1504 2503 adoptione
1529 2432 1750 2497 dicitur,
1777 2431 1954 2503 pham-

371 2525 510 2591 tasia
533 2533 617 2581 est
648 2540 666 2579 :
689 2524 958 2593 reperitur
981 2530 1040 2578 et
1063 2523 1309 2593 putative
1326 2522 1494 2577 salus.
1526 2541 1546 2575 ι

446 2614 577 2670 VIII.
605 2614 742 2670 Item
770 2615 963 2671 beatus
987 2612 1220 2684 Cyrillus
1248 2612 1304 2667 in
1323 2612 1552 2684 epistola
1582 2612 1647 2667 ad
1667 2612 1963 2670 monachos

371 2705 577 2761 directa
605 2714 796 2762 contra
819 2704 1199 2760 Nestorianam
1246 2703 1497 2760 hzeresim
1520 2704 1664 2759 inter
1689 2702 1861 2759 multa
1883 2705 1964 2760 sic

373 2798 453 2853 ait
480 2811 496 2851 :
533 2815 553 2848 ι
579 2796 790 2862 Dictum
819 2804 907 2852 est
929 2795 1075 2852 enim
1103 2793 1173 2849 ad
1192 2810 1338 2857 eum,
1369 2793 1507 2851 Sede
1531 2812 1566 2849 α
1592 2794 1792 2851 dextris
1810 2798 1960 2862 meis,

377 2887 547 2944 donec
565 2903 760 2959 ponam
797 2888 1038 2943 inimicos
1061 2896 1179 2942 tam
1212 2885 1496 2941 scabellum
1534 2887 1726 2958 pedum
1753 2897 1963 2943 tuorum

375 2975 551 3050 (Psal.
605 2976 756 3051 CIX);
817 2978 1010 3034 adoret
1049 2977 1223 3034 etiam
1260 2991 1362 3033 nos
1407 2992 1766 3049 supernon
1805 2977 1955 3049 spiri-

375 3078 530 3127 tuum
570 3071 876 3128 multitudo.
928 3070 1155 3137 Quando
1189 3073 1359 3139 enim,
1411 3071 1622 3142 inquit,
1675 3070 1963 3127 introducit

2053 1892 2224 1951 teros,
2250 1885 2492 1958 adoptio.
2519 1887 2614 1942 sed
2634 1895 2828 1943 natura
2855 1885 3005 1942 illum
3031 1884 3329 1942 divinitatis
3355 1885 3579 1942 exaltat.
3614 1906 3634 1940 ι

2053 1974 2184 2031 Item
2209 1977 2390 2047 ipsein
2416 1978 2641 2035 bomilia
2662 1978 2729 2035 de
2746 1978 3066 2036 Pentecoste
3087 1976 3356 2050 ait(IIom.
3371 1978 3461 2045 50,
3483 1994 3538 2032 n.
3555 1976 3644 2049 9):

2061 2085 2080 2120 ι
2112 2067 2364 2137 Pensate,
2402 2069 2603 2128 fratres
2642 2072 2972 2138 charissimi,
2998 2080 3122 2145 post
3162 2072 3499 2128 nativitatem
3523 2074 3648 2128 uni-

2055 2163 2225 2232 geniti
2254 2165 2396 2230 Filii,
2424 2166 2603 2236 qualis
2645 2167 2719 2223 sit
2758 2168 3022 2224 hodierna
3070 2169 3385 2225 solemnitas
3422 2168 3491 2225 de
3536 2169 3651 2224 Ad-

2055 2260 2221 2307 ventu
2250 2253 2489 2326 Spiritus
2539 2257 2731 2313 sancti.
2786 2257 2941 2314 Sicut
2966 2259 3113 2314 enim
3141 2260 3231 2314 illa
3258 2301 3274 2326 ,
3327 2260 3408 2317 sic
3437 2267 3495 2317 et
3545 2260 3651 2315 ista

2057 2358 2275 2416 quoque
2298 2352 2385 2401 est
2408 2347 2775 2415 honorabilis;
2813 2348 2887 2403 ibi
2913 2349 3059 2404 enim
3081 2349 3225 2405 Deus
3245 2350 3299 2404 in
3328 2364 3387 2405 se
3414 2350 3657 2406 creando

2059 2436 2299 2507 suscepit
2327 2438 2641 2505 hominem;
2679 2440 2769 2496 hic
2800 2439 3048 2495 homines
3081 2439 3318 2511 desuper
3340 2441 3656 2500 venientem

2062 2534 2416 2597 susceperunt
2438 2526 2612 2598 Deum
2638 2545 2652 2581 :
2680 2527 2754 2583 ibi
2797 2527 2938 2583 Deus
2978 2528 3307 2584 naturaliter
3359 2527 3535 2585 factus
3572 2537 3661 2587 est

2059 2616 2240 2681 homo,
2263 2616 2354 2673 hic
2372 2617 2620 2674 homines
2660 2632 2761 2689 per
2787 2618 3133 2689 adoptionem
3164 2619 3295 2675 facti
3321 2626 3450 2675 sunt
3488 2620 3586 2676 dii.
3625 2639 3649 2677 ι

2059 2706 2197 2763 Audi
2221 2707 2473 2778 denique,
2504 2710 2651 2779 quod
2676 2710 2867 2765 beatus
2891 2707 3187 2781 Gregorius
3231 2709 3285 2765 in
3329 2710 3520 2766 eodem
3548 2710 3661 2767 Ilo—

2060 2797 2333 2854 miliarum
2355 2798 2514 2865 libro,
2541 2813 2665 2855 cum
2708 2794 2777 2855 de
2821 2814 2960 2871 agno
2986 2799 3231 2870 paschali
3268 2807 3530 2856 tractaret
3573 2801 3659 2857 di-

2062 2902 2190 2944 cens
2218 2906 2231 2942 :
2267 2907 2288 2940 c
2320 2887 2443 2943 Non
2475 2889 2752 2945 comedetis
2803 2906 2870 2945 ea:
2904 2906 2965 2945 eo
3003 2889 3225 2945 crudum
3249 2890 3401 2961 quid,
3425 2906 3519 2944 nec
3559 2905 3653 2945 co-

2061 2987 2203 3031 ctum
2227 2992 2366 3049 aqua
2386 2976 2585 3050 (Exod.
2619 2992 2719 3041 xu,
2751 2975 2829 3045 9).
2852 2978 2921 3033 Et
2943 2977 3104 3050 paulo
3125 2986 3249 3050 post
3267 2978 3449 3033 intulit
3472 2976 3655 3050 (Hom.

2063 3068 2158 3134 22,
2184 3084 2240 3123 n.
2280 3067 2340 3140 8)
2370 3086 2385 3123 :
2419 3086 2441 3121 ‹
2500 3068 2832 3139 Redemptor
2885 3076 3067 3124 autem
3118 3076 3304 3125 uoster
3341 3083 3445 3124 nec
3488 3082 3660 3138 purus

374 3165 777 3236 primogenitum
800 3127 878 3219 fin
923 3127 1102 3220 orbem
1149 3127 1415 3220 terrarum
1465 3127 1636 3220 dicit;
1665 3174 1716 3219 et
1743 3165 1961 3219 adorent
1989 3127 2037 3193 ε
2066 3127 2230 3217 homo
2248 3127 2644 3217 existimandus
2661 3127 2763 3227 est,
2789 3174 2967 3230 neque
2985 3174 3086 3231 per
3110 3160 3408 3215 humanam
3440 3127 3659 3229 sapien-

375 3273 495 3313 eum
528 3272 705 3310 omnes
730 3254 901 3326 angeli
922 3254 1021 3309 Dei
1052 3254 1239 3327 (Hebr.
1264 3271 1347 3320 ut,
1372 3254 1449 3327 6).
1475 3254 1583 3311 Sed
1601 3269 1701 3310 nos
1720 3254 1960 3325 quidem,

377 3349 483 3403 etsi
508 3356 700 3403 sancto
733 3348 882 3402 uncti
917 3361 1107 3402 sumus
1149 3348 1377 3418 Spiritu,
1405 3348 1711 3417 adoptionis
1745 3347 1964 3416 quidem

383 3441 623 3495 ditamur
649 3439 845 3509 gratia,
872 3452 1238 3508 vocamurque
1273 3439 1439 3494 etiam
1462 3438 1569 3503 dii;
1612 3446 1814 3492 nostrae
1834 3451 1968 3492 vero

380 3537 591 3585 natura:
612 3542 924 3582 mensuram
970 3543 1076 3582 non
1102 3528 1433 3599 ignoremus.
1466 3527 1666 3583 Sumus
1718 3542 1786 3582 ex
1818 3535 1965 3581 terra

384 3627 441 3674 et
467 3617 779 3673 habitamus
806 3617 949 3672 inter
972 3631 1189 3684 servos;
1221 3625 1279 3671 at
1326 3617 1416 3673 ille
1440 3624 1527 3673 est
1550 3632 1658 3671 non
1687 3617 1740 3672 in
1768 3617 1968 3689 quibus

381 3724 516 3775 nos,
562 3708 659 3765 sed
682 3718 879 3763 natura
905 3716 964 3763 et
990 3721 1153 3764 verus
1189 3708 1358 3765 Filius
1407 3716 1464 3767 et
1515 3708 1758 3764 omnium
1786 3707 1970 3763 Domi-

387 3817 510 3857 nus.
549 3822 571 3855 ι

454 3892 546 3947 IX.
584 3892 718 3948 Item
767 3892 1114 3950 beatissimus
1149 3891 1483 3963 Augustinus
1528 3891 1582 3946 in
1622 3889 1972 3960 Expositione

383 3985 745 4053 Psalmorum,
777 3986 833 4040 in
862 3985 1072 4057 psalmo
1108 4000 1370 4041 Lxxxvut.
1400 4002 1419 4035 ι
1456 3984 1589 4050 Quis
1636 3984 1692 4039 in
1749 3983 1973 4038 nubibus

386 4078 679 4149 mquabitur
705 4080 1055 4145 Domino,aut
1071 4079 1189 4150 quis
1211 4077 1401 4133 similis
1429 4080 1529 4133 erit
1544 4077 1653 4132 'Deo
1672 4078 1808 4132 inter
1834 4074 1974 4146 ﬁlios

390 4170 532 4225 Dei?
566 4171 661 4226 Ille
687 4171 901 4237 unicus,
938 4185 1038 4228 nos
1081 4170 1267 4237 multi;
1311 4171 1402 4226 ille
1429 4186 1567 4227 unus
1590 4210 1607 4236 ,
1650 4185 1749 4225 nos
1801 4169 1854 4224 in
1886 4168 1977 4224 illo

388 4278 586 4329 unum;
633 4262 726 4318 ille
754 4271 937 4327 natus,
966 4277 1068 4317 nos
1086 4263 1356 4332 adoptati;
1387 4261 1478 4318 ille
1500 4262 1569 4316 ab
1595 4270 1798 4317 aeterno
1828 4261 1980 4332 geni-

391 4363 479 4410 tus
504 4368 603 4424 per
626 4362 901 4418 naturam,
925 4366 1026 4408 nos
1054 4367 1086 4406 a
1127 4360 1369 4423 tempore
1398 4352 1525 4409 facti
1570 4367 1670 4422 per
1713 4351 1976 4423 gratiam;

2066 3250 2221 3314 tiam,
2244 3249 2478 3319 qualiter
2497 3249 2642 3305 Deus
2654 3249 2926 3305 iucarnari
2945 3249 3235 3320 potuisset,
3249 3249 3600 3321 cogitandus;
3636 3266 3659 3301 ι

2064 3349 2122 3396 et
2138 3349 2262 3412 post
2284 3357 2496 3413 pauca:
2529 3361 2548 3395 ι
2585 3341 2688 3410 Qui
2724 3343 2890 3414 igitur
2929 3342 3203 3413 paschalis
3230 3343 3411 3414 gaudii
3453 3342 3667 3399 festivi-

2066 3442 2235 3490 tatem
2255 3432 2536 3489 cclebrare
2563 3433 2862 3500 desiderat,
2891 3449 3091 3505 agnum
3129 3449 3232 3490 nec
3256 3449 3398 3506 aqua
3421 3442 3622 3504 coquat
3648 3475 3664 3501 ,

2066 3536 2249 3594 neque
2285 3524 2513 3579 crudum
2551 3525 2835 3590 comedat,
2884 3525 2936 3580 id
2965 3534 3074 3591 est,
3107 3534 3169 3581 ut
3190 3538 3289 3596 per
3344 3525 3664 3582 dissolutam

2068 3614 2374 3682 scientiam,
2405 3616 2639 3686 qualiter
2658 3616 2803 3674 Deus
2835 3617 3112 3673 incarnari
3158 3616 3355 3687 potuit,
3379 3618 3625 3689 cogitans
3650 3657 3669 3684 ,

2069 3718 2249 3777 neque
2291 3706 2349 3762 in
2407 3722 2535 3762 eum
2575 3715 2835 3780 tanquam
2876 3708 2931 3764 in
2973 3708 3249 3765 hominem
3307 3724 3505 3780 purum
3548 3723 3671 3766 cre-

2069 3796 2164 3851 dat
2190 3796 2242 3851 ιδ.
2277 3816 2297 3851 δ

2141 3901 2233 3957 XI.
2273 3901 2407 3958 Item
2452 3901 2799 3960 Chromatius
2852 3914 3053 3961 sancta:
3116 3905 3377 3962 Romamn
3444 3907 3673 3966 antistes

2072 3995 2398 4051 Ecclesiaziu
2428 3994 2609 4051 libello
2643 4011 2804 4066 quem
2833 3998 2900 4053 de
2919 4006 3047 4053 octo
3065 3996 3499 4054 Beatitudinibus
3535 3998 3674 4055 scri-

2074 4086 2205 4155 psit,
2236 4086 2310 4140 ita
2339 4076 2507 4141 dicit':
2541 4106 2561 4139 ι
2597 4097 2620 4126 ο
2657 4086 2718 4141 1η
2751 4087 3007 4160 mysterio
3036 4089 3180 4145 enim
3228 4089 3485 4160 baptismi
3506 4097 3561 4145 et
3583 4089 3671 4146 Fi-

2075 4176 2181 4232 lius
2207 4191 2432 4231 manens
2456 4177 2672 4232 videtur
2718 4178 2773 4233 in
2822 4193 3069 4249 corpore,
3091 4186 3146 4234 et
3180 4177 3417 4250 Spiritus
3447 4189 3670 4261 sanctus

2079 4268 2135 4323 in
2164 4266 2343 4338 specie
2364 4265 2627 4323 columbas
2653 4266 2955 4335 descendit,
2985 4276 3041 4324 et
3067 4286 3172 4329 vos
3222 4270 3404 4327 Patris
3433 4272 3500 4327 de
3521 4271 3674 4329 caelis

2081 4359 2334 4423 auditur,
2388 4365 2451 4413 ut
2486 4356 2767 4431 Trinitatis
2794 4358 2974 4415 unitas
3012 4359 3359 4427 declaretur;
3401 4361 3530 4432 quia
3572 4376 3675 4417 nec

391 4447 481 4501 ille
507 4446 624 4501 sine
650 4445 762 4501 ullo
799 4451 1047 4515 peccato,
1078 4459 1177 4499 nos
1209 4458 1311 4514 per
1343 4444 1494 4498 illum
1527 4442 1743 4498 liberati
1773 4458 1806 4497 a
1849 4457 1979 4540 pec—
2010 4446 2244 4540 ιγῐδειιει·
2269 4448 2386 4503 sine
2415 4447 2550 4502 Filio
2574 4448 2799 4520 intelligi
2837 4458 3035 4521 potest,
3068 4465 3167 4506 nec
3195 4450 3363 4506 Filius
3412 4452 3528 4507 sine
3552 4450 3677 4520 Spi-

393 4545 536 4593 cato.
577 4556 596 4590 ι
626 4537 760 4592 Item
799 4537 917 4607 ipse
942 4536 996 4590 in
1024 4535 1361 4607 expositione
1387 4534 1553 4606 786
1589 4532 1866 4604 Evangelii
1891 4547 1978 4588 se—
2010 4532 2046 4540 "
2083 4538 2191 4591 ritu
2213 4546 2403 4592 sancto
2430 4540 2704 4608 cognosci.
2737 4540 2872 4595 Vide
2906 4540 3070 4611 igitur
3097 4541 3258 4611 quale
3282 4541 3462 4598 Patris
3491 4542 3557 4597 de
3574 4534 3680 4597 “Fi-

393 4629 630 4682 cundum
652 4626 913 4682 Joannem
937 4627 989 4681 in
1015 4626 1233 4681 bomilia
1257 4625 1288 4679 7
1320 4626 1492 4696 (num.
1522 4622 1577 4696 4)
1603 4623 1680 4677 ait
1710 4640 1723 4675 :
1760 4640 1778 4673 ι
1806 4621 1979 4693 Opor-

396 4719 545 4774 tebat
577 4719 722 4774 enim
773 4727 833 4775 ut
858 4719 949 4775 ille
982 4718 1279 4790 baptizaret
1306 4717 1398 4789 qui
1454 4724 1540 4772 est
1566 4715 1761 4771 unicus
1811 4713 1980 4769 Filius

384 4810 513 4873 Dei,
542 4825 648 4866 non
692 4811 1012 4881 ad0ptivus;
1055 4811 1293 4881 adoptivi
1349 4816 1530 4865 autem
1569 4808 1806 4863 ministri
1855 4814 1984 4862 sunt

396 4902 583 4969 unici;
640 4902 832 4956 unicus
880 4902 1026 4957 enim
1093 4903 1261 4957 habet
1310 4906 1633 4973 potestatem
1692 4896 1983 4967 adoptandi

382 4994 584 5069 ‘[Aug.,
613 4991 877 5066 adaptati]
905 4993 1291 5049 ministerium.
1327 5014 1345 5047 ι
1382 4992 1516 5050 Item
1545 4993 1660 5063 ipse
1708 4992 1763 5046 in
1792 4991 1984 5047 eodem

476 5200 502 5228 ι
537 5188 596 5243 In
634 5188 757 5245 edd.
787 5194 966 5243 textus
987 5186 1063 5241 ita
1113 5193 1309 5241 sonat:
1349 5204 1368 5238 ι
1399 5185 1527 5242 limo
1556 5195 1738 5241 autem
1788 5202 1895 5242 non
1926 5185 1985 5241 ﬁ-

386 5259 583 5315 -ctione
602 5260 746 5314 facta
772 5266 918 5325 sunt,
958 5256 1410 5327 queuﬂdmodum
1440 5258 1680 5316 nonnulli
1704 5258 1986 5313 existima-

404 5338 553 5393 runt,
583 5331 750 5395 absit;
785 5330 880 5386 sed
925 5329 1208 5386 Salvatore
1233 5342 1362 5382 vere
1386 5328 1606 5383 homine
1633 5327 1778 5383 facto
1800 5366 1817 5393 ,
1860 5327 1990 5384 hinc

394 5400 569 5454 totius
597 5401 827 5455 hominis
872 5400 1021 5455 salus
1063 5405 1351 5455 consecuta
1379 5406 1482 5454 est.
1512 5396 1651 5453 Nam
1696 5398 1743 5454 si
1775 5396 1991 5455 ﬁctione

406 5470 668 5524 duntaxat
697 5470 928 5525 Verbum
960 5471 1012 5525 in
1043 5486 1273 5540 corpore
1308 5468 1430 5536 fuit,
1460 5479 1519 5523 ut
1546 5469 1621 5524 illi
1656 5476 1940 5525 autumant
1972 5509 1987 5535 ,

394 5548 465 5593 ct
504 5541 550 5595 si
579 5541 720 5609 quod
754 5541 954 5594 dicitur
984 5541 1199 5596 ﬁctione
1225 5556 1346 5596 esse
1372 5581 1386 5605 ,
1442 5540 1729 5609 phantasia
1757 5547 1841 5594 est
1859 5580 1874 5604 ,
1903 5552 1991 5609 se-

409 5608 675 5679 quitur’ut
696 5612 987 5665 secundum
1017 5611 1390 5680 impiissimum
1420 5608 1993 5680 Manichmum,specie

400 5690 620 5736 multum
650 5690 803 5735 tenus
847 5681 991 5736 salus
1023 5679 1435 5737 ct’resurrcctio
1464 5681 1741 5736 hominum
1772 5680 1891 5736 ﬁeri
1911 5679 1993 5734 di-

410 5754 571 5807 ritur.
610 5771 627 5803 ›
679 5751 807 5805 Vide
855 5766 972 5821 quae
1021 5753 1073 5805 in
1122 5750 1264 5805 hunc
1310 5751 1485 5807 locum
1529 5751 1585 5806 S.
1630 5749 1909 5807 Athanasii
1962 5765 1993 5803 a

2081 4631 2153 4685 lio
2170 4631 2538 4687 testimonium
2564 4633 2631 4688 sit
2654 4633 2876 4690 dicentis
2891 4652 2904 4688 :
2922 4633 3025 4689 llic
3039 4643 3114 4689 est
3140 4633 3315 4691 Filius
3338 4653 3507 4719 meus.
3532 4633 3681 4693 Suus

2080 4722 2267 4792 utique
2296 4737 2401 4777 non
2430 4739 2530 4794 per
2555 4724 2899 4796 adoptionem
2932 4726 3122 4798 gratim
3144 4767 3160 4794 ,
3192 4741 3368 4797 neque
3420 4742 3519 4797 per
3551 4725 3680 4783 reli-

2083 4812 2299 4884 gionem
2325 4822 2591 4870 creatura:
2613 4856 2629 4881 ,
2686 4822 2747 4870 ut
2779 4816 3018 4872 hazretici
3040 4817 3225 4873 volunt
3247 4858 3263 4883 ,
3319 4817 3414 4874 sed
3444 4817 3524 4871 sui
3556 4832 3681 4890 pr.»—

2083 4904 2316 4977 prietate
2343 4905 2579 4976 generis,
2605 4914 2661 4963 et
2684 4907 2912 4962 veritate
2938 4915 3165 4963 natura}.
3196 4906 3349 4963 Multi
3379 4907 3524 4964 enim
3553 4921 3678 4963 san'

2083 5003 2293 5051 ctorum
2317 4994 2442 5050 Filii
2470 4995 2567 5050 Dei
2615 4996 2890 5062 dicuntur,
2912 5003 2968 5050 et
2996 5003 3140 5061 sunt,
3169 4996 3266 5053 sed
3304 4995 3396 5052 hic
3430 4996 3549 5052 sine
3576 4995 3681 5050 du-

2088 5192 2147 5249 S.
2170 5190 2393 5275 Paulino
2417 5191 2749 5275 Aquileienfi
2768 5206 2984 5275 quoque
3021 5190 3354 5275 (ipscriprtum
3376 5189 3575 5275 critics
3596 5204 3682 5275 ac

2087 5264 2297 5319 erudite
2322 5259 2574 5319 observat
2597 5262 2665 5317 cl.
2698 5259 3004 5327 Madrisius,
3032 5259 3276 5329 OperfS.
3311 5259 3519 5315 Paulini
3548 5273 3658 5329 pag

2090 5334 2212 5398 166,
2234 5342 2354 5406 not.
2385 5331 2731 5406 (Patrologire
2769 5341 2914 5406 torno
2949 5330 3135 5394 XCIX,
3164 5331 3267 5387 col.
3308 5330 3457 5406 459).

2164 5405 2371 5477 b,Edit-
2396 5401 2414 5458 ἐ
2440 5403 2574 5477 [Πι
2592 5401 2766 5477 neque
2784 5418 2881 5477 per
2899 5404 3195 5477 humanam
3214 5401 3535 5472 sapientiam
3555 5414 3686 5477 pro-

2092 5475 2410 5532 funditatem
2437 5474 2578 5529 illius
2600 5474 2987 5543 incarnationis
3012 5482 3297 5544 penetrare
3322 5480 3560 5544 appetat,
3584 5474 3684 5526 nc-

2092 5562 2196 5617 quc
2222 5546 2273 5600 in
2301 5562 2425 5602 eum
2456 5553 2565 5599 tam
2588 5542 2788 5598 uamin
2816 5542 3088 5599 hominem
3112 5557 3307 5613 purum
3334 5542 3542 5596 credat.
3580 5559 3603 5593 ι

2167 5628 2189 5655 ε
2229 5616 2361 5670 Vide
2388 5616 2532 5670 hunc
2560 5563 2733 5670 iocum
2761 5628 2978 5670 (tuoque
3019 5614 3352 5670 descriptam
3378 5626 3542 5670 supra
3571 5607 3656 5666 col

2167 5628 2189 5655 θ
2235 5628 2361 5665 Vide
2390 5628 2532 5665 hunc
2560 5628 2733 5665 106nm
2761 5628 2978 5665 αιιοαιιο
3019 5628 3352 5665 (IPSCI'HHUIII
3378 5628 3542 5665 SIIDl'il
3571 5628 3678 5665 00l-

2112 5616 2123 5617 ί
2167 5628 2189 5655 ε
2229 5616 2361 5672 Vide
2388 5616 2532 5670 hunc
2560 5616 2733 5671 locum
2761 5628 2978 5683 quoque
3019 5616 3352 5683 descriptum
3378 5626 3542 5684 supra
3571 5623 3637 5666 co

2095 5687 2182 5752 97,
2214 5705 2267 5742 ιι.
2293 5686 2382 5753 26,
2408 5702 2529 5742 cum
2558 5694 2681 5743 uota
2709 5686 2781 5742 ibi
2803 5686 3004 5741 addita.
