3906 6186
209 349 301 406 iis

200 472 276 526 bio
332 471 717 541 compassione
739 470 902 544 ’[Leg.
928 512 945 538 ,
996 472 1113 528 sine
1155 474 1584 546 comparatione]
1636 490 1777 531 unus
1802 485 1855 541 Α

199 562 296 618 Deo
321 562 473 618 Patri
496 563 677 619 Filius
698 564 1011 637 unigenitus
1027 573 1082 621 et
1100 580 1259 622 verus
1286 575 1342 621 et
1366 568 1639 638 proprius,
1672 583 1779 624 non

196 652 423 719 a‘inde,
449 668 619 723 quam
639 654 710 709 de
736 654 905 712 Patre
938 663 1117 722 natus,
1150 657 1278 727 quia
1306 666 1413 713 tam
1437 673 1600 714 verus
1620 659 1782 714 Pater

194 743 343 799 Pater
362 753 475 811 est,
497 759 667 814 quam
691 760 857 800 verus
883 755 940 801 et
966 745 1109 802 Deus
1136 757 1238 803 est.
1270 746 1440 803 Sicuti
1469 756 1580 802 tam
1616 764 1778 805 verus

196 835 346 890 Filius
367 835 411 891 F
417 836 547 892 ilius
580 844 687 901 est,
715 851 882 907 quam
910 851 1072 893 verus
1092 846 1149 892 et
1168 837 1429 893 Dominus
1450 847 1551 895 est.
1586 838 1778 895 Perfe-

194 936 265 981 cta
287 942 421 999 ergo
461 926 602 983 ﬁdes
629 935 717 983 est
757 927 1043 985 Trinitatis
1088 938 1329 996 ostensa,
1360 945 1484 985 cum
1515 940 1571 986 et
1615 931 1778 987 Pater

193 1020 458 1080 Christum
482 1021 775 1077 Dominum
808 1038 875 1078 ac
915 1024 1084 1078 Deum
1116 1032 1363 1080 nostrum
1397 1025 1595 1082 Filium
1617 1042 1774 1083 suum

192 1128 298 1168 esse
330 1122 597 1180 testatur,
625 1122 683 1171 et
701 1113 942 1185 Spiritus
964 1124 1207 1182 sancms,
1236 1117 1288 1172 id
1325 1124 1430 1182 est,
1460 1117 1785 1173 Paracletus

192 1205 237 1260 in
273 1212 427 1260 tanto
455 1204 586 1260 ﬁdei
624 1213 973 1262 sacramento
1008 1206 1158 1285 [fatri
1205 1206 1450 1278 Filioque
1498 1207 1774 1279 coniungi-

190 1303 287 1360 tur,
313 1304 375 1350 ut
401 1311 597 1351 verum
633 1295 855 1351 Patrem
874 1337 890 1363 ,
934 1312 1124 1352 verum
1146 1297 1363 1363 Filium,
1390 1313 1580 1354 verum
1608 1299 1773 1354 etiam

187 1387 443 1461 Spiritum
486 1401 738 1448 sanctum
791 1392 1136 1449 crederemus
1171 1404 1283 1449 tres
1320 1408 1584 1464 personas
1603 1434 1617 1459 ,
1675 1394 1773 1449 sed

185 1495 342 1535 unam
369 1482 712 1537 divinitatem
738 1482 1043 1549 Trinitatis,
1058 1484 1720 1554 unamquesubstantiam.
1744 1504 1764 1537 ι

249 1569 362 1624 XII.
400 1571 498 1627 His
543 1579 603 1627 et
653 1570 963 1640 huiusmodi
1012 1574 1409 1630 venerabilibus
1454 1584 1769 1632 sanctorum

182 1659 407 1719 Patrum
433 1662 716 1718 sententiis
728 1678 838 1718 non
865 1663 1090 1719 credere
1106 1664 1330 1735 impium
1348 1680 1473 1721 esse
1491 1674 1764 1737 putamus.

181 1751 354 1806 Nonio
379 1751 592 1809 sobrius
640 1761 835 1809 contra
887 1755 1171 1812 veritatem
1189 1795 1205 1821 ,
1261 1771 1422 1813 nemo
1470 1758 1769 1813 catholicus

775 350 1191 413 DOGMATICA.
1230 386 1304 398 —
1334 357 1496 415 ADV.
1537 359 1834 417 FELICEH
1869 362 2050 421 LIBRI
2088 365 2197 425 VII.
2238 390 2308 408 --
2344 368 2565 428 EPIST.
2604 370 2932 431 PRIEVUE.

3360 374 3471 439 126

2204 480 2537 541 ΕΡιεΤοιΑ
2574 485 2602 526 ιι
2638 486 2842 542 BEATI
2876 485 3152 545 ALCUINI

2349 591 2416 631 ΔΙ)
2454 593 2701 634 αλιοωιι
2741 594 2981 636 ΙΔΕΝΟΙ.

2486 670 2664 741 (Anno
2688 672 2839 738 800.)

1879 753 2220 813 Commendat
2258 760 2396 834 regis
2427 763 2657 834 examini
2693 764 3143 834 etiapprobalioni
3181 764 3342 822 libras
3378 783 3458 824 γη

2197 830 2446 885 adversus
2472 830 2705 887 Felicem
2735 830 3137 905 Uryellitanum.

1946 922 2177 979 Maximo
2199 933 2361 994 atque
2386 925 2738 983 invictissimo
2762 929 3144 1001 triumphatori
3171 939 3332 1000 atque
3352 932 3459 988 cle-

1874 1015 2209 1071 meutissimo
2228 1031 2515 1087 regnorum
2541 1020 2739 1077 rectori
2764 1018 2959 1075 Carolo
2986 1022 3098 1092 regi
3123 1020 3457 1080 Francorum

1872 1114 1930 1161 et
1963 1106 2433 1177 Longobardorum
2465 1124 2531 1164 ac
2574 1110 2803 1179 patricio
2836 1110 3205 1169 Romanorum
3237 1116 3458 1173 humilis

1871 1197 2033 1253 levita
2058 1197 2320 1255 Alcuinus
2341 1199 2590 1256 salutem.

1941 1285 2248 1342 Laudabilis
2271 1288 2485 1343 bonitas
2504 1295 2666 1358 atque
2686 1288 3122 1359 incomparabilis
3137 1290 3454 1360 iucunditas

1868 1386 2063 1433 vestrm
2083 1379 2414 1436 excellentia
2448 1378 2697 1435 ﬁduciam
2736 1395 2869 1436 meae
2920 1385 3172 1451 praestitit
3198 1385 3453 1455 parvitati

1868 1469 2135 1525 scribendi
2160 1469 2363 1539 aliquid
2387 1470 2453 1525 de
2479 1471 2658 1526 causis
2682 1472 3062 1529 ecclesiasticis
3087 1474 3171 1529 vel
3196 1474 3264 1531 de
3290 1476 3453 1535 disci-

1866 1558 2028 1628 plinis
2083 1559 2435 1616 scholasticis.
2487 1561 2639 1629 Quod
2688 1562 2996 1618 nullatenus
3047 1578 3294 1634 agerem,
3343 1566 3451 1620 nisi

1865 1656 2019 1705 scuto
2044 1648 2199 1706 bonae
2245 1650 2536 1707 voluntatis
2577 1658 2771 1707 vestrae
2807 1652 2878 1708 ab
2919 1652 3228 1708 invidorum
3253 1653 3452 1725 linguis

1864 1757 1999 1799 mea:
2036 1742 2305 1800 litterulas
2355 1744 2677 1800 obedientite
2716 1745 3075 1815 protegendas
3121 1759 3398 1814 sperarem
3431 1764 3444 1800 :

180 1841 344 1911 787
369 1850 559 1896 contra
593 1850 800 1899 sane“;
847 1852 905 1899 ει
955 1845 1128 1901 unica
1173 1844 1428 1901 Ecclesia;
1469 1845 1719 1902 doctores
1747 1887 1762 1911 ,
1796 1825 1844 1885 Β
1867 1834 1993 1903 quia
2028 1834 2385 1904 quorumdam
2420 1834 2641 1890 solertia
2681 1835 2895 1893 laborat
2936 1835 3109 1906 magis
3133 1835 3360 1891 aliorum
3390 1836 3446 1890 in

180 1947 331 1989 nemo
358 1933 487 2003 pius
511 1942 704 1990 contra
756 1945 1072 1993 sanctarum
1106 1938 1415 1994 testimonia
1458 1938 1766 2010 Scriptura-

179 2038 287 2078 rurn
313 2026 507 2079 sentit.
538 2025 761 2092 Discite,
791 2043 914 2098 qua:
963 2029 1032 2084 ad
1058 2029 1289 2087 salutem
1334 2030 1640 2087 animarum
1665 2047 1765 2087 ve-

177 2120 407 2169 strarum
436 2115 734 2184 pertinent,
762 2124 820 2172 et
857 2117 1061 2188 regiam
1115 2119 1259 2175 viam
1287 2120 1357 2176 ab
1382 2119 1640 2191 apostolis
1666 2120 1765 2177 tri-

177 2208 292 2266 tam,
318 2219 353 2258 a
408 2203 672 2261 Patribus
718 2204 1114 2277 frequentatam
1138 2249 1155 2275 ,
1199 2224 1232 2265 a
1254 2211 1439 2267 mundi
1481 2210 1764 2267 latitudine

176 2290 429 2356 electam,
454 2292 619 2362 pleno
639 2294 911 2351 catholicae
930 2295 1055 2353 ﬁdei
1079 2298 1218 2368 pede
1244 2298 1501 2354 iucedite.
1533 2298 1762 2355 Hortare

178 2382 390 2440 fratrem
432 2392 590 2440 tuum
639 2388 996 2445 venerabilem
1044 2390 1358 2462 episcopum
1384 2431 1399 2455 ,
1438 2407 1603 2462 quem
1634 2408 1761 2462 cum

178 2492 349 2533 more
374 2479 607 2533 nomina
643 2478 756 2551 [Ita
800 2481 954 2547 cod.‘;
980 2456 1094 2553 leg:
1120 2456 1385 2555 nomine],
1416 2456 1757 2554 Elipandum,

176 2575 228 2620 ut
248 2575 422 2623 tecum
444 2576 502 2623 et
531 2584 655 2626 cum
677 2579 989 2631 sanctorum
1013 2574 1390 2631 innumerabili
1406 2576 1758 2631 multitudine

173 2658 236 2712 ad
250 2669 463 2730 portam
480 2670 761 2732 perpetuae
771 2665 1008 2723 civitatis
1031 2667 1309 2723 ascendat.
1338 2667 1517 2723 Nolite
1537 2683 1756 2741 gregem

172 2746 381 2816 Christi,
405 2768 572 2822 qutun
628 2755 921 2826 accepistis
955 2756 1290 2834 pascendum
1313 2798 1330 2824 ,
1356 2758 1608 2828 perdere,
1660 2758 1757 2815 sed

170 2842 428 2898 salvare.ﬂ
450 2844 511 2899 In
535 2861 644 2901 uno
662 2849 1037 2904 tantummodo
1058 2849 1361 2920 adoptionis
1388 2849 1554 2905 verbo
1570 2864 1605 2904 a
1623 2865 1754 2905 san-

168 2940 246 2988 cta
266 2941 328 2988 et
349 2935 639 3004 apostolica
653 2937 896 2994 Ecclesia
917 2938 1324 2996 discordamini.
1349 2940 1530 2996 Facile
1544 2949 1630 2997 est
1650 2941 1754 2998 hoc

167 3026 411 3092 verbum,
442 3027 622 3083 divina
650 3045 749 3084 vos
791 3030 1085 3086 auxiliante
1130 3033 1328 3104 gratia,
1371 3033 1660 3088 immutare
1698 3041 1757 3089 et

168 3118 485 3189 evangelicis
508 3127 567 3174 et
590 3120 899 3189 apostolicis
941 3123 1018 3178 uti
1050 3122 1252 3177 verbis.
1289 3121 1462 3190 Quam
1483 3123 1748 3193 speciosa,

1867 1922 2074 1977 occulto
2104 1924 2296 1980 rodere
2321 1924 2490 1988 dicta,
2519 1938 2683 1993 quam
2711 1937 2808 1979 sua
2838 1924 2893 1978 in
2921 1924 3136 1994 publico
3161 1922 3404 1995 proferre
3428 1941 3444 1989 ;

1866 2028 2094 2084 quorum
2124 2015 2404 2071 scientiam
2450 2015 2706 2071 Salomon
2752 2015 2991 2086 serpenti
3035 2015 3090 2071 in
3128 2016 3449 2071 abscondito

1866 2105 2131 2161 mordenti
2150 2106 2486 2176 comparavit
2512 2106 2681 2178 (Eccl.
2712 2123 2767 2171 x,
2793 2106 2902 2176 ll).
2935 2107 3127 2190 Vestra
3148 2122 3276 2162 vero
3312 2107 3447 2165 nulli

1862 2196 2252 2251 contemnenda
2280 2195 2573 2251 auctoritas
2613 2203 2813 2252 nostra:
2848 2196 3118 2252 devotioni
3147 2197 3447 2265 mandavit,

1862 2292 2049 2342 contra
2076 2300 2244 2341 novas
2275 2286 2544 2342 haereticos
2569 2286 2852 2355 pravitatis
2881 2286 3217 2342 inventiones
3239 2286 3446 2356 aliquid

1860 2376 2100 2431 scribere
2145 2386 2308 2446 atque
2352 2374 2532 2431 libello
2559 2376 2905 2445 respondere,
2935 2389 3096 2446 quem
3130 2382 3319 2430 contra
3344 2389 3446 2430 nos

1858 2469 2011 2525 Felix
2029 2469 2249 2540 quidam
2281 2469 2566 2539 episcopus
2586 2476 2780 2525 vestra:
2798 2468 2996 2524 direxit
3018 2468 3358 2533 auctoritati;
3385 2467 3443 2522 in

1857 2577 1966 2634 quo
1997 2561 2163 2617 multa
2209 2562 2555 2634 inveniuntur
2580 2575 2686 2616 non
2720 2560 2989 2615 catholico
3015 2559 3154 2630 ston
3195 2565 3438 2624 exarata,

1856 2629 1952 2710 sed
1986 2663 2173 2709 contra
2203 2629 2488 2708 veritatem
2532 2651 2842 2721 apostolica
2868 2650 2991 2706 ﬁdei
3021 2629 3254 2706 inaniter
3280 2651 3444 2706 desu-

1855 2745 2001 2801 data.
2028 2743 2127 2800 Cui
2163 2742 2336 2799 labori
2363 2749 2555 2798 vestra:
2594 2742 2767 2811 magis
2808 2741 3025 2811 pietatis
3045 2739 3292 2809 iussione
3321 2736 3445 2798 ani-

1853 2842 2053 2900 matus,
2080 2832 2503 2904 quamproprize
2542 2830 2782 2889 conﬁsus
2818 2831 3028 2901 peritia:
3059 2829 3335 2900 iuvamine
3373 2826 3442 2889 li—

1851 2925 2045 2982 benter
2084 2923 2360 2980 succubui.
2402 2922 2472 2977 Et
2516 2922 2643 2976 licet
2680 2911 2859 2977 nullus
2904 2937 2964 2976 se
2999 2919 3148 2988 iuste
3174 2934 3438 2980 excusare

1851 3017 2030 3073 valeat
2063 3031 2096 3070 a
2133 3013 2444 3071 defensione
2488 3012 2612 3068 ﬁdei
2660 3010 2957 3075 catholica},
3006 3017 3188 3066 tamen
3234 3017 3443 3066 sanctae

1851 3105 2144 3165 voluntatis
2169 3111 2364 3159 vestrae
2382 3108 2716 3177 praeceptum
2742 3114 2876 3155 meae
2903 3098 3205 3153 devotionis
3235 3097 3439 3168 stylum

174 3168 481 3189 νήτη-
514 3168 566 3174 --
592 3168 899 3189 Ἵππη---
942 3168 1018 3178 ..-.
1064 3168 1252 3177 .---...
1293 3168 1462 3190 νη..
1483 3168 1748 3193 Tw--."

168 3204 442 3264 laudabilis
468 3217 529 3265 et
551 3209 787 3267 salubris
809 3220 895 3267 est
921 3213 1206 3269 conversio
1240 3221 1426 3268 vestra
1473 3214 1543 3268 ad
1566 3214 1746 3268 unita-

1857 3196 2011 3265 huius
2036 3194 2217 3265 operis
2265 3168 2581 3249 debitorem
2597 3189 2832 3245 maxime
2857 3185 3060 3251 eﬁ‘ecit,
3088 3186 3234 3256 quod
3265 3193 3438 3240 totum

169 3305 265 3354 tan
288 3300 447 3370 pacis
470 3309 533 3354 et
555 3300 704 3367 ﬁdei,
732 3309 787 3357 et
813 3310 1070 3373 quantam
1113 3303 1323 3359 habetis
1350 3304 1580 3375 gloriam
1601 3305 1744 3375 apud
1846 3295 2041 3343 νθεῑνω
2060 3283 2527 3375 θκεθηθηιίεείῐηφ
2542 3280 2820 3375 φρίέηξῑω
2840 3277 3441 3375 ξρεείθὶίιεξθιδμῖςῑει

357 3400 418 3446 et
461 3365 697 3459 sanctos
723 3365 869 3462 eius!
903 3393 1120 3450 Utinam
1167 3393 1313 3464 legal;
1351 3365 1427 3450 νει
1458 3365 1652 3451 videat.
1693 3396 1750 3452 in
1841 3378 2125 3449 judicium,
2161 3384 2349 3432 utrum
2395 3371 2781 3430 ecclesiasticis
2825 3369 3046 3464 dignum
3080 3368 3171 3464 psit
3212 3365 3437 3422 auribus

170 3490 366 3550 paceet
403 3481 661 3551 proiectu
688 3483 927 3553 parvitas
960 3498 1083 3539 mea
1139 3483 1346 3540 litteras
1391 3485 1743 3543 beatitudinis

173 3583 371 3637 vestrm,
402 3581 467 3628 ut
496 3574 741 3644 gaudens
765 3574 1060 3646 intelligam
1077 3614 1094 3639 ,
1145 3574 1193 3629 si
1216 3574 1419 3644 aliquid
1446 3576 1750 3635 devotionis

172 3676 285 3717 mea:
312 3673 373 3718 et
398 3662 719 3727 cbaritatis,
758 3678 921 3733 quam
970 3663 1145 3719 habeo
1169 3678 1270 3734 pro
1305 3664 1459 3719 vobis
1502 3665 1558 3720 in
1592 3665 1751 3722 Chri-

169 3765 261 3819 sto,
276 3754 619 3826 proﬁcerent
642 3768 850 3826 preces.
881 3754 1253 3810 Humiliamini
1276 3756 1372 3811 sub
1398 3773 1558 3812 manu
1581 3760 1750 3813 omni-

165 3851 373 3915 ;otcntis
400 3849 528 3915 Dei,
553 3858 616 3903 ut
666 3867 757 3905 eos
808 3848 998 3904 eafaltet
1044 3851 1098 3904 in
1128 3859 1357 3921 tempore
1398 3848 1749 3906 tribulationis

165 3938 212 4009 (Ι
236 3938 381 3995 Petr.
412 3959 483 4007 ν,
533 3941 590 4014 6)
620 3956 636 3995 :
667 3950 725 3996 et
752 3942 920 3997 nolite
955 3949 1152 3998 vestrae
1194 3953 1466 3998 amatores
1497 3956 1618 3999 esse
1654 3957 1746 3998 sa-

162 4031 369 4101 pientis
392 4048 525 4087 cum
575 4032 793 4101 paucis,
847 4033 940 4088 sed
978 4032 1225 4088 veritatis
1277 4040 1578 4088 assertores
1628 4033 1747 4089 sitis

161 4136 271 4178 cum
294 4123 571 4194 plurimis.
601 4121 974 4178 Convertimini
1008 4123 1079 4178 ad
1096 4126 1200 4190 me,
1228 4132 1276 4177 et
1307 4136 1401 4194 ego
1429 4131 1660 4177 revertar
1676 4123 1746 4177 ad

160 4232 258 4279 tua,
290 4216 425 4269 dicit
464 4215 724 4272 Dominus
749 4215 936 4289 (Zach.
972 4234 1008 4283 ι,
1037 4216 1116 4290 3).
1170 4217 1360 4274 Divina
1398 4233 1491 4273 vos
1540 4210 1594 4272 in
1625 4216 1746 4288 Spi-

160 4300 258 4363 rilu
281 4307 570 4364 Paracleto
607 4309 905 4381 praeveniat
938 4309 1113 4380 gratia
1146 4307 1215 4363 ad
1243 4306 1645 4378 intelligendam
1689 4316 1746 4363 et

159 4399 553 4468 [medic-audam
596 4400 722 4455 ﬁdei
762 4400 1068 4466 veritatem,
1101 4407 1369 4470 quatenus
1413 4398 1744 4454 immaculati

159 4490 473 4545 etcoronati
498 4497 622 4544 ante
644 4489 881 4545 tribunal
924 4492 1117 4545 summi
1144 4489 1351 4545 Iudicis
1394 4489 1583 4544 audire
1630 4503 1741 4543 me-
1764 4515 1816 4577 υ

160 4580 379 4634 reamini
426 4594 444 4634 :
480 4578 682 4645 Venite,
732 4580 1005 4635 benedicti.
1059 4580 1285 4652 Reliqua
1320 4580 1553 4655 (Matth.
1609 4600 1740 4652 xxv,

160 4669 261 4739 ει).

219 4924 243 4950 ε
263 4909 335 4965 In
377 4927 508 4966 uno.
537 4951 553 4965 .
578 4948 597 4967 .
623 4910 919 4983 adoptionis
961 4910 1131 4983 verba.
1160 4909 1328 4983 Aliter
1369 4909 1625 4983 Alcuinus
1642 4927 1739 4983 po:

158 4990 257 5034 stca
282 4983 513 5037 edoctus
531 4979 737 5047 sensit,
767 4990 1049 5052 postquam
1080 4980 1372 5052 libelluma
1406 4979 1587 5052 Felice
1634 4979 1737 5037 sibi

158 5053 453 5121 Masilam
482 5053 704 5107 evolvit.
733 5050 810 5107 Ita
839 5050 983 5108 enim
1013 5052 1202 5107 scribit
1232 5052 1285 5105 in
1320 5050 1491 5121 Epist.
1527 5053 1616 5116 85,
1667 5052 1735 5106 ad

444 5138 633 5195 regem
661 5140 676 5177 :
715 5142 735 5175 ι
761 5123 943 5195 Nuper
967 5122 1110 5177 venit
1141 5121 1275 5176 mihi
1324 5120 1535 5195 libellus
1561 5137 1593 5176 a
1635 5121 1738 5178 Fe-

156 5192 247 5249 lice
282 5191 817 5273 infelice'directus,
848 5191 1044 5264 cuius,
1087 5201 1307 5273 propter
1343 5191 1734 5273 curiositatem,

152 5278 265 5316 cum
296 5280 505 5346 paucas
534 5265 816 5346 paginulas
840 5263 1169 5346 percucurri,
1194 5263 1371 5316 inveni
1393 5263 1603 5346 pejores
1626 5263 1737 5344 ba:-

152 5333 436 5415 res'cs;.v_el
492 5333 667 5404 magis
713 5333 1094 5404 blasphemias,
1142 5347 1305 5403 quam
1356 5339 1482 5386 ante
1525 5333 1579 5387 in
1617 5333 1734 5402 eius

149 5405 760 5555 “fﬂicegzp'isniuim
807 5474 1115 5598 accepimus
1139 5489 1169 5528 a
1196 5472 1434 5535 Baluzio,
1464 5472 1553 5541 qui
1582 5472 1732 5528 illam

149 5558 356 5598 lamus
398 5548 453 5598 in
484 5548 658 5598 lucem
687 5546 909 5598 nrotulit
967 5544 1159 5598 lisccll.
1190 5551 1318 5598 lom.
1344 5543 1432 5598 Ν.
1460 5560 1581 5598 una.
1608 5542 1732 5598 415-

149 5547 356 5612 Ρὶωῑιε
397 5548 453 5603 in
484 5548 658 5605 lucem
726 5546 909 5601 rotulit
939 5542 1159 5600 Miscell.
1190 5551 1318 5599 tom.
1344 5543 1432 5610 1V,
1460 5560 1581 5615 pag.
1608 5542 1734 5599 415-

151 5615 259 5675 415.
292 5634 367 5674 ex
391 5619 512 5674 cod.
544 5635 648 5675 ms.
676 5564 822 5674 £953
851 5616 978 5670 bibl.
1007 5613 1343 5670 Colbcrtinzu.

207 5658 367 5769 ξ’ἱῖ
392 5658 829 5769 multis};
860 5687 959 5769 Ex"
983 5685 1247 5769 hoc'loco
1290 5684 1567 5769 discimus,
1604 5685 1735 5769 13:3-

154 5758 335 5825 φὼω
360 5755 607 5820 auctores
626 5762 774 5818 Hist.
791 5759 893 5814 litt.
919 5756 1178 5823 Franciw,
1196 5762 1323 5812 tum.
1350 5755 1435 5821 ιν,
1460 5770 1580 5825 pag.
1605 5756 1663 5811 5i
1683 5757 1728 5821 l,

1848 3470 2076 3542 aperire.
2104 3468 2240 3523 Nam
2280 3468 2445 3524 istum
2472 3465 2715 3522 libellum
2745 3464 2801 3520 in
2834 3460 3201 3532 disputatione
3230 3470 3279 3525 ε,
3311 3472 3435 3530 qua;

1849 3564 1903 3621 in
1931 3570 2110 3623 vestra
2135 3561 2303 3633 788
2320 3558 2625 3615 veneranda
2648 3555 2937 3628 praesentia
2965 3569 3088 3611 cum
3108 3551 3288 3610 Felice
3304 3564 3437 3608 ven-

1847 3656 2004 3711 tilata
2027 3662 2135 3719 est,
2153 3658 2475 3724 praesentem
2497 3649 2683 3706 habui.
2708 3647 2816 3705 Sed
2836 3647 2961 3717 quia
2984 3660 3085 3701 nec
3108 3644 3287 3700 adhuc
3306 3652 3436 3700 ante

1846 3754 2085 3803 vestrum
2110 3742 2383 3814 perlectus
2406 3740 2435 3783 ἀ
2467 3748 2552 3797 est
2584 3739 2924 3811 sapientiam,
2954 3752 3055 3792 nec
3093 3750 3126 3789 a
3150 3733 3434 3798 vobis,cui

1845 3838 2081 3895 maxime
2119 3833 2350 3899 sudavit,
2392 3833 2791 3902 comprobatus,
2823 3836 3001 3882 ratum
3043 3825 3171 3881 duxi
3200 3822 3430 3893 publicis

1845 3945 1953 3986 non
1978 3927 2155 3984 eﬂ‘erri
2180 3925 2420 3980 auribus.
2451 3922 2607 3977 Nunc
2628 3935 2761 3975 vero
2782 3925 2963 3973 vestra
2990 3916 3170 3970 videat
3196 3911 3430 3967 auctori-

1847 4028 1930 4074 tas
1958 4017 2088 4088 quid
2115 4016 2181 4071 de
2210 4029 2277 4071 eo
2300 4013 2416 4068 ﬁeri
2448 4010 2593 4066 velit.
2623 4010 2856 4064 Tantum
2884 4007 3144 4075 deprecor
3163 4010 3223 4057 ut
3252 4001 3428 4056 nulla-

1845 4122 2000 4166 tenus
2016 4109 2168 4180 prius
2186 4106 2271 4161 vel
2294 4104 2579 4175 obiiciatur
2600 4099 2683 4155 vel
2713 4099 2769 4153 in
2797 4096 3069 4167 publicum
3097 4092 3427 4164 proferatur,

1844 4217 2003 4274 quam
2031 4208 2175 4256 totus
2202 4199 2345 4254 inter
2367 4193 2662 4250 familiares
2680 4203 2942 4263 personas
2966 4194 3162 4242 vestrae
3186 4184 3428 4241 auctori-

1844 4295 1971 4349 tatis
1997 4290 2233 4348 examini
2265 4287 2588 4360 perlegatur.
2618 4281 2800 4339 Multis
2835 4281 2983 4337 enim
3010 4279 3064 4333 in
3088 4276 3222 4334 locis
3246 4275 3430 4336 minus

1842 4384 2089 4441 ordinata
2113 4380 2477 4451 disputatione
2498 4390 2741 4442 currere,
2769 4380 2827 4430 et
2863 4384 3006 4442 saepe
3024 4376 3150 4424 ante
3176 4366 3317 4425 dicta
3341 4379 3429 4420 re-

1840 4482 2047 4547 petere,
2078 4471 2391 4541 solutasque
2436 4468 2652 4524 videtur
2696 4466 2893 4521 iterare
2944 4460 3267 4523 sententias;
3297 4455 3427 4547 quia

1841 4546 1895 4621 in
1939 4564 2088 4620 omni
2124 4562 2246 4618 loco
2269 4558 2634 4632 proponendis
2687 4553 3076 4625 quaestionibus
3115 4546 3433 4604 necessario.

1838 4656 2269 4730 respondendum
2317 4652 2438 4717 fuit,
2483 4667 2551 4707 ne
2589 4649 2769 4719 aliquo
2814 4642 3156 4702 adversarius
3198 4639 3255 4693 in
3301 4636 3432 4693 loco

1837 4762 1967 4805 suas
1998 4747 2173 4815 iactet
2204 4742 2600 4815 propositiones
2630 4749 2954 4805 permanere
2989 4732 3337 4795 iudiscussas,
3366 4737 3427 4785 ct

1843 4942 1862 4975 ι
1897 4920 2045 4991 quod
2085 4918 2213 4974 alibi
2243 4932 2351 4991 non
2375 4914 2604 4991 legimus
2646 4911 2813 4991 libros
2840 4925 2914 4991 vn
2952 4917 3146 4991 contra
3182 4905 3417 4991 Felicem

1841 4972 2127 5046 articlmnc
2147 4972 2270 5043 cum
2292 4972 2388 5061 illo
2409 4972 2821 5054 disputationem
2844 4980 3008 5036 fuisse
3036 4978 3233 5061 ﬁnitos.
3265 4972 3416 5061 Unde

1840 5061 2061 5117 eosdem
2114 5057 2431 5131 convenisse
2459 5050 2704 5124 oportet;
2737 5062 3023 5125 postquam
3048 5050 3141 5131 ille
3172 5050 3233 5131 in
3262 5050 3412 5131 prio:

1843 5115 1957 5187 rem
1984 5115 2228 5187 errorem
2254 5115 2621 5200 relapsus'est,
2645 5115 2701 5178 et
2723 5115 3012 5200 antequam
3034 5119 3291 5175 Alcuinus
3315 5115 3415 5200 hos

1841 5185 2009 5259 libros
2037 5185 2323 5269 vulgasset.
2360 5185 2388 5250 ι’
2410 5185 2847 5269 Alcuinumcum
2870 5185 3056 5269 Felice
3093 5203 3275 5267 curam
3314 5185 3415 5239 Ca-

1842 5254 1972 5327 F61};
1982 5254 2173 5342 Magno
2199 5269 2501 5342 disputasse
2514 5265 2717 5342 Δῐιιιιιίιῄ
2741 5256 3186 5342 reperimus,_t}i§i
3281 5269 3420 5342 iega-

1845 5325 1968 5397 cilio
2015 5325 2434 5411 Aquisgraneusi
2482 5335 2626 5411 circa
2673 5325 2835 5411 ﬁnem
2883 5326 3164 5411 anni
3208 5325 3413 5411 linitur).

1740 5454 1759 5469 .
1835 5392 2453 5482 Igitur—ﬁnitouprimum
2493 5407 2597 5463 hoc
2627 5402 2879 5482 concilio,
2905 5413 3000 5453 eos
3027 5392 3420 5482 libr‘o‘anarolo

1838 5466 2143 5554 probandos
2169 5466 2335 5554 misit,
2357 5485 2413 5531 et
2439 5492 2581 5533 anno
2611 5476 2828 5554 demum
2848 5466 3236 5554 sequenti‘soo,
3263 5472 3417 5538 ροδι.

1836 5538 2015 5625 quam
2029 5553 2121 5625 diu
2149 5550 2248 5606 sub
2271 5538 2501 5625 censura
2530 5545 2808 5625 sudarunt,
2843 5538 3131 5625 evulgavit.

1905 5607 2257 5676 diPerleclus.
2299 5617 2415 5685 Qua
2447 5617 2513 5672 de
2555 5632 2609 5671 rc
2644 5616 2841 5670 iterum
2888 5607 2997 5682 agi't
3027 5611 3185 5682 epist.
3222 5607 3321 5663 100
3362 5614 3415 5660 ct

1840 5692 1961 5746 101.
