3906 6186
387 366 490 421 127

385 491 485 546 ego
511 474 664 544 quasi
709 473 883 530 victus
923 487 1029 528 non
1077 474 1332 529 haberem
1379 471 1507 541 quid
1555 469 1952 541 responderem.
1988 473 2034 531 Α

386 569 554 640 Igitur
575 565 803 636 plurima
831 567 1068 636 copioso,
1109 565 1202 620 sed
1229 580 1333 619 non
1360 562 1680 618 scholastice
1709 576 1958 617 sermone

387 667 697 712 sanctorum
720 657 938 711 Patrum
963 656 1204 726 exempla
1244 655 1498 726 prtefatus
1520 653 1823 722 disputator
1847 651 1957 707 col-

387 747 553 816 ligere
598 746 818 810 studuit,
855 761 1084 816 quorum
1129 745 1374 814 quaedam
1420 743 1632 798 sibimet
1675 742 1774 812 ipsi
1802 742 1958 798 valde

391 834 662 890 adversari
691 837 967 901 videntur;
997 836 1240 905 quaedam
1279 833 1411 888 nihil
1437 833 1549 888 suis
1577 832 1756 888 favere
1797 833 1959 902 parti-

388 925 490 979 bus
517 925 917 996 intelliguntur;
950 923 1192 993 quaedam
1217 937 1384 992 pravo
1404 937 1584 986 sensu,
1616 921 1774 975 aliter
1795 936 1954 989 quam

389 1016 457 1070 ab
479 1017 558 1070 eis
579 1016 752 1084 posita
781 1022 926 1078 sunt,
955 1014 1309 1082 interpretare
1335 1012 1547 1067 nititur.
1588 1011 1655 1064 Et
1679 1011 1763 1064 his
1787 1010 1958 1065 tribus

383 1105 564 1159 modis
611 1105 996 1158 sententiarum
1044 1103 1188 1156 illius
1232 1101 1590 1156 numerositas
1631 1101 1953 1155 contexitur.

383 1192 482 1247 Cui
506 1207 693 1246 revera
720 1192 885 1246 multo
919 1191 1106 1246 melius
1131 1200 1276 1246 esset
1310 1199 1570 1260 perpetuo
1597 1190 1957 1246 conticescam

383 1284 619 1349 silentio,
651 1299 812 1353 quam
835 1283 987 1338 mala:
1011 1283 1290 1353 pravitatis
1315 1282 1557 1336 doctrina
1587 1297 1780 1336 nomen
1801 1296 1954 1336 suum

383 1375 542 1429 latius
584 1375 941 1440 innotescere,
967 1383 1022 1429 et
1056 1390 1164 1430 non
1190 1373 1513 1429 necessariis
1555 1389 1613 1429 se
1653 1375 1958 1428 immiscere

381 1467 784 1535 quaestionibus.
809 1466 951 1533 Quid
979 1467 1123 1520 enim
1150 1466 1372 1535 prodest
1397 1465 1649 1520 Ecclesia:
1675 1464 1772 1519 Dei
1794 1463 1957 1519 Chri-

380 1563 524 1608 stum
572 1555 842 1623 appellare
877 1554 1181 1625 adoptivum
1219 1554 1407 1620 ﬁlium,
1455 1555 1538 1608 vel
1564 1554 1730 1608 Deum
1753 1569 1958 1608 nuncu-

381 1641 654 1710 pativum?
685 1642 780 1698 Vel
808 1658 927 1712 quae
956 1657 1115 1696 aures
1140 1642 1401 1698 catholica
1432 1642 1536 1697 ﬁde
1577 1643 1801 1697 erudita:
1841 1643 1956 1699 haec

379 1731 597 1785 nomina
625 1731 854 1786 libenter
887 1731 1072 1787 audire
1109 1732 1386 1802 patiuntur
1411 1733 1478 1787 de
1501 1733 1724 1788 Domino
1767 1742 1955 1790 nostro

379 1818 508 1876 Jesu
531 1819 749 1876 Christo
789 1823 1154 1891 omnipotente
1174 1824 1283 1877 Deo
1313 1829 1369 1876 et
1402 1835 1531 1877 vero
1552 1822 1688 1876 Filio
1713 1822 1830 1888 Dei,
1861 1825 1951 1893 qui
1984 1822 2030 1882 Β

378 1919 464 1966 est
509 1915 668 1967 tertia
699 1926 724 1953 ι
753 1915 807 1967 in
861 1923 1046 1968 sancta
1097 1915 1358 1969 Trinitate
1397 1930 1652 1985 persona,
1699 1925 1754 1970 et
1786 1916 1948 1986 judex

378 2012 636 2060 venturus
682 2006 924 2060 vivorum
971 2015 1026 2062 et
1071 2007 1442 2061 mortuorum?
1495 2006 1665 2062 Unam
1721 2023 1953 2078 namque

379 2099 737 2152 substantiam
760 2100 1113 2168 prmdicamus
1133 2101 1186 2154 in
1210 2100 1390 2166 Patre,
1413 2110 1467 2156 et
1486 2101 1642 2167 Filio,
1671 2110 1726 2157 et
1747 2102 1952 2172 Spiritu

377 2193 586 2253 sancto,
615 2196 670 2242 et
717 2197 827 2243 tres
853 2204 1128 2257 personas.
1163 2189 1336 2245 Unam
1366 2207 1494 2246 vero
1517 2207 1803 2261 personam
1835 2207 1951 2248 cre-

377 2280 572 2346 dimus,
606 2290 660 2336 et
699 2281 832 2337 duas
872 2283 1201 2339 substantias
1242 2284 1296 2338 in
1344 2283 1560 2339 Christo
1589 2286 1698 2341 Deo
1726 2287 1952 2342 Domino

379 2379 584 2436 nostro,
628 2375 984 2444 eumdemque
1026 2383 1191 2430 totum
1233 2377 1399 2431 Deum
1438 2379 1859 2448 omnipotentem
1899 2389 1955 2436 et

347 2503 356 2512 .
378 2459 475 2515 Dei
500 2460 692 2514 Filium
716 2479 902 2517 verum
923 2471 978 2518 et
1003 2465 1297 2535 proprium.
1327 2465 1641 2536 Quicunque
1665 2483 1792 2523 vero
1814 2470 1954 2525 hanc

1235 363 1298 418 Β.
1338 363 1400 417 F.
1437 361 1662 417 ALBINI
1699 360 1830 416 SEU
1871 356 2142 415 ALCUINI
2179 355 2476 439 OI'ERUlll
2499 356 2676 414 PARS
2714 359 2798 415 lll.

3525 367 3630 426 128

2617 471 2646 511 δ
2677 469 3076 528 ΡιίΑῐΡΑΤΙΟ

2231 579 2300 634 ΙΝ
2337 579 2581 636 LIBROS
2608 581 2696 637 VII
2724 581 3092 640 ADVERSUS
3129 585 3444 644 FELICEM.

2513 689 2581 727 AD
2619 687 2867 730 CAROLUI
2904 690 3143 730 IAGNUI.

2125 759 2233 814 llos
2273 760 2508 830 quinque
2534 775 2702 830 panes
2737 770 2792 816 et
2816 763 2950 817 duos
2985 763 3273 832 pisciculos
3301 778 3324 806 ο
3356 767 3517 822 simul
3544 782 3631 824 se-

2054 851 2300 920 ptenario
2335 867 2558 907 numero
2611 861 2976 918 consecratos,
3027 855 3094 909 de
3147 857 3455 925 apostolica:
3503 859 3630 920 ﬁdei

2051 956 2182 1011 pera
2212 941 2446 1012 prolatos
2474 952 2667 998 vestrae
2683 945 3036 999 sanctissimae
3048 948 3358 1003 auctoritati
3380 948 3588 1007 direxid
3616 995 3633 1016 ,

2055 1032 2268 1087 domine
2314 1033 2387 1087 mi
2435 1033 2620 1097 David,
2661 1044 2721 1089 ut
2757 1035 2850 1089 Dei
2877 1034 3080 1096 Christi
3101 1038 3474 1097 benedictione
3494 1040 3637 1098 mill-

2053 1121 2299 1190 tiplicati,
2323 1136 2421 1192 per
2449 1137 2546 1178 vos
2568 1124 2827 1179 esurienti
2855 1124 3050 1196 populo
3077 1134 3134 1182 et
3169 1129 3224 1182 in
3245 1129 3470 1186 desertis
3493 1129 3628 1188 locis

2054 1213 2319 1267 habitanti
2363 1214 2431 1268 ad
2468 1214 2772 1268 satietatem
2822 1215 3087 1274 catholice
3131 1219 3522 1277 ministrentur.
3566 1221 3624 1278 In

2055 1302 2158 1357 hoc
2186 1317 2416 1373 namque
2441 1305 2700 1373 opusculo
2743 1307 3022 1363 catholica:
3072 1307 3196 1363 ﬁdei
3239 1311 3519 1365 veritatem
3557 1327 3628 1368 ex

2055 1404 2365 1450 sanctorum
2407 1394 2627 1451 Patrum
2668 1397 2835 1469 789
2857 1400 3177 1455 certissimis
3211 1402 3442 1470 probare
3470 1404 3628 1459 testi-

2055 1485 2251 1538 moniis
2285 1486 2436 1540 nisus
2475 1503 2615 1553 sum,
2663 1487 2719 1543 id
2754 1496 2858 1553 est,
2899 1489 3042 1545 beati
3091 1489 3423 1563 Hieronymi,
3466 1499 3632 1563 atque

2056 1577 2228 1631 sancti
2274 1575 2592 1646 Augustini,
2639 1577 2886 1650 Gregorii
2934 1597 3088 1652 papze
3133 1583 3392 1650 Romani,
3437 1583 3628 1640 Hilarii

2055 1666 2408 1722 Pictaviensis
2440 1667 2699 1738 episcopi,
2744 1669 2938 1725 Leonis
2962 1687 3175 1742 quoque
3207 1688 3382 1743 papae,
3409 1683 3465 1730 et
3496 1675 3629 1730 Ful-

2056 1758 2220 1828 gentii
2246 1759 2505 1828 episcopi,
2540 1757 2811 1815 Ambrosii
2842 1776 3056 1832 quoque
3082 1761 3492 1820 Mediolanensis
3517 1767 3630 1836 epi-

2055 1848 2235 1916 scopi;
2261 1847 2356 1902 sed
2377 1857 2431 1902 et
2451 1847 2729 1905 fortissimi
2750 1859 2934 1905 contra
2955 1851 3257 1907 Nestorium
3283 1853 3466 1909 militis
3483 1855 3629 1912 beati

2053 1936 2266 2006 Cyrilli;
2296 1937 2438 1992 Petri
2480 1939 2646 1994 etiam
2693 1939 3060 1997 Ravennensis
3107 1943 3365 2014 episcopi,
3395 1952 3451 1999 et
3485 1945 3630 2002 beati

2052 2025 2208 2082 Beda:
2239 2029 2576 2098 presbyteri,
2621 2027 2974 2098 Gregoriique
3010 2029 3364 2098 Nazianzeni;
3397 2048 3498 2089 nec
3523 2049 3631 2090 non

2051 2124 2107 2171 et
2130 2116 2318 2172 Isidori
2347 2118 2713 2190 Hispaniensis
2741 2128 2797 2175 et
2819 2119 3043 2178 Iuvenci
3071 2121 3312 2193 ejusdem
3338 2125 3631 2194 provinciae

2052 2206 2377 2262 scholastici.
2417 2207 2476 2263 Si
2504 2224 2634 2280 ergo
2672 2225 2758 2266 me
2785 2211 2906 2280 quis
2938 2212 3334 2282 reprehendere
3365 2213 3513 2280 velit,
3543 2216 3631 2271 vel

2053 2313 2203 2353 meos
2231 2314 2424 2355 sensus
2451 2301 2697 2370 improbo
2724 2300 2882 2356 dente
2912 2303 3128 2368 rodere,
3157 2303 3351 2358 horum
3387 2305 3635 2360 testimo-

2052 2389 2159 2444 niis
2178 2399 2488 2446 sanctorum
2504 2391 2722 2446 Patrum
2743 2393 3020 2446 convictus
3039 2393 3255 2446 veritati
3277 2395 3636 2451 succumbere

2052 2495 2274 2537 necesse
2302 2483 2435 2547 erit;
2463 2497 2562 2538 nec
2589 2498 2772 2538 errare
2797 2484 3063 2553 putandus
3091 2493 3204 2550 est,
3231 2485 3321 2554 qui
3350 2501 3473 2540 cum
3505 2485 3638 2540 tali-

380 2549 540 2605 ﬁdem
576 2567 674 2646 nec
691 2553 862 2646 corde
899 2554 1221 2646 creditum:
1261 2569 1354 2610 ore
1383 2557 1693 2642 conﬁtetur,
1724 2559 1953 2614 nullate-
2052 2569 2153 2624 bus
2186 2571 2326 2625 intra
2366 2572 2646 2628 catholicae
2693 2549 2818 2628 ﬁdei
2861 2581 3043 2628 castra
3078 2549 3340 2629 moratur.
3381 2572 3640 2646 Origenis

375 2655 480 2738 nus
529 2642 824 2697 catholicus
889 2642 1186 2738 credendus
1239 2655 1350 2712 est,
1403 2647 1496 2702 sed
1554 2649 1949 2708 schismaticus.
2052 2677 2263 2732 quoque
2283 2664 2530 2733 quadam
2568 2666 2652 2721 vel
2674 2667 2916 2723 Cassiani
2941 2667 3184 2738 exempla
3207 2668 3387 2738 posui,
3423 2642 3552 2724 licvet
3577 2670 3635 2726 in

376 2728 568 2784 Vestra
598 2747 746 2825 vero
774 2741 959 2825 sancta
1005 2734 1250 2791 voluntas
1300 2746 1459 2807 atque
1499 2756 1530 2793 a
1568 2741 1676 2796 Deo
1703 2742 1952 2801 ordinata
2051 2728 2370 2819 quibusdam
2391 2751 2525 2808 locis
2546 2751 2950 2825 Scripturarum
2971 2728 3189 2810 suarum
3266 2728 3640 2813 ﬁde'orbitare

377 2830 617 2920 potestas
644 2823 1171 2920 catholicam-atque
1185 2829 1534 2920 apostolicam
1566 2831 1725 2888 ﬁdem
1755 2835 1955 2904 ubique
2051 2842 2363 2910 videantur;
2392 2852 2572 2900 tamen
2612 2823 2683 2901 ea
2723 2848 2898 2917 posui,
2959 2848 3014 2902 in
3067 2849 3263 2918 quibus
3300 2849 3638 2920 pnescriptis

378 2909 686 3010 defendat‘;_
716 2927 778 2968 ac
826 2914 991 2969 veluti
1039 2917 1205 2973 armis
1251 2918 1537 2989 imperium
1587 2924 1952 2981 Christianum
2053 2934 2361 2990 doctoribus
2406 2909 2768 2992 consentanea
2813 2909 3013 2993 dirisse
3041 2909 3368 3009 probantur,
3401 2909 3636 3010 sequ-ens

376 2997 590 3053 fortiter
617 3000 845 3099 dilatare
872 3004 1102 3070 laborat,
1132 3007 1206 3062 ita
1235 3016 1291 3064 et
1313 3011 1619 3079 apostolicae
1653 3013 1776 3070 ﬁdei
1812 3017 1955 3071 veri-
2053 3023 2294 3094 exempla
2321 3025 2621 3080 beatissimi
2658 3027 2894 3083 doctoris
2943 2997 3278 3099 Hieronymi,
3327 2997 3418 3097 qui
3461 2997 3634 3084 multa

376 3099 542 3187 tatem
581 3093 890 3187 defendere,
921 3095 1116 3154 docere
1148 3108 1203 3156 et
1246 3118 1542 3174 propagare
1569 3108 1796 3174 studeat,
1836 3109 1951 3180 ipso
1977 3160 2022 3187 η
2051 3128 2119 3167 ex
2149 3093 2382 3184 0rigene
2413 3116 2720 3171 testimonia
2765 3117 2878 3171 suis
2923 3093 3163 3172 inserere
3199 3093 3474 3187 opusculis
3501 3133 3636 3174 con-

374 3186 664 3242 auxiliante
692 3187 747 3242 in
771 3186 922 3257 cujus
951 3199 1218 3261 potestate
1239 3203 1364 3249 sunt
1387 3198 1567 3252 omnia
1596 3214 1760 3270 regna
1782 3160 1950 3257 terrra—
1976 3160 2022 3224 c
2052 3160 2706 3275 suevitfcastemrumque
2731 3222 2838 3261 non
2865 3207 3146 3262 abhorruit
3169 3160 3446 3263 (10;:on
3481 3208 3633 3264 dicta

375 3293 513 3343 rum,
561 3290 825 3348 quatenus
873 3296 996 3335 cum
1044 3283 1320 3354 multiplici
1365 3285 1563 3343 laboris
1601 3291 1848 3346 mercede
1881 3293 1950 3347 ad
2051 3307 2351 3360 assumere,
2381 3295 2507 3350 licet
2534 3296 2588 3350 in
2617 3297 2939 3365 quibusdam
2965 3307 3215 3353 notentur
3245 3313 3432 3355 errare
3455 3299 3637 3354 sensi-

374 3372 616 3440 perpetui
652 3373 802 3441 regni
834 3373 1217 3428 beatitudinem
1242 3379 1524 3446 pervenire
1546 3382 1824 3437 merearis.
2047 3386 2168 3441 bus.
2195 3385 2330 3440 Nam
2369 3395 2426 3442 et
2448 3389 2637 3443 beatus
2663 3388 2862 3444 Paulus
2898 3405 2995 3445 vas
3030 3390 3313 3452 electionis,
3339 3399 3395 3447 et
3434 3391 3637 3446 doctor

445 3459 794 3532 Omnipotens
821 3463 962 3518 Deus
987 3465 1056 3519 ad
1095 3466 1474 3522 exaltationem
1503 3479 1558 3524 et
1580 3469 1946 3529 defensionem
2047 3478 2284 3548 gentium
2339 3480 2582 3548 quaedam
2636 3481 2942 3535 testimonia
2991 3482 3057 3536 de
3105 3497 3432 3553 paganorum
3477 3482 3639 3539 libris

374 3559 574 3605 sanctae
603 3566 713 3606 sua:
742 3553 994 3609 Ecclesiae
1017 3563 1072 3610 et
1105 3558 1173 3612 ad
1195 3557 1489 3628 Christiani
1515 3561 1728 3631 Imperii
1757 3580 1943 3634 pacem
2049 3569 2293 3639 prolerre
2340 3573 2619 3640 probatur,
2669 3582 2846 3628 ratum
2901 3581 3090 3644 putans
3119 3591 3312 3631 aurum
3337 3591 3367 3630 e
3391 3585 3642 3634 stercore

373 3649 430 3695 et
473 3642 770 3712 profectum
808 3654 1042 3725 vestram
1089 3649 1284 3720 regalis
1317 3651 1499 3722 gloriae
1531 3657 1825 3724 potentiam
1852 3656 1950 3713 au-
2052 3661 2256 3725 tulisse,
2310 3660 2654 3734 lavatumque
2702 3642 2995 3724 Dominicis
3042 3669 3286 3726 intulisse
3340 3669 3635 3728 thesauris.

373 3743 830 3830 gere,.protegere
852 3747 917 3830 et
945 3753 1269 3798 conservare
1301 3753 1502 3800 :eterna
1533 3747 1732 3814 pietate
1761 3749 1948 3820 digne—
2051 3752 2215 3821 Cujus
2238 3757 2482 3826 exempla
2510 3767 2798 3829 sequentes
2817 3776 2953 3830 pene
2974 3776 3162 3818 omnes
3187 3765 3356 3820 sancti
3381 3763 3641 3822 doctores

374 3833 480 3893 tur,
510 3824 725 3882 domine
751 3827 1246 3890 desiderantissime
1272 3843 1434 3905 atque
1462 3834 1790 3894 beatissime.

439 4087 470 4116 ι
505 4073 747 4154 Tertia...
771 4094 1013 4154 persona.
1039 4079 1153 4154 Non
1173 4083 1382 4147 ordine,
1407 4083 1502 4138 sed
1521 4099 1766 4147 numero,
1789 4086 1943 4154 quasi

375 4161 479 4200 una
520 4160 587 4200 ex
617 4147 816 4210 tribus;
849 4149 1038 4203 ordine
1064 4152 1207 4206 enim
1241 4154 1397 4207 tertia
1427 4154 1483 4208 in
1527 4154 1705 4210 rigore
1734 4147 1935 4210 theolo-

374 4216 494 4285 gico
529 4214 786 4293 dicendus
811 4225 894 4272 est
923 4217 1154 4288 Spiritus
1179 4233 1398 4278 sanctus
1424 4225 1513 4293 qui
1540 4214 1756 4280 a'Patre
1784 4225 1947 4280 Filio-

375 4300 482 4354 quc
509 4287 768 4352 procedit.

377 4355 660 4495 ei:
674 4371 914 4480 ﬂgoque
944 4359 1314 4427 praefationem
1357 4362 1615 4420 debemus
1638 4364 1881 4431 Baluaio.
1905 4366 1946 4421 l.

2051 3842 2116 3896 de
2133 3843 2570 3914 philosophorum
2595 3849 2675 3902 vel
2695 3858 2974 3918 poetarum
2995 3853 3271 3922 gentilium
3291 3853 3443 3910 libris
3461 3855 3639 3912 multa

2051 3933 2162 3988 suis
2183 3933 2460 3991 inseruere
2495 3939 2785 4008 opusculis.
2815 3940 3066 4012 Explicit.

2087 4094 2405 4186 heuhllgdit
2423 4097 2778 4186 adﬂqu‘inque
2828 4115 2994 4182 panes
3021 4101 3364 4186 hordeaceosu
3391 4114 3448 4160 et
3495 4106 3640 4164 duos

2047 4165 2646 4256 piseeiliyﬁingeliij'S.
2690 4165 2913 4256 Joannis
2961 4186 3080 4240 cap.
3130 4187 3206 4238 vr,
3255 4175 3454 4256 quibus
3500 4191 3638 4234 suos

2049 4242 2253 4302 septem
2291 4234 2456 4290 libros
2491 4237 2749 4294 adversus
2775 4239 3008 4296 Felicem
3029 4234 3333 4312 comparat.

2053 4373 2100 4392 ,Δ
2111 4302 2155 4392 fi
2185 4304 2387 4392 Direfi.
2417 4306 2520 4392 Per
2534 4307 2958 4392 Candidum,_t1ti
2980 4312 3055 4366 ait
3078 4313 3132 4366 in
3156 4313 3312 4382 epist.
3343 4314 3412 4370 ad
3435 4314 3628 4383 ﬁliam,

2050 4375 2212 4439 intra,
2237 4375 2294 4430 in
2320 4377 2428 4432 ﬁne
2456 4377 2616 4447 hujus
2645 4381 2910 4450 opusculi.

392 4551 3578 4596 ——.—————_____________________________.

1699 4657 1936 4718 LIBER
1977 4659 2292 4722 PRIMUS.

443 4836 486 4892 I.
527 4835 728 4906 Scripsi
754 4840 1033 4908 epistolam
1063 4841 1272 4910 pridem
1303 4840 1465 4896 Felici
1494 4841 1743 4912 episcopo
1769 4841 1948 4897 cbari—
1974 4847 2022 4903 ο
2049 4845 2189 4900 serie
2230 4844 2499 4915 prolixum
2551 4845 2707 4902 nobis
2759 4845 2992 4917 dirigere
3039 4849 3244 4904 studuit

378 4930 503 4986 tatis
533 4927 761 4992 calamo,
790 4944 894 4984 non
925 4933 1282 4987 contentionis
1310 4931 1545 4998 stimulo,
1573 4932 1824 4988 fraternze
1861 4947 1947 4989 sa-

375 5021 499 5077 lutis
523 5019 810 5086 desiderio,
835 5037 940 5075 non
988 5024 1255 5079 mordacis
1301 5025 1735 5094 reprehensionis
1772 5024 1944 5096 style;

377 5113 594 5181 cupiens
621 5125 744 5166 eum
765 5112 1035 5182 corrigere
1063 5112 1116 5166 in
1142 5113 1341 5170 Christi
1367 5115 1671 5180 dilectione,
1703 5131 1862 5184 quem
1892 5117 1946 5170 in

376 5201 652 5270 cujusdam
694 5203 926 5258 nominis
954 5203 1190 5258 novitate
1218 5204 1284 5258 de
1331 5203 1546 5260 Christo
1575 5220 1638 5260 ac
1670 5206 1949 5262 catholica:

376 5291 524 5358 pacis
549 5293 752 5349 unitate
775 5294 1026 5350 recedere
1052 5301 1240 5348 notum
1273 5294 1520 5349 habetur.
1550 5296 1654 5351 Sed
1679 5306 1739 5351 ut
1782 5313 1948 5367 agno-

375 5396 488 5448 sco,
519 5397 624 5436 non
643 5399 710 5438 eo
727 5387 1008 5442 charitatis
1030 5384 1224 5452 oﬁicio,
1250 5387 1332 5441 vel
1354 5386 1672 5444 humilitatis
1692 5389 1949 5458 obsequio

377 5487 510 5529 mere
552 5474 813 5532 litterulas
848 5480 1136 5552 diligentia:
1177 5482 1400 5551 recepit,
1446 5496 1552 5551 quo
1581 5497 1666 5536 me
1687 5483 1942 5545 scribere,

376 5561 468 5629 qui
499 5577 676 5618 meam
721 5568 936 5633 pietatis
981 5570 1176 5626 intuitu
1213 5571 1403 5643 legerit
1437 5572 1736 5642 epistolam,
1784 5588 1943 5643 agno-

377 5668 530 5709 scere
556 5656 772 5724 poterit.
794 5656 925 5713 Nam
948 5661 1085 5716 idem
1109 5663 1362 5732 praefatus
1381 5664 1528 5719 Felix
1559 5682 1683 5721 mox
1707 5666 1944 5722 libellum

379 5759 482 5800 non
513 5744 784 5817 cpistolari
813 5747 1075 5806 brevitate
1116 5754 1468 5822 succinctum,
1500 5755 1593 5811 sed
1635 5772 1942 5812 sermonum

3298 4868 3311 4905 :
3363 4867 3418 4906 in
3471 4866 3636 4921 cujus

2051 4936 2316 5006 principio
2345 4936 2410 4990 de
2447 4934 2784 4992 confessione
2812 4952 2952 4993 verte
2983 4938 3105 4994 ﬁdei
3131 4940 3374 5008 quasdam
3398 4955 3466 4996 ex
3495 4957 3633 4998 san—

2049 5036 2257 5081 ctorum
2291 5027 2511 5085 Patrum
2551 5028 2831 5082 catholicis
2871 5029 3117 5084 sensibus
3146 5030 3215 5085 ab
3246 5031 3436 5086 eodem
3485 5031 3634 5088 bene

2048 5118 2257 5186 prolata
2283 5118 2552 5186 legebam;
2583 5118 2676 5172 sed
2706 5134 2831 5173 mox
2861 5119 2914 5173 in
2944 5121 3290 5188 sequentibus
3312 5121 3632 5192 multiplici-

2049 5216 2133 5262 ter
2152 5207 2364 5278 pristini
2390 5208 2592 5263 erroris
2609 5209 2962 5264 assertionem
2985 5211 3307 5265 conﬁrmare
3321 5211 3630 5279 nitebatur;

2049 5314 2150 5353 nec
2169 5299 2340 5354 solum
2373 5301 2592 5370 antiqua
2632 5316 2739 5355 non
2785 5301 3083 5368 destruere,
3135 5303 3228 5358 sed
3279 5302 3442 5357 etiam
3483 5317 3634 5360 nova

2051 5391 2299 5459 quaedam
2345 5391 2561 5456 addere,
2614 5392 2798 5462 pejora
2850 5394 3121 5462 prioribus
3168 5407 3453 5464 aggressus
3495 5402 3634 5450 est:

2051 5484 2191 5538 sicut
2213 5484 2356 5538 enim
2381 5482 2575 5538 fabulte
2603 5483 2802 5548 ferunt,
2829 5485 3074 5554 hydram,
3097 5499 3201 5538 una
3223 5491 3368 5541 secta
3393 5485 3633 5553 cervice.

2051 5575 2290 5630 centenis
2333 5574 2624 5644 pullulasse
2660 5575 2953 5644 capitibus;
2985 5576 3062 5629 sic
3096 5590 3162 5629 ex
3192 5591 3302 5632 uno
3330 5577 3636 5646 serpentini

2051 5665 2243 5734 capitis
2267 5679 2454 5720 errore
2479 5665 2752 5735 multiplex
2773 5681 2950 5735 prava:
2980 5665 3236 5720 doctrina:
3261 5680 3413 5736 seges
3442 5666 3634 5723 inhor-

2053 5755 2177 5810 ruit.
2213 5751 2322 5811 Nec
2357 5754 2455 5810 sibi
2492 5753 2788 5810 suﬁiciebat
2815 5755 3184 5812 tantummodo
3211 5755 3509 5823 Christum,
3534 5758 3634 5829 qui
