3906 6186
221 273 320 330 H9

972 271 1387 330 DOGMATICA.
1418 304 1489 315 —-
1523 275 1682 330 ADV.
1723 274 2017 332 FELICEM
2057 275 2238 332 LIBRI
2276 277 2382 335 VII.
2423 309 2493 322 —-
2529 279 2657 336 LIB.
2697 284 2738 338 l.

3364 289 3468 346 130

215 393 274 448 de
299 387 526 460 Virgine
567 396 728 444 natus
763 393 869 452 est,
899 403 1097 460 negare
1139 389 1417 460 proprium
1445 401 1566 444 esse
1598 387 1794 444 Filium
1817 391 1871 451 Α
1900 393 2031 453 tum,
2059 388 2479 459 nuncupativum
2505 389 2673 445 Deum
2701 390 2966 448 affirmat?
2989 393 3140 461 Quod
3163 397 3254 467 qui
3275 400 3470 468 praedi-

215 483 324 547 Dei,
355 481 452 537 sed
479 481 646 536 etiam
679 480 825 535 hunc
867 481 1112 536 eumdem
1143 495 1262 535 .non
1301 480 1570 535 consentit
1604 495 1792 535 verum

212 585 331 628 esse
360 569 571 634 Deum;
597 568 692 624 sed
716 582 858 622 novo
889 576 945 622 et
981 568 1224 623 inaudito
1261 578 1460 624 saucue
1487 569 1582 624 Dei
1608 569 1794 624 Eccle-

211 663 298 718 sia
325 661 550 717 nomine
579 661 988 726 nuncupativum
1009 659 1176 740 Deum
1197 661 1479 715 nominare
1514 661 1665 715 illum
1685 675 1790 716 non

212 755 381 816 timet,
407 749 662 806 dividens
687 749 962 804 Christum
986 750 1041 803 in
1066 750 1202 804 duos
1230 750 1391 816 ﬁlios,
1411 767 1573 804 unum
1604 767 1792 804 vocans

212 841 503 912 proprium,
533 839 758 894 alterum
780 838 1079 908 adoptivum
1107 847 1194 892 :et
1217 840 1270 892 in
1300 839 1430 892 duos
1454 837 1599 903 deos,
1628 855 1790 892 unum

213 949 378 989 rerum
399 931 601 995 Deam,
630 929 857 983 alterum
888 929 1294 999 nuncupativum
1314 929 1502 983 Deum.
1527 929 1704 998 Atque
1723 929 1791 983 ad

212 1022 679 1081 conﬁrmationem
717 1021 878 1091 hujus
916 1021 1119 1076 erroris
1156 1020 1324 1076 multa
1369 1021 1582 1092 collegit
1623 1037 1792 1092 pravo

213 1131 364 1173 senm
393 1112 733 1176 testimonia,
760 1126 882 1180 quae
901 1110 970 1164 ad
992 1126 1135 1166 verae
1156 1110 1280 1166 ﬁdei
1311 1113 1656 1180 agnitionem,
1671 1112 1792 1182 Spi-

212 1209 306 1263 ritu
332 1213 531 1261 sancto
570 1204 830 1266 dictante,
860 1217 891 1256 a
921 1202 1230 1258 doctoribus
1266 1201 1401 1258 Novi
1449 1203 1533 1258 vel
1581 1204 1791 1260 Veteris

213 1296 546 1356 Testamenti
562 1294 772 1365 prolata
794 1301 943 1348 sunt.

269 1387 331 1441 ll.
375 1385 629 1456 Speravi,
655 1383 816 1452 juxta
849 1385 1171 1440 sententiam
1207 1386 1590 1456 sapientissimi
1636 1388 1790 1445 Salo-

209 1481 399 1544 monis,
424 1479 560 1534 dare
587 1477 636 1532 ei
655 1476 996 1532 occasionem
1021 1477 1298 1547 sapientiae
1319 1493 1418 1548 per
1438 1480 1645 1536 litteras
1666 1497 1790 1551 pre-

208 1569 470 1634 catorias;
495 1568 590 1638 qui
611 1567 690 1620 ait
720 1581 736 1620 :
767 1567 845 1621 Da
871 1568 1212 1622 occasionem
1240 1569 1467 1638 sapienti
1493 1578 1549 1625 et
1575 1573 1789 1641 sapien-

210 1664 307 1717 tior
350 1663 460 1716 erit
509 1660 702 1732 (Prov.
741 1675 828 1725 ix,
867 1659 954 1730 9).
986 1659 1149 1724 Item,
1191 1668 1314 1730 post
1357 1666 1528 1732 pauc'a
1566 1663 1785 1734 :Argue
1821 1737 1860 1755 ﬂ

204 1754 506 1824 sapientem
534 1760 590 1807 et
639 1751 935 1822 sapientior
964 1752 1068 1805 erit
1107 1769 1120 1805 :
1153 1752 1248 1806 sed
1287 1761 1347 1806 ut
1374 1769 1586 1820 vereor,
1614 1757 1786 1827 magis
1821 1737 1861 1794 Β

204 1842 360 1912 hujus
384 1841 662 1898 sententia:
679 1842 961 1909 sequentia
981 1840 1122 1894 illius
1136 1842 1318 1896 sensui
1336 1843 1510 1912 aptari
1528 1854 1782 1914 possunt:

203 1933 377 2004 Argue
404 1931 652 2002 (inquit)
697 1930 941 1995 stultum,
972 1938 1026 1985 et
1067 1931 1241 1986 oderit
1283 1939 1354 1986 te.
1396 1932 1528 1988 lllud
1572 1950 1785 2005 quoque

204 2039 298 2079 non
327 2022 536 2092 injuste
561 2023 630 2077 de
664 2021 756 2075 tali
800 2031 1188 2091 praesumptore
1221 2022 1323 2077 dici
1361 2032 1541 2093 potest
1571 2042 1583 2078 :
1613 2025 1785 2097 Magis

203 2117 398 2187 expedit
425 2131 569 2170 ursa:
594 2115 756 2185 captis
793 2114 982 2168 catulis
1003 2131 1294 2182 occurrere,
1313 2132 1471 2187 quam
1495 2117 1642 2188 fatuo
1663 2135 1787 2172 con-

205 2208 380 2274 ﬁdenti
401 2207 464 2260 in
488 2205 714 2259 stultitia
738 2221 833 2258 sua
851 2202 1032 2275 (Prov.
1049 2220 1184 2270 xvn,
1211 2205 1320 2277 12).
1347 2206 1510 2276 790
1530 2207 1598 2262 Et
1621 2208 1780 2262 item:

204 2297 256 2352 Si
278 2297 600 2352 contuderis
642 2295 852 2350 stultum
879 2297 934 2349 in
961 2295 1093 2364 pila,
1119 2296 1272 2367 quasi
1306 2297 1541 2366 ptisanas
1570 2297 1786 2366 feriente

204 2387 422 2457 desuper
443 2386 580 2458 pila,
606 2402 708 2440 non
727 2386 996 2455 auferetur
1015 2385 1190 2440 abillo
1217 2385 1437 2440 stultitia
1465 2388 1579 2457 ejus
1602 2386 1780 2461 (Prov.

208 2494 363 2543 xxvu,
387 2479 506 2545 22).
541 2477 780 2534 Stultitia
801 2493 995 2549 magna
1017 2487 1100 2534 est
1121 2479 1394 2535 hominem
1417 2479 1469 2533 in
1491 2494 1588 2534 sua
1617 2480 1784 2536 solius

207 2569 463 2625 conlidere
488 2570 794 2635 sententia,
820 2577 876 2625 et
898 2578 1207 2624 sanctorum
1244 2569 1469 2624 Patrum
1498 2570 1583 2625 vel
1617 2571 1784 2626 totius

205 2661 445 2717 Ecclesiae
459 2661 760 2716 catholicos
781 2676 1038 2730 spernere
1054 2677 1265 2716 sensus.
1285 2661 1474 2717 Nonne
1485 2663 1600 2718 haec
1615 2662 1784 2718 omni-

203 2753 293 2808 bus
317 2753 590 2809 haereticis
609 2767 777 2808 causa
805 2751 908 2807 fuit
935 2754 1275 2824 perditionis,
1300 2755 1444 2824 quod
1470 2771 1581 2810 sua:
1608 2757 1782 2826 magis

201 2845 488 2900 voluerunt
527 2854 796 2902 amatores
835 2861 956 2901 esse
983 2847 1286 2914 sententiae,
1312 2863 1477 2918 quam
1506 2848 1782 2903 veritatis?

201 2934 312 2989 Hoc
344 2935 524 2990 solum
559 2937 601 2990 si
643 2937 876 3008 sapienti
908 2937 1087 2992 animo
1127 2937 1212 2991 vel
1241 2939 1430 2994 humili
1476 2939 1780 3012 intelligen-

200 3027 272 3079 tia
319 3025 662 3081 considerare
707 3026 985 3092 voluisset,
1009 3027 1293 3097 praefatum
1335 3030 1512 3084 virum
1546 3030 1780 3086 Felicem

200 3117 264 3170 ab
309 3131 496 3172 errore
539 3131 796 3172 revocare
844 3117 1148 3184 debuisset,
1189 3120 1337 3190 quod
1384 3129 1497 3176 tota
1539 3121 1779 3178 Ecclesia

200 3205 389 3262 Christi
415 3207 488 3262 ab
514 3208 670 3263 initio
695 3208 1002 3278 apostolica:
1029 3211 1429 3280 prazdicationis
1456 3213 1560 3269 hoc
1584 3229 1780 3270 nomen

202 3300 497 3370 adoptionis
545 3300 599 3354 in
637 3298 873 3363 Christo,
925 3300 1010 3355 vel
1066 3304 1440 3372 nuncupatim:
1485 3303 1782 3361 divinitatis

204 3404 467 3458 nunquam
494 3389 776 3452 habuerit,
806 3405 1078 3458 nunquam
1099 3391 1428 3460 praedicavit.
1457 3391 1586 3460 Quae
1608 3395 1783 3450 nomi-

204 3493 265 3531 na
291 3493 386 3533 nec
415 3482 475 3532 in
522 3477 852 3548 Evangeliis,
887 3493 986 3532 nec
1030 3479 1083 3532 in
1113 3481 1474 3548 apostolorum
1503 3483 1778 3553 Epistolis,

209 3569 303 3624 imo
345 3585 448 3625 nec
495 3570 553 3624 in
601 3570 934 3641 prOpheticis
979 3571 1142 3626 totius
1187 3573 1396 3629 Veteris
1449 3575 1782 3634 Testamenti

209 3661 409 3730 scriptis
430 3660 638 3715 alicubi
669 3661 1046 3727 inveniuntur;
1075 3663 1170 3716 sed
1191 3678 1294 3718 nec
1318 3665 1372 3719 in
1399 3665 1625 3736 alicujus
1658 3684 1784 3724 san-

210 3762 403 3807 ctorum
428 3751 660 3806 Patrum
683 3761 740 3807 et
766 3752 1045 3807 doctorum
1085 3755 1571 3813 ecclesiasticarum
1607 3759 1780 3827 libris,

212 3859 300 3900 nec
326 3847 376 3900 in
418 3845 672 3916 symbolo
716 3846 1032 3914 apostolico,
1062 3848 1147 3903 vel
1187 3848 1389 3905 Nicaeui
1434 3852 1667 3920 concilii,
1698 3852 1784 3908 vel

212 3939 360 3991 etiam
385 3937 440 3993 in
466 3935 700 4005 alicujus
729 3937 919 4007 synodi
953 3937 1338 4005 aﬁirmatione,
1370 3949 1467 3995 aut
1501 3941 1556 3996 in
1602 3942 1782 4012 aliqua

207 4031 478 4086 catholica:
509 4029 635 4085 ﬁdei
672 4029 1011 4085 auctoritate.
1063 4030 1130 4086 Et
1175 4032 1374 4086 mirum
1417 4041 1500 4087 est
1551 4048 1648 4088 cur
1676 4049 1784 4089 non

209 4122 425 4177 timeant
452 4120 593 4175 tales
617 4120 865 4176 doctores
894 4136 1030 4176 nova
1055 4119 1276 4186 inferre,
1306 4130 1362 4176 et
1391 4121 1663 4193 incognita
1688 4139 1786 4178 an-

205 4215 368 4284 tiquis
412 4213 782 4282 temporibus,
832 4213 960 4267 dum
1011 4213 1259 4283 egregius
1303 4213 1493 4269 doctor
1543 4216 1783 4284 gentium

203 4318 401 4360 omnes
437 4303 696 4358 novitates
735 4318 946 4365 vocum,
990 4311 1045 4358 et
1085 4306 1329 4360 inventas
1364 4307 1578 4362 noviter
1610 4314 1788 4362 sectas

1893 485 1982 531 cat
2007 477 2144 532 sciat
2170 492 2230 532 se
2265 478 2568 534 certissime
2604 481 2902 549 apostolico
2928 484 3259 539 anathemati
3287 488 3470 556 subja-

1893 582 2036 623 cere.
2053 567 2308 637 Quisquis
2327 569 2486 639 hujus
2505 570 2810 638 apostolica:
2830 573 3166 629 auctoritatis
3183 588 3470 630 censuram

1891 673 2000 713 non
2049 658 2266 723 metuit,
2311 674 2417 713 non
2465 660 2770 725 dormiens,
2813 664 2910 716 sed
2959 662 3179 717 omnino
3225 673 3470 722 mortuus

1889 747 2243 802 aestimandus
2265 756 2364 802 est.
2397 748 2598 804 Tamen
2621 751 2712 820 qui
2734 753 3149 820 quatriduanum
3170 756 3384 809 vocavit
3403 757 3472 811 de

1890 847 2239 893 monumento
2264 839 2333 892 ad
2358 839 2544 903 vitam,
2579 850 2771 909 potens
2799 849 2883 896 est
2904 843 3167 898 suscitare
3193 852 3248 898 et
3281 844 3464 911 illum;

1890 928 2006 999 ipse
2033 930 2178 985 enim
2213 932 2289 986 ait
2319 951 2332 986 :
2363 931 2466 998 Qui
2506 935 2670 988 credit
2713 937 2768 988 in
2812 953 2924 1000 me,
2952 939 3108 991 etiam
3145 939 3190 992 si
3231 950 3469 994 mortuus

1890 1017 2072 1088 fuerit,
2097 1022 2222 1075 vivet
2245 1036 2262 1073 :
2289 1032 2337 1076 et
2364 1024 2530 1077 omnis
2555 1025 2644 1093 qui
2670 1027 2812 1090 vivit,
2844 1036 2891 1078 et
2937 1027 3098 1080 credit
3122 1029 3178 1082 in
3216 1045 3316 1094 me,
3362 1046 3468 1084 non

1889 1111 2141 1163 morietur
2166 1112 2220 1164 in
2241 1121 2489 1166 aeternum
2517 1113 2707 1184 (Joan.
2736 1131 2812 1180 x1,
2839 1115 2927 1179 25,
2958 1115 3078 1186 26).
3107 1117 3236 1184 Quis
3267 1126 3351 1173 est
3374 1119 3468 1187 qui

1890 1199 2042 1264 vivit,
2068 1201 2174 1255 nisi
2194 1201 2284 1256 ille
2306 1203 2373 1258 de
2401 1219 2508 1274 quo
2530 1204 2818 1274 Apostolus
2845 1207 2942 1272 ait,
2970 1206 3072 1274 Qui
3094 1209 3227 1264 vivit
3255 1211 3308 1264 in
3337 1209 3465 1277 ﬁde,

1887 1289 2060 1346 Filius
2080 1292 2176 1346 Dei
2206 1294 2328 1348 est?

1957 1429 2043 1484 Ill.
2073 1430 2188 1486 Duo
2215 1440 2340 1486 sunt
2361 1432 2557 1503 quippe
2578 1448 2698 1502 quae
2723 1432 2776 1488 in
2803 1448 2988 1490 errore
3019 1435 3298 1492 hominum
3326 1437 3463 1492 ditii-

1888 1517 2086 1574 cillime
2137 1520 2462 1585 tolerantur,
2509 1522 2857 1592 praesumptio
2908 1523 3224 1593 priusquam
3264 1528 3466 1580 veritas

1887 1620 2105 1680 pateat:
2139 1621 2195 1666 et
2236 1629 2358 1668 cum
2395 1614 2506 1684 jam
2549 1616 2809 1683 patuerit,
2842 1626 3178 1685 praesumpta:
3225 1620 3464 1677 defensio

2190 1703 2268 1757 Ex
2309 1703 2393 1758 his
2422 1705 2629 1758 duobus
2661 1706 2893 1760 cmnosis
2927 1705 3117 1760 rivulis
3141 1709 3318 1764 omnis
3351 1711 3463 1764 hae-

1888 1790 2175 1844 reticorum
2203 1791 2441 1861 pravitas
2467 1795 2742 1848 emanavit
2774 1812 2785 1848 :
2817 1793 2862 1847 A
2893 1795 3086 1863 quibus
3112 1796 3256 1852 vitiis
3301 1800 3464 1855 nimis

1887 1881 2120 1936 inimicis
2146 1883 2440 1939 inventioni
2481 1887 2748 1952 veritatis,
2775 1896 2829 1942 et
2863 1889 3140 1946 catholicae
3164 1890 3287 1946 ﬁdei
3314 1893 3466 1948 inda-

1884 1972 2108 2040 gationi,
2133 1975 2246 2028 sive
2270 1975 2686 2032 considerationi
2708 1986 3014 2034 sanctarum
3039 1979 3462 2052 Scripturarum,

1885 2061 1930 2115 si
1954 2077 2061 2127 me,
2089 2071 2149 2116 ut
2170 2079 2363 2133 precor
2385 2072 2440 2119 et
2464 2080 2642 2136 spero,
2670 2067 2809 2122 Deus
2834 2067 3130 2124 defenderit
3156 2080 3315 2140 atque
3345 2088 3464 2126 mu-

1883 2150 2047 2205 nierit
2079 2161 2231 2207 scuto
2257 2154 2413 2209 bonae
2450 2155 2742 2212 voluntatis
2786 2173 2914 2234 suae,
2944 2168 2997 2214 et
3028 2160 3201 2232 gratia
3249 2163 3464 2218 miseri-

1883 2242 2081 2296 cordize
2109 2259 2217 2297 suae
2242 2243 2592 2312 adjuvaverit,
2623 2264 2728 2302 non
2755 2264 2850 2305 ero
2873 2251 3052 2322 segnis
3074 2267 3195 2306 cum
3221 2269 3466 2322 quaeren-

1884 2334 2028 2388 tibus
2059 2349 2300 2404 quaerere
2346 2337 2587 2392 veritatis
2633 2338 2980 2407 soliditatem,
3029 2351 3086 2397 et
3129 2359 3250 2398 cum
3281 2343 3466 2398 defen-

1883 2425 2134 2480 dentibus
2163 2425 2451 2484 defendere
2485 2429 2763 2486 catholicae
2791 2432 2916 2487 ﬁdei
2961 2434 3322 2490 sanctitatem.
3356 2434 3468 2491 Nec

1881 2517 2123 2586 trepidus
2168 2532 2263 2573 ero
2307 2519 2373 2574 ad
2417 2520 2796 2590 proferendam
2831 2526 3150 2579 sententiam
3179 2542 3381 2594 meam,
3410 2529 3467 2582 in

1881 2625 1988 2680 qua
2017 2612 2187 2682 magis
2212 2613 2404 2667 amabo
2434 2613 2625 2683 inspici
2646 2631 2676 2669 a
2701 2617 2886 2684 rectis,
2911 2633 3073 2688 quam
3095 2620 3296 2676 timebo
3323 2637 3468 2677 mor-

1882 2703 1995 2758 deri
2024 2719 2054 2758 a
2085 2706 2377 2774 perversis.
2407 2705 2593 2762 Nullus
2618 2709 2761 2764 enim
2790 2713 3146 2782 reprehensor
3169 2711 3469 2772 formidan-

1881 2793 1981 2848 dus
2009 2803 2092 2848 est
2113 2795 2342 2850 amatori
2372 2797 2633 2854 veritatis.
2657 2798 2866 2855 Etenim
2889 2810 2984 2856 aut
3011 2804 3259 2860 inimicus
3284 2821 3470 2876 repre-

1881 2882 2149 2939 hensums
2178 2893 2280 2950 est,
2316 2894 2409 2940 aut
2434 2888 2678 2944 amicus?
2702 2888 2758 2944 Si
2784 2906 2913 2963 ergo
2943 2893 3194 2950 inimicus
3221 2896 3464 2963 insultat,

1880 2971 2136 3029 ferendus
2169 2984 2279 3039 est;
2313 2976 2521 3031 amicus
2551 2987 2728 3033 autem
2767 2981 2813 3035 si
2839 2991 3005 3048 errat,
3054 2985 3325 3041 docendus
3351 2996 3466 3053 est;

1804 3074 1852 3138 ο
1883 3063 1928 3116 si
1953 3063 2112 3119 docet
2134 3080 2252 3134 qua:
2278 3076 2424 3120 recta
2468 3075 2613 3133 sunt,
2647 3069 2965 3126 audiendus.
3007 3072 3295 3129 Gratanter
3320 3076 3468 3130 enim

1885 3157 2112 3227 suscipit
2140 3158 2355 3214 oculum
2396 3160 2760 3217 columbinum
2790 3165 3155 3234 pulcherrima
3193 3177 3247 3224 et
3285 3171 3472 3225 mode-

1883 3248 2120 3303 stissima
2146 3248 2414 3315 Charitas;
2446 3249 2660 3305 dentem
2693 3260 2874 3309 autem
2902 3256 3154 3309 caninum
3182 3257 3266 3312 vel
3300 3258 3472 3314 evitat

1884 3341 2197 3395 cautissima
2215 3341 2494 3398 humilitas
2509 3383 2523 3407 ,
2542 3342 2625 3397 vel
2646 3345 2883 3399 retundit
2898 3345 3223 3402 solidissima
3245 3350 3466 3405 veritas.

1955 3451 2043 3506 IV.
2077 3449 2183 3505 Sed
2209 3459 2418 3522 tempus
2443 3461 2528 3508 est
2552 3462 2613 3508 ut
2641 3454 2992 3512 discutiamus
3016 3471 3298 3513 sermones
3323 3473 3467 3528 pm-

1881 3539 1981 3595 fati
2011 3541 2134 3607 viri,
2157 3551 2214 3596 et
2236 3544 2533 3598 sententias
2559 3553 2757 3600 sancta:
2782 3545 3099 3616 Scriptum,
3125 3564 3263 3617 quas
3283 3549 3353 3603 ad
3380 3549 3465 3603 sui

1883 3648 2076 3689 sensus
2111 3634 2300 3689 nititur
2342 3637 2559 3692 trahere
2606 3638 2995 3705 testimonium,
3045 3640 3203 3697 aliter
3249 3650 3471 3698 sanctos

1885 3724 2131 3779 doctores
2161 3725 2488 3783 intellexisse
2511 3729 2880 3784 ostendamus.
2906 3730 2964 3785 In
2995 3732 3262 3802 principio
3285 3733 3470 3802 itaque

1883 3812 2047 3868 libelli
2071 3814 2154 3868 sui
2177 3815 2440 3870 unitatem
2466 3825 2664 3872 sanctae
2689 3818 2943 3874 Ecclesiae
2967 3821 3169 3890 optime
3188 3823 3470 3891 exposuit;

1884 3903 1979 3958 sed
2003 3904 2210 3957 utinam
2249 3903 2302 3957 in
2326 3907 2780 3973 consequentibus
2801 3909 3045 3962 eamdem
3070 3919 3316 3966 servaret
3342 3926 3473 3966 con-

1885 3997 2122 4050 cordiam
2155 4011 2316 4066 quam
2358 3996 2412 4050 in
2441 3997 2704 4066 principio
2749 3999 2914 4052 tantis
2939 3999 3192 4056 laudibus
3226 4001 3471 4058 exaltare

1884 4089 2104 4144 studuit.
2126 4089 2254 4155 Sed,
2274 4098 2333 4144 ut
2349 4090 2523 4155 video,
2543 4089 2777 4160 gladium
2795 4091 2950 4146 melle
2973 4092 3130 4148 litum
3159 4095 3469 4162 abscondit,

1884 4190 1946 4236 ut
1973 4180 2186 4237 facilius
2225 4181 2455 4251 decipiat
2481 4181 2751 4238 incautius
2782 4182 3024 4255 legentes
3052 4184 3217 4240 libelli
3244 4187 3466 4242 seriem.

1957 4297 2114 4368 791
2147 4298 2284 4352 υίοῖι
2306 4298 2525 4368 itaque:
2560 4316 2581 4350 ι
2613 4297 2896 4358 Credimus
2920 4308 2975 4355 et
2999 4301 3320 4358 conﬁtemur
3345 4319 3473 4358 san-

206 4394 433 4449 omnino
483 4390 698 4446 ﬁrmiter
733 4392 1015 4462 prohibeat
1047 4408 1080 4448 a
1105 4409 1376 4464 quoquam
1405 4395 1671 4452 catholico
1693 4411 1782 4451 re-
1813 4425 1865 4486 D
1885 4397 2030 4446 ctam
2078 4389 2371 4446 Ecclesiam
2413 4391 2759 4459 catholicam,
2792 4401 2908 4449 toto
2953 4394 3008 4449 in
3050 4395 3181 4450 orbe
3219 4394 3472 4452 diﬁ‘usam

209 4485 302 4554 cipi
329 4482 389 4553 (Ι
425 4481 565 4536 Tim.
595 4497 660 4545 η,
685 4483 810 4554 20);
842 4485 898 4538 in
923 4492 1152 4551 tantum,
1198 4495 1259 4541 ut
1299 4488 1463 4543 etiam
1506 4489 1710 4559 angelis
1732 4496 1788 4543 et

209 4576 346 4630 omni
395 4575 607 4630 homini
635 4576 921 4631 anathema
969 4577 1226 4633 indixisse
1274 4594 1380 4633 non
1414 4579 1704 4644 dubitaret,
1739 4579 1786 4634 si

211 4667 358 4720 aliter
401 4666 751 4736 praedicasset
799 4682 961 4736 quam
1014 4669 1082 4724 ab
1128 4668 1219 4724 illo
1261 4671 1612 4740 praedicatum
1642 4677 1790 4726 esset

214 4754 346 4825 (Gal.
377 4773 419 4821 ι,
451 4756 532 4826 8).
560 4755 834 4812 Invenitur
856 4773 986 4813 vero
1006 4759 1062 4812 in
1089 4759 1206 4828 ejus
1230 4761 1608 4828 praedicatione
1637 4759 1790 4815 Chri-

213 4856 370 4912 stum,
401 4848 499 4918 qui
526 4848 751 4904 traditus
781 4857 866 4905 est
889 4864 919 4902 a
945 4850 1056 4905 Deo
1083 4850 1243 4905 Patre
1268 4851 1335 4905 ad
1356 4851 1661 4920 passionem
1688 4865 1789 4920 pro

215 4940 360 4993 nobis
381 4937 568 5009 (Rom.
601 4954 718 5002 vin,
754 4940 869 5013 δε),
891 4942 1166 5011 proprium
1211 4940 1407 4996 Filium
1435 4941 1529 4996 Dei
1569 4940 1696 5005 dici,
1735 4948 1790 4994 et

218 5045 474 5099 nusquam
527 5029 840 5100 adeptivum
869 5049 882 5084 :
912 5039 967 5086 et
1009 5032 1182 5097 illum,
1220 5032 1311 5102 qui
1343 5032 1410 5086 de
1436 5031 1597 5086 Patre
1633 5038 1794 5085 natus

216 5128 310 5184 est,
331 5135 501 5191 super
536 5120 723 5175 omnia
757 5121 924 5175 Deum
961 5121 1303 5177 benedictum
1326 5119 1498 5192 (Rom.
1529 5137 1605 5184 Ix,
1635 5119 1712 5191 5),
1737 5128 1794 5176 et

215 5225 476 5278 nusquam
496 5210 646 5265 inter
668 5209 852 5264 omnia
875 5210 1294 5280 nuncupativum
1318 5211 1508 5264 Deum.
1541 5208 1793 5279 Nunquid

215 5313 311 5354 non
336 5299 497 5354 aliter
533 5299 795 5371 praedicat
837 5315 997 5369 quam
1047 5309 1232 5356 tantus
1262 5301 1558 5371 apostolus,
1581 5299 1794 5355 Christo

214 5392 262 5445 in
305 5407 367 5447 se
405 5392 680 5462 loquente,
720 5392 1050 5461 praedicavit,
1086 5392 1179 5462 qui
1219 5391 1494 5448 Christum
1544 5391 1710 5446 Deum
1739 5397 1796 5446 et

214 5483 503 5549 hominem,
531 5500 696 5555 quem
729 5482 817 5538 ille
844 5481 939 5536 Dei
959 5481 1151 5536 Filium
1170 5482 1446 5551 proprium
1476 5479 1792 5545 nominavit,

214 5574 522 5646 adoptivum
543 5576 747 5630 asserit
773 5591 788 5626 :
814 5572 894 5628 vel
915 5573 1006 5643 qui
1033 5573 1200 5628 Deum
1221 5573 1562 5629 benedictum
1590 5575 1656 5628 de
1675 5572 1798 5643 Spi-

219 5668 318 5722 ritu
342 5677 534 5727 sancto
558 5676 618 5726 et
650 5667 812 5723 beata
836 5663 1009 5722 laris
1033 5665 1252 5738 Virgine
1276 5674 1594 5738 conceptum
1618 5673 1672 5722 et
1695 5680 1793 5722 na-

1885 4498 1986 4553 per
2023 4484 2388 4554 apostolorum
2432 4487 2890 4555 prtedicationem.
2917 4487 2969 4541 in
2997 4486 3214 4542 Christo
3243 4487 3474 4542 Domino

1885 4573 2031 4628 velut
2076 4575 2246 4630 solida
2294 4583 2448 4645 petra
2497 4575 2804 4641 fundatam,
2848 4585 3002 4631 extra
3049 4593 3212 4646 quam
3265 4577 3469 4632 nullum

1887 4664 2094 4719 salvum
2143 4665 2260 4719 ﬁeri
2306 4680 2462 4735 posse
2506 4666 2812 4731 credimus,
2859 4666 3062 4721 nullum
3115 4666 3323 4722 salvum
3364 4669 3475 4724 nisi

1886 4769 2012 4809 eum
2055 4754 2148 4823 qui
2193 4754 2334 4807 intra
2378 4754 2638 4808 terminos
2681 4753 2805 4807 fidei
2847 4754 2984 4824 ejus,
3030 4761 3087 4810 et
3139 4755 3194 4812 in
3239 4769 3472 4812 concor-

1889 4843 1979 4898 dia
2016 4843 2298 4897 charitatis
2341 4857 2510 4912 usque
2558 4844 2613 4896 in
2663 4843 2903 4898 debitum
2945 4844 3106 4901 ﬁnem
3154 4845 3478 4902 inconcusse

1890 4937 2248 5008 permanserit
2288 4955 2301 4991 :
2343 4952 2504 4992 unam
2549 4937 2836 5004 videlicet,
2880 4953 2988 4995 non
3034 4941 3300 5006 divisam;
3343 4941 3477 4996 sim-

1890 5027 2118 5099 plicem,
2171 5041 2279 5082 non
2327 5026 2591 5094 scissam,
2646 5028 2741 5083 sed
2792 5029 2846 5083 in
2891 5031 3202 5096 catholicis,
3259 5045 3367 5084 non
3417 5031 3477 5084 in

1891 5121 2188 5183 haereticis;
2243 5121 2297 5175 in
2343 5119 2589 5175 ﬁdelibus
2636 5121 2902 5176 charitate
2947 5121 3222 5185 connexis,
3266 5136 3373 5176 non
3416 5121 3476 5175 in

1893 5211 2270 5268 schismaticis.
2309 5230 2328 5264 ι
2365 5210 2778 5283 Elegantissime
2817 5213 2962 5268 enim
2988 5212 3314 5283 praecipuam
3341 5227 3475 5267 san-

1893 5312 1995 5359 cta:
2018 5303 2112 5358 Dei
2135 5302 2388 5358 Ecclesiae
2423 5303 2688 5358 unitatem
2730 5311 2844 5359 toto
2881 5304 3016 5357 orbe
3041 5300 3287 5356 diffusam
3323 5317 3478 5358 asse—

1893 5395 1986 5459 rit,
2015 5393 2110 5449 sed
2131 5393 2308 5449 minus
2333 5393 2567 5464 seipsum
2595 5409 2835 5464 suosque
2856 5407 3117 5462 sequaces
3141 5393 3478 5458 considerat,

1895 5488 1988 5558 qui
2021 5487 2073 5542 in
2096 5501 2203 5540 uno
2232 5493 2502 5540 terrarum
2529 5484 2724 5554 angulo
2749 5485 2996 5554 quaedam
3042 5491 3242 5540 sanctae
3288 5483 3475 5540 Eccle-

1895 5576 2009 5639 siae,
2054 5573 2208 5642 cujus
2254 5571 2589 5628 latitudinem
2638 5571 2842 5639 laudat,
2873 5573 3112 5628 inaudita
3160 5574 3377 5628 nomina
3407 5572 3481 5628 de

1895 5665 2111 5723 Christo
2148 5665 2258 5720 Dee
2287 5677 2410 5720 cum
2447 5663 2634 5735 paucis
2681 5663 2794 5720 suis
2837 5664 3159 5738 sequacibus
3202 5669 3474 5720 susurrat.
