3906 6186
383 249 477 304 131

1244 235 1305 290 Β.
1346 235 1409 290 F.
1450 232 1672 289 ALBINI
1712 232 1841 287 SEU
1881 227 2155 285 ALCUINI
2191 224 2479 282 OPERUM
2514 220 2694 279 PARS
2730 221 2816 277 Ill.

3530 221 3635 275 133?.

373 357 538 428 Igitur
566 353 610 408 si
643 359 828 408 sancta
857 349 953 404 Dei
977 346 1217 403 Ecclesia
1245 347 1300 401 in
1329 353 1442 400 toto
1466 344 1598 399 orbe
1625 350 1711 397 est
1735 338 1943 403 diffusa,
1975 350 2026 408 Α
2051 338 2331 410 largiente,
2357 351 2463 404 pax
2488 343 2649 404 atque
2676 333 2830 404 quies
2855 332 3050 388 collata
3075 331 3258 395 fuerit,
3282 331 3334 385 in
3361 337 3474 386 toto
3503 328 3636 385 orbe

375 462 506 519 ergo
541 457 882 515 nequaquam
912 443 965 495 in
1011 441 1118 494 illis
1145 448 1259 509 est;
1290 439 1418 507 quia
1461 436 1536 490 illi
1582 449 1689 489 non
1729 439 1856 487 sunt
1896 431 1951 485 in

377 544 491 591 toto
517 533 650 588 orbe
674 547 689 586 :
721 532 768 586 si
793 546 922 586 vero
949 531 1003 584 in
1029 530 1132 584 illis
1151 537 1253 594 est,
1275 529 1437 582 etiam
1462 535 1591 580 tunc
1615 525 1669 579 in
1690 531 1801 578 toto
1821 523 1953 578 orbe

377 641 486 682 non
505 635 612 692 est,
638 625 762 695 quia
805 623 879 678 illi
923 621 1194 677 contraria
1216 620 1312 674 toti
1340 618 1459 673 orbi
1500 616 1708 687 ﬁngunt
1735 615 1954 670 nomina

377 720 446 775 de
465 718 798 774 humanitate
825 714 1026 771 Christi
1055 713 1151 768 Dei
1189 711 1381 774 nostri,
1429 710 1522 780 qui
1550 718 1636 764 est
1657 715 1820 778 caput
1839 708 1956 762 ‘Ec-

377 810 574 865 clesize.
602 808 771 864 Porro
798 821 897 860 nos
925 807 1065 860 intra
1096 802 1354 858 terminos
1370 799 1674 870 apostolicae
1698 798 1957 852 doctrinm

379 910 435 955 ct
455 907 654 955 sancta:
674 899 930 954 Romanae
949 895 1204 950 Ecclesim
1230 892 1457 946 ﬁrmiter
1475 899 1681 945 stamus
1707 907 1719 943 :
1743 887 1957 942 illorum

380 990 813 1062 probatissimam
847 995 1135 1055 sequentes
1173 982 1573 1046 auctoritatem,
1598 987 1652 1034 et
1679 977 1958 1033 sanctissi-

381 1083 484 1136 mis
505 1083 828 1134 inhaarentes
848 1076 1129 1140 doctrinis,
1153 1073 1286 1128 nihil
1307 1072 1429 1126 novi
1457 1069 1772 1134 inferentes,
1794 1068 1961 1122 nulla-

382 1189 486 1241 que
533 1172 873 1246 recipicntes,
907 1169 1009 1224 nisi
1051 1183 1172 1237 quae
1208 1168 1263 1221 in
1309 1166 1524 1220 illorum
1558 1163 1838 1219 catholicis
1880 1163 1960 1217 in-

381 1263 671 1317 veniuntur
698 1261 934 1330 scriptis.
967 1259 1035 1312 Et
1057 1258 1177 1328 quis
1205 1256 1506 1310 censendus
1542 1263 1627 1309 est
1652 1254 1959 1317 haereticus,

383 1369 452 1408 an
479 1353 566 1406 ille
591 1352 680 1422 qui
709 1336 1026 1406 sanctorum
1049 1349 1269 1403 Palmm
1312 1356 1368 1402 et
1409 1347 1574 1401 totius
1619 1344 1870 1400 Ecclesiae
1895 1343 1963 1398 ab

383 1444 538 1500 initio
561 1443 829 1498 nascentis
857 1440 983 1496 ﬁdei
1022 1439 1317 1495 catholicos
1345 1438 1587 1508 sequitur
1613 1451 1823 1501 sensus,
1870 1443 1964 1489 aut

383 1539 472 1594 ille
498 1539 588 1608 qui
619 1539 672 1591 in
703 1537 890 1591 ultimo
921 1543 1161 1604 tempore
1199 1532 1382 1587 mundi
1424 1547 1561 1585 nova
1590 1530 1834 1600 quaedam
1869 1543 1966 1583 no-

383 1628 552 1690 mina,
582 1625 822 1683 inaudita
849 1623 1043 1693 priscis
1070 1621 1424 1692 temporibus,
1459 1619 1608 1690 ﬁngit
1655 1619 1722 1673 de
1763 1616 1962 1672 Christi

2055 439 2344 492 terrarum,
2371 427 2580 481 cunctis
2610 427 2664 480 in
2693 425 2914 479 urbibus
2943 440 3038 480 seu
3080 424 3214 479 locis
3255 423 3516 487 ﬁdelium,
3539 438 3636 492 per

2053 519 2314 573 unitatem
2344 516 2488 580 ﬁdei,
2511 530 2608 584 per
2635 513 2976 569 concordiam
3001 513 3307 578 charitatis,
3334 512 3462 582 quia
3489 512 3640 567 ἀθεεὶ

2053 611 2147 681 qui
2176 616 2374 673 tentet;
2407 616 2462 662 et
2489 608 2563 660 ita
2591 612 2815 675 apparet
2842 613 2902 658 ut
2929 604 3154 658 nimium
3183 618 3362 658 erecus
3390 610 3448 658 et
3474 615 3640 657 manu

2054 703 2278 773 palpans
2308 700 2600 768 judicetur,
2638 698 2728 767 qui
2764 712 2884 751 eam
2928 696 3130 767 ubique
3167 703 3487 765 praesentem
3529 707 3638 747 non

2055 793 2246 848 cernit.
2276 812 2294 845 ι
2324 792 2542 846 Dicitis:
2592 791 2718 860 quia
2755 789 2893 842 deest
2932 788 3022 858 qui
3070 795 3248 840 tentet.
3281 787 3467 841 Videte
3508 799 3642 856 ergo

2056 901 2188 957 rogo
2234 883 2607 954 vosmetipsos,
2661 896 2730 936 ne
2774 879 2917 935 forte
2965 880 3083 934 sitis
3134 886 3432 933 tentatores
3474 878 3646 944 illius,

2056 976 2365 1032 scindentes
2386 974 2621 1028 tunicam
2645 970 2871 1036 Christi,
2899 983 3061 1038 quam
3087 969 3286 1024 milites
3310 969 3364 1022 in
3390 969 3645 1038 passione

2060 1065 2204 1120 illius
2245 1080 2352 1119 non
2393 1064 2510 1118 ausi
2559 1070 2684 1117 sunt
2729 1061 2990 1116 dividere.
3027 1061 3095 1114 Et
3141 1061 3282 1115 bene
3315 1059 3476 1129 792
3513 1058 3649 1113 sub—

2053 1157 2307 1228 junxistis
2333 1173 2346 1208 :
2383 1175 2402 1207 ς
2435 1163 2496 1209 ut
2523 1153 2748 1208 nimium
2781 1168 2958 1208 camus
2985 1161 3040 1207 et
3062 1165 3223 1206 manu
3249 1152 3472 1221 palpans
3495 1150 3649 1220 judi-

2061 1256 2231 1312 cetur,
2265 1246 2358 1316 qui
2383 1260 2505 1299 eam
2548 1243 2745 1312 ubique
2770 1250 3091 1312 praesentem
3123 1257 3232 1297 non
3263 1242 3453 1296 cernit.
3490 1259 3509 1294 ι
3554 1233 3652 1294 Vi-

2062 1338 2222 1392 detur
2256 1337 2402 1390 enim
2438 1351 2471 1388 a
2497 1343 2682 1388 vestra
2717 1334 2958 1388 caecitate
3002 1331 3146 1385 illam
3186 1346 3306 1385 esse
3344 1332 3646 1385 absentem.

2063 1428 2130 1482 Et
2155 1428 2200 1482 si
2221 1427 2419 1496 ubique
2445 1432 2545 1489 est,
2577 1425 2720 1494 agite
2755 1423 3006 1493 precibus
3031 1422 3169 1492 apud
3192 1421 3360 1476 Deum
3382 1429 3438 1475 et
3469 1421 3650 1475 humi-

2065 1521 2216 1576 litate
2240 1517 2378 1588 apud
2403 1517 2672 1580 homines,
2698 1524 2759 1568 ut
2784 1523 2839 1568 et
2862 1514 3134 1569 vobiscum
3163 1511 3276 1578 ﬁat,
3309 1527 3427 1582 quae
3455 1512 3507 1565 in
3533 1520 3650 1567 toto

2064 1610 2284 1674 mundo,
2315 1608 2442 1662 licet
2466 1606 2715 1675 sparsim,
2747 1605 2914 1675 fulget
2938 1613 2992 1660 et
3019 1602 3238 1673 proﬁcit
3262 1621 3275 1657 :
3309 1619 3377 1656 ne
3399 1603 3518 1657 sitis
3548 1618 3646 1658 ex-

386 1719 597 1774 Domini
632 1692 967 1772 humanitate
1001 1714 1086 1769 vel
1127 1714 1404 1770 divinitate
1433 1712 1572 1767 illius
1617 1711 1708 1780 qui
1747 1726 1813 1765 ex
1842 1710 1965 1765 Vir—

2076 1711 2242 1757 lorres
2265 1698 2404 1754 illius
2433 1697 2671 1762 luminis,
2702 1705 2757 1751 et
2785 1696 2945 1750 alieni
2973 1711 3004 1749 a
3031 1694 3277 1749 claritate
3303 1692 3651 1762 plenitudinis

385 1813 508 1882 ginc
536 1819 694 1865 natus
712 1809 828 1863 est?
850 1807 1102 1878 Legimus
1127 1820 1360 1875 namque
1386 1802 1684 1860 Orientales
1711 1801 1964 1873 synodos,

387 1916 507 1969 quae
532 1916 562 1953 a
591 1899 792 1954 sanctis
818 1897 1073 1950 Patribus
1104 1904 1441 1967 congregata:
1465 1901 1607 1958 sunt,
1638 1890 1968 1962 temporibus

388 1990 617 2045 diversis
645 1997 834 2044 contra
863 1987 1043 2042 varios
1087 1985 1511 2051 haeresiarchas;
1556 1991 1610 2038 et
1638 1983 1840 2038 nullam
1888 1982 1968 2036 in-

389 2081 636 2135 venimus
678 2095 905 2148 usquam
960 2078 1144 2132 dicere
1191 2076 1277 2130 vel
1328 2075 1616 2140 alIirmare,
1658 2073 1969 2144 adoptivum

391 2169 582 2234 lilium,
628 2169 715 2224 vel
754 2168 1174 2238 nuncupativum
1203 2166 1372 2222 Deum
1405 2166 1677 2222 Christum
1714 2179 1854 2220 esse.
1885 2163 1971 2218 Si-

390 2258 502 2313 mul
543 2267 600 2312 et
638 2258 1012 2314 Occidentales
1061 2257 1293 2328 synodos
1327 2257 1720 2328 perspeximus,
1768 2271 1869 2310 nec
1915 2257 1971 2310 in

390 2349 495 2404 illis
516 2350 620 2404 tale
650 2351 853 2421 aliquid
881 2351 1184 2405 invenimus
1207 2365 1221 2404 :
1253 2351 1346 2404 sed
1377 2365 1476 2404 nec
1504 2350 1557 2404 in
1579 2350 1757 2420 aliqua
1783 2365 1972 2404 earum

391 2454 509 2508 qua:
541 2441 594 2494 in
627 2440 909 2510 Hispania,
941 2440 1024 2494 vel
1054 2440 1244 2504 Gallia,
1289 2440 1373 2494 vel
1416 2440 1534 2494 istis
1567 2442 1808 2510 partibus
1850 2455 1973 2510 pro-

391 2530 643 2598 mulgatae
680 2538 823 2594 sunt,
862 2529 978 2583 hzec
1015 2530 1252 2594 nomina,
1289 2545 1408 2599 quae
1433 2546 1605 2600 nuper
1628 2545 1762 2584 nova
1802 2539 1972 2586 teme-

392 2621 529 2675 ritas
555 2619 794 2690 protulit,
823 2621 1204 2689 comperimus.
1249 2618 1357 2674 Sed
1403 2619 1599 2690 ubique
1644 2635 1741 2690 per
1785 2635 1974 2676 omnes

393 2711 629 2782 synodos
651 2719 706 2765 et
719 2710 924 2766 libellos
942 2720 1252 2766 sanctorum
1273 2711 1554 2766 doctorum
1577 2726 1790 2782 semper
1807 2727 1973 2766 unum

393 2803 587 2858 Filium
616 2803 708 2857 Dei
729 2804 1003 2872 proprium
1034 2803 1284 2874 legimus,
1312 2811 1366 2856 et
1390 2818 1556 2856 unum
1585 2802 1756 2857 Deum
1786 2817 1972 2856 verum

395 2896 451 2950 in
495 2895 702 2951 duabus
748 2896 958 2950 naturis
1006 2895 1289 2966 prtedicari
1323 2913 1334 2948 :
1367 2903 1423 2950 et
1471 2911 1638 2950 unum
1679 2894 1970 2960 Christum,

395 3002 505 3041 non
553 2986 688 3042 duos
742 2986 1009 3053 christos;
1054 3001 1155 3041 nec
1199 2986 1333 3041 duos
1375 2987 1535 3052 deos,
1569 3001 1734 3040 unum
1759 3001 1970 3051 verum,

393 3080 626 3135 alterum
665 3080 1117 3149 nuncupativum;
1143 3095 1244 3135 nec
1271 3081 1405 3135 duos
1434 3079 1594 3145 ﬁlios,
1639 3095 1804 3134 unum
1849 3095 1974 3151 pro-

393 3173 593 3244 prium,
633 3171 862 3226 alterum
899 3172 1246 3241 adoptivum:
1279 3171 1374 3226 sed
1415 3184 1627 3240 semper
1675 3185 1843 3224 unum
1884 3170 1977 3224 Fi-

392 3265 524 3319 lium
545 3265 821 3334 proprium
843 3263 939 3317 Dei
959 3262 1158 3328 Patris,
1187 3263 1541 3331 eamdemque
1567 3261 1739 3317 Deum
1765 3275 1977 3326 verum,

395 3355 536 3409 sicut
568 3355 622 3407 in
651 3353 996 3422 sequentibus
1033 3352 1356 3422 evangelicis
1397 3351 1482 3406 vel
1528 3351 1837 3422 apostolicis
1885 3351 1982 3406 do—

397 3444 608 3507 ctrinis,
651 3443 762 3498 sive
791 3451 1098 3496 sanctorum
1142 3441 1366 3495 Patrum
1411 3441 1753 3505 testimoniis,
1800 3440 1981 3495 divina

397 3537 691 3606 opitulante
738 3535 932 3606 gratia,
984 3534 1214 3603 probare
1264 3533 1595 3588 curabimus.
1651 3531 1766 3586 Non
1811 3533 1978 3596 enim,

396 3628 563 3682 veluti
586 3641 683 3681 vos
703 3626 902 3690 dicitis,
936 3625 1308 3679 transierimus
1337 3624 1564 3693 lapides,
1588 3623 1643 3678 id
1671 3631 1774 3688 est,
1799 3623 1982 3679 catho-

399 3719 531 3772 licos
572 3731 762 3771 sensus
801 3717 868 3772 de
906 3714 1198 3770 stabilitate
1237 3714 1331 3769 Dei
1368 3714 1646 3780 Ecclesiae,
1685 3713 1779 3770 sed
1832 3713 1980 3768 illum

399 3807 648 3876 eligimus
671 3805 899 3876 lapidem
928 3806 1042 3874 qui,
1073 3805 1333 3874 praacisus
1361 3803 1426 3858 de
1451 3812 1634 3859 monte
1667 3804 1783 3858 sine
1811 3801 1983 3858 mani-

402 3899 522 3961 bus,
546 3895 796 3967 implevit
823 3895 1010 3950 orbem
1040 3902 1348 3949 terrarum:
1385 3909 1548 3963 super
1585 3893 1727 3947 hunc
1752 3890 1983 3946 :ediﬁca-

402 4003 544 4052 mus,
571 3996 625 4042 et
647 3987 960 4057 angularem
984 3985 1233 4056 ponimus
1260 3985 1314 4040 in
1346 3985 1674 4040 sublimitate
1700 3990 1985 4038 structurae

401 4087 601 4134 nostra
632 4096 644 4130 :
674 4093 832 4148 quem
861 4086 1042 4132 vestra
1088 4078 1362 4132 temeritas
1397 4091 1520 4131 cum
1554 4073 1750 4129 Iudaeis
1792 4089 1980 4144 repro-

403 4169 518 4236 bat,
543 4170 796 4239 potestati
827 4170 970 4224 illius
1014 4169 1356 4241 derogantes,
1386 4167 1628 4222 nolentes
1666 4166 1860 4222 cadere
1888 4181 1983 4221 su-

401 4278 500 4334 per
531 4261 702 4326 illum,
732 4269 792 4314 ut
817 4244 1122 4330 confringet
1157 4260 1410 4314 duritiam
1450 4259 1628 4312 cordis
1655 4257 1818 4312 vestri
1847 4275 1859 4310 :
1891 4256 1985 4312 sed

2066 1799 2339 1862 perpetuae
2369 1789 2524 1844 lucis.
2556 1787 2732 1843 Nolite
2779 1776 3057 1857 superbire
3093 1795 3160 1841 et.
3180 1787 3234 1839 in
3262 1786 3449 1855 paucis
3497 1784 3652 1840 vobis

2068 1885 2212 1940 illius
2255 1897 2375 1938 esse
2411 1896 2635 1952 regnum
2681 1889 2893 1951 putare,
2925 1879 2992 1933 de
3029 1893 3138 1948 quo
3180 1877 3384 1932 dictum
3423 1884 3546 1930 est:
3579 1873 3651 1927 Et

2067 1975 2423 2030 dominabitur
2444 1991 2478 2028 a
2501 1974 2637 2027 mari
2659 1987 2822 2043 usque
2843 1971 2911 2025 ad
2938 1985 3098 2033 mare,
3125 1977 3174 2022 et
3195 1987 3227 2022 a
3247 1969 3464 2038 ﬂumine
3489 1981 3654 2036 usque

2069 2066 2139 2120 ad
2187 2066 2434 2120 terminos
2479 2064 2618 2118 orbis
2668 2073 2822 2116 teme
2871 2059 3044 2133 (Psal.
3075 2075 3224 2125 Lxxr,
3271 2059 3349 2130 8).
3397 2058 3464 2112 Et
3490 2056 3658 2127 paulo

2070 2168 2230 2228 post:
2261 2156 2330 2210 Et
2371 2155 2666 2210 adorabunt
2695 2171 2814 2208 eum
2853 2167 3029 2206 omnes
3071 2167 3212 2221 reges
3255 2160 3427 2222 terrm,
3475 2164 3658 2202 omnes

2071 2259 2244 2320 gentes
2273 2250 2492 2304 servient
2521 2250 2569 2303 ei
2597 2247 2769 2320 (Ibid.
2799 2262 2850 2300 v.
2874 2245 2962 2318 7).
2995 2246 3071 2300 De
3099 2260 3164 2299 eo
3191 2244 3492 2302 certissime
3529 2257 3660 2310 pro-

2072 2341 2350 2410 phetatum
2376 2349 2478 2403 est,
2513 2338 2599 2392 cui
2643 2346 2824 2392 vestra
2854 2336 3199 2405 praesumptio
3225 2335 3522 2388 divinitatis
3561 2348 3663 2402 po-

2075 2431 2295 2484 tentiam
2325 2429 2640 2484 subtrahere
2663 2427 2874 2492 nititur,
2901 2426 2968 2481 de
3001 2424 3154 2493 cujus
3196 2422 3372 2477 divina
3411 2421 3664 2475 humani-

2076 2531 2191 2577 tate
2215 2529 2268 2576 et
2299 2522 2531 2575 humana
2554 2519 2834 2575 divinitate
2853 2533 2919 2573 eo
2941 2519 3056 2588 ipso
3083 2517 3315 2572 donante
3341 2514 3395 2568 in
3422 2527 3664 2584 sequen-

2075 2613 2218 2668 tibus
2262 2611 2472 2681 plcnius
2515 2610 2710 2665 dicturi
2735 2624 2940 2665 sumus.

2143 2723 2229 2777 VI.
2249 2722 2410 2777 Juxta
2430 2720 2810 2792 disputationis
2827 2729 2883 2775 et
2899 2719 3066 2775 vestri
3087 2717 3350 2774 sermonis
3377 2717 3660 2785 sequentia

2075 2811 2254 2868 dicitis
2282 2831 2294 2865 :
2335 2831 2353 2863 ‹
2383 2811 2683 2880 Aliquando
2707 2825 2835 2864 vero
2857 2809 3096 2864 Ecclesia
3129 2807 3181 2861 in
3204 2808 3412 2877 exiguis
3435 2815 3540 2870 cst,
3562 2807 3661 2860 sed

2075 2918 2181 2958 non
2211 2904 2265 2957 in
2295 2918 2404 2958 uno
2433 2902 2628 2971 angulo
2663 2911 2931 2956 terrarum
2977 2899 3214 2964 exclusa,
3260 2898 3355 2953 sed
3395 2910 3566 2966 neque
3602 2895 3661 2949 in

2078 3010 2185 3048 una
2219 2994 2516 3064 provincia,
2547 3001 2640 3047 aut
2666 3001 2824 3064 genle
2850 2991 2933 3046 vel
2961 3005 3145 3060 regno,
3187 2990 3280 3046 sed
3309 2999 3420 3043 toto
3449 2988 3501 3041 in
3529 2987 3665 3042 orbe

2080 3092 2350 3139 terrarum
2379 3082 2590 3139 diffusa.
2632 3101 2652 3135 ι
2683 3082 2934 3153 Nunquid
2963 3096 3069 3135 non
3115 3096 3213 3135 vos
3258 3079 3310 3134 in
3338 3095 3443 3134 uno
3469 3077 3668 3148 angulo

2080 3181 2373 3240 terrarum,
2399 3182 2455 3228 et
2480 3173 2533 3228 in
2562 3189 2668 3228 una
2697 3174 2829 3228 estis
2854 3173 3044 3245 gente?
3070 3173 3248 3240 Quare
3279 3188 3384 3227 non
3417 3170 3669 3238 intelligi-

2078 3265 2167 3329 tis,
2190 3263 2342 3333 juxta
2368 3273 2606 3319 vestram
2635 3265 2979 3329 sententiam,
3026 3265 3079 3317 in
3103 3264 3256 3319 vobis
3283 3279 3388 3318 non
3415 3275 3533 3317 esse
3557 3261 3667 3316 Ec-

2078 3356 2302 3412 clesiam
2333 3355 2556 3421 Christi,
2590 3356 2682 3425 qui
2722 3355 2775 3409 in
2827 3371 2937 3411 uno
2977 3356 3170 3427 angulo
3213 3356 3345 3411 estis
3375 3364 3669 3419 terrarum,

2079 3456 2134 3503 et
2157 3462 2262 3502 una
2293 3447 2486 3519 gente?
2514 3445 2621 3500 Aut
2664 3447 2712 3502 si
2763 3447 2816 3500 in
2860 3446 3013 3501 vobis
3039 3455 3142 3510 est,
3175 3445 3553 3515 proferendum
3584 3455 3675 3499 est

2080 3540 2253 3604 vobis,
2285 3541 2339 3593 in
2367 3554 2473 3607 qua
2508 3537 2613 3591 alia
2661 3547 2818 3606 gente
2855 3537 2926 3591 sit
2962 3536 3046 3591 vel
3090 3535 3286 3606 populo
3339 3535 3422 3590 vel
3466 3549 3668 3605 regno;

2083 3630 2164 3684 vel
2187 3629 2276 3698 qui
2307 3629 2416 3683 sint
2447 3628 2540 3698 qui
2566 3628 2842 3683 vobiscum
2885 3627 3223 3683 consentiant
3269 3627 3320 3680 in
3367 3625 3676 3696 adoptionis

2081 3720 2165 3776 vel
2220 3719 2634 3789 nuncupationis
2678 3719 2894 3774 nomine
2941 3716 3010 3772 de
3049 3716 3283 3772 Christo.
3330 3715 3439 3770 Aut
3475 3715 3518 3768 si
3557 3730 3673 3769 non

2081 3812 2308 3884 potestis
2354 3813 2409 3866 in
2439 3820 2552 3867 toto
2593 3813 2724 3866 orbe
2767 3812 2941 3866 socios
2973 3818 3166 3864 vestrae
3213 3809 3493 3864 sementim
3521 3811 3675 3863 inve-

2082 3902 2220 3966 nire,
2251 3900 2560 3971 cognoscite
2583 3915 2679 3955 vos
2705 3909 2886 3954 vestro
2908 3899 3113 3967 judicio
3139 3899 3422 3954 hzcreticos
3449 3917 3460 3953 :
3486 3907 3539 3954 et
3562 3898 3677 3970 pla-

2082 3999 2204 4046 ceat
2245 3990 2400 4045 vobis
2448 3989 2618 4059 magis
2655 4003 2776 4043 cum
2821 3987 3068 4059 plurimis
3091 3987 3309 4054 salvari,
3340 4005 3502 4058 quam
3543 4005 3671 4044 cum

2082 4079 2271 4149 paucis
2312 4079 2510 4149 perire.
2558 4077 2982 4134 Animadvertite
3035 4077 3254 4149 (Iacobo
3293 4079 3539 4147 apostolo
3590 4081 3675 4135 di-

2084 4172 2262 4244 cente)
2308 4173 2450 4228 unde
2487 4181 2679 4227 vestrae
2717 4171 2992 4242 sapientia:
3039 4172 3110 4226 sit
3154 4171 3324 4242 origo.
3357 4171 3448 4225 Ait
3475 4173 3621 4227 enim
3662 4189 3677 4228 :

2087 4260 2240 4326 Quod
2269 4263 2314 4316 si
2346 4261 2515 4315 zelum
2561 4277 2800 4316 amarum
2845 4262 3064 4328 habetis,
3115 4273 3162 4316 et
3210 4264 3563 4318 contentiones
3616 4265 3677 4318 in

402 4354 748 4426 exspectatis,
773 4352 942 4406 donec
969 4351 1128 4406 cadat
1153 4366 1315 4420 super
1343 4365 1434 4404 vos
1460 4351 1510 4403 in
1535 4349 1757 4417 judicio,
1776 4357 1830 4403 et
1849 4365 1980 4405 con-
2009 4378 2059 4436 ι)
2084 4353 2328 4406 cordibus
2356 4353 2560 4419 vestris,
2591 4352 2750 4407 nolite
2787 4352 3003 4423 gloriari
3047 4363 3093 4408 et
3121 4354 3394 4407 mendaces
3434 4371 3542 4408 esse
3576 4356 3678 4408 ad-

406 4454 545 4500 terat
593 4442 874 4498 audaciam
923 4448 1179 4494 vestram.
1239 4439 1462 4494 Dixistis
1511 4439 1758 4492 veritatis
1805 4451 1980 4492 voce:

407 4534 629 4589 Necesse
652 4542 726 4588 est
753 4541 808 4586 ut
836 4528 1088 4585 scandala
1113 4530 1337 4594 veniant,
1360 4536 1415 4583 et
1438 4527 1684 4582 tacuistis
1708 4527 1984 4596 sequentia

406 4624 550 4680 illius
576 4625 853 4681 sententiae
885 4642 897 4677 :
927 4640 1004 4678 va:
1023 4633 1199 4676 tamen
1222 4621 1421 4676 homini
1447 4637 1538 4690 per
1554 4636 1706 4690 quem
1733 4617 1986 4673 scandala

407 4718 612 4772 veniunt
647 4717 861 4787 (ΜαιιΙι.
906 4731 1064 4780 xvnl,
1097 4714 1173 4788 7).
1205 4715 1416 4769 Timeat
1455 4712 1557 4768 sibi
1594 4711 1984 4781 unusquisque,

409 4821 477 4862 ne
503 4821 601 4876 per
628 4821 687 4861 se
711 4807 963 4862 scandala
989 4806 1337 4862 dissensionis
1356 4813 1412 4860 et
1434 4803 1766 4860 schismatici
1786 4801 1990 4856 erroris

405 4899 673 4957 oriantur.
703 4897 760 4951 In
785 4899 963 4966 quiete
990 4909 1046 4952 et
1069 4914 1202 4968 pace
1223 4899 1554 4969 temporibus
1576 4897 1778 4953 nostris
1801 4902 1990 4950 sancta

408 4993 502 5048 Dei
533 4988 905 5061 requiescebat
931 4988 1192 5054 Ecclesia,
1221 4989 1394 5045 donec
1425 5004 1522 5044 vos
1547 5003 1667 5043 eam
1708 4987 1988 5053 turbastis,

407 5094 462 5138 et
485 5085 539 5138 in
559 5083 699 5139 luna:
725 5079 966 5144 modum,
988 5078 1142 5148 juxta
1167 5089 1404 5134 vestram
1431 5079 1774 5144 sententiam,
1806 5079 1994 5135 decre-

409 5190 562 5229 scere
589 5175 734 5228 illam
761 5170 986 5228 fecistis.
1013 5170 1207 5226 Nostra
1227 5185 1354 5225 vero
1383 5171 1712 5226 unanimitas
1732 5179 1993 5239 quantum

410 5264 572 5329 valet,
603 5275 658 5319 et
683 5264 778 5319 Dei
815 5279 914 5319 nos
940 5261 1156 5332 adjuvat
1192 5261 1386 5331 gratia,
1436 5262 1645 5316 laborat
1681 5269 1742 5317 ut
1786 5269 1997 5317 crescat

409 5366 466 5410 et
501 5356 749 5426 proﬁciat
783 5358 850 5410 ad
875 5355 1174 5427 perfectum
1200 5354 1364 5418 diem,
1398 5353 1464 5409 de
1501 5369 1608 5424 qua
1635 5355 1690 5409 in
1725 5355 1996 5424 sequenti-

411 5445 511 5500 bus
554 5444 854 5510 addidistis,
907 5447 1031 5502 dum
1082 5445 1288 5500 lunaris
1334 5443 1664 5514 plenitudine
1697 5444 1997 5516 splendoris

412 5535 866 5604 comparationem
898 5535 1160 5592 fecissetis
1185 5537 1260 5592 ita
1293 5536 1532 5591 dicentes
1557 5553 1572 5590 :

490 5625 549 5682 γ.
586 5643 604 5676 ι
643 5622 842 5680 Sancta
875 5625 1138 5694 Ecclesia,
1174 5628 1219 5684 si
1255 5628 1470 5697 quando
1497 5628 1568 5694 ei,
1599 5627 1778 5684 divina
1823 5626 1996 5696 gratia

2086 4463 2265 4501 versus
2287 4447 2574 4500 veritatem.
2613 4444 2734 4500 Non
2757 4454 2832 4499 est
2856 4446 2958 4498 ista
2997 4446 3256 4516 sapientia
3281 4445 3553 4498 desursum
3582 4445 3678 4498 de-

2086 4536 2357 4601 scendens,
2409 4535 2498 4590 sed
2551 4545 2780 4599 terrena,
2812 4534 3074 4599 animalis,
3118 4533 3399 4587 diabolica.
3453 4531 3550 4586 Ubi
3599 4544 3679 4588 est

2087 4624 2230 4680 zelus
2258 4635 2305 4680 et
2331 4626 2610 4688 contentio,
2635 4624 2722 4697 ibi
2762 4625 3112 4678 inconstantia
3139 4634 3188 4678 et
3218 4641 3367 4679 omne
3397 4641 3522 4694 opus
3552 4641 3681 4695 pra-

2088 4732 2226 4770 vum.
2253 4716 2384 4781 Qua:
2411 4726 2583 4769 autem
2609 4715 2884 4769 desursum
2913 4724 2988 4768 est
3011 4717 3288 4786 sapientia,
3313 4716 3539 4786 primum
3561 4717 3682 4786 qui.

2089 4807 2205 4861 dem
2233 4808 2426 4879 pudica
2454 4816 2549 4873 est,
2583 4807 2769 4861 deinde
2815 4806 3060 4879 paciﬁca,
3103 4807 3355 4871 modesta,
3387 4806 3682 4872 suasibilis,

2089 4898 2236 4953 bonis
2282 4900 2608 4953 consentiens
2655 4897 2794 4970 (Jac.
2847 4914 2930 4962 ni,
2975 4895 3182 4967 14-17).
3216 4895 3488 4952 Videtisne
3532 4898 3688 4964 quod

2089 4997 2269 5044 vestra
2299 4989 2560 5060 sapientia
2588 5003 2696 5043 non
2729 4996 2813 5043 est
2849 4986 3091 5058 paciﬁca,
3136 5002 3243 5040 non
3274 4995 3358 5041 est
3381 4987 3689 5054 suasibilis,

2092 5094 2200 5134 non
2229 5079 2388 5134 bonis
2443 5078 2804 5134 consentiens.
2857 5077 2927 5131 Et
2969 5077 3090 5132 ideo
3131 5077 3350 5131 omnino
3397 5076 3687 5146 intelligite

2091 5186 2213 5226 eam
2242 5187 2273 5226 a
2295 5171 2406 5227 Deo
2435 5187 2542 5227 non
2568 5185 2692 5226 esse
2719 5169 2919 5234 datam,
2953 5168 3048 5224 sed
3074 5167 3306 5238 quadam
3337 5166 3536 5222 astutia
3565 5167 3683 5222 dia-

2093 5264 2280 5320 bolicae
2329 5263 2535 5319 fraudis
2584 5264 2878 5318 inventam.
2931 5261 3125 5317 Dicitis
3178 5275 3279 5316 nos
3321 5274 3512 5314 verum
3571 5275 3683 5315 non

2093 5353 2293 5408 dixisse
2343 5353 2488 5423 quod
2532 5362 2676 5408 totus
2725 5351 2958 5408 mundus
3006 5353 3311 5417 nobiscum,
3343 5350 3396 5406 id
3423 5359 3529 5417 est,
3559 5351 3683 5406 uni-

2093 5442 2320 5498 versalis
2368 5443 2608 5498 Ecclesia
2658 5442 2858 5498 Christi
2907 5443 3228 5507 consentiat,
3276 5441 3379 5496 nisi
3425 5456 3521 5496 vos
3555 5441 3684 5512 soli,

2096 5533 2349 5599 Probata,
2380 5535 2424 5589 si
2455 5534 2701 5604 potestis,
2728 5548 2914 5587 verum
2943 5545 3061 5588 esse
3092 5531 3232 5600 quod
3266 5530 3470 5596 dicitis;
3502 5539 3680 5585 osten-

2099 5627 2208 5683 dite
2253 5627 2408 5684 nobis
2449 5603 2534 5682 vel
2566 5641 2726 5681 unam
2762 5634 2974 5695 gentem
3022 5603 3107 5679 v‘el
3159 5637 3320 5678 unam
3357 5623 3565 5684 urbem,
3595 5621 3678 5676 vd
