3906 6186
232 244 347 300 I33

992 237 1408 294 DOGMATICA.
1448 269 1518 281 —
1556 238 1717 295 ADV.
1760 239 2053 297 FELICEM
2093 240 2272 296 LIBRI
2314 242 2422 297 VII.
2461 275 2528 284 ——-
2560 246 2689 302 LIB.
2726 249 2770 303 Ῑ.

3419 258 3524 315 154

227 363 483 412 sanctam
534 351 840 408 Romanam
889 347 1206 412 Ecclesiam,
1253 364 1375 418 quae
1414 357 1499 405 est
1535 357 1699 420 caput
1733 349 1834 405 Ec-
1862 353 1912 414 Α
1937 353 2304 408 consentimus
2332 371 2345 408 :
2376 355 2468 410 sed
2501 357 2552 410 in
2579 373 2663 423 eo,
2696 360 2741 414 si
2773 375 2958 416 verum
2987 372 3090 428 est,
3113 365 3268 422 valde
3286 381 3379 424 eos
3402 386 3526 429 esse

226 446 550 507 etesiarum,
579 442 665 497 vel
699 440 1349 510 Constantinopolitanam
1394 440 1480 495 vel
1526 441 1834 513 Hierosoly-

226 538 499 593 mitanam
522 534 696 603 ipsius
711 532 922 588 Domini
947 533 1234 601 praesentia
1256 532 1558 588 dedicatam
1575 551 1591 601 ;
1619 542 1713 588 aut
1724 534 1836 588 An-

227 628 569 690 tiochenam,
603 626 659 678 in
706 639 814 693 qua
853 623 1096 694 [Querc.,
1127 625 1182 678 in
1219 624 1408 697 quam]
1451 626 1687 695 primum
1716 641 1835 680 sau-

227 727 382 775 ctum
411 715 852 773 Christianitatis
877 729 1072 770 nomen
1103 730 1222 770 esse
1243 716 1470 786 legitur;
1493 716 1835 771 autAlexan-

229 811 473 871 drinam,
505 808 594 864 vel
627 807 794 862 ullam
820 805 1121 860 Ecclesiam
1161 808 1214 861 in
1243 815 1355 862 tota
1385 807 1557 874 Italia,
1583 808 1668 863 vel
1689 808 1833 863 Ger-

229 900 432 964 mania,
484 898 576 953 vel
620 898 784 952 etiam
837 896 1032 962 Callia,
1078 906 1171 952 aut
1222 898 1532 968 Aquitania,
1584 900 1692 954 imo
1739 908 1834 955 aut

230 989 534 1054 Britannia,
577 1003 699 1059 quae
736 989 890 1044 vobis
934 990 1235 1044 consentiat
1278 989 1336 1044 in
1375 989 1476 1044 hac
1518 998 1697 1044 vestra
1745 1006 1831 1045 as.

228 1084 491 1146 sartione,
524 1090 588 1135 ut
630 1095 821 1136 verum
847 1081 1106 1150 probetis,
1137 1081 1348 1151 aliquos
1377 1097 1474 1138 vos
1513 1083 1714 1138 habere
1743 1099 1832 1138 so-

228 1173 338 1228 cios
363 1171 659 1228 sententia:
686 1178 883 1225 vestrm
909 1189 922 1224 :
963 1181 1018 1225 et
1044 1172 1090 1226 si
1111 1187 1218 1226 non
1246 1173 1472 1241 potestis
1498 1173 1600 1228 hoc
1629 1173 1824 1239 facere,

229 1263 432 1316 credite
453 1276 556 1315 vos
583 1269 786 1316 sanctae
814 1260 910 1315 Dei
937 1261 1189 1316 Ecclesia:
1217 1263 1488 1316 contraria
1519 1265 1742 1329 sentire,
1775 1273 1830 1320 et

230 1361 416 1407 cavete
441 1353 600 1406 vobis
633 1352 946 1423 apostolicae
967 1353 1306 1408 auctoritatis
1341 1353 1600 1425 gladium,
1629 1365 1686 1411 et
1705 1373 1829 1412 san-

229 1456 328 1502 ctae
363 1447 696 1503 universalis
737 1448 994 1504 Ecclesia:
1041 1449 1330 1504 anathema
1373 1449 1684 1516 formidate,
1724 1452 1826 1506 nisi

227 1540 516 1611 corrigatis
543 1540 871 1595 sententiam
899 1549 1158 1605 vestram,
1197 1550 1254 1596 et
1293 1543 1363 1597 ad
1401 1543 1666 1599 unitatem
1693 1560 1825 1614 apo-

225 1631 440 1687 stolica
465 1631 727 1688 doctrina:
754 1633 1164 1687 convertamini.

1937 446 2388 514 reprehensibiles
2409 447 2734 517 judicamus.
2765 451 3039 509 Catholica
3071 458 3215 509 enim
3257 457 3388 514 ﬁdes
3427 461 3526 516 lia-

1936 533 2051 602 bet,
2073 552 2234 605 quam
2266 555 2365 593 nos
2404 539 2762 608 defendimus,
2806 546 3160 613 praedicamus
3182 554 3235 602 et
3256 563 3523 620 amamus,

1935 625 1989 678 in
2027 626 2243 682 Christo
2290 630 2424 686 duas
2453 639 2678 688 naturas
2717 649 2838 689 esse
2883 637 3128 706 proprias
3153 644 3206 692 et
3232 639 3520 707 perfectas,

1934 716 2172 772 divinam
2202 719 2425 786 scilicet,
2467 739 2572 792 qua
2597 739 2663 778 ex
2689 724 2799 781 Deo
2822 726 2981 780 Patre
3010 737 3135 782 ante
3166 730 3348 785 omnia
3379 740 3524 788 tem—

1934 823 2066 877 pora
2116 812 2654 869 consubstantialiter
2701 825 2859 872 natus
2901 827 3024 873 est:
3061 819 3354 876 humanam
3393 838 3524 878 vero

1933 899 2119 968 quain
2155 901 2490 969 plenitudine
2536 911 2836 975 temporum
2879 923 2945 962 ex
2974 909 3192 978 Virgine
3232 910 3374 965 idem
3408 912 3526 983 ipse

1933 989 2100 1046 Filius
2135 991 2228 1046 Dei
2275 1007 2494 1048 carnem
2551 999 2862 1066 assumpsit,
2902 1006 2957 1052 et
3003 998 3177 1055 factus
3224 1009 3308 1056 est
3361 1018 3525 1060 verus

1932 1077 2112 1144 homo,
2146 1081 2235 1149 qui
2277 1090 2358 1135 cst
2390 1097 2552 1138 verus
2583 1083 2754 1138 Filius
2782 1087 2875 1140 Dei
2908 1095 3053 1140 totus
3083 1088 3133 1142 in
3163 1103 3280 1153 suo,
3309 1097 3370 1143 ut
3396 1092 3526 1145 hea-

1932 1175 2020 1222 tus
2049 1168 2158 1223 Leo
2185 1186 2322 1241 papa
2352 1172 2445 1236 ait,
2477 1181 2532 1227 et
2571 1181 2716 1228 tctus
2763 1175 2816 1228 in
2863 1187 3078 1242 nostro;
3112 1178 3252 1232 idem
3295 1180 3347 1232 in
3373 1186 3522 1234 utro-

1931 1275 2054 1329 que,
2089 1277 2194 1316 non
2223 1261 2360 1317 alter
2389 1264 2444 1317 in
2471 1279 2589 1329 suo,
2619 1274 2674 1320 et
2699 1265 2836 1321 alter
2869 1267 2924 1320 in
2955 1277 3158 1323 nostro.
3198 1270 3333 1337 Quia
3374 1273 3520 1326 enim

1931 1351 2169 1407 Verbum
2204 1367 2324 1406 cum
2365 1369 2528 1408 carne
2568 1355 2644 1408 ita
2673 1363 2756 1409 est
2785 1356 3040 1412 ineffabili
3080 1360 3240 1414 modo
3285 1361 3520 1426 unitum,

1930 1448 1990 1494 ut
2023 1441 2196 1510 ipsum
2219 1442 2476 1507 Verbum,
2502 1444 2568 1497 de
2590 1457 2696 1512 quo
2717 1445 2907 1500 beatus
2931 1445 3166 1503 Joannes
3189 1450 3519 1520 evangelista

1929 1531 2060 1586 dicit
2107 1549 2118 1585 :
2163 1532 2228 1586 In
2271 1533 2525 1604 principio
2576 1545 2690 1588 erat
2746 1535 2988 1600 Verbum,
3041 1545 3088 1591 et
3142 1536 3360 1593 Verbum
3406 1552 3519 1595 erat

1927 1621 2069 1690 apud
2099 1619 2284 1685 Deum,
2315 1631 2364 1675 et
2393 1623 2533 1677 Deus
2559 1634 2670 1677 erat
2711 1623 2930 1678 Verbum
2978 1625 3160 1700 (Joan.
3193 1645 3235 1694 1,
3286 1630 3362 1700 1),
3403 1647 3524 1685 car-

296 1720 419 1774 Vll.
464 1720 827 1790 Proposuistis
865 1722 1029 1777 etiam
1080 1724 1385 1794 exemplum
1439 1727 1668 1781 duorum
1709 1726 1820 1781 liti-

1927 1730 2048 1768 nem
2088 1715 2332 1771 dicamus
2381 1716 2610 1784 factum;
2651 1720 2791 1774 sicut
2836 1721 2976 1776 idem
3026 1722 3140 1793 ipse
3187 1725 3521 1796 evangelista

223 1812 498 1883 gantiam,
527 1830 547 1863 ε
574 1814 697 1882 quis
723 1829 792 1868 ex
819 1813 928 1868 illis
953 1815 1159 1883 aequius
1190 1830 1248 1870 se
1277 1815 1610 1884 defenderet,
1641 1834 1708 1873 an
1731 1819 1825 1889 qui

224 1919 450 1959 causam
495 1905 751 1959 movebat
782 1906 952 1974 prior,
999 1913 1091 1960 aut
1126 1907 1216 1977 qui
1263 1922 1320 1962 se
1370 1902 1415 1962 a'
1451 1910 1826 1978 persecutione

226 1995 448 2051 alterius
496 1996 791 2052 defendere
833 1997 986 2053 nisus
1034 1999 1139 2053 sit?
1176 2018 1196 2052 ο
1240 1999 1384 2054 Bene
1433 2001 1822 2071 proposuistis,

226 2087 314 2142 sed
370 2103 486 2141 non
533 2088 799 2143 veraciter
848 2088 1213 2155 intellexistis,
1268 2091 1392 2158 quis
1439 2100 1680 2146 moveret
1721 2093 1825 2148 hoc

224 2179 571 2243 scandalum,
592 2179 858 2249 quomodo
888 2177 1006 2250 [F.,
1030 2181 1174 2249 quod
1216 2180 1400 2252 modo]
1429 2180 1574 2237 inter
1611 2189 1825 2238 nostras

223 2281 556 2341 vestrasque
637 2279 811 2341 partes
873 2281 1144 2328 versatur.
1221 2272 1476 2344 Nunquid
1541 2290 1648 2331 non
1713 2284 1824 2331 tota

226 2361 466 2416 Ecclesia
527 2360 750 2427 Christi,
803 2362 1074 2418 damnatis
1131 2363 1448 2435 Eutychetis
1494 2373 1549 2421 et
1589 2366 1823 2422 Nestorii

227 2456 551 2520 hmresibus,
611 2456 810 2525 ubique
871 2457 927 2511 in
981 2471 1117 2526 pace
1171 2457 1440 2513 catholica
1484 2467 1539 2513 et
1602 2459 1656 2514 in
1704 2461 1824 2515 uni-

124 2563 137 2576 ·
229 2553 329 2599 tate
374 2545 501 2600 ﬁdei
531 2545 866 2615 apostolicae,
900 2546 1048 2601 nullo
1094 2547 1370 2612 turbante.
1429 2547 1598 2602 multo
1639 2551 1822 2620 quies-

227 2637 376 2692 cebat
408 2646 676 2707 tempore,
731 2640 905 2694 donec
953 2640 1070 2694 haec
1115 2655 1254 2694 nova
1298 2649 1354 2695 et
1404 2643 1642 2712 antiquis
1687 2651 1825 2698 tem-

224 2731 442 2802 poribus
500 2731 744 2787 inaudita
800 2739 948 2787 secta
1015 2746 1116 2802 per
1175 2740 1413 2788 vestram
1478 2734 1821 2790 insolentiam

226 2826 409 2881 subito
450 2825 748 2880 exarserit?
793 2822 873 2879 Ac
908 2840 1006 2895 per
1052 2825 1156 2881 hoc
1193 2824 1395 2894 justius
1418 2826 1631 2881 videtur
1657 2828 1822 2883 alium

224 2919 343 2992 [Ρη
399 2919 569 2991 illum]
606 2919 924 2976 btereticum
955 2921 1187 2986 censeri,
1236 2921 1328 2991 qui
1360 2937 1527 2976 novas
1555 2923 1716 2977 audet
1739 2925 1824 2978 in-

221 3013 510 3066 troducere
546 3019 744 3076 sectas,
778 3025 942 3080 quam
979 3009 1127 3064 illum
1159 3011 1272 3081 qui,
1311 3012 1551 3082 paternis
1577 3013 1820 3068 traditio-

222 3103 376 3156 nibus
416 3103 692 3156 enutritus
745 3109 800 3156 ct
846 3100 1088 3164 edoctus,
1139 3102 1191 3155 in
1241 3102 1660 3174 propugnaculis
1707 3120 1818 3160 suae

221 3193 454 3247 civitatis
473 3191 712 3246 viriliter
740 3199 913 3256 stans,
963 3206 1020 3246 se
1052 3207 1287 3262 suosque
1329 3193 1579 3249 concives
1607 3194 1820 3252 fortiter

223 3283 507 3339 defendere
558 3283 776 3347 nititur,
833 3281 1039 3338 habens
1087 3290 1443 3349 armaturam,
1495 3285 1562 3339 de
1607 3301 1713 3356 qua
1762 3287 1818 3342 in

223 3374 440 3429 Cantico
486 3374 830 3427 canticorum
883 3372 1000 3442 ipsa
1065 3373 1317 3428 decantat
1373 3389 1621 3444 sponsa:
1667 3375 1815 3431 Sicut

223 3467 373 3518 turris
419 3463 602 3518 David
647 3462 841 3516 collum
879 3472 1050 3529 tuum,
1101 3481 1219 3535 qua:
1268 3465 1530 3534 adiﬁcata
1576 3476 1652 3522 est
1699 3485 1816 3522 cum

224 3555 654 3628 propugnaculis,
677 3554 820 3609 mille
840 3554 1004 3625 clypei
1025 3556 1246 3626 pendent
1266 3574 1330 3610 ex
1349 3574 1434 3623 ea,
1458 3559 1625 3612 omnis
1646 3577 1818 3614 arma-

226 3661 331 3704 tura
356 3650 581 3721 fortium
610 3646 790 3720 (Cant.
819 3664 896 3712 tv,
923 3647 999 3722 4).
1033 3649 1164 3716 Quis
1189 3649 1349 3721 793
1394 3659 1478 3706 est
1507 3651 1678 3707 David
1719 3667 1815 3707 rex

225 3740 768 3813 Hierosolymitanus,
794 3743 899 3796 nisi
926 3741 1173 3798 Christus
1197 3743 1462 3798 Dominus
1497 3752 1680 3799 noster
1719 3761 1815 3800 rex

226 3833 368 3888 tortis
390 3844 448 3888 et
477 3850 666 3898 verus,
698 3835 790 3903 qui
821 3834 888 3889 de
916 3835 1066 3906 virga
1103 3851 1222 3904 qua:
1249 3837 1314 3890 de
1343 3836 1526 3892 radice
1547 3835 1700 3893 Iesse
1723 3855 1818 3895 ex-

226 3925 300 3989 iit,
327 3936 388 3979 ut
408 3924 513 3980 ﬂos
550 3926 829 3991 ascendit;
861 3923 1015 3993 cujus
1040 3925 1232 3981 civitas
1266 3933 1349 3981 est
1377 3936 1564 3981 sancta
1607 3937 1662 3982 et
1702 3931 1819 3985 uni-

228 4016 443 4071 versalis
463 4015 731 4080 Ecclesia,
747 4031 868 4086 quae
878 4016 1075 4086 partim
1099 4032 1220 4071 cum
1239 4016 1330 4070 illo
1346 4024 1541 4087 regnat
1559 4027 1816 4074 coronata

226 4107 274 4162 in
299 4109 479 4172 cmlis,
507 4110 709 4180 partim
737 4126 837 4178 pro
874 4111 962 4164 illo
996 4110 1203 4165 laborat
1231 4113 1572 4182 peregrinata
1606 4112 1661 4166 in
1700 4122 1815 4169 ter-

228 4199 325 4261 ris,
347 4198 524 4253 donec
552 4210 842 4254 coronetur
875 4208 928 4255 et
952 4201 1232 4270 perveniat
1275 4202 1328 4256 in
1364 4203 1614 4272 patriam.
1646 4202 1816 4273 Hujus

225 4288 470 4342 civitatis
513 4290 909 4361 prepugnacula
956 4303 1157 4347 sanctae
1211 4301 1337 4347 sunt
1381 4293 1714 4364 Scriptura},
1763 4303 1817 4350 et

227 4379 644 4448 prmedentium
674 4380 896 4435 Patrum
947 4382 1213 4454 exempla,
1249 4383 1445 4454 quibus
1491 4386 1697 4441 inunita
1733 4395 1819 4442 est

231 4477 417 4524 contra
472 4482 655 4525 omnes
696 4471 1054 4527 adversitates
1105 4490 1118 4526 :
1168 4482 1225 4527 et
1271 4481 1352 4528 est
1389 4475 1503 4531 bare
1537 4486 1815 4532 armatura

233 4556 473 4626 fortium,
505 4560 558 4614 id
590 4572 692 4626 est,
734 4571 1045 4617 sanctorum
1086 4564 1384 4628 doctorum,
1420 4568 1512 4636 qui
1538 4568 1623 4624 his
1651 4570 1819 4626 armis

233 4660 410 4706 contra
451 4666 645 4707 omnes
679 4653 964 4709 haereticus
989 4655 1286 4724 pravitates
1325 4657 1558 4714 victores
1596 4661 1820 4716 exstite-

234 4753 366 4799 runt.
398 4744 501 4800 llis
528 4760 630 4800 nos
657 4761 758 4816 pro
778 4747 975 4802 virium
1008 4757 1316 4803 nostrarum
1348 4751 1612 4820 portione,
1639 4753 1818 4808 divina

233 4839 522 4902 auxiliante
548 4840 746 4909 gratia,
771 4841 964 4895 armati
997 4839 1230 4914 [contra]
1259 4858 1447 4898 omnes
1473 4844 1738 4899 novitates
1765 4853 1820 4900 ct

232 4928 493 4985 inauditas
538 4931 868 5000 qumstiones
910 4941 1118 4986 stamus
1167 4931 1424 4997 viriliter,
1466 4932 1815 4991 defendentes

234 5021 551 5090 aposwlicas
573 5023 895 5080 traditiones
920 5033 975 5080 et
1002 5023 1164 5080 ﬁdem
1192 5039 1353 5094 quam
1372 5025 1439 5079 ab
1463 5023 1675 5080 illorum
1696 5025 1812 5080 ebi-

234 5111 402 5167 bimus
430 5111 720 5169 uberibus.

291 5199 426 5255 VIII.
493 5201 651 5268 Quod
699 5217 828 5258 vero
869 5203 1154 5274 quemdam
1195 5201 1421 5258 Beatum
1469 5203 1718 5259 abbatem
1760 5214 1814 5260 et

229 5289 550 5361 discipulum
599 5291 716 5362 ejus
753 5292 1059 5350 Hitherium
1105 5295 1417 5365 episcopum
1467 5293 1646 5350 dicitis
1689 5294 1815 5351 huic

229 5391 419 5438 vestra:
449 5394 616 5440 sectae
637 5385 876 5456 primum
920 5387 1206 5453 contraire,
1246 5386 1528 5441 laudamus
1556 5403 1650 5442 eos
1675 5387 1726 5474 in
1752 5404 1817 5443 eo

228 5474 369 5542 quod
391 5477 680 5531 veritatem
707 5475 997 5534 defendere
1025 5483 1203 5533 conati
1240 5487 1383 5534 sunt.
1423 5478 1531 5534 Sed
1557 5480 1604 5534 si
1629 5495 1817 5536 verum

225 5575 303 5618 est
329 5567 476 5635 quod
521 5568 760 5634 dixistis,
791 5584 888 5625 eos
914 5569 1048 5626 duas
1082 5578 1304 5626 naturas
1327 5571 1527 5627 Christi
1555 5570 1609 5626 in
1650 5589 1816 5628 unum

226 5656 575 5728 mhmdere,
607 5662 752 5718 sicut
782 5661 968 5717 vinum
1012 5670 1066 5717 et
1112 5678 1328 5734 aquam,
1367 5664 1468 5721 hoc
1510 5663 1815 5722 nullatenus

1929 1805 2061 1859 dicit
2092 1825 2103 1859 :
2135 1816 2183 1860 et
2219 1805 2443 1862 Verbum
2481 1827 2604 1863 caro
2630 1810 2826 1880 factum
2855 1822 2950 1876 est,
2982 1823 3030 1866 et
3056 1813 3308 1870 habitarit
3346 1817 3401 1870 in
3430 1833 3524 1871 no-

1928 1895 2025 1961 bis,
2055 1895 2109 1950 id
2135 1905 2237 1963 est,
2270 1900 2582 1968 nobiscum;
2615 1901 2742 1956 licet
2771 1904 2899 1957 illud
2917 1904 3152 1959 Verbum
3175 1922 3280 1960 non
3309 1909 3380 1963 sit
3403 1924 3525 1963 mu-

1928 1994 2098 2041 tatum
2131 1988 2184 2042 in
2205 2003 2454 2044 carnem:
2485 1999 2540 2045 et
2566 2008 2695 2048 caro
2718 1994 2808 2049 illa
2832 1995 3047 2050 dicatur
3074 1996 3235 2061 Deus,
3261 1998 3387 2054 licet
3411 2015 3522 2056 non

1926 2078 2063 2133 sitin
2085 2079 2299 2134 deitatis
2322 2090 2568 2136 naturam
2588 2092 2791 2139 mutata
2810 2109 2822 2140 ;
2841 2095 2897 2141 et
2910 2098 2992 2143 est
3012 2103 3153 2143 unus
3167 2088 3335 2144 Filius
3350 2091 3518 2156 Deus,

1925 2177 1982 2224 et
2007 2186 2146 2226 unus
2177 2172 2320 2226 Deus
2350 2173 2607 2229 Dominus
2630 2172 2788 2231 Iesus
2815 2175 3085 2233 Christus.
3122 2175 3202 2234 Ob
3229 2181 3370 2236 hanc
3392 2183 3519 2236 uni-

1927 2271 2093 2319 tatem
2123 2264 2323 2319 dicitur
2349 2265 2519 2320 Filius
2554 2267 2787 2323 hominis
2811 2269 3154 2325 descendisse
3179 2272 3245 2326 de
3275 2273 3434 2338 coelo,
3461 2283 3522 2328 et

1924 2353 2186 2411 Dominus
2210 2356 2396 2427 glorim
2424 2357 2736 2423 cruciﬁxus,
2769 2367 2824 2413 et
2849 2360 2929 2415 sic
2956 2361 3360 2431 impassibiliter
3380 2365 3519 2420 Ver-

1923 2447 2054 2502 bum
2079 2448 2172 2503 Dci
2199 2463 2419 2517 passum
2467 2457 2568 2514 est,
2601 2458 2656 2503 et
2685 2447 2854 2505 Filius
2920 2453 3154 2507 hominis
3198 2453 3522 2511 mirabiliter

1924 2539 2202 2595 descendit
2225 2540 2291 2595 de
2313 2539 2468 2605 coelo,
2493 2550 2548 2595 et
2574 2541 2716 2597 illius
2742 2559 2950 2609 manus,
2974 2545 3065 2614 qui
3087 2546 3293 2600 creavit
3314 2546 3511 2602 ctelum

1922 2640 1979 2686 et
2002 2640 2224 2697 terram,
2255 2631 2422 2688 clavis
2453 2633 2508 2687 in
2545 2648 2708 2690 cruce
2735 2635 2946 2690 conﬁxa
2969 2645 3055 2693 est
3087 2655 3099 2690 :
3138 2647 3192 2692 et
3218 2638 3362 2693 illius
3391 2655 3518 2694 san-

1923 2725 2060 2795 guis,
2103 2741 2200 2795 per
2236 2741 2397 2795 quem
2443 2727 2624 2782 omnia
2671 2735 2854 2782 creata
2898 2738 3044 2795 sunt,
3090 2728 3242 2785 fusus
3291 2737 3375 2785 est
3416 2747 3518 2801 pro

1923 2817 2162 2871 omnium
2211 2818 2406 2883 salute,
2451 2817 2709 2888 Apostolo
2755 2827 3006 2885 testante,
3032 2821 3123 2889 qui
3150 2821 3264 2875 ait:
3296 2820 3364 2875 Et
3393 2839 3518 2876 san-

1922 2910 2040 2979 guis
2070 2907 2200 2962 Filii
2231 2908 2329 2962 Dei
2356 2909 2576 2963 redemit
2620 2926 2714 2963 nos
2756 2907 2810 2982 (Ι
2850 2911 3008 2965 Joon.
3039 2927 3114 2977 tv,
3139 2912 3215 2984 7).
3242 2912 3371 2980 Quae
3400 2928 3519 2968 om-

1923 2996 2014 3050 nia
2038 2997 2208 3066 magis
2247 2997 2352 3051 ﬁde
2382 2999 2651 3063 venerari,
2683 3014 2845 3068 quam
2875 3001 3084 3054 ratione
3128 3003 3397 3056 discutere
3424 3004 3516 3058 de-

1847 3083 1893 3146 C
1923 3087 2151 3141 bemus:
2190 3087 2318 3157 quia
2348 3088 2439 3142 ubi
2468 3090 2608 3143 ratio
2635 3089 2835 3157 deﬁcit,
2878 3093 2950 3146 ibi
2994 3092 3128 3148 ﬁdes
3157 3103 3238 3148 est
3266 3110 3518 3150 necessa-

1923 3192 2026 3231 ria.

1993 3287 2084 3342 IX.
2116 3286 2316 3343 Contra
2342 3295 2590 3343 naturam
2621 3296 2702 3345 est
2743 3291 2884 3360 quod
2933 3291 3106 3363 virga,
3136 3292 3321 3351 multis
3363 3295 3518 3351 arida

1925 3380 2150 3445 diebus,
2209 3380 2393 3436 ﬂoruit
2455 3381 2510 3435 in
2570 3381 2956 3451 tabernaculo;
3014 3392 3200 3440 contra
3265 3394 3518 3441 naturam

1925 3479 2010 3528 est
2055 3479 2116 3525 ut
2164 3471 2318 3542 virgo
2363 3471 2567 3542 absque
2607 3472 2750 3527 virili
2796 3473 3174 3542 conjunctione
3226 3473 3392 3530 ﬁlium
3429 3491 3521 3548 ge-

1932 3570 2193 3618 neraret:
2226 3562 2320 3617 sed
2345 3564 2604 3618 conditor
2643 3573 2961 3618 naturarum
2997 3565 3130 3620 nihil
3169 3567 3270 3620 sibi
3311 3565 3516 3636 impos-

1929 3652 2086 3707 sibile
2137 3653 2413 3720 condidit,
2466 3655 2610 3709 unde
2655 3670 2762 3708 non
2818 3655 3084 3724 potuisset
3130 3656 3196 3710 de
3239 3656 3519 3725 qualiCzru-

1919 3759 2026 3814 que
2069 3752 2262 3798 natura
2304 3745 2661 3814 quodcunque
2700 3745 3219 3802 voluisset'eﬁiccre.
3262 3746 3514 3802 Potuitne

1920 3834 1989 3890 de
2017 3849 2184 3889 carne
2215 3835 2450 3904 Virginis
2489 3837 2766 3905 proprium
2812 3838 2914 3892 sibi
2958 3852 3247 3907 procreare
3290 3837 3512 3904 Filium,

1917 3937 1985 3978 an
2009 3941 2115 3979 non
2160 3925 2371 3994 potuit?
2412 3923 2469 3978 Si
2497 3939 2604 3979 non
2646 3926 2844 3994 potuit,
2871 3943 2976 3980 non
3017 3936 3101 3981 est
3127 3926 3512 3996 omnipotens:

1917 4015 1964 4070 si
1989 4029 2120 4070 vero
2161 4014 2337 4086 potuit
2364 4021 2421 4069 et
2448 4014 2635 4080 noluit,
2681 4031 2779 4070 vos
2816 4015 3028 4069 habetis
3071 4016 3202 4070 dare
3246 4017 3511 4072 rationem

1917 4121 2086 4176 quare
2120 4107 2419 4162 noluisset:
2459 4113 2514 4161 et
2541 4106 2587 4161 si
2634 4106 2738 4161 hoc
2766 4107 3017 4176 poteritis
3059 4122 3339 4176 enarrare,
3381 4126 3512 4182 ergo

1918 4199 2166 4254 voluntas
2207 4199 2302 4252 Dei
2330 4197 2577 4253 altissimi
2625 4199 3130 4278 comprehensilplis
3161 4210 3244 4256 est
3272 4201 3512 4257 humano

1920 4291 2101 4345 animo
2131 4309 2144 4343 :
2169 4298 2225 4344 et
2250 4289 2442 4345 falsum
2470 4297 2572 4357 est,
2602 4290 2743 4360 quod
2767 4290 3058 4362 Apostolus
3079 4291 3176 4357 ait,
3205 4292 3510 4361 incompre-

1919 4382 2239 4437 hensibilem
2261 4396 2381 4437 esse
2405 4383 2594 4436 Deum.
2621 4380 2874 4453 Nunquid
2898 4397 3005 4438 non
3031 4383 3206 4456 major
3229 4390 3313 4438 est
3334 4383 3512 4454 digni-

1923 4481 2006 4528 tas
2027 4473 2082 4527 in
2108 4474 2328 4544 proprio
2349 4472 2458 4528 ﬁlio
2479 4486 2640 4542 quam
2672 4472 2723 4526 in
2750 4473 3034 4542 adoptivo?
3053 4472 3162 4528 Nos
3191 4487 3320 4527 vero
3342 4473 3512 4528 voluit

1919 4567 1974 4621 in
2026 4567 2264 4622 secundo
2311 4566 2482 4635 gradu
2519 4565 2722 4620 habere
2759 4563 2897 4619 ﬁlios
2944 4566 3223 4636 adoptivos
3259 4579 3358 4634 per
3387 4582 3510 4623 eum

1920 4659 2013 4729 qui
2060 4660 2113 4713 in
2153 4658 2330 4728 primo
2369 4655 2541 4727 gradu
2575 4669 2642 4709 ex
2677 4655 2922 4726 Virgine,
2961 4655 3028 4709 de
3071 4652 3274 4725 Spiritu
3322 4666 3510 4713 sancto

1919 4751 2280 4818 concipiente,
2327 4747 2430 4803 sibi
2482 4746 2658 4801 factus
2704 4755 2789 4800 cst
2839 4744 3007 4800 Filius
3048 4747 3319 4816 proprius.
3368 4747 3510 4816 Quid

1917 4844 2092 4915 potuit
2114 4857 2181 4898 ex
2211 4841 2324 4896 Deo
2354 4839 2525 4904 nasci,
2558 4839 2661 4893 nisi
2689 4853 2850 4893 verus
2876 4837 3052 4894 Deus?
3097 4837 3232 4894 Nam
3277 4839 3512 4912 Spiritus

1919 4943 2005 4990 est
2029 4933 2189 4998 Deus,
2224 4940 2279 4987 et
2310 4931 2486 4987 omnis
2514 4928 2775 4984 catholica
2821 4929 3061 4986 Ecclesia
3106 4939 3306 4995 cantat,
3334 4931 3512 4985 credit

1920 5031 1975 5079 et
2002 5023 2260 5094 praedicat
2282 5027 2403 5091 post
2425 5017 2814 5075 confessionem
2847 5028 3089 5091 paternae
3119 5020 3413 5091 majestatis
3442 5021 3510 5076 de

1923 5114 2059 5168 Filio
2104 5114 2265 5168 unico
2311 5118 2368 5165 et
2404 5110 2683 5182 nnigenito
2719 5110 3026 5181 hujusmodi
3055 5109 3220 5164 verba
3265 5109 3320 5163 in
3362 5125 3512 5182 sym—

1923 5203 2087 5260 bolo:
2116 5202 2389 5258 Credimus
2437 5211 2488 5256 et
2526 5202 2583 5255 in
2627 5199 2812 5255 Iesum
2855 5199 3123 5256 Christum
3166 5196 3367 5253 Filium
3411 5199 3511 5254 Dei

1924 5296 2267 5368 unigenitum,
2298 5304 2482 5350 natum
2517 5310 2582 5349 ea:
2612 5279 2772 5348 P’atre
2814 5302 2935 5347 ante
2976 5292 3150 5346 omnia
3182 5291 3398 5358 siccata,
3427 5290 3514 5346 lt:—

1924 5402 2040 5442 men
2064 5386 2128 5440 de
2164 5384 2382 5450 lumine,
2410 5384 2578 5438 Deum
2623 5397 2798 5437 rerum
2841 5382 2906 5436 de
2953 5380 3063 5435 Deo
3103 5396 3224 5435 vero
3254 5397 3273 5436 :
3302 5391 3508 5446 natum,

1924 5495 2029 5534 non
2058 5477 2276 5549 factum,
2320 5472 2813 5532 constbstantialem
2847 5473 3023 5539 Patri,
3051 5489 3142 5545 per
3160 5490 3312 5545 quem
3333 5474 3511 5529 omnia

1924 5569 2068 5640 facta
2107 5579 2250 5623 sunt.
2283 5568 2388 5634 Qui
2413 5575 2624 5638 propter
2673 5582 2767 5620 nos
2806 5566 3038 5620 homines
3077 5575 3125 5619 et
3163 5576 3372 5637 propter
3418 5581 3514 5619 no-

1922 5670 2086 5718 stram
2115 5659 2334 5717 salutem
2361 5659 2624 5716 descendit
2653 5660 2717 5715 de
2746 5659 2893 5727 cmio,
2932 5669 2978 5715 et
3011 5661 3314 5714 incarnatus
3342 5667 3420 5713 est
3446 5659 3510 5712 de
