3906 6186
321 239 424 296 156

1157 238 1218 293 Β.
1259 237 1320 293 F.
1351 237 1576 293 ALBINI
1615 236 1746 293 SEU
1785 234 2060 294 ALCUINI
2099 234 2382 294 OPERUM
2423 236 2602 293 PARS
2638 238 2725 295 III.

3474 244 3577 298 156

313 351 522 424 Spiritu
555 357 733 405 sancto
775 359 824 405 et
856 349 1030 404 Maria
1063 347 1291 421 Virgine,
1321 360 1370 405 et
1395 353 1550 405 homo
1586 350 1755 420 factus
1777 362 1892 406 est:
1920 356 1967 414 Δ
1995 355 2163 410 Deum
2200 395 2212 409 .
2250 364 2538 424 utrumque
2580 359 2760 411 autem
2809 354 2991 420 homo,
3037 363 3258 426 propter
3304 369 3585 429 acceptum

313 442 598 512 cruciﬁxus
625 450 800 496 autem
828 458 920 512 pro
949 441 1095 495 nobis
1122 443 1218 496 sub
1261 441 1453 497 Pontio
1486 441 1680 507 Pilato,
1709 460 1895 513 passus

315 543 366 589 et
385 533 636 604 sepultus,
664 541 712 586 et
741 533 1022 587 resurrexit
1068 532 1230 605 794
1269 535 1422 587 tertia
1451 535 1557 597 die,
1589 543 1636 588 et
1667 535 1900 589 ascendit

315 642 374 680 in
397 625 600 690 calum,
631 634 679 678 et
706 625 845 679 sedet
871 624 939 678 ad
965 625 1231 679 dexteram
1257 624 1458 689 Patris,
1488 634 1536 678 et
1564 625 1752 682 iterum
1777 643 1900 680 ven-

319 726 467 770 turus
490 725 564 771 est
595 733 713 770 cum
751 715 920 785 gloria
937 717 1184 786 judicare
1227 717 1360 770 rivos
1387 725 1436 770 et
1464 726 1716 780 mortuos,
1749 717 1900 786 cujus

319 807 464 875 regni
493 823 597 860 non
623 806 722 859 erit
741 806 886 874 ﬁnis.

387 897 456 953 Χ.
483 897 750 952 Revocate
771 898 838 952 ad
866 899 1220 966 vosmetipsos
1238 897 1423 952 oculos
1444 897 1622 952 cordis
1648 898 1903 962 vestri,et

320 992 601 1062 intelligite
629 989 789 1058 hujus
824 991 1134 1046 solidissimi
1163 991 1389 1061 symboli
1422 991 1859 1060 consequentiam
1884 1006 1896 1042 :

325 1077 392 1132 de
413 1093 519 1131 uno
543 1077 816 1145 unigenito
845 1076 980 1130 Filio
1002 1077 1095 1130 Dei
1123 1091 1337 1146 semper
1354 1076 1504 1140 dicit,
1533 1085 1588 1130 et
1611 1077 1678 1132 de
1698 1076 1904 1130 duabus

325 1168 533 1222 naturis
556 1167 610 1221 in
635 1183 741 1221 uno
774 1167 910 1222 Filio
941 1167 1055 1231 Dei,
1090 1167 1445 1235 enmdemque
1466 1166 1598 1222 dicit
1623 1174 1810 1220 natum
1838 1168 1905 1222 de

321 1258 500 1321 Patre,
532 1257 700 1311 Deum
736 1257 803 1311 de
841 1257 951 1314 Deo
989 1275 1002 1310 :
1049 1258 1296 1312 eumdem
1323 1259 1456 1314 dicit
1482 1267 1665 1313 natum
1696 1260 1762 1314 de
1785 1257 1905 1327 Spi-

323 1347 429 1401 ritu
456 1354 641 1401 sancto
663 1355 720 1400 et
744 1345 910 1401 Maria
940 1347 1165 1417 virgine,
1193 1362 1411 1417 passum
1435 1354 1491 1402 et
1528 1346 1820 1416 sepultum,
1852 1354 1907 1400 et

324 1449 692 1508 resurgentem
720 1439 806 1494 die
825 1440 1005 1494 tertia.
1046 1439 1185 1506 Quid
1207 1447 1292 1494 est
1313 1440 1456 1509 quod
1480 1454 1602 1493 eum
1633 1438 1830 1493 dividis
1851 1439 1905 1494 in

325 1529 458 1583 duos
480 1527 637 1592 ﬁlios,
661 1544 828 1582 unum
863 1529 930 1583 de
961 1527 1165 1598 Spiritu
1198 1536 1384 1583 sancto
1416 1536 1470 1583 et
1499 1528 1665 1582 Maria
1697 1528 1905 1597 virgine

327 1627 546 1684 natum,
577 1634 738 1688 quem
778 1619 1086 1687 adaptivum
1132 1617 1330 1673 asseris
1363 1635 1376 1682 ;
1419 1617 1645 1672 alterum
1685 1618 1752 1672 de
1793 1616 1905 1671 Deo

2001 447 2296 501 hominem.
2334 466 2353 499 ι

2071 536 2162 590 XI.
2212 535 2321 590 Nos
2353 551 2460 591 non
2495 537 2772 606 sequimur
2804 551 2906 592 nec
2939 536 3317 594 Nestorianam
3367 541 3589 599 divisio-

1997 643 2141 686 nem.
2175 629 2266 696 qui
2311 637 2534 697 propter
2585 629 2719 682 duas
2768 635 2991 683 naturas
3034 631 3170 684 duas
3215 645 3478 700 personas
3530 634 3585 689 in

2001 716 2214 771 Christo
2245 718 2484 771 inserere
2506 718 2700 783 voluit;
2731 731 2830 773 nec
2849 719 3163 788 Eutychetis
3192 721 3587 790 confusionem,

2001 803 2095 872 qui
2124 811 2345 872 propter
2371 817 2532 856 unam
2563 818 2849 872 personam
2888 819 3050 857 unam
3080 813 3331 860 naturam
3354 809 3411 862 in
3437 808 3592 864 Chri-

2003 903 2086 948 sto
2122 894 2359 949 inserere
2383 895 2570 950 voluit.
2600 894 2775 950 Ambo
2803 910 2834 949 a
2861 896 3126 950 catholica
3161 897 3264 953 ﬁde
3289 899 3589 968 deviantes,

2004 986 2275 1055 impietate
2317 1001 2494 1055 pares,
2539 986 2664 1055 quia
2695 987 2852 1041 fidem
2882 992 3091 1041 rectam
3131 1003 3237 1042 non
3266 998 3587 1061 tenuerunt;

2003 1076 2097 1130 sed
2122 1091 2308 1131 errore
2347 1077 2598 1146 impares,
2627 1077 2755 1144 quia
2789 1077 2892 1132 iste
2926 1076 3228 1144 confundit,
3257 1079 3346 1134 ille
3373 1081 3586 1137 dividit.

2006 1166 2112 1222 Sed
2141 1175 2200 1221 ut
2236 1167 2429 1222 horum
2455 1168 2649 1238 impios
2675 1175 2731 1222 et
2757 1167 3103 1224 detestabiles
3135 1170 3400 1226 catholico
3427 1188 3590 1228 sensu

2004 1257 2301 1315 refutemus
2347 1274 2582 1321 errores,
2623 1259 2908 1328 utriusque
2945 1268 3154 1315 naturae
3177 1262 3590 1332 proprietatem,

2006 1356 2061 1404 et
2080 1348 2240 1402 unius
2260 1363 2504 1418 personae
2527 1357 2823 1406 tractemus
2846 1366 3123 1406 arcanum.
3155 1352 3303 1409 Unus
3327 1364 3410 1410 est
3434 1355 3595 1411 Chri—

2007 1445 2144 1504 stus,
2172 1437 2313 1493 idem
2343 1437 2506 1503 Deus,
2532 1439 2780 1510 idemque
2805 1441 2982 1506 homo,
3010 1443 3215 1498 habens
3241 1443 3294 1497 in
3315 1446 3594 1502 vocabulis

2007 1536 2063 1582 et
2091 1527 2257 1598 gestis
2283 1545 2448 1584 unum
2475 1531 2616 1599 quod
2641 1530 2987 1596 humanitati,
3020 1532 3166 1588 aliud
3207 1535 3348 1604 quod
3375 1537 3595 1606 proprie

2008 1619 2203 1673 divinae
2239 1619 2526 1674 conveniat
2549 1628 2776 1687 naturae,
2812 1621 2940 1676 licet
2983 1631 3272 1692 utrumque
3322 1625 3480 1681 simul
3523 1627 3595 1682 ad

326 1707 510 1774 Patre,
539 1722 697 1778 quem
745 1724 936 1763 verum
971 1708 1141 1763 dicis?
1175 1706 1391 1762 Certum
1425 1722 1657 1777 namque
1695 1716 1778 1762 est
1804 1707 1909 1761 Do-
1939 1697 1984 1756 Β
2012 1724 2174 1762 unam
2223 1707 2341 1777 ejus
2384 1725 2666 1779 personam
2715 1711 3006 1780 pertineat,
3041 1713 3110 1767 ad
3159 1729 3427 1783 unamque
3466 1714 3592 1770 Filii

329 1804 536 1857 minam
556 1801 741 1858 Jesum
767 1800 1062 1867 Christum,
1090 1802 1380 1857 secundum
1402 1802 1722 1856 catholicam
1745 1801 1903 1856 fidem

329 1904 388 1951 et
421 1896 694 1965 prmconia
721 1894 1146 1965 Scripturarum,
1178 1895 1312 1950 duas
1340 1896 1539 1950 habere
1576 1895 1902 1959 nativitates,

327 2001 491 2040 unam
527 1986 593 2040 de
619 1985 778 2040 Patre
805 1985 922 2040 sine
950 1994 1217 2055 tempore,
1246 1986 1472 2041 alteram
1498 1987 1564 2041 de
1591 1994 1765 2041 matre
1790 1986 1907 2041 sine

325 2077 470 2131 virili
517 2075 938 2144 conjunctione:
978 2084 1031 2131 et
1061 2078 1254 2132 harum
1291 2078 1517 2132 duarum
1560 2066 1928 2133 nativitatum~

326 2169 572 2240 proprias
610 2168 811 2223 habere
838 2174 1080 2233 naturas,
1125 2168 1217 2222 Dei
1260 2168 1488 2234 scilicet,
1519 2183 1620 2237 qua
1653 2169 1718 2223 de
1747 2167 1908 2223 Patre

328 2269 517 2318 natus:
559 2268 615 2314 et
654 2259 910 2324 hominis,
946 2274 1050 2328 qua
1102 2268 1187 2314 est
1230 2260 1296 2315 de
1338 2268 1508 2314 matre
1552 2261 1904 2331 progenitus:

329 2367 470 2406 unus
493 2351 742 2420 idemque
758 2351 920 2416 Deus,
943 2367 1082 2407 unus
1103 2351 1352 2422 idemque
1372 2353 1554 2418 homo,
1574 2370 1713 2408 unus
1741 2355 1909 2409 idem-

329 2457 436 2512 que
463 2441 632 2496 Filius
652 2439 810 2497 Jesns
831 2440 1098 2497 Christus.
1127 2441 1353 2498 Gemina
1377 2444 1518 2498 enim
1542 2445 1795 2499 nativitas
1821 2459 1910 2516 ge—

331 2532 531 2587 minam
562 2534 655 2586 uni
684 2530 900 2586 Christo
927 2533 1073 2586 dedit
1112 2541 1378 2588 naturam.
1421 2533 1522 2600 Qui
1566 2534 1707 2591 Deus
1731 2543 1814 2591 est
1842 2537 1909 2592 de

328 2619 510 2686 Patre,
541 2619 682 2674 idem
707 2620 847 2674 Deus
875 2621 1038 2675 homo
1083 2629 1167 2676 est
1210 2623 1278 2678 de
1330 2632 1522 2677 matre.
1580 2623 1689 2680 Has
1727 2625 1910 2695 itaque

329 2721 573 2777 naturas,
609 2727 742 2782 quas
781 2727 846 2767 ex
881 2722 1110 2782 utroque
1149 2715 1312 2770 habet
1345 2726 1596 2786 parente,
1624 2717 1911 2787 Apostolus

331 2802 467 2859 duas
511 2805 757 2858 nominat
801 2803 1004 2860 formas
1040 2807 1224 2862 dicens
1265 2808 1330 2862 de
1371 2808 1526 2879 ipso:
1553 2809 1655 2875 Qui
1697 2826 1813 2863 cum
1853 2809 1910 2864 in

325 2893 507 2963 [anna
530 2893 628 2948 Dei
655 2903 804 2960 esset,
835 2913 939 2950 non
966 2899 1205 2968 rapinam
1252 2898 1534 2954 arbitratus
1583 2911 1657 2955 est
1707 2917 1816 2955 esse
1855 2917 1911 2956 se

333 2982 583 3053 wqualem
604 2982 737 3050 Deo,
753 2986 844 3039 sed
863 2987 1190 3058 semetipsum
1211 2989 1514 3057 exinanivit,
1531 2990 1756 3060 formam
1776 2993 1910 3045 servi

334 3049 590 3146 accipiens
617 3076 836 3149 (Philip.
878 3095 939 3146 ιι,
984 3049 1059 3151 6)ί
1092 3079 1284 3137 Cernis
1325 3081 1379 3136 in
1420 3049 1753 3138 una'Christi
1781 3097 1908 3154 per-
1937 3049 1982 3112 Ο

335 3183 464 3224 sona
497 3170 776 3239 utriusque
804 3171 1008 3239 format,
1050 3174 1330 3246 utriusque
1354 3185 1560 3231 naturae
1591 3177 1910 3249 mysterium

335 3261 596 3316 contineri
622 3279 635 3315 :
669 3262 810 3318 idem
835 3265 1106 3334 passibilis
1126 3277 1181 3324 et
1200 3269 1562 3339 impassibilis,
1594 3270 1732 3326 idem
1763 3285 1912 3326 mor-

336 3353 460 3407 talis
495 3364 550 3408 et
581 3354 927 3423 immortalis;
961 3374 1066 3413 non
1093 3360 1231 3415 alter
1258 3370 1314 3416 et
1358 3362 1514 3427 alter,
1556 3365 1649 3419 sed
1687 3365 1831 3420 idem
1857 3371 1915 3419 et

337 3461 474 3500 unus
501 3447 555 3501 in
583 3446 792 3502 duabus
817 3451 1047 3504 naturis.
1093 3452 1244 3507 Sicut
1274 3469 1412 3509 unus
1447 3464 1532 3509 est
1569 3456 1731 3511 homo
1769 3471 1915 3512 mor-

339 3537 458 3592 talis
515 3548 568 3593 (ιι
620 3539 974 3608 immortalis,
1033 3545 1278 3601 mortalis
1331 3561 1493 3601 carne
1516 3585 1532 3611 ,
1595 3548 1915 3604 immortalis

340 3629 539 3694 anima,
569 3629 664 3684 sed
691 3647 830 3687 unus
851 3643 932 3688 est
957 3634 1116 3691 homo
1143 3645 1198 3692 et
1225 3653 1332 3692 non
1361 3637 1497 3692 alter
1527 3656 1540 3692 :
1567 3639 1645 3694 sic
1666 3656 1805 3695 unus
1831 3649 1916 3696 est

341 3713 584 3773 Christus
621 3721 674 3773 in
709 3720 990 3778 divinitate
1011 3733 1066 3778 et
1093 3725 1146 3780 in
1182 3726 1536 3793 humanitate,
1564 3744 1672 3784 non
1703 3730 1840 3785 alter
1861 3739 1914 3786 et

341 3810 515 3864 alter:
543 3818 598 3865 et
635 3812 790 3883 juxta
828 3817 1232 3887 evangelistam,
1271 3820 1316 3875 si
1366 3820 1509 3878 Deus
1541 3831 1628 3878 est
1655 3824 1914 3890 Verbum,

342 3909 396 3955 et
420 3901 650 3958 Verbum
681 3920 811 3960 caro
843 3905 1046 3963 factum
1089 3918 1190 3975 est,
1238 3912 1425 3982 utique
1472 3928 1599 3969 caro
1649 3915 1791 3970 Deus
1833 3923 1917 3971 est

339 4000 558 4062 propter
591 3993 848 4064 Verbum,
871 4006 927 4054 et
951 4000 1185 4056 Verbum
1221 4003 1382 4059 homo
1407 4013 1626 4074 propter
1651 4020 1870 4062 carnem
1899 4025 1913 4062 :

343 4092 394 4134 et
420 4091 505 4135 est
536 4084 676 4140 Deus
715 4095 770 4141 et
811 4089 972 4145 homo
995 4089 1153 4147 Jesus
1181 4092 1425 4150 Christus
1452 4094 1546 4150 Dei
1573 4095 1750 4153 Patris
1777 4113 1918 4154 unus

342 4169 511 4226 Filius
539 4175 846 4264 unigenitus
871 4179 924 4235 in
947 4197 1053 4235 una
1081 4199 1333 4252 persona,
1363 4186 1502 4242 sicut
1525 4202 1665 4258 saepe
1684 4187 1918 4246 diximus

343 4269 396 4314 et
423 4278 633 4333 semper
659 4267 917 4324 dicemus.
963 4271 1039 4326 De
1083 4274 1168 4329 his
1197 4276 1401 4332 duabus
1430 4277 1619 4336 formis
1645 4289 1702 4336 et
1729 4282 1920 4338 beatus

344 4351 671 4422 Augustinus
716 4357 770 4411 in
809 4359 949 4414 libro
976 4362 1148 4431 primo
1177 4364 1318 4437 (cap.
1355 4366 1409 4440 7)
1436 4371 1502 4423 de
1527 4380 1716 4426 sancta
1742 4373 1919 4428 Trini-

345 4452 455 4498 tate
484 4445 558 4499 ita
599 4445 852 4503 disseruit
899 4451 1128 4508 dicens:
1179 4473 1197 4505 ‹
1251 4455 1596 4529 Semetipsttm
1637 4464 1920 4520 exinaniri:

343 4533 570 4603 formam
596 4540 729 4594 servi
759 4542 1034 4613 accipiens.
1067 4543 1250 4616 Neque
1287 4548 1431 4603 enim
1471 4550 1550 4606 sic
1578 4555 1786 4624 accepit
1811 4555 1923 4611 for-

345 4639 492 4681 mam
529 4631 694 4697 servi,
739 4640 798 4686 ut
831 4635 1104 4692 amitteret
1141 4637 1371 4694 formam
1411 4641 1529 4708 Dei,
1576 4644 1629 4698 in
1674 4661 1780 4715 qua
1805 4657 1924 4704 erat

345 4717 761 4819 :equalisPatri.
794 4723 886 4781 Sic
927 4742 1055 4798 ergo
1087 4738 1305 4800 accepta
1341 4741 1425 4788 est
1452 4732 1624 4789 forma
1657 4737 1821 4803 servi,
1863 4747 1924 4794 ut

347 4895 404 4989 in
428 4893 600 4952 forma
645 4899 763 4967 Dei,
793 4905 931 4960 idem
962 4909 1075 4976 ipse
1111 4913 1182 4969 sit
1229 4915 1399 4972 Filius
1440 4918 1676 4989 Virginis
1721 4928 1776 4975 et
1812 4893 1925 4975 Dei

349 4986 528 5045 Patris
555 5003 604 5045 ι.
641 5009 661 5044 ι
693 4993 762 5048 Et
799 5005 923 5065 post
963 5014 1136 5068 pauca
1169 5023 1182 5058 :
1218 5024 1237 5057 ι
1268 5007 1502 5065 Proinde
1531 4986 1584 5066 in
1614 5011 1786 5074 forma
1829 5013 1925 5070 Dei

351 5077 478 5135 fecit
503 5082 796 5153 hominem,
825 5087 878 5141 in
905 5087 1078 5146 forma
1105 5097 1245 5150 servi
1271 5096 1443 5155 factus
1467 5110 1550 5157 est
1570 5104 1752 5160 homo.
1791 5104 1924 5159 Nam

349 5169 397 5223 si
431 5170 589 5228 Pater
627 5184 835 5233 tantum
883 5180 1000 5236 sine
1045 5183 1182 5240 Filio
1228 5187 1443 5246 fecisset
1487 5195 1776 5262 hominem,
1817 5213 1926 5253 non

352 5261 614 5359 scriptum
645 5280 805 5336 esset,
836 5269 1122 5330 Faciamus
1151 5277 1410 5336 hominem
1455 5285 1524 5339 ad
1567 5288 1843 5359 imaginem
1878 5302 1928 5347 et

353 5351 747 5448 similitudinem
775 5373 1005 5421 nostrain
1033 5366 1184 5442 (Gen.
1217 5387 1257 5436 ι,
1279 5372 1391 5446 28).
1423 5374 1564 5448 Ergo
1593 5351 1718 5448 quia
1755 5381 1928 5439 forma

354 5441 452 5498 Dei
494 5452 704 5538 accepit
744 5453 972 5512 formam
1010 5461 1172 5529 servi,
1208 5441 1694 5538 utmmque'Deus,
1720 5480 1931 5529 utrum-

356 5551 462 5606 que
489 5537 679 5608 homo;
712 5545 804 5600 sed
841 5559 1129 5623 utrumque
1157 5556 1300 5613 Deus
1334 5569 1555 5633 propter
1577 5564 1928 5636 accipientem

423 5661 453 5693 ε
483 5651 752 5725 integrum
783 5667 990 5719 textum
1022 5666 1143 5724 vide
1172 5668 1275 5726 loc.
1299 5673 1396 5729 cit.

2003 1799 2385 1869 proprietatem
2423 1809 2478 1854 et
2506 1801 2574 1856 ad
2602 1817 2761 1856 unam
2794 1801 3010 1857 deitatis
3047 1802 3382 1872 dignitatem.
3429 1804 3596 1875 Igitur

2006 1891 2146 1945 sicut
2179 1889 2498 1946 Nestoriana
2545 1892 2794 1962 impietas
2839 1892 2894 1946 in
2940 1893 3071 1948 duas
3097 1893 3369 1950 Christum
3406 1895 3596 1951 dividit

2004 1995 2284 2051 personas,
2326 1990 2550 2054 propter
2583 1981 2720 2036 duas
2747 1991 2987 2048 naturas,
3035 1999 3170 2054 quas
3215 1985 3330 2055 ipsa
3360 1986 3593 2050 Veritas,

2007 2088 2126 2143 qua:
2146 2071 2394 2127 Christus
2417 2080 2521 2139 est,
2570 2072 2746 2143 palam
2792 2073 2845 2126 in
2889 2088 2947 2127 se
2997 2075 3234 2128 ostendit
3283 2075 3415 2144 ipse,
3464 2075 3592 2130 dum

2008 2167 2084 2219 ait
2109 2183 2122 2218 :
2149 2163 2261 2234 Ego
2289 2174 2336 2217 et
2367 2163 2530 2218 Pater
2549 2181 2712 2220 unum
2741 2181 2921 2218 sumus
2945 2165 3125 2236 (Joan.
3151 2181 3206 2229 χ,
3232 2164 3347 2236 '50),
3374 2173 3597 2236 propter

2007 2255 2307 2310 divinitatis
2331 2256 2710 2310 substantiam.
2740 2256 2806 2309 Et
2833 2255 3026 2309 iterum
3054 2271 3073 2308 :
3104 2255 3265 2309 Pater
3301 2255 3474 2326 major
3513 2274 3597 2312 me

2008 2355 2083 2401 est
2131 2346 2313 2415 (Joan.
2360 2361 2471 2410 xxv,
2503 2345 2616 2415 20),
2663 2354 2886 2414 propter
2929 2345 3275 2400 humanitatis
3310 2356 3596 2412 naturam;

2011 2436 2084 2490 ita
2116 2443 2171 2490 et
2206 2443 2384 2490 vestra
2414 2435 2630 2490 indocta
2667 2435 2945 2490 temeritas
2984 2436 3037 2489 in
3083 2435 3217 2490 duos
3250 2451 3372 2490 eum
3401 2436 3600 2492 dividit

2011 2527 2171 2593 ﬁlios,
2211 2542 2376 2581 unum
2409 2527 2710 2597 proprium,
2741 2527 2970 2582 alterum
3011 2527 3340 2598 adoptivum.
3375 2527 3434 2584 Si
3459 2546 3598 2588 vero

2011 2617 2256 2675 Christus
2285 2625 2368 2672 est
2394 2619 2643 2688 proprius
2674 2617 2842 2673 Filius
2870 2618 2962 2673 Dei
2992 2618 3170 2674 Patris
3199 2629 3255 2674 et
3285 2621 3594 2692 adoptivus,

2010 2724 2140 2781 ergo
2163 2717 2245 2764 est
2266 2709 2402 2764 alter
2421 2717 2476 2764 et
2496 2709 2652 2763 alter.
2679 2707 2961 2772 Similiter.
2990 2710 3036 2764 si
3064 2710 3118 2764 in
3143 2711 3426 2767 divinitate
3451 2713 3599 2769 Deus

2011 2814 2172 2856 verus
2197 2805 2281 2853 est
2299 2807 2354 2854 et
2378 2798 2432 2852 in
2460 2798 2792 2853 humanitate
2812 2797 2973 2868 795
3001 2796 3141 2855 Deus
3167 2801 3588 2871 nuncupativus,

2012 2889 2150 2943 alter
2179 2887 2257 2959 [et
2284 2888 2442 2960 alter]
2477 2897 2578 2952 est,
2622 2898 2678 2942 et
2716 2888 3024 2944 nullatenus
3057 2890 3136 2945 sic
3174 2893 3465 2947 sentientes
3497 2907 3594 2962 po-

2013 2981 2169 3034 testis
2185 2980 2338 3034 vobis
2357 2980 2560 3035 evitare
2587 2979 2920 3049 impietatem
2942 2979 3276 3038 Ncstorianae
3295 2983 3554 3040 doctrinm
3577 3001 3595 3039 :

2013 3069 2136 3138 quia
2167 3083 2326 3138 quem
2353 3068 2442 3123 ille
2474 3068 2526 3122 in
2557 3069 2692 3123 duas
2715 3083 2973 3137 personas
3001 3070 3192 3125 dividit
3215 3080 3434 3142 propter
3462 3073 3603 3128 duas

2011 3167 2255 3224 naturas,
2285 3159 2428 3213 hunc
2458 3173 2554 3213 vos
2609 3159 2846 3214 dividitis
2880 3159 2934 3212 in
2971 3158 3105 3214 duos
3136 3159 3275 3216 filios
3302 3169 3358 3216 et
3379 3161 3434 3217 in
3463 3163 3603 3218 duos

2012 3247 2141 3302 deos
2179 3262 2274 3316 per
2300 3246 2602 3317 adoptionis
2634 3261 2828 3301 nomen
2874 3256 2930 3302 et
2964 3249 3395 3319 nuncupationis.
3426 3251 3598 3307 lntel»

2011 3335 2160 3406 ligite
2185 3335 2618 3404 quandoquidem
2661 3334 2806 3391 hunc
2845 3352 3087 3392 errorem
3127 3348 3390 3404 vestrum,
3419 3348 3473 3395 et
3495 3341 3599 3395 hu-

2012 3427 2293 3482 miliamini
2349 3428 2448 3482 sub
2500 3442 2664 3482 manu
2706 3429 3088 3498 omnipotentis
3135 3431 3254 3498 Dei,
3299 3442 3354 3488 et
3403 3434 3603 3490 discite

2013 3517 2258 3572 veritatis
2307 3515 2628 3582 doctrinam,
2674 3532 2742 3572 ne
2791 3518 2910 3574 sitis
2965 3523 3206 3592 magistri
3252 3524 3491 3579 erroris:
3531 3541 3608 3582 ne

2014 3605 2140 3660 dum
2168 3605 2486 3675 Eutychetis
2513 3604 2725 3661 foveam
2752 3607 3042 3673 declinare,
3093 3620 3148 3666 et
3181 3613 3605 3682 permixtionem

2016 3693 2256 3766 [Querc.,
2310 3695 2826 3770 impermixtionem]
2869 3699 3101 3755 duarum
3149 3712 3465 3760 naturarum
3509 3723 3609 3762 ca-

2015 3797 2142 3838 vere
2168 3781 2484 3850 videamini,
2520 3784 2574 3838 in
2601 3783 2832 3841 Nestorii
2868 3788 3186 3845 barathrum
3212 3793 3604 3852 inconvenien-

2014 3883 2098 3930 ter
2136 3876 2420 3932 dividendo
2445 3877 2727 3944 decidatis,
2775 3879 2902 3935 licet
2946 3897 3075 3938 voce
3103 3885 3388 3953 .‘dissimili,
3419 3898 3607 3945 tamen

2015 3966 2352 4024 confessione
2385 3970 2500 4039 pari
2529 3989 2542 4024 :
2573 3987 2734 4041 quem
2782 3974 2924 4028 enim
2975 3973 3103 4030 fecit
3132 3978 3220 4033 ille
3254 3980 3308 4033 in
3352 3984 3611 4050 personis

2016 4059 2247 4113 alterum
2271 4066 2326 4114 et
2356 4058 2606 4125 alterum,
2638 4061 2782 4117 hunc
2817 4077 2914 4117 vos
2941 4061 3118 4120 facitis
3143 4076 3197 4121 et
3225 4067 3280 4122 in
3320 4067 3446 4125 filiis
3465 4071 3609 4126 duo-

2014 4151 2135 4214 bus,
2170 4159 2226 4204 et
2252 4150 2307 4204 in
2332 4151 2630 4206 divinitatis
2651 4152 2962 4210 diversitate
2987 4155 3210 4212 alterum
3244 4168 3299 4214 et
3326 4161 3560 4218 alterum
3591 4184 3606 4218 :

2020 4241 2146 4310 quia
2184 4241 2493 4297 nullatenus
2540 4242 2595 4298 in
2639 4259 2802 4298 unam
2833 4259 3118 4314 personam
3153 4248 3479 4323 conjungere
3508 4269 3608 4326 po-

2019 4331 2175 4386 testis
2209 4329 2356 4386 illum
2387 4333 2477 4402 qui
2507 4333 2583 4387 ait
2625 4333 2681 4388 in
2712 4334 2846 4389 rubo
2876 4335 3041 4407 Moysi
3073 4337 3274 4393 famulo
3304 4356 3401 4396 suo
3434 4359 3447 4394 :
3484 4342 3605 4412 Ego

1948 4397 1996 4456 D
2020 4438 2137 4476 sum
2168 4420 2304 4475 Deus
2338 4397 2624 4490 Abraham,
2657 4435 2704 4478 et
2752 4423 2891 4480 Deus
2936 4397 3112 4493 I'saac,
3160 4439 3208 4483 et
3253 4430 3392 4486 Deus
3432 4397 3604 4488 Iacob

2023 4510 2177 4583 (Gen.
2205 4528 2396 4576 xxvm,
2435 4512 2545 4585 1'5).
2579 4513 2645 4567 Et
2675 4514 2820 4569 illum
2847 4517 2939 4586 qui
2965 4519 3040 4572 ait
3066 4537 3079 4572 :
3110 4519 3277 4576 Deum
3304 4522 3611 4582 Pharaonis

2023 4615 2070 4660 te
2095 4606 2338 4660 constitui
2367 4605 2562 4679 (Exod.
2594 4624 2692 4673 vn,
2729 4609 2803 4681 1).
2837 4611 2990 4666 Unde
3019 4622 3074 4668 et
3096 4615 3288 4672 beatus
3307 4617 3610 4689 Gregorius

2025 4694 2077 4747 in
2101 4697 2331 4764 quadam
2357 4695 2577 4750 homilia
2603 4697 2658 4751 in
2681 4698 3016 4756 Ezechielem
3035 4705 3352 4774 prophetam
3378 4707 3604 4780 (Homil.

2022 4783 2057 4838 8
2099 4785 2154 4839 in
2197 4786 2416 4852 Ezech.,
2461 4803 2515 4841 ιι.
2564 4787 2641 4859 3),
2689 4788 2742 4842 in
2793 4787 3008 4846 Christo
3051 4794 3270 4850 omnino
3305 4798 3608 4855 naturalem

2024 4881 2256 4930 testatur
2308 4875 2644 4931 divinitatem
2691 4893 2829 4943 esse,
2879 4895 2985 4934 non
3034 4887 3468 4954 nuncupativam.
3512 4887 3612 4945 Ait

2025 4962 2190 5026 enim,
2232 4961 2358 5017 dum
2397 4963 2465 5018 de
2505 4962 2601 5018 Dei
2641 4967 2901 5022 vocabulo
2937 4976 3214 5038 tractaret,
3249 4973 3382 5029 Ecce
3411 4979 3614 5033 consti-

2024 5050 2102 5103 tui
2135 5060 2183 5104 te
2219 5050 2387 5106 Deum
2431 5049 2729 5109 Pharaonis
2753 5072 2771 5108 :
2806 5073 2825 5106 ι
2880 5055 2938 5110 In
2991 5056 3271 5129 Scriptura
3313 5078 3468 5119 sacra
3505 5066 3612 5120 ali-

2027 5139 2241 5208 quando
2269 5141 2411 5196 Deus
2441 5146 2819 5214 nuncupative,
2849 5145 3134 5216 aliquando
3171 5167 3300 5208 vero
3341 5155 3485 5212 Deus
3513 5173 3611 5215 es-

2027 5229 2324 5285 sentialiter
2367 5231 2586 5287 dicitur.
2629 5232 2999 5305 Nuncupative
3038 5240 3180 5294 enim
3220 5241 3436 5309 dicitur,
3467 5246 3617 5303 sicut

2025 5333 2170 5372 nunc
2191 5318 2256 5373 ad
2281 5320 2516 5391 Moysem
2545 5322 2746 5378 dictum
2769 5334 2850 5380 est
2878 5341 2894 5380 :
2925 5327 3062 5384 Ecce
3089 5333 3335 5387 constitui
3360 5344 3409 5388 te
3435 5335 3614 5394 Deum

2028 5406 2346 5463 Pharaonis.
2386 5408 2538 5466 Sicut
2571 5412 2766 5468 iterum
2803 5415 3012 5488 Moyses
3047 5420 3122 5473 ait
3154 5439 3166 5475 :
3209 5421 3270 5476 Si
3299 5425 3414 5495 quis
3449 5425 3614 5482 homo

2027 5495 2124 5550 hoc
2144 5497 2220 5551 rel
2245 5497 2380 5552 illud
2415 5499 2615 5568 fecerit,
2658 5503 2860 5574 appiica
2888 5507 3035 5561 illum
3066 5510 3136 5562 ad
3171 5511 3315 5578 deos,
3349 5515 3613 5583 videlicet,

2027 5587 2097 5642 ad
2118 5589 2410 5684 sacerdotes
2436 5589 2632 5665 (Exod.
2662 5610 2795 5666 xm,
2824 5597 2901 5668 8).
2935 5597 3000 5653 Et
3021 5601 3158 5656 sicut
3181 5601 3464 5662 Psalmisla
3487 5610 3565 5666 ait
3591 5632 3606 5682 ;
