3906 6186
208 400 309 455 I37

953 400 1368 460 DOUIIATICA.
1410 434 1482 444 —
1516 406 1678 462 ADV.
1718 406 2011 464 FELICEM
2051 407 2230 464 LIBRI
2271 409 2379 465 VII.
2413 440 2482 449 —-
2517 409 2644 466 LIB.
2681 411 2724 468 Ι.

3366 417 3467 477 158

204 516 344 570 Deus
366 516 509 569 stetit
536 515 592 569 in
622 515 893 586 synagoga
924 515 1162 580 deorum,
1188 517 1245 571 in
1273 516 1445 571 medio
1474 526 1645 573 autem
1672 519 1794 573 deos
1822 525 1870 583 Α
1898 519 2066 575 Deum
2091 522 2513 592 omnipotentem
2564 524 2843 582 nominare
2878 527 3077 597 soleat;
3107 533 3251 602 quod
3274 535 3470 606 saepius

200 606 449 661 discernit
475 604 657 675 (Psal.
700 620 887 670 tum,
919 605 992 674 l).
1025 605 1398 661 Essentialiter
1424 614 1605 662 autem
1650 607 1794 663 Deus

203 695 420 764 (ﬁcitur,
455 695 601 749 sicut
630 694 748 765 ipse
775 694 843 749 ad
883 692 1121 763 Moysem
1152 694 1282 748 dicit
1314 712 1326 747 :
1360 694 1474 765 Ego
1501 713 1619 750 sum
1651 695 1794 751 Deus

203 787 492 852 Abraham,
523 795 576 839 et
599 785 747 839 Deus
772 783 953 850 Isaae,
993 794 1041 838 et
1086 784 1229 838 Deus
1268 783 1434 838 Iacob
1474 784 1670 856 (Exod.
1708 802 1792 851 Ill,

205 881 273 949 6).
306 879 465 936 Unde
486 877 693 933 Paulus
718 876 996 948 apostolus
1016 875 1202 931 volens
1232 876 1328 931 Dei
1363 890 1558 931 nomen
1587 892 1795 932 nuncu-

204 972 441 1043 pativum
461 970 534 1025 ab
556 966 837 1023 essentiali
859 967 1184 1030 discernere,
1216 966 1294 1021 ait
1318 983 1331 1019 :
1360 966 1597 1033 Quorum
1619 978 1792 1029 patres

203 1079 260 1116 ea:
285 1061 482 1132 quibus
511 1057 757 1113 Christus
803 1056 1089 1111 secundum
1129 1072 1362 1123 carnem,
1408 1057 1499 1127 qui
1527 1066 1603 1137 est
1644 1057 1793 1112 bene-

204 1154 368 1206 dictus
390 1166 556 1220 super
581 1149 759 1203 omnia
781 1147 928 1202 Deus
947 1147 1003 1202 in
1021 1146 1217 1202 stecula
1244 1146 1423 1219 (Rom.
1447 1162 1521 1212 ιχ,
1545 1146 1623 1219 5).
1647 1147 1795 1203 Nun-

205 1241 485 1311 cupativus
510 1238 663 1294 enim
689 1237 835 1292 Deus
861 1236 1004 1291 inter
1031 1237 1235 1304 omnia,
1267 1238 1575 1295 essentialis
1612 1246 1792 1295 autem

205 1346 360 1402 super
391 1331 601 1386 omnia.
635 1329 709 1385 Ut
740 1343 876 1401 ergo
918 1330 1230 1386 ostenderet
1268 1329 1544 1386 Christum
1573 1340 1793 1387 natura-

204 1422 320 1475 liter
345 1421 546 1486 Deum,
571 1435 678 1475 non
708 1421 856 1475 hunc
879 1420 1049 1476 Deum
1079 1420 1473 1487 tantummodo,
1504 1423 1598 1477 sed
1621 1422 1791 1479 Deum

203 1526 361 1581 super
386 1512 576 1565 omnia
597 1524 720 1565 esse
749 1511 1104 1565 memoravit:
1131 1512 1259 1580 quia
1286 1519 1340 1567 et
1361 1510 1542 1581 justus
1568 1513 1793 1582 quilibet

204 1604 343 1659 Deus
382 1611 491 1669 est,
522 1602 617 1657 sed
655 1603 801 1656 inter
833 1602 1036 1667 omnia,
1064 1601 1191 1671 quia
1219 1602 1614 1671 nuncupativus
1650 1604 1792 1658 Deus

203 1704 277 1749 est
310 1713 325 1747 :
367 1693 620 1749 Christus
658 1701 843 1747 autem
883 1693 1024 1748 Deus
1053 1708 1215 1762 super
1238 1694 1442 1759 omnia,
1480 1694 1608 1763 quia
1637 1702 1793 1749 natu—

204 1785 396 1839 raliter
420 1784 562 1839 Deus
582 1791 686 1838 est.
723 1802 743 1835 ι
778 1783 948 1854 Igitur
975 1798 1081 1838 non
1113 1799 1266 1853 aequa
1293 1785 1622 1855 proprietate
1664 1797 1793 1842 sunt

1898 609 2133 681 legentes
2158 613 2355 683 quique
2381 613 2626 671 invenire
2650 627 2893 686 possunt,
2925 633 3085 689 quam
3114 631 3174 678 ut
3210 625 3469 697 exemplis

1896 700 2177 772 indigeat:
2210 710 2265 756 et
2302 704 2416 773 ipse
2456 720 2671 777 quoque
2715 706 2879 763 Pater
2922 709 3117 768 Filium
3158 728 3317 771 suum
3344 732 3470 775 eum

1896 792 2220 857 nominaret,
2243 793 2382 848 sicut
2404 794 2457 848 in
2481 804 2666 852 sancto
2690 798 2958 870 baptismo
2983 802 3198 875 legitur,
3227 806 3320 862 ubi
3346 808 3424 863 ait
3448 824 3466 865 :

1896 880 2000 936 Hic
2026 892 2101 937 est
2126 881 2300 938 Filius
2319 900 2465 940 meus
2481 884 2720 956 dilectus,
2743 890 2797 944 in
2820 909 2921 962 quo
2944 895 3070 948 mihi
3089 895 3214 951 bene
3235 900 3467 972 compla-

1894 975 1979 1028 cui
2006 973 2221 1046 (Matth.
2249 992 2332 1041 tu,
2359 976 2467 1050 I7).
2497 978 2756 1037 Similiter
2779 991 2833 1037 et
2854 984 2908 1038 in
2952 993 3134 1042 monte
3161 997 3350 1045 sancto
3375 1006 3475 1048 att-

1894 1066 2163 1123 dientibus
2182 1068 2461 1137 apostolis,
2484 1070 2576 1139 qui
2601 1087 2723 1127 cum
2748 1089 2813 1129 eo
2833 1082 2990 1130 erant
3018 1094 3031 1130 :
3058 1076 3162 1132 Hic
3191 1088 3265 1134 est
3292 1078 3469 1137 Filius

1892 1171 2036 1210 meus
2066 1155 2307 1223 dilectus,
2333 1159 2389 1213 in
2419 1176 2521 1230 quo
2543 1161 2669 1216 mihi
2699 1161 2822 1217 bene
2842 1166 3156 1235 complacui,
3174 1167 3342 1237 ipsum
3373 1186 3470 1223 au-

1892 1245 1997 1299 dite
2031 1244 2244 1316 (Matth.
2277 1263 2410 1312 xvu,
2442 1246 2517 1317 5).
2546 1248 2687 1320 Ergo
2731 1250 3046 1307 divisionem
3077 1268 3186 1308 non
3212 1253 3342 1311 fecit
3362 1272 3469 1312 vox

1890 1343 2115 1404 paterna
2144 1335 2289 1390 inter
2311 1335 2505 1391 Filium
2530 1345 2585 1391 et
2606 1339 2824 1406 Filium,
2854 1341 2980 1411 quia
3005 1358 3162 1414 quem
3190 1345 3468 1415 proprium

1892 1425 1991 1479 sibi
2023 1425 2209 1495 genuit
2245 1442 2309 1481 ex
2339 1428 2663 1495 aeternitate,
2693 1431 2969 1499 proprium
2996 1449 3209 1502 quoque
3237 1436 3340 1490 sibi
3373 1452 3470 1494 vom

1894 1517 1992 1571 luit
2021 1518 2222 1573 habere
2268 1534 2335 1572 ex
2380 1530 2573 1573 matre.
2620 1519 2696 1574 De
2725 1520 2828 1575 hac
2852 1537 3064 1591 quoque
3095 1524 3469 1583 testiﬁcatione

1891 1614 2130 1674 paternae
2155 1608 2305 1663 vocis
2332 1616 2388 1661 et
2415 1608 2608 1662 beatus
2633 1607 2775 1663 Beda
2823 1611 3105 1682 presbyter
3150 1613 3205 1668 in
3258 1617 3469 1684 exposi-

1894 1696 2038 1752 tione
2063 1697 2272 1753 Cantiei
2301 1697 2637 1753 canticorum
2683 1698 2990 1769 huiusmodi
3019 1704 3346 1760 mentionem
3388 1706 3469 1761 fe-

1895 1786 1969 1840 cit
2001 1804 2013 1839 :
2041 1804 2060 1837 ι
2090 1786 2322 1841 Dilectus
2352 1804 2499 1842 meus
2539 1789 2794 1843 candidus
2831 1800 2880 1844 et
2904 1790 3240 1859 rubicundus,
3277 1794 3467 1850 electus

203 1881 292 1935 lilii
328 1878 500 1935 Iacob
542 1878 867 1949 patriarchae
910 1876 1097 1943 Iudas,
1145 1878 1235 1947 qui
1277 1878 1377 1934 sibi
1412 1879 1466 1934 in
1507 1881 1785 1951 pr0priuin
1822 1869 1861 1926 Β
1891 1894 1953 1933 ex
1982 1877 2212 1933 millibus
2248 1876 2422 1949 (Cant.
2452 1894 2507 1943 v,
2548 1877 2633 1950 l0)
2675 1897 2687 1932 :
2720 1880 3001 1947 candidus,
3037 1882 3164 1951 quia
3191 1883 3308 1939 sine
3338 1899 3468 1955 pec-

204 1973 366 2027 tilium
424 1971 641 2041 genitus
683 1977 788 2036 est,
833 1978 889 2026 et
923 1969 1197 2040 Ephraim,
1239 1986 1399 2041 quem
1428 1973 1643 2041 quidem
1673 1974 1788 2044 ipse

204 2064 508 2134 patriarcha
537 2062 810 2132 adoptavit
840 2063 941 2117 sibi
968 2063 1020 2116 in
1052 2061 1241 2117 ﬁlium.
1277 2063 1343 2118 Et
1374 2063 1499 2119 licet
1527 2065 1593 2120 de
1618 2066 1786 2120 utris-

204 2171 301 2225 que
348 2155 646 2224 nepotibus
692 2152 887 2223 regalis
934 2153 1182 2224 prosapia
1228 2161 1348 2208 orta
1391 2163 1555 2221 esset,
1607 2163 1787 2211 tamen

204 2246 457 2300 Christus
492 2245 671 2314 magis
704 2244 869 2299 voluit
915 2244 983 2298 de
1023 2242 1143 2312 ejus
1177 2245 1463 2314 nepotibus
1492 2245 1664 2309 nasci,
1694 2246 1787 2314 qui

204 2338 458 2408 proprius
488 2334 632 2389 ﬁlius
658 2335 769 2399 fuit,
796 2349 960 2404 quam
997 2334 1067 2389 de
1095 2334 1258 2400 illius,
1287 2350 1449 2404 quem
1478 2335 1785 2406 patriarcha

206 2428 298 2482 διἮὶ
335 2425 619 2495 adoptavit
654 2426 708 2478 in
736 2424 926 2478 ﬁlium.

268 2518 381 2573 Ill.
417 2517 574 2585 Quod
602 2532 734 2571 vero
780 2516 961 2572 dicitis
986 2527 1011 2556 ι
1041 2530 1056 2569 :
1093 2535 1112 2567 ι
1147 2514 1413 2569 Christum
1434 2515 1569 2569 duos
1597 2515 1786 2569 habere

205 2619 391 2679 patres,
420 2609 585 2663 Deum
617 2609 1044 2678 omnipotentem,
1076 2616 1124 2661 et
1159 2606 1328 2661 David
1367 2595 1568 2677 regem;
1591 2615 1638 2660 et
1682 2622 1787 2660 non

205 2718 349 2774 posse
374 2702 645 2772 proprium
671 2698 843 2768 ﬁlium
870 2698 1001 2752 duos
1042 2698 1232 2752 habere
1273 2706 1481 2768 patres;
1511 2716 1530 2749 ι
1559 2697 1680 2766 quis
1705 2704 1789 2751 est

209 2796 483 2851 hominum
503 2794 594 2864 qui
622 2808 689 2848 eo
716 2792 877 2846 modo
898 2806 1005 2846 non
1035 2791 1230 2845 habeat
1257 2799 1379 2860 post
1401 2790 1677 2860 proprium
1692 2804 1786 2859 pa-

209 2897 370 2951 trem,
397 2894 456 2940 et
480 2884 637 2938 aiium
663 2891 897 2952 patrem,
927 2895 1037 2951 quo
1054 2881 1220 2936 David
1249 2880 1349 2934 fuit
1373 2888 1528 2952 pater
1552 2879 1787 2936 Christi?

208 2977 328 3033 Non
349 2974 525 3031 solum
552 2988 737 3039 unum,
763 2971 859 3028 sed
882 2971 1064 3041 plures
1094 2972 1277 3035 etiam,
1312 2971 1452 3026 sicut
1480 2970 1594 3042 ipsa
1628 2971 1786 3026 beata

205 3070 390 3139 Virgo,
420 3064 773 3134 Omnipotens
800 3064 976 3133 potuit
997 3063 1197 3119 habere
1236 3071 1436 3133 patres,
1466 3062 1533 3117 de
1556 3076 1785 3131 quorum

208 3158 516 3230 genealogia
542 3164 665 3211 orta
694 3162 780 3210 est
807 3169 839 3207 a
874 3161 1029 3223 patre
1061 3167 1120 3207 se
1154 3160 1467 3224 generante,
1510 3165 1680 3222 usque
1718 3151 1787 3206 ad

1889 1977 2041 2034 cato;
2084 1969 2437 2034 rubicundus,
2489 1970 2615 2041 quia
2659 1986 2757 2027 suo
2795 1974 3057 2044 sanguine
3084 1989 3183 2031 nos
3209 1976 3464 2044 redemit;

1889 2062 2093 2118 electus
2139 2079 2206 2119 ex
2248 2064 2506 2130 millibus,
2552 2064 2678 2133 quia
2706 2080 2773 2119 ex
2801 2066 2948 2120 omni
2993 2081 3191 2137 genere
3234 2068 3468 2126 humano

1888 2169 2027 2209 unus
2053 2155 2316 2212 mediator
2340 2156 2435 2210 Dei
2457 2164 2513 2211 et
2533 2157 2834 2222 hominum,
2882 2172 2981 2227 per
3031 2173 3192 2228 quem
3235 2162 3467 2218 mundus

1889 2245 2284 2312 reconciliatur,
2309 2256 2616 2317 assumptus
2644 2258 2729 2303 est
2746 2266 2776 2303 a
2802 2250 2932 2305 Deo.
2967 2249 3127 2306 Solus
3157 2254 3463 2311 mortalium

1889 2350 1919 2389 a
1966 2335 2076 2390 Deo
2118 2336 2184 2392 de
2230 2336 2367 2392 coelo
2402 2339 2594 2408 dignus
2637 2338 2739 2394 fuit
2787 2341 2976 2396 audire
3019 2359 3031 2395 :
3089 2341 3192 2396 Hic
3240 2354 3314 2399 est
3367 2344 3467 2400 Fi-

1888 2424 1991 2480 lius
2042 2442 2185 2481 meus
2231 2427 2472 2494 dilectus,
2519 2429 2575 2484 in
2612 2445 2714 2501 quo
2748 2431 2874 2485 mihi
2918 2430 3212 2503 complacui
3246 2433 3459 2509 (Matth.

1887 2532 2021 2581 xvu,
2043 2515 2119 2588 5).
2159 2537 2179 2570 ι

1958 2608 2091 2662 XIII.
2130 2608 2260 2676 Quis
2287 2619 2506 2668 esttam
2551 2616 2929 2672 contentiosus
2947 2626 3003 2673 et
3042 2626 3152 2674 tam
3200 2620 3461 2689 perﬁdus,

1886 2700 1977 2770 qui
2003 2702 2313 2758 testimonio
2355 2704 2450 2759 Dei
2488 2704 2664 2762 Patris
2702 2723 2809 2763 non
2858 2710 3045 2765 credat
3076 2711 3143 2765 de
3168 2711 3307 2767 Filio
3327 2714 3462 2769 suo?

1888 2788 2038 2855 Quod
2063 2790 2430 2846 testimonium
2456 2792 2715 2863 praefatus
2736 2796 2925 2851 doctor
2970 2797 3102 2855 dicit
3125 2814 3289 2870 super
3313 2800 3461 2855 illum

1888 2880 2122 2947 venisse,
2152 2881 2245 2952 qui
2266 2883 2512 2937 mortalis
2544 2884 2647 2940 fuit
2676 2900 2691 2939 :
2722 2885 2813 2941 ubi
2854 2888 3033 2943 locum
3082 2889 3248 2946 habet
3281 2899 3462 2947 vestra

1887 2972 2162 3027 contentio
2194 2988 2317 3028 eum
2369 2990 2567 3045 negare
2610 2976 2807 3032 Filium
2855 2978 2952 3034 Dei
3007 2994 3129 3035 esse
3161 2984 3460 3052 proprium,

1880 3078 2047 3134 quem
2076 3078 2174 3119 suo
2195 3065 2505 3121 testimonio
2524 3081 2767 3122 summus
2808 3067 2971 3124 Pater
3011 3083 3168 3124 suum
3195 3086 3317 3127 esse
3335 3088 3463 3142 pro-

1885 3151 2087 3223 prium,
2112 3154 2274 3208 etiam
2301 3161 2359 3208 et
2394 3154 2650 3210 dilectum
2692 3163 2919 3212 testatus
2963 3159 3083 3212 est?
3121 3159 3313 3216 Nescio
3357 3177 3465 3231 qua

208 3224 395 3315 David;
425 3224 517 3304 vel
544 3247 711 3301 etiam
740 3259 911 3314 usque
938 3245 1006 3299 ad
1044 3244 1218 3314 ipsum
1244 3243 1414 3299 Adam
1446 3261 1460 3298 :
1492 3242 1619 3297 licet
1646 3259 1782 3313 quo—
1809 3224 1860 3292 Ο
1888 3241 2131 3296 caecitate
2160 3242 2364 3298 seducti
2390 3243 2542 3308 estis,
2564 3244 2720 3313 quasi
2748 3260 2854 3300 non
2878 3246 3048 3316 possit
3067 3262 3187 3304 esse
3213 3224 3464 3321 proprius

210 3346 323 3400 dam
352 3341 577 3413 speciali
601 3339 767 3410 regiae
791 3338 1068 3408 dignitatis
1085 3336 1366 3409 privilegio
1392 3343 1612 3406 propter
1631 3334 1787 3391 Chri-

212 3433 500 3499 stum,ﬁlia
531 3430 701 3485 David
728 3429 834 3485 dici
868 3429 1082 3495 debeat,
1131 3428 1271 3483 sicut
1323 3434 1380 3483 et
1427 3428 1540 3497 ipse
1588 3426 1786 3497 Ioseph

213 3526 364 3581 David
383 3527 534 3580 ﬁlius
563 3523 784 3588 dicitur,
804 3522 870 3576 ad
893 3536 1051 3591 quem
1078 3519 1298 3590 angelus
1320 3520 1396 3573 ait
1424 3535 1438 3572 :
1467 3519 1683 3588 Ioseph,
1707 3517 1787 3586 ﬁli

214 3618 388 3681 Dat-id,
412 3616 526 3671 noli
552 3616 738 3669 timere
769 3613 1003 3683 accipere
1049 3610 1279 3665 Mariam
1334 3609 1607 3679 canjugem
1641 3617 1786 3662 tuam

217 3709 413 3775 (Matth.
466 3724 509 3770 ι,
558 3705 690 3776 20);
716 3704 841 3775 quia
884 3717 950 3756 ex
978 3701 1146 3756 David
1193 3700 1397 3755 semine
1442 3698 1785 3753 sanctissima

214 3802 354 3856 virgo
382 3786 552 3840 Maria
585 3796 706 3838 orta
753 3791 859 3848 est,
884 3784 952 3839 de
979 3798 1087 3854 qua
1135 3782 1237 3837 sibi
1282 3779 1533 3835 Christus
1555 3793 1777 3833 carnem

216 3881 522 3947 assumpsit.
545 3876 691 3940 Iam,
715 3877 1016 3931 secundum
1035 3873 1179 3945 quod
1202 3870 1362 3927 vobis
1385 3871 1581 3941 placet,
1609 3870 1785 3926 bono-

216 3972 429 4026 nbilior
456 3980 542 4026 est
566 3972 619 4024 in
640 3969 867 4023 Christo
889 3967 1192 4037 paternitas
1209 3964 1383 4019 David
1408 3979 1571 4032 quam
1601 3972 1784 4033 pater-

214 4066 349 4122 nitas
372 4066 469 4120 Dei
498 4064 770 4121 l’atris.Et
797 4065 925 4134 quid
945 4064 1109 4118 vultis
1133 4061 1199 4117 de
1215 4059 1415 4131 Ioseph
1441 4061 1561 4130 ipso
1581 4059 1785 4127 dicere,

214 4158 275 4213 de
305 4172 417 4229 quo
445 4157 783 4228 evangelista
812 4155 888 4209 ait
914 4171 927 4206 :
957 4153 1026 4207 Et
1072 4162 1184 4207 erat
1220 4163 1372 4223 pater
1398 4155 1513 4223 ejus
1540 4161 1591 4207 et
1619 4161 1789 4206 mater

214 4252 472 4305 mirantes
500 4250 561 4302 de
588 4249 690 4312 his,
732 4264 848 4317 qua:
877 4247 1190 4300 dicebantur
1218 4247 1284 4302 de
1319 4261 1379 4299 eo
1403 4245 1555 4314 (Luc.
1580 4259 1645 4311 tt,
1671 4243 1786 4313 35),

213 4352 261 4396 et
295 4344 424 4411 ipsa
453 4351 624 4396 mater
646 4339 860 4394 Domini
890 4340 1060 4394 nostri
1088 4337 1215 4393 Iesu
1238 4336 1441 4393 Christi
1472 4354 1486 4391 :
1510 4335 1643 4404 Fili,
1664 4339 1793 4408 quid

215 4431 392 4502 fecisti
413 4431 566 4485 nobis
584 4433 683 4486 sic?
697 4449 791 4502 ego
808 4441 857 4485 et
876 4440 1025 4500 pater
1044 4441 1166 4485 tuus
1175 4430 1408 4485 dolentes
1418 4430 1789 4501 quaerebamus

219 4525 485 4625 ιαίιήά..
515 4525 750 4625 Ifizpui
780 4525 1151 4625 «.t‘irpseﬁlius
1188 4525 1467 4625 respondit
1483 4541 1510 4616 ,ε
1545 4522 1791 4625 Quidnest
1818 4564 1869 4625 υ

215 4604 342 4669 quod
358 4601 675 4673 qurerebatis
696 4603 816 4657 me?
836 4602 1158 4659 Nesciebatis
1176 4606 1312 4676 quod
1351 4605 1409 4658 in
1440 4605 1522 4660 his
1538 4620 1657 4676 quae
1678 4603 1788 4658 Pa-

218 4692 303 4744 tris
326 4691 431 4744 mei
463 4699 589 4744 sunt
615 4701 814 4762 oportet
844 4709 924 4747 me
969 4709 1081 4748 esse
1108 4693 1297 4766 (lbid.,
1346 4692 1476 4765 £9)?
1505 4693 1577 4749 Ut
1603 4702 1787 4750 osten-

217 4780 357 4835 deret
381 4781 604 4837 Patrem
632 4797 792 4838 suum
815 4797 937 4839 esse
963 4782 1154 4849 Deum,
1178 4783 1352 4852 magis
1370 4798 1531 4853 quam
1561 4782 1780 4852 Ioseph.

217 4870 432 4937 Tamen,
463 4879 526 4926 ut
570 4880 791 4928 sanctus
826 4873 1161 4945 Augustinus
1185 4874 1284 4939 ait,
1331 4874 1504 4944 magis
1537 4873 1784 4929 Christus

218 4971 292 5015 at
313 4962 458 5017 ﬁlius
494 4961 714 5033 Ioseph,
746 4978 911 5033 quam
962 4964 1009 5019 si
1048 4978 1174 5019 eum
1218 4964 1498 5034 adoptaret
1546 4962 1780 5027 aliunde,

223 5053 335 5120 quia
358 5053 425 5108 de
452 5067 629 5108 uxore
653 5068 751 5108 sua
775 5062 936 5108 natus
962 5060 1067 5108 est.
1098 5053 1328 5123 Ideoque
1365 5052 1528 5107 velim
1563 5066 1790 5123 respon-

221 5142 396 5207 deatis,
422 5160 495 5199 an
519 5145 699 5216 magis
726 5146 805 5200 sic
829 5144 988 5201 Iesus
1014 5144 1279 5210 Christus,
1320 5160 1388 5201 ex
1426 5145 1646 5216 Virgine
1690 5160 1790 5199 na-

222 5240 321 5299 tus,
338 5243 423 5288 est
448 5234 545 5290 Dei
570 5233 775 5301 Patris,
797 5244 892 5290 aut
935 5236 1104 5307 ipsius
1127 5235 1323 5307 Ioseph
1346 5235 1523 5293 ﬁlius?
1557 5234 1794 5291 Nullate—

219 5341 312 5382 aus
339 5328 571 5391 audetis,
614 5334 677 5383 ut
704 5342 846 5391 reor,
888 5329 1273 5399 paternitatem
1294 5326 1493 5398 Ioseph
1536 5327 1794 5397 praeferre

215 5418 522 5487 paternitati
545 5418 642 5472 Dei
658 5416 839 5473 Patris
854 5418 1016 5491 796
1038 5419 1092 5474 in
1105 5418 1324 5476 Christo
1343 5418 1492 5484 Iesu,
1515 5431 1584 5472 ne
1603 5427 1791 5489 aperta

215 5525 303 5567 vos
334 5510 622 5566 involutis
638 5509 977 5582 blaSphemia
1011 5531 1023 5566 ε
1052 5513 1179 5569 dum
1223 5512 1317 5569 ubi
1347 5510 1465 5585 [F.,
1487 5510 1710 5584 ubique]
1735 5512 1789 5567 in

218 5602 412 5657 sanctis
436 5599 746 5676 Evangeliis
771 5600 860 5656 ille
880 5601 995 5673 ipse
1010 5602 1150 5661 Deus
1167 5603 1417 5661 Christus
1442 5602 1546 5660 sibi
1572 5601 1787 5657 Patrem

277 5791 307 5823 ι
336 5779 458 5835 Vid.
481 5779 648 5843 intra,
671 5779 774 5834 lib.
801 5794 884 5845 ιη,
913 5796 969 5834 n.
1000 5783 1026 5835 ι

448 5871 725 5933 Ριτιοι..
772 5870 873 5933 CI.

1890 3328 2058 3384 Filius
2094 3329 2210 3396 Dei,
2266 3332 2358 3401 qui
2394 3347 2462 3387 ex
2514 3333 2733 3405 Virgine
2760 3343 2919 3391 natus
2947 3345 3050 3392 est.
3085 3338 3152 3394 Et
3196 3344 3465 3410 quomodo

1888 3428 2073 3476 sancta
2100 3421 2197 3477 Dei
2226 3422 2466 3479 Ecclesia
2489 3423 2700 3480 beatam
2728 3427 3002 3498 Virginem
3027 3431 3341 3500 genitricem
3368 3433 3467 3492 Dei

1889 3511 2163 3582 appellare
2210 3512 2368 3579 solet,
2413 3514 2516 3570 nisi
2547 3516 2672 3584 quia
2699 3516 2788 3573 ille
2829 3518 2944 3589 ipse
2972 3520 3063 3590 qui
3105 3530 3265 3579 natus
3287 3532 3373 3580 est
3397 3540 3465 3581 ex

1888 3599 2005 3669 ejus
2026 3616 2208 3667 carne,
2239 3603 2493 3673 proprius
2521 3613 2606 3661 est
2632 3605 2799 3663 Filius
2832 3607 2928 3663 Dei
2953 3626 2968 3659 ε
2999 3618 3054 3665 et
3080 3611 3173 3681 qui
3200 3620 3359 3669 natus
3382 3623 3465 3670 est

1888 3704 1953 3745 ex
1980 3689 2283 3746 substantia
2310 3691 2405 3748 Dei
2454 3693 2653 3761 Patris,
2679 3697 2934 3767 preprius
2975 3708 3060 3754 est
3086 3700 3255 3758 Filius
3289 3702 3466 3775 Virgi-

1889 3778 2006 3835 nis?
2044 3779 2117 3834 Ut
2144 3780 2196 3834 in
2226 3788 2455 3850 utraque
2494 3786 2842 3854 generatione
2886 3788 2965 3843 sit.
3002 3793 3325 3861 proprietas,
3354 3809 3463 3850 non

1888 3870 2132 3941 adoptio;
2166 3873 2387 3938 veritas,
2404 3870 2519 3929 'non
2547 3878 2853 3946 appellatio.
2906 3880 3076 3936 Sicuti
3113 3883 3167 3937 in
3211 3882 3350 3939 libro
3373 3899 3464 3941 ec—

1888 3959 2313 4017 clesiasticarum
2355 3961 2674 4032 Dogmatum
2726 3965 2940 4035 legitur,
2972 3970 3062 4024 ubi
3089 3980 3213 4038 post
3237 3973 3465 4028 catholi-

1890 4066 2009 4105 cam
2039 4061 2242 4108 sanctae
2270 4052 2549 4108 Trinitatis
2569 4055 2963 4112 confessionem
2987 4059 3053 4114 de
3075 4059 3195 4116 Filii
3223 4064 3468 4132 proprie-

1889 4150 2000 4197 tate
2023 4144 2080 4199 in
2100 4153 2330 4214 utraque
2352 4154 2546 4200 natura
2574 4155 2935 4216 congruenter
2966 4152 3274 4219 apostolicis
3301 4156 3465 4211 tradi-

1889 4233 2121 4289 tionibus
2169 4235 2432 4291 insertum
2476 4235 2671 4305 legitur
2694 4236 2724 4277 ιι
2757 4252 2773 4292 :
2803 4254 2824 4288 ‹
2876 4238 2992 4294 Non
3032 4239 3196 4296 Pater
3245 4258 3463 4300 carnem

1890 4325 2199 4395 assumpsit,
2233 4340 2407 4394 neque
2452 4324 2684 4396 Spiritus
2732 4336 2971 4394 sancuts,
3003 4331 3098 4386 sed
3139 4331 3307 4388 Filius
3342 4342 3462 4388 tan-

1890 4422 2003 4471 tum
2027 4433 2040 4469 :
2065 4424 2126 4471 ut
2169 4417 2258 4484 qui
2296 4426 2417 4473 erat
2440 4419 2723 4475 divinitate
2742 4420 2837 4476 Dei
2866 4420 3058 4489 Filius,
3087 4423 3203 4494 ipse
3228 4424 3384 4480 ﬁeret
3408 4430 3462 4479 in

1889 4507 2110 4563 homine
2142 4509 2377 4565 hominis
2404 4509 2610 4566 Filius:
2642 4526 2710 4567 ne
2750 4511 2869 4568 Filii
2918 4527 3114 4568 nomen
3140 4516 3205 4569 ad
3235 4515 3462 4571 alterum

1892 4601 2166 4668 transiret,
2214 4602 2308 4672 qui
2334 4593 2441 4657 non'
2482 4611 2601 4658 erat
2638 4603 2915 4658 nativitate
2959 4603 3145 4659 Filius.
3192 4604 3286 4659 Dei
3333 4620 3464 4677 ergo

1891 4695 2081 4761 Filius,
2126 4698 2359 4753 hominis
2406 4696 2582 4754 factus
2618 4706 2701 4753 est
2744 4696 2913 4752 Filius
2943 4714 2956 4750 :
2984 4706 3145 4754 natus
3170 4700 3464 4756 secundum

1890 4788 2172 4842 veritatem
2201 4795 2407 4843 naturae
2432 4803 2501 4843 ex
2548 4787 2659 4842 Deo
2708 4787 2805 4841 Dei
2849 4785 3039 4853 Filius,
3087 4795 3147 4843 ut
3169 4790 3465 4848 secundum

1890 4875 2173 4930 veritatem
2203 4883 2412 4931 natura:
2436 4890 2505 4933 ex
2533 4875 2752 4931 homine
2780 4876 3016 4932 hominis
3049 4876 3217 4935 Filius
3246 4896 3261 4934 :
3287 4886 3349 4935 ut
3372 4894 3464 4936 ve-

1891 4963 2027 5019 ritas
2053 4964 2217 5034 geniti
2239 4979 2346 5020 non
2371 4964 2677 5034 adoptione,
2722 4979 2829 5021 non
2868 4966 3254 5037 appellatione;
3286 4969 3381 5024 sed
3404 4970 3462 5024 in

1893 5065 2124 5127 utraque
2149 5057 2432 5112 nativitate
2457 5056 2580 5112 Filii
2605 5072 2801 5114 nomen
2826 5059 3098 5116 nascendo
3128 5061 3374 5125 haberet,
3406 5069 3463 5115 et

1893 5155 2038 5202 esset
2064 5162 2226 5203 verus
2249 5146 2416 5213 Deus,
2443 5156 2498 5202 et
2518 5162 2679 5204 verus
2720 5149 2915 5215 homo,
2951 5164 3088 5204 unus
3128 5148 3314 5204 Filius.
3345 5147 3460 5205 Non

1893 5255 2023 5312 ergo
2046 5241 2183 5296 duos
2223 5239 2491 5306 Christos,
2521 5253 2697 5311 neque
2745 5242 2880 5297 duos
2906 5228 3077 5316 ﬁlios,
3093 5240 3187 5295 sed
3212 5239 3383 5298 Deum
3408 5253 3461 5297 et

1892 5334 2167 5388 hominem
2189 5347 2358 5387 unum
2382 5332 2605 5399 Filium;
2631 5348 2791 5402 quem
2817 5339 3101 5402 prOpterea
3139 5336 3194 5386 et
3212 5331 3460 5404 unigeni-

1890 5432 2003 5479 tum
2032 5424 2261 5480 dicimus
2290 5432 2594 5480 manentem
2622 5422 2676 5478 in
2708 5421 2915 5477 duabus
2958 5422 3292 5487 substantiis,
3323 5423 3461 5479 sicut

1891 5525 2151 5572 creaturae
2171 5515 2374 5570 veritas
2386 5513 2629 5577 contulit,
2647 5528 2755 5569 non
2779 5513 3019 5569 confusis
3037 5514 3263 5579 naturis,
3288 5528 3460 5585 neque

1891 5606 2168 5672 immistis,
2193 5605 2336 5661 sicut
2354 5602 2685 5659 Timothiani
2713 5602 2921 5670 volunt,
2951 5604 3045 5659 sed
3067 5604 3326 5662 societate
3343 5605 3466 5661 uui-

1959 5780 1987 5819 δ
2007 5778 2152 5833 Inter
2173 5775 2416 5849 Append.
2444 5777 2509 5831 ad
2538 5776 2673 5848 Opp.
2707 5775 2875 5831 sancti
2902 5774 3210 5846 Augustini.

2949 5868 2987 5927 5
