3906 6186
381 364 482 418 159

1202 363 1262 417 Β.
1303 363 1362 418 F.
1396 362 1618 417 ALBlNl
1658 358 1788 414 SEU
1828 357 2100 412 ALCIIINI
2138 357 2416 418 OPERUM
2455 360 2632 417 PARS
2669 358 2760 415 lli.

3520 359 3630 416 HO

383 481 469 531 tis.
498 476 640 531 Deus
667 488 795 546 ergo
819 473 1092 530 hominem
1122 472 1434 542 assumpsit,
1472 473 1632 526 homo
1683 471 1736 522 in
1783 468 1950 522 Deum
1977 476 2024 531 Α
2053 467 2108 522 ln
2152 467 2258 526 hoc
2302 477 2483 526 autem
2523 469 2671 525 illum
2701 471 3008 538 adoptivum
3054 469 3324 526 credimus
3350 469 3492 541 apud
3526 471 3626 526 Pa-

383 564 659 631 trausivit;
691 577 797 620 non
826 572 1034 619 natura:
1073 561 1446 624 versibilitate,
1492 561 1586 614 sed
1631 557 1727 612 Dei
1771 557 1954 627 digna-

381 657 548 722 tione,
568 664 629 710 ut
655 671 754 712 nec
782 654 924 710 Deus
947 659 1250 708 mutaretur
1275 651 1332 706 in
1375 651 1663 704 humanam
1707 647 1954 702 substan-

377 747 508 800 tiam
541 745 865 801 assumendo
903 743 1212 805 hominem;
1265 753 1366 795 nec
1405 740 1567 794 homo
1593 739 1647 792 in
1692 737 1951 805 divinam,

377 836 505 892 licet
547 835 873 906 gloriﬁcatus
923 836 978 890 in
1028 835 1216 888 Deum.
1266 849 1286 884 ι
1331 830 1465 885 Nam
1513 832 1558 885 si
1609 844 1828 884 necesse
1870 836 1955 885 est

375 927 684 996 adoptivum
727 940 847 980 esse
879 923 1154 979 Christum
1205 921 1300 976 Dei
1329 920 1527 986 Patris,
1571 929 1792 989 propter
1811 919 1952 988 quod

377 1031 444 1069 ex
474 1015 775 1069 substantia
807 1029 901 1068 sua
949 1020 1111 1067 natus
1150 1026 1259 1066 non
1287 1019 1371 1064 est
1397 1010 1686 1064 secundum
1711 1024 1949 1072 carnem,

376 1106 644 1174 quomodo
683 1120 789 1159 non
821 1112 904 1158 est
941 1103 1222 1173 adoptivus
1251 1103 1394 1157 ﬁlius
1434 1102 1670 1171 Virginis
1718 1102 1806 1156 ille
1859 1102 1950 1170 qui

376 1205 535 1251 natus
560 1204 732 1251 estex
757 1195 888 1261 Deo,
904 1194 1028 1264 quia
1053 1195 1118 1250 de
1134 1194 1374 1263 ejusdem
1399 1193 1634 1260 Virginis
1653 1193 1949 1247 substantia

376 1296 592 1341 creatus
623 1302 728 1341 non
755 1287 873 1342 est?
919 1286 1062 1356 Ergo
1095 1286 1138 1339 si
1187 1298 1408 1338 necesse
1437 1293 1520 1338 est
1565 1284 1833 1337 hominem
1882 1297 1949 1335 ex

383 1379 594 1446 Virgine
621 1386 827 1444 natum,
855 1377 1196 1446 Virginisque
1237 1373 1402 1426 ﬁliuni
1429 1372 1678 1444 adeptive
1720 1387 1838 1426 esse
1863 1372 1950 1426 Fi-

378 1470 506 1523 lium
533 1468 626 1521 Dei
655 1484 668 1520 :
702 1467 819 1536 ipso
857 1466 1014 1520 modo
1043 1462 1400 1518 necessarium
1432 1469 1515 1516 est
1539 1462 1707 1514 Deum
1734 1461 1830 1515 Dei
1857 1461 1950 1515 Fi-

375 1559 507 1613 .ium
532 1557 777 1626 adoptive
807 1570 925 1610 esse
951 1555 1114 1608 lilium
1142 1551 1393 1621 Virginis,
1419 1552 1541 1620 quia
1567 1552 1672 1605 alia
1703 1551 1950 1605 substan-

376 1648 449 1701 tia
479 1655 563 1700 est
585 1645 682 1700 Dei
710 1646 912 1709 Patris,
937 1645 1000 1698 de
1032 1659 1137 1712 qua
1177 1642 1536 1697 essentialiter
1564 1650 1721 1696 natus
1743 1650 1825 1697 est
1852 1641 1946 1695 Dei

375 1736 574 1800 Filius;
607 1737 712 1790 alia
753 1735 1008 1804 Virginis,
1038 1734 1104 1786 de
1148 1747 1252 1801 qua
1281 1732 1633 1802 corporaliter
1677 1741 1836 1786 natus
1865 1739 1949 1785 est

374 1827 641 1882 Christus.
667 1825 773 1880 Aut
798 1825 845 1880 si
871 1826 973 1879 hoc
997 1839 1102 1877 non
1134 1823 1342 1878 audetis
1384 1823 1584 1886 dicere,
1614 1821 1737 1890 quia
1782 1820 1942 1875 Chri-
1975 1808 2018 1867 Β

370 1919 830 1977 3tianum‘nomen
868 1915 1101 1980 habetis,
1135 1922 1196 1969 ut
1215 1916 1373 1970 beata
1402 1915 1564 1984 Virgo
1593 1927 1698 1967 non
1725 1913 1794 1966 sit
1823 1927 1946 1982 pro-

372 2009 488 2077 prie
516 2008 610 2064 Dei
639 2009 890 2079 genitrix;
916 2008 1008 2062 sed
1035 2022 1130 2077 per
1159 2007 1518 2076 adoptionem,
1542 2019 1752 2075 aequum
1779 2013 1864 2059 est
1889 2011 1947 2056 ut

373 2113 476 2151 non
504 2099 743 2153 audeatis
762 2096 1028 2152 allirmare
1046 2097 1212 2151 lilium
1243 2096 1476 2166 Virginis
1497 2095 1805 2163 adoptivum
1827 2108 1946 2148 esse

372 2188 467 2243 Dei
492 2189 670 2245 Patris
697 2190 912 2244 Filium.
929 2189 1068 2256 Quid
1088 2189 1250 2260 igitur
1269 2194 1434 2242 restat
1457 2187 1560 2241 nisi
1589 2194 1646 2239 ut
1667 2186 1945 2254 utriusque

370 2279 610 2348 parentis
657 2294 818 2334 verus
860 2287 914 2333 et
963 2277 1235 2351 perfectus
1278 2278 1330 2331 in
1381 2275 1587 2332 duabus
1630 2275 1945 2331 substantiis

369 2367 528 2422 Jesus
551 2368 800 2423 Christus
828 2368 900 2421 sit
923 2367 1084 2437 797
1127 2366 1297 2421 Filius
1324 2374 1468 2420 totus
1489 2365 1583 2419 Dei
1613 2364 1791 2418 Patris
1813 2379 1942 2434 pro-

370 2459 542 2529 prius,
584 2466 729 2513 totus
751 2457 988 2527 Virginis
1030 2457 1220 2510 matris
1258 2455 1528 2525 proprius,
1578 2463 1639 2509 ut
1685 2455 1757 2509 sit
1805 2469 1944 2510 unus

371 2548 639 2613 Christus,
665 2563 805 2603 unus
829 2547 1019 2613 Filius,
1047 2555 1098 2602 et
1129 2562 1264 2601 unus
1290 2547 1465 2602 Deus?

441 2639 577 2696 XIV.
602 2637 899 2694 Audiamus
925 2637 1052 2708 quid
1081 2640 1268 2693 beatus
1291 2638 1621 2710 Augustinus
1643 2640 1697 2694 in
1715 2640 1940 2710 epistola

371 2729 440 2785 ad
464 2730 724 2785 Hilarium
753 2739 807 2786 et
844 2729 1165 2800 Prospcrum
1186 2742 1210 2771 ιι
1241 2730 1307 2786 de
1337 2731 1439 2785 hac
1479 2729 1708 2786 mirabili
1735 2739 1790 2786 et
1820 2747 1941 2802 spe-

375 2819 500 2873 ciali
526 2818 728 2874 Christi
751 2818 1029 2874 nativitate
1051 2818 1194 2873 dicat
1223 2833 1236 2872 :
1273 2837 1291 2869 c
1322 2817 1744 2888 Respondeatur,
1769 2820 1942 2890 inquit

368 2909 480 2974 ille,
510 2908 674 2964 homo
697 2916 758 2963 ut
781 2923 813 2964 a
839 2909 1006 2965 verbo
1031 2917 1297 2964 comterno
1325 2911 1379 2963 in
1409 2910 1668 2966 unitatem
1694 2925 1940 2980 persona:

369 3008 678 3070 assumptus
722 2998 888 3056 Filius
929 2998 1022 3054 Dei
1077 2999 1383 3070 unigenitus
1426 3007 1590 3063 esset,
1648 3000 1788 3053 unde
1841 3000 1940 3053 hoc

369 3091 563 3146 meruit
589 3099 782 3145 natura
801 3090 1057 3155 humana,
1079 3099 1140 3145 ut
1160 3088 1226 3143 ad
1253 3089 1391 3143 hanc
1413 3086 1733 3144 ineli‘abilem
1762 3087 1937 3142 excel-

368 3183 592 3238 lentiam
639 3181 978 3252 perveniret?
1012 3181 1198 3236 Nonne
1238 3179 1464 3236 faciente
1507 3195 1572 3234 ac
1617 3180 1937 3248 suscipiente

368 3274 549 3332 Verbo
567 3275 681 3344 ipse
707 3274 887 3338 homo,
917 3289 983 3327 ex
1005 3287 1111 3342 quo
1137 3288 1256 3328 esse
1282 3274 1466 3342 erepit,
1495 3271 1664 3327 Filius
1694 3273 1787 3327 Dei
1817 3273 1938 3326 uni—

373 3378 466 3418 --us
509 3378 630 3418 esse
671 3363 869 3432 εωρίιῖ
906 3360 1092 3418 Nonne
1139 3361 1330 3416 Filium
1375 3361 1468 3415 Dei
1499 3362 1714 3416 unicum
1743 3361 1940 3415 femina

371 3453 459 3505 illa
489 3451 660 3521 gratia
691 3450 845 3518 plena
870 3451 1162 3520 concepit?
1183 3449 1368 3504 Nonne
1411 3450 1476 3503 de
1525 3449 1726 3517 Spiritu
1751 3459 1941 3505 sancto

371 3550 428 3595 ct
445 3541 653 3610 virgine
681 3539 849 3594 Maria
870 3539 963 3594 Dei
992 3539 1159 3595 Filius
1178 3540 1368 3594 unicus
1393 3547 1551 3592 natus
1575 3548 1676 3604 est,
1698 3555 1804 3594 non
1821 3555 1940 3594 car-

367 3633 452 3688 nis
477 3632 714 3697 libidine,
747 3631 839 3686 sed
869 3630 1124 3702 singulari
1158 3631 1250 3684 Dei
1279 3630 1534 3684 munere?
1566 3649 1586 3682 ι
1635 3629 1772 3696 Quid
1809 3644 1938 3702 ergo

368 3724 733 3795 ambiguitatis
775 3722 936 3778 habet
965 3723 1097 3778 tanti
1144 3721 1320 3776 Patris
1371 3722 1766 3777 testimonium?
1799 3721 1938 3776 Ecce

366 3835 487 3875 eum
512 3817 604 3887 qui
639 3817 704 3873 de
729 3816 945 3888 Virgine
974 3823 1130 3870 natus
1157 3823 1261 3880 est,
1278 3814 1608 3884 unigenitum
1634 3821 1688 3868 et
1717 3811 1936 3867 unicum

368 3911 460 3964 Dei
488 3909 680 3964 Filium
708 3922 815 3962 non
843 3907 1106 3962 dubitavit
1128 3906 1406 3961 nominare
1443 3912 1500 3959 et
1517 3905 1755 3960 credere.
1789 3901 1935 3957 Nun—

366 3999 495 4070 quid
525 4013 662 4052 unus
705 3996 872 4053 Filius
916 3996 1078 4052 unius
1121 3993 1298 4050 Patris
1343 4001 1522 4065 potest
1569 4000 1858 4062 utrumque
1879 4001 1936 4046 et

364 4089 554 4145 unicus
581 4102 701 4144 esse
727 4095 782 4143 et
805 4085 1123 4159 adoptivus?
1143 4084 1239 4142 Vel
1263 4084 1330 4140 de
1349 4082 1588 4156 quolibet
1623 4091 1936 4139 sanctorum

366 4181 583 4252 legitur,
600 4179 702 4235 nisi
727 4179 794 4234 de
815 4177 1032 4233 Christo
1051 4175 1186 4243 solo,
1214 4177 1307 4248 qui
1327 4183 1485 4231 natus
1498 4182 1580 4231 est
1599 4189 1667 4230 ex
1692 4174 1932 4246 Virgine,

365 4273 698 4343 unigenitum
726 4271 819 4324 Dei
848 4270 1042 4324 Filium
1071 4269 1212 4325 dici?

434 4364 545 4420 XV.
587 4363 656 4417 Et
679 4362 726 4416 si
750 4376 940 4432 parum
981 4360 1202 4417 creditis
1256 4362 1575 4417 testimoniis
1623 4370 1932 4418 sanctorum

361 4453 602 4520 Patrum,
618 4451 822 4510 credite
842 4452 944 4523 ipsi
971 4451 1066 4507 Dei
1093 4450 1229 4506 Filio
1253 4451 1318 4506 dc
1345 4467 1402 4506 se
1425 4452 1790 4507 testimonium
1805 4467 1932 4522 pro-

363 4541 575 4598 ferenti.
604 4545 696 4600 Ait
714 4545 857 4600 enim
888 4545 943 4598 in
967 4542 1286 4612 Evangelio:
1313 4541 1400 4597 Sic
1428 4543 1564 4596 enim
1584 4543 1767 4597 dilexit
1788 4541 1930 4598 Deus

358 4632 636 4700 mundum,
657 4643 714 4688 ut
737 4632 786 4686 F
789 4634 936 4688 ilium
957 4650 1109 4688 suum
1139 4633 1459 4703 unigenitum
1482 4631 1630 4684 daret
1647 4632 1826 4702 (Joan.
1843 4647 1928 4697 tu,

365 4724 475 4798 46).
521 4727 654 4793 Quis
701 4735 880 4782 autem
927 4728 1082 4781 datus
1127 4733 1211 4780 est
1255 4739 1353 4795 pro
1381 4723 1564 4778 mundi
1593 4721 1801 4777 saluto?
1835 4723 1931 4777 Ille

363 4818 546 4889 utique
573 4816 665 4887 qui
690 4817 924 4871 torcular
951 4818 1180 4872 calcavit
1204 4816 1368 4880 solus,
1399 4822 1456 4870 et
1500 4814 1775 4885 sanguinis
1799 4813 1932 4869 etfu-

359 4912 513 4968 sione
530 4908 825 4964 rubicunda
839 4907 1025 4962 habuit
1046 4910 1387 4974 vestimenta,
1413 4922 1574 4978 quem
1589 4922 1684 4961 vos
1699 4922 1796 4977 per
1815 4921 1932 4961 om-

361 5002 452 5056 nia
481 4999 712 5057 similem
736 5012 858 5054 esse
885 4998 1059 5062 nobis,
1089 4999 1290 5068 absque
1317 4999 1433 5069 lege
1457 4998 1688 5068 peccati,
1710 5006 1930 5053 conten-

362 5091 511 5157 ditis,
541 5091 679 5147 sicut
705 5089 759 5144 in
785 5087 950 5143 libelli
977 5088 1141 5143 vestri
1167 5088 1310 5142 serie
1350 5089 1670 5154 ostenditur,
1710 5096 1770 5142 ut
1813 5089 1929 5159 ipsa

363 5181 525 5237 verba
547 5196 812 5252 ponamus
839 5195 957 5250 quae
979 5193 1074 5234 vos
1100 5178 1153 5232 in
1201 5179 1389 5234 eodem
1425 5180 1703 5248 posuistis,
1747 5179 1930 5234 dicen-

365 5278 447 5324 tes
478 5287 490 5322 :
527 5289 544 5321 ι
573 5269 689 5324 Non
715 5271 770 5325 in
792 5270 964 5340 gloria
992 5267 1227 5332 deitatis,
1254 5267 1306 5322 in
1328 5281 1431 5336 qua
1457 5282 1556 5337 per
1580 5268 1760 5323 omnia
1781 5267 1932 5322 simi-

363 5357 427 5412 lis
452 5364 536 5410 est
575 5356 742 5423 Patri,
774 5358 1051 5415 dissimilis
1075 5371 1205 5412 vero
1250 5356 1396 5410 omni
1423 5367 1715 5422 creaturae;
1753 5356 1848 5410 sed
1873 5356 1929 5409 in

361 5445 475 5500 sola
501 5445 857 5514 humanitate,
890 5450 943 5503 in
969 5465 1072 5519 qua
1095 5462 1192 5518 per
1218 5445 1399 5502 omnia
1429 5446 1619 5500 similis
1647 5445 1821 5501 factus
1847 5452 1932 5502 est

364 5536 539 5599 nobis,
569 5546 794 5606 excepta
823 5537 940 5608 lege
956 5539 1191 5608 peccati;
1219 5537 1409 5592 similis
1427 5538 1612 5606 utique
1635 5537 1688 5590 in
1712 5545 1926 5603 natura,

364 5625 447 5681 cui
473 5633 650 5680 tamen
676 5626 849 5681 nullus
865 5629 1052 5684 similis
1074 5635 1273 5691 exstat,
1300 5627 1382 5680 vel
1408 5626 1630 5694 aequalis
1655 5627 1708 5682 in
1737 5624 1922 5695 gloria.

433 5750 460 5782 ε
488 5737 721 5806 Epistula
752 5736 952 5809 ignota.

2053 567 2212 627 trem,
2232 559 2289 615 in
2318 574 2425 630 quo
2453 561 2742 615 secundum
2770 575 2990 614 carnem
3018 559 3160 616 illius
3184 568 3268 614 est
3295 560 3493 627 David;
3516 577 3624 618 non

2054 658 2232 708 tamen
2254 651 2308 706 in
2329 651 2432 706 hoc
2449 651 2593 722 quod
2618 651 2872 705 Dominus
2897 650 3104 705 existit.
3143 670 3162 703 ι
3197 651 3253 705 ln
3292 650 3475 706 multis
3501 667 3625 707 eum

2051 741 2283 798 dicimus
2309 741 2539 797 similem
2565 749 2622 797 et
2667 757 2784 806 nos,
2811 741 2866 794 in
2889 740 3133 810 pluribus
3173 741 3486 797 dissimilem
3513 760 3529 797 :
3552 743 3627 798 sic

2052 832 2195 887 milis
2221 833 2277 889 in
2303 841 2517 897 natura,
2545 840 2604 886 ut
2625 831 2824 896 dicitis,
2877 833 2970 886 sed
3017 832 3290 887 dissimilis
3334 832 3388 887 in
3429 833 3618 902 gloria.

2051 923 2334 978 Dissimilis
2363 930 2447 977 est
2467 921 2644 988 nobis,
2673 922 2716 976 si
2752 921 3030 977 nobiscum
3069 931 3152 976 est
3176 923 3456 993 adoptivus
3481 922 3623 978 illius

2052 1019 2104 1064 et
2131 1011 2525 1081 nuncupativus
2549 1010 2727 1065 Deus?
2753 1009 2941 1065 Videte
2971 1025 3038 1064 ue
3063 1010 3458 1080 vobismetipsis
3493 1025 3622 1065 cou-

2053 1102 2219 1156 traria
2246 1102 2436 1156 dicatis
2469 1119 2482 1154 :
2511 1116 2670 1171 quem
2723 1100 2968 1156 asseritis
3008 1101 3062 1154 in
3105 1109 3298 1156 natura
3338 1102 3492 1156 nobis
3523 1117 3622 1171 per

2052 1195 2230 1250 omnia
2257 1195 2509 1260 similem,
2539 1196 2682 1249 hunc
2708 1195 2956 1250 eumdem
3000 1194 3180 1249 dicitis
3225 1194 3539 1248 dissimilem
3567 1195 3620 1250 in

2049 1288 2236 1360 gloria.
2266 1287 2324 1342 ln
2352 1288 2456 1341 hoc
2481 1287 2622 1342 enim
2652 1286 2964 1342 dissimilem
2994 1286 3141 1340 illum
3169 1285 3321 1340 nobis
3369 1285 3619 1351 dicimus,

2051 1380 2173 1450 quia
2219 1395 2325 1434 non
2371 1378 2707 1434 solummodo
2731 1392 2899 1448 purus
2930 1379 3090 1432 homo
3133 1385 3293 1431 natus
3339 1385 3440 1442 est,
3481 1378 3621 1434 sicut

2049 1487 2172 1536 nos,
2203 1472 2298 1525 sed
2325 1471 2489 1525 etiam
2512 1470 2656 1526 Deus
2683 1471 2864 1526 homo.
2911 1469 3115 1525 Similis
3142 1471 3196 1525 in
3222 1485 3288 1526 eo
3313 1470 3454 1541 quod
3478 1471 3622 1541 Apo-

2050 1563 2217 1618 stolus
2247 1562 2342 1627 ait,
2368 1565 2492 1632 quia
2517 1563 2664 1631 pueri
2689 1562 3194 1616 communicauerunt
3231 1562 3378 1615 carni
3413 1570 3461 1615 et
3489 1578 3616 1616 ean-

2050 1652 2194 1722 guini
2211 1665 2229 1702 :
2254 1660 2302 1704 et
2328 1651 2436 1721 ipse
2455 1649 2695 1703 similiter
2719 1649 3046 1720 participavit
3071 1648 3284 1714 eisdem,
3304 1661 3358 1703 ut
3373 1665 3466 1720 per
3479 1665 3621 1704 mor-

2049 1752 2148 1794 tem
2197 1739 2482 1794 destrueret
2531 1753 2648 1791 eum
2701 1739 2789 1809 qui
2843 1736 3060 1791 habebat
3108 1738 3290 1792 mortis
3344 1739 3616 1808 imperium

2048 1828 2233 1900 (Hebr.
2257 1844 2319 1894 ιι,
2353 1826 2476 1898 14);
2506 1826 2782 1882 dissimilis
2802 1840 2929 1880 vero
2968 1825 3024 1880 in
3074 1840 3140 1880 eo
3181 1824 3325 1896 quod
3372 1827 3616 1882 eamdem

2044 1924 2274 1974 mortem
2301 1931 2407 1972 non
2434 1916 2633 1971 misera
2663 1916 3002 1980 necessitate,
3037 1916 3132 1970 sed
3160 1916 3501 1972 misericordi
3524 1933 3617 1973 vo-

2043 2009 2247 2065 luntate
2272 2009 2526 2077 suscepit,
2552 2008 2670 2077 ipso
2697 2015 2926 2063 testante
2959 2025 2972 2060 :
3006 2007 3320 2062 Potestatem
3345 2009 3507 2063 habeo
3525 2027 3618 2080 po-

2045 2098 2198 2154 nendi
2246 2099 2480 2152 animam
2517 2115 2708 2165 meam,
2761 2107 2809 2152 et
2848 2106 3154 2168 potestatem
3188 2099 3352 2154 habeo
3378 2101 3616 2154 sumendi

2043 2205 2159 2244 eam
2187 2188 2368 2261 (Joan.
2401 2206 2460 2255 ι,
2506 2189 2625 2260 18);
2666 2205 2790 2244 nam
2841 2206 2940 2246 nos
2985 2192 3310 2248 necessitate
3355 2193 3618 2248 morimur

2041 2296 2151 2336 non
2179 2280 2476 2347 voluntate,
2504 2282 2643 2336 sicut
2665 2281 2954 2352 Apostolus
2973 2283 3047 2337 ait
3073 2301 3087 2336 :
3116 2281 3184 2336 In
3203 2284 3299 2338 hoc
3317 2284 3454 2337 enim
3472 2284 3617 2353 inge-

2040 2369 2327 2435 miscimus,
2348 2369 2486 2440 quod
2514 2371 2844 2440 supervestiri
2871 2370 3125 2434 volumus,
3165 2379 3221 2423 ut
3273 2370 3620 2424 absorbeatur

2039 2459 2137 2515 hoc
2163 2459 2380 2513 mortale
2407 2477 2438 2512 a
2467 2461 2570 2514 vita
2595 2459 2681 2531 (II
2707 2458 2829 2514 Cor.
2859 2476 2910 2526 v,
2944 2460 3019 2531 4).
3063 2461 3129 2514 Ει
3162 2461 3216 2514 in
3244 2461 3346 2515 hoc
3373 2461 3616 2516 dissimi-

2039 2547 2106 2603 lis
2125 2548 2266 2618 quod
2288 2563 2413 2602 caro
2437 2547 2600 2614 illius,
2643 2563 2804 2618 quam
2846 2549 2911 2604 de
2948 2547 3165 2618 Virgine
3190 2550 3439 2621 sumpsit,
3481 2565 3616 2606 caro

2039 2648 2122 2694 est
2167 2637 2288 2692 Filii
2331 2639 2426 2692 Dei
2474 2647 2694 2709 propter
2719 2641 2972 2694 unionem
2996 2640 3181 2705 Verbi,
3210 2640 3354 2710 quod
3376 2655 3505 2696 caro
3535 2641 3619 2698 fa-

2039 2738 2184 2784 ctum
2214 2737 2316 2800 est.
2347 2731 2421 2784 De
2443 2729 2597 2798 cujus
2623 2731 3041 2801 supereminenti
3068 2731 3237 2801 gloria
3260 2739 3314 2786 et
3344 2731 3617 2801 incompa-

2041 2813 2195 2876 rabili
2214 2821 2464 2878 omnibus
2486 2823 2707 2888 sanctis,
2751 2822 2894 2877 illius
2923 2823 3106 2892 utique
3154 2822 3246 2892 qui
3293 2837 3360 2878 ex
3391 2823 3616 2894 Virgine

2042 2914 2215 2969 factus
2239 2923 2339 2981 est,
2369 2929 2532 2970 verus
2558 2915 2625 2970 sit
2653 2915 2961 2984 unigenitus
3005 2914 3100 2969 Dei
3142 2913 3329 2978 Filius,
3359 2913 3615 2985 praefatus

2041 3015 2193 3075 pater
2219 3005 2547 3076 Augustinus
2574 3005 2626 3060 in
2668 3005 2806 3060 libro
2834 3020 2992 3074 quem
3017 3003 3383 3059 chraesentia
3412 3005 3504 3060 Dei
3545 3005 3616 3060 ad

2043 3094 2348 3149 Dardanum
2401 3095 2618 3164 scripsit
2661 3094 2848 3164 (Nam.
2880 3094 2992 3165 40),
3025 3093 3342 3148 mirabiliter
3367 3104 3422 3149 et
3449 3094 3616 3150 subli-

2045 3183 2207 3238 miter
2234 3183 2511 3245 disseruit,
2541 3183 2613 3236 ita
2641 3181 2825 3236 dicens
2865 3199 2876 3234 :
2917 3200 2935 3232 σ
2972 3181 3108 3248 Quid
3148 3196 3276 3252 ergo
3302 3181 3415 3236 est?
3442 3182 3616 3236 hocne

2042 3271 2304 3328 interesse
2324 3271 2654 3324 arbitramur
2700 3271 2842 3324 inter
2869 3279 3031 3340 caput
3070 3277 3126 3324 et
3155 3270 3390 3325 membra
3419 3279 3615 3325 cetera

2041 3363 2184 3432 quod
2206 3363 2258 3416 in
2282 3361 2519 3432 quolibet
2540 3362 2786 3430 quamvis
2812 3363 3077 3432 praecipuo
3099 3363 3361 3427 membro,
3383 3361 3528 3417 velut
3558 3364 3616 3417 in

2041 3451 2219 3520 aliquo
2239 3465 2434 3520 magno
2461 3451 2724 3520 propheta
2749 3459 2844 3504 aut
2866 3451 3106 3521 apostolo
3147 3453 3390 3521 quamvis
3419 3453 3618 3506 divini-

2041 3548 2124 3594 tas
2149 3539 2374 3603 habitet,
2421 3553 2528 3593 non
2574 3547 2753 3595 tamen
2793 3548 2853 3594 ut
2877 3539 2931 3594 in
2956 3541 3151 3610 capite,
3179 3541 3322 3611 quod
3347 3549 3430 3595 est
3455 3541 3616 3596 Chri-

2039 3639 2175 3696 stus,
2201 3629 2378 3684 omnis
2401 3629 2676 3700 plenitudo
2717 3629 3031 3685 divinitatis.
3078 3630 3214 3685 Nam
3264 3639 3320 3685 et
3343 3630 3397 3685 in
3428 3639 3616 3686 nostro

2038 3735 2267 3790 corpore
2290 3721 2430 3778 inest
2457 3737 2652 3778 sensus
2691 3722 2914 3793 singulis
2940 3724 3215 3789 membris,
3241 3723 3335 3779 sed
3356 3737 3462 3778 non
3491 3732 3616 3777 tau-

2036 3819 2124 3866 tus
2140 3819 2371 3882 quantus
2393 3811 2448 3864 in
2474 3812 2666 3881 capite,
2691 3813 2780 3868 ubi
2795 3827 3017 3881 prorsus
3037 3814 3213 3869 omnis
3229 3813 3465 3884 quinque
3478 3829 3612 3883 per-

2037 3905 2166 3960 titus
2193 3912 2296 3961 est.
2315 3903 2394 3959 lbi
2422 3905 2569 3959 enim
2595 3913 2650 3959 et
2675 3905 2820 3961 visus
2840 3914 2942 3971 est,
2964 3915 3019 3961 et
3033 3907 3265 3974 auditus,
3287 3916 3343 3962 et
3357 3905 3612 3972 olfactus,

2035 4005 2092 4052 ct
2135 4005 2344 4068 gustus,
2394 4005 2451 4051 et
2491 4004 2714 4052 tactus:
2758 3997 2813 4052 in
2862 3998 3072 4052 caeteris
3111 4005 3289 4052 autem
3342 3997 3489 4053 solus
3527 4009 3616 4054 est

2036 4095 2230 4144 tactus.
2257 4087 2342 4142 An
2371 4087 2532 4143 etiam
2562 4095 2761 4156 praeter
2805 4088 2910 4144 hoc
2959 4089 3100 4159 quod
3145 4087 3292 4143 velut
3323 4087 3378 4144 in
3406 4089 3617 4160 templo

2035 4178 2091 4234 in
2117 4176 2208 4235 illo
2234 4192 2460 4247 corpore
2503 4177 2708 4235 habitat
2753 4180 2928 4236 omnis
2967 4179 3242 4250 plenitudo
3287 4179 3614 4247 divinitatis,

2034 4274 2119 4325 est
2144 4267 2314 4336 aliud,
2343 4267 2486 4337 quod
2512 4267 2725 4326 intersit
2748 4267 2892 4325 inter
2941 4269 3070 4326 illud
3119 4278 3276 4340 caput
3311 4279 3366 4325 et
3390 4269 3615 4339 cujusli-

2031 4359 2127 4417 bet
2144 4359 2375 4418 membri
2402 4358 2810 4416 excellentiam?
2844 4361 2942 4416 Est
2981 4361 3155 4432 plane,
3183 4361 3324 4431 quod
3348 4361 3611 4432 singulari

1955 4487 2011 4551 Β
2037 4451 2267 4522 quadam
2287 4451 2650 4551 susceptione
2663 4451 2897 4551 hominis
2914 4451 3054 4507 illius
3082 4467 3186 4507 una
3216 4450 3354 4507 facta
3383 4461 3463 4508 est
3481 4467 3614 4522 per-

2033 4556 2164 4599 sona
2209 4557 2331 4596 cum
2377 4542 2568 4597 Verbo.
2613 4542 2690 4597 De
2733 4542 2878 4599 nullo
2906 4543 3049 4598 enim
3089 4543 3253 4614 798
3294 4551 3611 4598 sanctorum

2032 4632 2140 4689 dici
2157 4633 2350 4704 potuit,
2381 4638 2475 4685 aut
2501 4640 2700 4701 potest,
2729 4639 2822 4685 aut
2851 4631 3070 4701 poterit,
3107 4629 3333 4685 Verbum
3368 4645 3489 4684 caro
3519 4631 3614 4699 fa-

2030 4734 2192 4780 ctum.
2222 4722 2410 4778 Nullus
2458 4732 2765 4779 sanctorum
2804 4722 3042 4792 qualibet
3085 4722 3390 4792 praestantia
3415 4722 3613 4792 gratiae

2031 4813 2293 4883 unigeniti
2318 4828 2514 4867 nomen
2539 4813 2766 4883 accepit,
2798 4822 2855 4867 ut
2874 4813 3016 4883 quod
3039 4821 3122 4868 est
3150 4813 3323 4882 ipsum
3350 4811 3444 4866 Dei
3470 4812 3616 4866 Ver-

2031 4901 2158 4958 bum
2189 4913 2312 4957 ante
2341 4902 2554 4967 saecula,
2580 4904 2683 4959 hoc
2707 4902 2866 4958 simul
2908 4918 3031 4958 cum
3077 4911 3350 4973 assumpto
3384 4903 3612 4960 homine

2031 4993 2320 5048 diceretur.
2368 4991 2669 5064 Singularis
2722 5002 2807 5048 est
2860 4993 2954 5048 illa
3010 4995 3300 5064 susceptio,
3347 5009 3447 5050 nec
3475 5010 3609 5051 cum

2030 5083 2338 5139 hominibus
2356 5082 2624 5153 aliquibus
2655 5083 2857 5138 sanctis
2884 5084 3214 5152 quantalibet
3258 5085 3521 5155 sapientia
3543 5095 3610 5142 et

2029 5174 2314 5228 sanctitate
2349 5173 2731 5242 praestantibus
2767 5173 2878 5229 ullo
2917 5175 3075 5230 modo
3100 5183 3275 5245 potest
3303 5188 3423 5230 esse
3445 5191 3604 5231 eom-

2028 5264 2225 5328 munis,
2244 5263 2334 5317 ubi
2354 5263 2545 5317 divina.-
2561 5261 2746 5332 gratiae
2771 5264 2906 5317 satis
2927 5265 3264 5334 perspicuum
3287 5263 3607 5332 clarumque

2027 5349 2410 5406 documentum
2439 5359 2540 5405 est.
2567 5351 2699 5417 Quis
2738 5353 2882 5406 enim
2928 5361 3038 5408 tam
3086 5353 3158 5408 sit
3200 5352 3510 5422 sacrilegus,
3541 5362 3608 5408 ut

2028 5439 2222 5494 audeat
2247 5439 2535 5500 allirmare,
2565 5439 2799 5510 aliquam
2847 5457 3004 5512 posse
3043 5442 3274 5495 animam
3315 5454 3412 5510 per
3438 5441 3610 5495 meri-

2030 5538 2142 5583 tum
2166 5530 2318 5584 liberi
2348 5531 2584 5596 arbitrii,
2609 5539 2670 5584 ut
2695 5531 2832 5586 alter
2853 5531 2926 5586 sit
2964 5531 3228 5595 Christus,
3254 5530 3496 5585 ellicere?
3528 5529 3612 5587 Ut

2028 5623 2172 5679 enim
2217 5623 2284 5678 ad
2328 5637 2611 5692 personam
2654 5623 2816 5680 Verbi
2863 5622 3122 5692 unigeniti
3146 5623 3460 5689 pertineret,
3490 5635 3606 5690 quo
