3906 6186
214 396 307 452 Ni

963 395 1373 454 DOGMATICA.
1405 426 1475 440 -ι-
1503 399 1661 456 ADV.
1701 398 1992 454 FELICEM
2033 401 2211 456 LIBRI
2249 402 2356 456 Vll.
2396 433 2464 443 —
2493 403 2618 458 LIB.
2652 407 2697 459 ἴ.

3362 408 3463 470 ΜΞ

205 518 363 581 pacto
385 521 488 579 per
535 507 770 561 liberum
819 507 1100 562 arbitrium
1143 511 1501 564 communiter
1545 510 1796 564 omnibus
1821 509 1872 569 Δ
1899 508 2057 562 homo
2085 515 2170 562 est
2211 509 2300 578 qui
2327 518 2633 580 assumptus
2657 518 2761 566 est.
2801 529 2820 562 ι
2847 511 2921 566 De
2949 527 3055 582 quo
3097 520 3150 568 et
3174 513 3462 584 Apostolus

204 611 257 658 et
277 599 603 655 naturaliter
631 599 816 652 datum
845 613 951 652 una
977 599 1091 654 sola
1129 600 1307 654 anima
1357 600 1664 665 meruisset,
1688 601 1791 654 nisi

206 693 310 747 hoc
328 688 630 760 singularis
655 689 831 757 gratia
852 689 1210 757 praestitisset,
1239 706 1396 759 quam
1428 690 1509 744 fas
1548 697 1631 744 est
1649 705 1790 759 prte-

207 780 405 839 dicare,
438 777 507 832 de
533 792 642 846 qua
674 774 828 831 nefas
868 784 951 831 est
989 775 1233 844 judicare
1278 779 1446 834 velle?
1496 799 1512 831 ι
1567 778 1643 833 De
1690 780 1793 834 hac

209 869 364 923 etiam
393 865 719 921 excellentia
743 864 884 918 illius
908 865 1161 931 hominis,
1187 867 1278 936 qui
1300 866 1366 921 de
1395 867 1612 937 Virgine
1635 875 1794 923 natus

210 967 307 1021 est,
348 957 499 1012 idem
546 955 711 1009 Pater
751 955 808 1009 in
847 955 1073 1024 epistola
1105 955 1326 1026 przefata
1355 943 1426 1012 ad
1452 957 1711 1012 Hilarium
1737 965 1794 1012 et

210 1049 536 1120 Prospernm
556 1046 864 1102 sublimiter
881 1056 1117 1113 enarrat,
1139 1049 1231 1103 ubi
1252 1049 1586 1104 abundanter
1612 1051 1795 1120 dispu-

214 1149 284 1196 tat
305 1148 504 1196 contra
534 1137 899 1202 adversarios,
925 1139 1016 1208 qui
1037 1139 1242 1209 seipsos
1263 1140 1500 1210 aequales
1521 1155 1640 1196 esse
1665 1157 1790 1196 con—

213 1233 437 1288 tendunt
461 1230 518 1284 in
546 1228 722 1299 gratia
741 1226 959 1283 Christo
984 1237 1204 1299 pmpter
1242 1230 1670 1285 communionem
1698 1246 1796 1285 na-

213 1330 362 1384 turas,
383 1333 597 1390 ponens
619 1318 798 1388 primo
825 1318 987 1371 verba
1013 1317 1442 1372 adversariorum
1467 1318 1570 1373 hoc
1597 1318 1789 1374 modo:

219 1428 236 1460 ι
265 1408 636 1479 Respondeat,
664 1406 863 1474 inquit,
891 1406 1051 1462 homo
1076 1405 1202 1468 Deo,
1234 1406 1278 1460 si
1304 1406 1486 1470 audet,
1531 1415 1586 1461 et
1624 1405 1790 1474 dicat,

214 1501 316 1555 Cur
343 1515 454 1556 non
475 1507 534 1554 et
560 1499 698 1568 ego?
742 1497 810 1552 Et
833 1498 878 1553 si
909 1498 1175 1553 audierit:
1206 1497 1249 1553 Ο
1279 1498 1440 1554 homo
1487 1509 1546 1553 tu
1586 1499 1708 1567 quis
1733 1513 1794 1554 es

214 1590 301 1658 qui
324 1589 658 1658 respondeas
683 1586 830 1641 Deo?
853 1601 952 1642 nec
971 1587 1049 1642 sic
1067 1587 1332 1652 cohibeat,
1364 1588 1456 1643 sed
1483 1596 1674 1658 augeat
1693 1588 1795 1642 im-

215 1678 527 1749 pudentiam
555 1686 610 1732 et
654 1676 798 1731 dicat
829 1691 844 1730 :
871 1675 1148 1743 Quomodo
1187 1678 1365 1741 audio,
1415 1677 1494 1731 Tu
1529 1677 1650 1747 quis
1673 1693 1738 1732 es
1760 1693 1794 1732 ο

220 1772 411 1834 homo,
462 1784 583 1823 eum
624 1766 730 1822 sim
780 1767 922 1837 quod
945 1767 1122 1832 audio,
1163 1767 1216 1822 id
1243 1775 1328 1822 est
1354 1768 1534 1833 homo,
1570 1768 1713 1837 quod
1739 1775 1794 1822 et

215 1860 300 1914 ille
330 1861 401 1914 de
430 1875 538 1929 quo
561 1874 693 1930 ago;
723 1835 822 1913 cur
848 1873 953 1912 non
977 1857 1077 1912 sim
1104 1857 1248 1927 quod
1271 1857 1388 1912 ille?
1410 1857 1478 1910 At
1497 1835 1641 1912 enim
1667 1873 1794 1929 gra-
1827 1835 1869 1894 Β

218 1953 284 2006 tia
309 1951 398 2006 ille
426 1951 550 2006 talis
570 1959 624 2005 et
651 1958 832 2004 tantus
855 1957 955 2003 cst.
983 1947 1091 2003 Cur
1115 1949 1324 2004 diversa
1365 1957 1450 2004 est
1485 1949 1681 2019 gratia,
1705 1949 1798 2004 ubi

221 2051 412 2098 natura
467 2041 773 2096 communis
816 2039 932 2094 est?
975 2038 1133 2094 Certe
1179 2055 1284 2094 non
1315 2048 1397 2094 est
1441 2054 1797 2109 personarum

221 2136 460 2207 acceptio
487 2134 631 2204 apud
651 2134 837 2189 Deum.
867 2131 997 2200 Quis
1026 2147 1130 2186 non
1171 2131 1292 2186 dico
1313 2131 1673 2196 Christianus,
1703 2131 1798 2187 sed

222 2229 444 2281 insanus
466 2226 589 2279 haec
614 2224 783 2278 dicat?
828 2223 1098 2293 Appareat
1138 2222 1320 2291 itaque
1348 2221 1504 2276 nobis
1531 2221 1584 2274 in
1611 2229 1798 2276 nostro

222 2318 392 2388 capite
440 2317 561 2386 ipse
613 2314 730 2368 fons
768 2313 976 2384 gratiae,
1018 2313 1160 2368 unde
1207 2312 1501 2368 secundum
1546 2311 1799 2366 uniuscu-

222 2407 404 2477 jusque
436 2419 750 2461 mensuram
776 2418 937 2473 super
961 2412 1153 2458 cuncta
1181 2401 1296 2471 ejus
1337 2401 1576 2457 membra
1604 2398 1799 2454 diffun-

225 2496 312 2550 dit.
342 2495 416 2549 Ea
445 2494 626 2565 gratia
652 2492 714 2547 fit
737 2491 808 2547 ab
831 2491 984 2546 initio
1009 2490 1132 2546 fidei
1157 2505 1268 2545 suae
1307 2491 1470 2545 homo
1491 2489 1798 2558 quicunque

225 2588 582 2652 Christianus,
609 2600 718 2655 qua
744 2583 917 2654 gratia
943 2583 1102 2638 homo
1130 2582 1220 2637 ille
1247 2581 1314 2636 ab
1337 2580 1490 2636 initio
1513 2579 1685 2634 factus
1713 2587 1800 2634 est

226 2679 488 2735 Christus.
519 2678 596 2732 De
624 2678 743 2746 ipso
771 2675 975 2746 Spiritu
1000 2681 1083 2730 cst
1117 2674 1207 2729 hic
1234 2680 1473 2735 renatus,
1496 2671 1561 2726 de
1581 2686 1686 2740 quo
1714 2677 1800 2724 est

227 2769 308 2824 ille
337 2778 526 2823 natus.
566 2786 584 2819 ι
615 2767 806 2831 Aliter,
838 2773 898 2820 ut
922 2771 1139 2821 sanctus
1159 2762 1484 2834 Augustinus
1502 2761 1618 2814 vult
1642 2759 1798 2814 intel-

224 2859 332 2931 ligi,
361 2859 641 2930 plenitudo
686 2856 854 2912 fontis
891 2861 1088 2920 manat,
1141 2853 1298 2909 aliter
1343 2851 1500 2907 rivuli
1542 2864 1798 2906 mensura

225 2952 406 3007 currit
433 2950 502 3006 de
524 2949 682 3015 fonte,
713 2949 859 3021 quod
883 2950 1074 3003 beatus
1102 2946 1338 3017 Baptista
1370 2951 1596 3000 testatur
1625 2960 1644 2997 ι
1675 2942 1799 2996 Non

224 3044 383 3106 enim,
410 3040 602 3111 inquit,
630 3039 698 3093 ad
735 3055 1032 3094 mensuram
1058 3039 1148 3092 dat
1174 3038 1316 3092 Deus
1339 3037 1580 3107 spiritum
1608 3034 1794 3108 (Jaan.

228 3149 305 3196 Ill,
337 3130 409 3186 34
433 3139 485 3185 ει
508 3129 622 3202 55).
653 3129 811 3183 Pater
832 3129 976 3184 enim
1001 3128 1172 3200 diligit
1189 3127 1405 3192 Filium,
1430 3134 1483 3183 et
1507 3124 1688 3181 omnia
1707 3125 1800 3180 de-

227 3221 299 3277 dit
320 3223 374 3277 in
403 3237 570 3276 manu
598 3219 737 3289 ejus.
781 3219 858 3275 De
879 3217 1172 3274 rivulorum
1214 3231 1468 3274 mensura
1515 3212 1802 3288 Apostolus

228 3321 452 3368 testatm
476 3330 491 3364 :
526 3309 818 3381 Unicuique
839 3318 1069 3364 nostrum
1090 3309 1215 3363 data
1233 3316 1308 3362 est
1327 3307 1496 3379 gratia
1519 3305 1802 3361 secundum

233 3415 534 3454 mensuram
560 3397 860 3452 donationis
885 3394 1078 3451 Christi
1102 3394 1316 3468 (Ephes.
1344 3410 1418 3460 tv,
1444 3393 1519 3465 7).

293 3490 432 3545 XVI.
474 3489 547 3545 Et
568 3489 695 3559 quia
710 3486 869 3558 paulo
889 3495 1014 3543 ante
1037 3484 1243 3542 fecistis
1262 3486 1589 3544 mentionem
1612 3485 1800 3550 David,

231 3581 379 3636 velim
405 3579 627 3642 dicatis,
662 3579 729 3635 de
750 3593 856 3649 quo
877 3579 1277 3649 interrogasset
1320 3577 1432 3647 ipsa
1477 3576 1690 3632 Veritas
1711 3574 1806 3632 Ju-

237 3673 389 3737 da’os,
410 3673 507 3728 ubi
533 3671 650 3726 ait:
681 3668 850 3742 Cujus
873 3669 1045 3726 Filius
1088 3679 1163 3724 est
1204 3667 1482 3723 Christus?
1507 3667 1761 3723 Dixerunt
1785 3680 1804 3719 :

237 3759 397 3816 David
448 3759 670 3832 (lauti.
702 3774 840 3824 uti,
866 3757 976 3831 42).
1021 3758 1139 3830 lpse
1179 3765 1357 3813 autem
1400 3757 1680 3828 proposuit
1702 3755 1808 3812 illis

238 3851 608 3918 questionem,
658 3849 926 3920 quomodo
967 3848 1169 3904 dictum
1211 3847 1307 3913 sit;
1353 3846 1502 3901 Dixit
1551 3845 1806 3901 Dominus

241 3937 456 3994 Domino
482 3955 636 4004 meo;
661 3938 783 3993 sed:
811 3955 842 3992 a
869 3937 1064 3993 dextris
1090 3938 1239 3993 meis.
1267 3935 1328 3992 Si
1346 3935 1489 4006 ﬁlius
1514 3946 1589 3991 est
1614 3936 1807 4001 David,

238 4029 489 4096 quomodo
521 4038 600 4082 est
628 4027 883 4082 Dominus
913 4027 1025 4099 ejus
1055 4025 1239 4098 (lbid.,
1269 4043 1399 4081 vers.
1421 4025 1510 4089 44,
1541 4024 1666 4094 45)?
1710 4023 1809 4080 Cui

237 4126 411 4173 autem
435 4127 650 4172 natura:
675 4117 878 4172 dictum
906 4123 1010 4181 est,
1035 4116 1161 4171 sede
1187 4131 1217 4169 a
1246 4114 1451 4169 dextris
1491 4114 1645 4178 meis,
1673 4112 1809 4168 divi-

237 4225 317 4264 ιιε
345 4226 416 4263 an
439 4208 724 4263 humanae?
771 4206 1030 4262 Humana:
1077 4205 1302 4271 scilicet,
1356 4213 1417 4258 ut
1462 4205 1515 4258 in
1567 4203 1807 4274 symbolo

239 4298 642 4366 cantaturzqui
668 4295 910 4352 ascendit
956 4295 1010 4350 in
1060 4294 1242 4358 caelos,
1271 4303 1326 4349 et
1373 4293 1523 4349 sedet
1547 4309 1578 4347 a
1605 4293 1810 4348 dextris

240 4389 348 4444 Dei.
391 4387 544 4445 Unde
567 4396 620 4444 et
647 4388 857 4445 Marcus
899 4387 1225 4458 evangelista
1282 4389 1337 4442 in
1385 4386 1490 4441 fine
1534 4385 1807 4454 Evangelii

242 4482 315 4535 sui
343 4481 424 4534 ait
458 4499 472 4534 :
499 4479 567 4533 Et
590 4480 844 4534 Dominus
861 4479 1069 4550 quidem
1093 4479 1234 4533 Deus
1282 4477 1502 4550 [Jesus],
1536 4486 1808 4548 postquam

1824 3177 1875 3244 Ω

1893 601 1989 664 ait,
2017 610 2064 653 et
2110 610 2184 654 est
2229 601 2483 656 Dominus
2511 605 2741 657 omnium
2769 602 2946 675 (Rom.
2969 621 3024 669 ι,
3072 605 3160 677 i2)
3183 621 3199 660 :
3229 615 3283 661 et
3304 609 3350 663 si
3379 621 3464 668 est

1894 689 2153 745 Dominus
2180 691 2440 754 omnium,
2470 692 2654 760 utique
2691 701 2745 746 et
2771 693 3028 750 Dominus
3048 703 3132 750 est
3167 695 3356 764 David,
3395 699 3464 757 de

1893 777 2046 846 cujus
2073 781 2276 834 semine
2300 788 2458 835 natus
2483 789 2567 835 est
2587 782 2893 837 carnaliter.
2925 783 3038 838 Hoc
3058 784 3176 842 ideo
3201 794 3314 842 tam
3335 787 3463 844 sub-

1893 867 2058 922 tiliter
2109 869 2463 938 interrogavit
2513 870 2627 940 ipse
2673 871 2815 926 Deus
2861 871 3142 940 Christus,
3194 884 3255 931 ut
3301 877 3462 933 intel-

1892 957 2150 1029 ligeretur
2207 961 2454 1016 eumdem
2515 977 2634 1018 esse
2689 963 2972 1019 Dominum
3026 965 3195 1023 David
3255 968 3348 1038 qul
3408 977 3464 1026 et

1892 1048 2034 1103 ﬁlius
2066 1057 2169 1104 est.

1967 1139 2123 1196 XVII.
2161 1140 2228 1194 Et
2249 1140 2295 1196 si
2315 1143 2417 1197 hoc
2444 1157 2634 1212 parum
2660 1145 2907 1201 videatur
2934 1146 3233 1206 inﬁdelitatt
3263 1161 3463 1214 vestra

1893 1229 2029 1284 tanti
2059 1228 2236 1284 Patris
2262 1231 2569 1287 testimonio
2608 1233 2889 1290 Dominum
2919 1251 3037 1293 esse
3077 1240 3167 1309 qui
3197 1249 3354 1300 natus
3377 1252 3461 1303 est

1894 1320 1959 1374 de
1982 1319 2186 1374 semine
2211 1319 2379 1375 David
2406 1319 2487 1391 (ut
2527 1330 2579 1376 te
2607 1338 2833 1392 quoque,
2866 1341 2903 1378 ο
2929 1325 3076 1381 Felix
3118 1328 3275 1397 hujus
3305 1333 3460 1389 novi-

1893 1407 2018 1462 tatis
2063 1416 2320 1474 assertor,
2364 1411 2669 1479 Specialiter
2693 1413 2947 1482 angelicae
2988 1418 3140 1473 vocis
3163 1423 3462 1481 assertione

1891 1495 2174 1568 alloquar),
2207 1497 2330 1551 audi
2359 1499 2525 1552 etiam
2549 1499 2856 1568 loquentem
2898 1504 2966 1557 ad
3000 1513 3244 1574 pastores
3266 1510 3329 1564 de
3361 1512 3458 1568 Dei

1892 1598 2012 1644 ortu
2031 1590 2278 1660 angelum
2297 1590 2392 1645 Dei
2417 1607 2430 1643 :
2461 1589 2633 1645 Natus
2653 1601 2745 1654 est,
2766 1591 2956 1661 inquit,
2975 1595 3114 1649 vobis
3136 1597 3298 1669 799
3311 1601 3464 1656 hodie

1895 1679 2153 1745 Saluator,
2185 1682 2276 1752 qui
2299 1691 2374 1735 est
2405 1680 2642 1736 Christus
2665 1682 2921 1739 Dominus
2968 1686 3026 1742 in
3070 1688 3275 1744 civitate
3296 1690 3466 1746 David

1897 1770 2048 1841 (Luc.
2079 1787 2140 1836 ιι,
2174 1771 2282 1842 ll).
2330 1770 2409 1825 Ne
2453 1771 2625 1826 solum
2665 1773 2853 1842 utique
2883 1773 3155 1832 Christum
3193 1777 3469 1837 hominem

1897 1858 2240 1930 intelligeres,
2268 1869 2322 1915 et
2345 1861 2438 1915 Dei
2466 1861 2561 1916 tibi
2604 1869 2659 1917 et
2686 1861 2982 1921 Salvatoris
3007 1881 3200 1924 nomen
3231 1868 3464 1940 adjecit:

1896 1949 2105 2005 scilicet
2126 1957 2184 2004 ut
2211 1965 2372 2019 quem
2405 1951 2741 2008 Salvatorem
2770 1968 2888 2010 esse
2906 1960 3468 2028 cognosceres,Deum

1897 2052 2235 2108 nequaquam
2279 2055 2398 2096 esse
2440 2041 2714 2098 dubitares
2743 2061 2758 2096 :
2787 2052 2991 2100 etcum
3032 2047 3274 2105 salvandi
3297 2051 3470 2106 virtus

1896 2129 2110 2183 nonnisi
2134 2129 2327 2185 divinae
2354 2141 2682 2201 competeret
2704 2135 2982 2204 potestati,
3011 2138 3204 2195 divinae
3227 2155 3348 2197 eam
3373 2157 3470 2213 po-

1897 2217 2079 2272 tentias
2093 2232 2212 2272 esse
2236 2234 2344 2274 non
2365 2221 2688 2292 ambigeres,
2705 2223 2760 2276 in
2781 2239 2888 2294 quo
2911 2229 3206 2296 potentiam
3227 2230 3468 2288 salvaudi

1896 2323 2018 2365 esse
2041 2309 2343 2366 didicisses.
2367 2311 2473 2367 Sed
2500 2314 2683 2369 ethoc
2721 2314 3084 2374 incredulitati
3127 2327 3230 2376 tuae
3271 2336 3464 2394 parum

1897 2399 2127 2456 fortasse
2168 2401 2433 2468 videatur,
2462 2404 2587 2473 quia
2640 2419 2762 2459 eum
2809 2407 3030 2479 angelus
3056 2409 3266 2468 Domini
3291 2415 3472 2483 potius

1900 2489 2258 2558 Salvatorem,
2288 2508 2448 2562 quam
2476 2493 2646 2549 Deum
2675 2505 2770 2551 aut
2800 2496 2897 2552 Dei
2923 2498 3116 2556 Filium
3145 2503 3470 2572 nominaret,

1897 2595 2020 2635 cum
2046 2579 2233 2651 utique
2272 2581 2584 2651 impiissime
2630 2583 2796 2640 Deum
2827 2602 3012 2658 neges,
3041 2605 3199 2661 quem
3229 2591 3474 2651 Salvato-

1898 2684 2014 2727 rem
2039 2684 2162 2726 esse
2188 2670 2412 2728 fatearis
2441 2690 2455 2726 :
2487 2687 2646 2743 quem
2665 2676 2853 2732 beatus
2879 2677 3068 2734 doctor
3087 2683 3325 2752 gentium
3353 2682 3472 2740 Sal-

1898 2769 2140 2817 vatorem
2167 2763 2364 2833 saepius
2393 2765 2671 2820 nominare
2700 2781 2809 2822 non
2860 2769 3146 2838 dubitavit,
3175 2772 3359 2830 dicens
3403 2777 3476 2834 ad

1901 2851 2084 2906 Titum
2113 2869 2128 2905 :
2155 2852 2411 2923 Apparuit
2453 2855 2590 2908 enim
2635 2857 2807 2926 gratia
2847 2856 2946 2912 Dei
2975 2857 3262 2918 Salvatoris
3308 2866 3474 2920 nostri

1904 2939 2031 3011 (Tit.
2076 2957 2138 3008 ιι,
2182 2942 2294 3012 ll).
2324 2941 2462 2997 Audi
2489 2958 2701 3016 quoque
2738 2947 3120 3016 archangelum
3165 2950 3472 3009 Gabrielem

1905 3030 2085 3087 Mariae
2107 3032 2301 3104 virgini
2329 3033 2707 3104 prmdicantem
2740 3053 2754 3090 :
2776 3035 3021 3106 Spiritus,
3045 3038 3238 3109 inquit,
3259 3051 3473 3097 sanctus

1901 3123 2223 3192 superveniet
2247 3121 2303 3178 in
2329 3132 2398 3187 te,
2423 3133 2472 3177 et
2514 3125 2676 3180 uirtus
2721 3123 2979 3180 Altissimi
3005 3125 3328 3184 obumbrabit
3353 3129 3472 3198 tibi,

1904 3211 2020 3266 ideo
2044 3220 2092 3266 et
2110 3211 2250 3283 quod
2271 3222 2515 3268 nascetur
2539 3215 2598 3270 in
2617 3222 2666 3270 te
2698 3223 2961 3282 sanctum,
2989 3217 3260 3273 vocabitur
3292 3216 3468 3278 Filius

1902 3294 2003 3355 Dei
2047 3298 2196 3372 (Luc.
2239 3317 2281 3369 ι,
2306 3301 2421 3374 35).
2463 3302 2627 3360 Vides
2651 3305 3101 3375 quemadmodum
3135 3308 3472 3368 nativitatem

1903 3385 2004 3443 Dei
2031 3387 2369 3447 indicaturus
2395 3389 2691 3448 divinitatis
2715 3407 2878 3464 opera
2914 3393 3233 3466 praemiserit
3261 3414 3276 3452 :
3308 3395 3479 3469 Spiri-

1904 3489 1991 3535 tus
2019 3479 2164 3536 enim
2194 3491 2406 3540 sanctus
2427 3481 2644 3556 (inquit)
2674 3485 2836 3540 veniet
2875 3485 2931 3540 in
2958 3495 3024 3550 te,
3055 3496 3104 3542 et
3133 3487 3292 3544 virtus
3312 3486 3478 3546 Altis-

1906 3571 2026 3627 simi
2070 3570 2395 3628 obumbrabit
2445 3573 2559 3629 tibi.
2609 3574 2976 3632 Pulcherrime
3011 3575 3238 3649 loquens
3259 3578 3480 3648 angelus

1905 3659 2228 3718 excellentia
2252 3663 2538 3719 verborum
2567 3661 2902 3733 majestatem
2929 3663 3096 3722 divini
3115 3665 3296 3738 aperis
3313 3667 3466 3740 expli-

1907 3750 2068 3806 cavit.
2097 3750 2237 3818 Quid
2262 3752 2403 3808 enim
2434 3753 2568 3808 tanti
2595 3763 2884 3825 apparatus
2925 3768 3060 3825 opus
3104 3763 3225 3811 erat
3253 3756 3310 3812 in
3334 3757 3475 3812 nati-

1907 3840 2078 3896 vitate
2129 3841 2290 3897 unius
2337 3840 2604 3907 infantuli,
2647 3853 2709 3898 ιιι
2759 3855 2817 3899 ιιι
2869 3843 2972 3909 vis,
3017 3843 3288 3915 adoptivi?
3318 3843 3481 3901 Pater

1907 3929 2271 3996 obumbravit,
2293 3928 2526 4002 Spiritus
2550 3941 2768 3987 sanctus
2785 3932 3172 4002 impraegnavit,
3200 3931 3371 3988 Filius
3395 3933 3478 3988 in-

1909 4029 2165 4076 carnatus
2202 4028 2308 4086 est,
2339 4021 2465 4077 dum
2491 4021 2668 4077 omnis
2713 4021 2949 4078 celestis
2985 4029 3307 4093 terrenaque
3327 4038 3480 4081 crea-

1909 4115 2032 4164 tura
2060 4109 2174 4165 solo
2197 4110 2437 4180 jubentis
2473 4111 2640 4166 verbo
2685 4110 2826 4166 facta
2875 4119 2958 4166 est
3009 4129 3023 4166 :
3066 4119 3127 4166 ut
3169 4112 3399 4170 habetur
3425 4115 3480 4170 in

1909 4199 2118 4270 psalmo
2147 4243 2161 4256 .
2207 4201 2327 4272 Ipse
2355 4201 2511 4266 dixit,
2556 4211 2605 4255 et
2631 4201 2773 4271 facta
2799 4211 2944 4267 sunt,
2964 4218 3073 4274 ipse
3113 4203 3398 4268 mandavit,
3430 4213 3481 4258 et

1912 4297 2088 4343 creata
2116 4300 2237 4344 sunt
2271 4287 2444 4362 (Psal.
2471 4306 2697 4358 cxnvtn,
2736 4290 2812 4363 5).
2861 4290 2972 4348 Cur
2996 4306 3189 4362 parum
3228 4291 3330 4348 fuit
3365 4289 3482 4361 jus-

1914 4386 1996 4441 sio
2017 4382 2267 4444 dicentis,
2293 4381 2432 4437 sicut
2477 4381 2533 4436 in
2571 4383 2779 4438 caeteris
2821 4383 3070 4440 omnibus
3110 4384 3386 4447 creaturis,
3416 4383 3482 4439 ad

1914 4475 2074 4530 unius
2096 4471 2332 4529 hominis
2357 4471 2806 4542 procreationem,
2855 4473 2902 4527 si
2928 4473 3294 4529 tantummodo
3318 4487 3484 4544 purus

243 4571 440 4625 locutus
464 4581 562 4634 est,
591 4533 886 4642 assumptus.
902 4579 976 4625 est
1001 4571 1056 4624 in
1081 4533 1358 4635 ccelum,bet
1386 4533 1518 4624 sedit
1536 4533 1578 4622 va
1613 4533 1809 4622 dextris
1837 4533 1896 4598 Β
1918 4568 2081 4623 homo
2117 4572 2276 4620 natus
2315 4571 2418 4629 est,
2448 4571 2504 4620 et
2529 4578 2636 4618 non
2665 4562 2826 4628 Deus,
2868 4562 2954 4619 vel
2991 4563 3155 4618 etiam
3190 4562 3286 4618 Dei
3318 4533 3490 4619 iiilius

243 4661 332 4716 Dei
352 4661 684 4734 (Harum,
710 4662 819 4734 l9).
849 4661 1067 4718 Natura:
1094 4662 1181 4719 cui
1223 4663 1422 4718 dictum
1457 4669 1556 4727 est,
1589 4671 1730 4716 terra
1757 4676 1809 4715 es

241 4759 358 4810 etin
380 4765 582 4811 terram
602 4756 700 4810 ibis
728 4755 877 4826 (Gen.
918 4773 999 4823 ιιι,
1026 4756 1134 4829 l9),
1161 4756 1286 4812 huic
1317 4755 1522 4810 dictum
1560 4763 1663 4819 est,
1691 4754 1813 4809 sede

245 4863 273 4897 ο
297 4845 497 4899 dextris
521 4843 650 4898 meis
677 4843 847 4915 (Psai.
867 4859 980 4910 CIX,
1009 4845 1080 4916 l).
1119 4862 1136 4895 ι
1167 4842 1281 4898 Hoc
1304 4841 1439 4897 dixit
1463 4841 1732 4907 Christus,
1757 4849 1818 4898 ut

243 4931 427 4988 beatus
445 4932 813 5002 Hieronymus
836 4933 1082 5004 exposuit
1119 4932 1171 4986 in
1231 4939 1461 4986 tractatu
1489 4928 1646 4998 hujus
1670 4927 1813 5000 psal-

251 5024 316 5078 mi
342 5036 394 5090 ι,
420 5025 489 5080 ad
509 5023 836 5088 Pbarisaeos,
856 5023 947 5092 qui
975 5021 1270 5093 simplicem
1299 5020 1466 5075 ﬁlium
1495 5018 1662 5074 David
1689 5032 1820 5075 con-

251 5113 532 5171 ﬁtebantur
553 5114 870 5170 Christum:
905 5113 964 5170 Si
1013 5112 1153 5184 ﬁlius
1197 5121 1272 5167 est
1321 5110 1513 5177 David,
1559 5109 1818 5183 quomodo

249 5214 387 5258 vocat
412 5204 588 5273 ﬁlium
622 5220 777 5258 suum
805 5203 1084 5259 Dominum
1104 5203 1130 5257 ?
1158 5223 1177 5257 ι
1220 5203 1288 5258 Et
1320 5201 1481 5272 paulo
1507 5207 1648 5272 post,
1674 5199 1818 5259 idem

250 5296 396 5365 ipse:
429 5312 449 5346 ι
479 5292 673 5348 Videte
699 5307 830 5363 ergo
858 5293 988 5362 quid
1022 5293 1154 5349 dicit
1182 5309 1194 5347 :
1231 5291 1375 5346 Dixit
1413 5290 1670 5346 Dominus
1712 5288 1821 5343 Do-

249 5387 386 5439 ιιὶιιο
425 5400 560 5438 meo.
590 5382 733 5438 Num
759 5383 850 5440 hic
877 5381 1083 5456 [Forte,
1118 5381 1265 5455 huic]
1309 5381 1396 5438 cui
1429 5380 1741 5454 praecipitur
1763 5385 1826 5434 ut

252 5475 460 5530 sedeat?
489 5473 635 5530 Dens
662 5488 772 5529 non
801 5473 974 5539 sedet,
1013 5473 1308 5544 assumptio
1358 5468 1608 5544 corporis
1648 5468 1822 5526 sedet.

254 5564 383 5622 Huic
425 5581 561 5636 ergo
605 5564 922 5636 pracipitur
961 5573 1021 5619 ut
1064 5563 1264 5620 sedeat.
1311 5564 1436 5636 quia
1482 5561 1681 5636 [Hier.,
1705 5559 1820 5634 qui]

320 5706 343 5733 ⁸
377 5697 433 5752 S.
466 5697 642 5762 Hier.,
667 5696 724 5750 in
754 5695 1028 5750 Breviario
1057 5695 1124 5763 in
1151 5693 1490 5758 Psalterium,
1533 5694 1674 5763 quod
1700 5693 1826 5748 huic

258 5777 434 5820 sancto
464 5767 613 5821 Patri
638 5764 901 5822 Alcutnus
943 5762 1156 5832 quidem
1185 5764 1455 5829 attribuit;
1487 5780 1515 5817 a
1545 5762 1676 5817 viris
1699 5777 1826 5821 vero

1920 4655 2114 4712 verus?
2145 4652 2252 4709 Sed
2278 4653 2369 4708 illa
2394 4653 2582 4722 utique
2604 4651 2783 4710 omnia
2817 4665 2979 4720 opera
3005 4651 3366 4724 angelicarum
3392 4666 3488 4724 po-

1921 4751 2196 4808 testatum,
2243 4741 2328 4795 vel
2350 4741 2591 4796 omnium
2617 4747 2989 4798 creaturarum
3033 4737 3174 4795 facta
3224 4749 3350 4797 sunt
3391 4756 3490 4812 per

1916 4830 2216 4904 jussionem
2246 4829 2344 4885 Dei
2373 4826 2661 4885 :nativitas
2683 4836 2864 4882 autem
2889 4826 2984 4883 Dei
3010 4826 3132 4884 Filii
3153 4829 3358 4900 agenda
3379 4832 3486 4883 non

1920 4930 2057 4986 erat,
2082 4920 2184 4976 nisi
2211 4935 2306 4990 per
2326 4919 2616 4975 adventum
2661 4925 2717 4973 et
2755 4919 3123 4989 operationem
3150 4927 3347 4976 sanctis
3370 4918 3490 4974 Tri-

1925 5013 2111 5072 nitatis
2139 5029 2152 5063 ε
2175 5011 2302 5081 quia
2329 5018 2382 5064 et
2401 5008 2611 5078 concipi
2640 5009 2783 5064 Deus
2804 5011 2872 5065 ab
2898 5010 3143 5076 homine,
3171 5008 3274 5064 nisi
3303 5023 3362 5064 se
3391 5007 3490 5061 do-

1925 5113 2113 5168 nante;
2144 5111 2201 5159 et
2225 5101 2399 5168 nasci,
2446 5103 2550 5156 nisi
2591 5117 2650 5158 se
2703 5101 2976 5167 illabente,
3025 5116 3132 5158 non
3159 5105 3389 5171 poterat.
3425 5097 3490 5152 Et

1925 5195 2047 5253 ideo
2068 5191 2420 5263 archangelus
2444 5198 2888 5262 superventuram
2925 5189 3131 5261 Virgini
3159 5187 3494 5259 majestatcni

1929 5299 2141 5342 sacram
2167 5283 2472 5340 indicabat:
2494 5282 2742 5339 videlicet
2758 5288 2819 5336 ut
2843 5280 2969 5350 quia
3006 5278 3092 5349 agi
3117 5284 3266 5332 tanta
3292 5291 3380 5332 res
3400 5286 3500 5347 per

1930 5377 2225 5434 humanum
2267 5372 2505 5430 ofﬁcium
2551 5388 2659 5429 non
2703 5371 2944 5435 valebat,
2984 5367 3152 5439 ipsius
3190 5365 3496 5423 adfuturam

1931 5467 2138 5524 diceret
2161 5463 2494 5534 majestatem
2539 5461 2594 5516 in
2621 5463 2904 5526 conceptu,
2943 5455 3181 5526 quierat
3206 5452 3419 5510 futurus
3440 5451 3498 5510 in

1927 5563 2105 5632 partu.
2130 5554 2199 5610 Et
2215 5552 2342 5624 quia
2368 5550 2511 5606 Deus
2533 5546 2844 5622 supervenit
2875 5546 2933 5602 in
2979 5544 3351 5617 conceptione,
3374 5536 3498 5600 ideo

1879 5729 1886 5737 .
1929 5687 2155 5745 eruditis
2174 5693 2374 5742 nostra:
2402 5683 2578 5740 :etatis
2592 5683 2732 5737 inter
2753 5680 3027 5752 supposita
3050 5679 3226 5734 eidem
3245 5673 3498 5751 opuscula

1933 5757 2192 5830 rejicitur.
