3906 6186
258 266 370 321 M5

1017 260 1431 319 DOGMATICA.
1468 292 1539 304 -
1566 262 1726 319 ADV.
1768 261 2062 319 FELICEM
2098 260 2279 317 LIBRI
2318 262 2427 318 VII.
2460 262 2677 319 -LIB.
2718 262 2781 318 II.

3422 265 3524 322 M6

255 380 584 440 credendum
607 379 631 420 9
674 377 777 434 Hic
798 387 876 434 est
901 392 1053 449 ergo,
1090 379 1285 448 inquit,
1318 376 1491 433 Filius
1531 393 1680 433 meus
1703 377 1839 433 dite-
1866 378 1919 439 Α
1944 377 2161 449 quidem
2185 391 2294 433 non
2320 392 2508 443 unum,
2539 377 2635 434 sed
2659 384 2716 433 et
2734 377 2900 433 multa
2922 386 2978 434 et
3006 378 3319 450 singularia.
3345 380 3529 441 Baiias

253 489 386 540 ctus,
433 476 491 530 in
526 490 632 545 quo
668 474 799 528 mihi
842 471 1154 544 complacui.
1202 470 1311 528 Sed
1350 472 1588 528 tentabis
1621 471 1851 527 forsitan

253 566 459 628 dicere,
496 572 561 617 ut
586 570 677 618 est
701 563 990 626 dementia,
1023 562 1093 617 de
1121 562 1300 617 Verbo
1320 562 1445 628 hoc,
1475 576 1583 616 non
1606 561 1673 615 de
1697 561 1851 616 Chri-

255 664 341 711 sto
370 654 580 710 dictum
607 652 813 708 fuisse:
838 652 934 706 Dic
952 651 1088 706 mihi
1105 666 1236 720 ergo
1263 651 1385 720 quis
1409 658 1530 706 erat
1556 650 1651 720 qui
1675 650 1851 719 bapti-

257 745 506 809 zahatnr,
539 742 777 798 Verbum
818 756 888 796 an
914 740 1198 797 Christus?
1225 741 1358 809 Quis
1384 741 1686 811 baptizatus
1707 748 1851 795 esset

257 838 312 891 in
332 833 593 898 Iordane,
621 846 751 888 caro
770 847 838 886 an
864 829 1140 902 Spiritus?
1184 831 1392 903 Negare
1411 832 1597 900 utique
1622 847 1731 887 non
1755 847 1847 902 pov

257 934 337 979 tes
381 922 664 979 Christum
706 919 894 975 fuisse.
936 918 1109 975 Homo
1138 935 1268 991 ergo
1296 919 1384 975 ille
1425 934 1493 975 es
1538 920 1755 975 homine
1784 936 1848 974 ac

256 1014 364 1068 Deo
393 1021 581 1077 natus,
614 1009 821 1082 Spiritu
851 1019 1039 1065 sancto
1067 1011 1121 1064 in
1146 1010 1307 1080 θυι
1337 1009 1615 1080 Virginem
1634 1011 1848 1064 descen-

255 1102 438 1166 dente,
486 1110 547 1155 et
571 1100 772 1155 virtute
816 1098 1082 1153 Altissimi
1116 1099 1475 1154 obumbrante
1524 1108 1842 1168 conceptus,

255 1207 316 1245 ac
341 1191 424 1245 sic
453 1189 691 1245 hominis
735 1198 791 1244 et
820 1189 917 1243 Dei
942 1188 1131 1253 Filius,
1180 1188 1271 1243 ille
1293 1189 1500 1258 utique,
1544 1195 1605 1243 ut
1646 1203 1845 1259 negare

252 1299 360 1338 non
380 1289 566 1352 potes,
598 1280 906 1351 baptizatus
925 1288 1028 1335 est.
1057 1279 1117 1335 Si
1137 1294 1267 1351 ergo
1291 1279 1380 1334 ille
1404 1280 1709 1349 baptizatus
1738 1288 1843 1341 est,

253 1373 341 1428 ille
367 1381 427 1427 et
463 1371 816 1427 nominatus:
868 1370 995 1441 quia
1022 1369 1113 1425 ille
1158 1369 1345 1438 utique
1373 1368 1705 1433 nominatus,
1749 1368 1843 1437 qui

253 1463 561 1533 baptizatus
587 1470 708 1517 est:
743 1460 846 1516 Hic
875 1471 972 1528 est,
1000 1461 1193 1530 inquit,
1232 1458 1406 1515 Filius
1432 1458 1841 1524 meus'dilecttts,

253 1553 306 1604 in
334 1569 439 1622 quo
463 1552 593 1605 mihi
622 1551 940 1622 complaciti.
1004 1551 1256 1622 Nunquid
1303 1552 1409 1608 dici
1454 1550 1844 1622 signiﬁcantius

252 1650 347 1695 aut
380 1642 694 1712 expressius
718 1642 1012 1713 quidquam
1045 1643 1267 1711 potest?
1311 1641 1561 1698 Christus
1600 1640 1842 1711 baptiza-

1948 466 2097 522 euim
2121 481 2289 522 unum
2315 466 2370 522 in
2401 468 2676 537 apertione
2717 466 2862 532 cteli,
2909 466 3053 523 aliud
3078 469 3133 524 in
3173 468 3407 539 Spiritus
3431 471 3527 529 do-

1945 554 2251 620 scensione,
2282 555 2499 610 tertium
2525 556 2580 610 in
2602 556 2778 610 Patris
2802 570 2969 622 voce;
2994 570 3112 626 qua:
3140 559 3324 627 utique
3345 559 3528 617 omnia

1945 643 2226 702 Christum
2248 645 2416 702 Deum
2442 661 2562 702 esse
2585 646 2898 713 declarant;
2938 648 3061 717 quia
3091 662 3217 705 eum
3235 656 3292 705 et
3320 663 3530 705 resera-

1946 736 2025 793 tio
2048 737 2312 792 caelorum
2342 736 2513 792 Deum
2539 738 2761 805 indicat,
2811 746 2868 794 et
2907 740 3187 796 descensio
3213 754 3377 811 super
3402 754 3527 796 eum

1946 826 2120 882 sancti
2153 825 2390 897 Spiritus
2424 828 2589 882 Deum
2634 830 2916 898 approbat,
2961 840 3018 885 et
3060 829 3310 886 allocutio
3351 830 3530 885 Patris

1947 915 2116 970 Deum
2159 929 2281 971 esse
2312 914 2614 971 conﬁrmat.
2662 917 2845 988 Neque
2882 919 3025 973 enim
3070 918 3153 974 vel
3182 919 3378 975 etnlum
3422 919 3527 974 nisi

1946 1004 2155 1060 Domini
2206 1004 2289 1059 sui
2342 1006 2532 1061 honori
2577 1009 2873 1075 patuisset;
2931 1008 3016 1063 vel
3064 1008 3298 1079 Spiritus
3345 1010 3528 1079 specie

1944 1099 2232 1167 corporali,
2283 1097 2388 1153 nisi
2420 1113 2581 1168 super
2611 1099 2704 1152 Dei
2754 1099 2945 1154 Filium
2974 1099 3375 1165 descendisset;
3426 1114 3527 1155 nec

1944 1187 2106 1242 Pater
2146 1188 2343 1244 Filium
2373 1188 2475 1244 nisi
2507 1204 2634 1245 vere
2671 1190 2865 1245 Filium
2889 1191 3253 1247 declarasset:
3300 1207 3527 1261 prazser-

1945 1277 2042 1334 tim
2068 1293 2191 1334 cum
2217 1278 2300 1336 his
2326 1278 2523 1335 divinae
2543 1280 2841 1336 nativitatis
2870 1280 3369 1349 signiﬁcationibus,
3403 1295 3524 1350 qua:

1942 1387 2049 1427 non
2093 1372 2265 1427 solum
2304 1373 2584 1428 veritatem
2630 1373 2733 1443 pia:
2781 1372 2906 1428 ﬁdei
2956 1372 3377 1437 conﬁrmarent,
3426 1373 3521 1427 sed

1940 1465 2106 1519 etiam
2128 1465 2455 1535 pravitatem
2480 1465 2660 1534 impiae
2692 1464 2961 1534 opinionis
2987 1464 3353 1520 excluderent.
3387 1463 3526 1519 Inef-
3602 1481 3609 1489 ο

1941 1554 2094 1611 fabili
2128 1556 2273 1610 enim
2301 1555 2468 1611 divini
2494 1555 2627 1610 dicti
2655 1554 3072 1624 magniﬁcentia,
3120 1570 3241 1610 cum
3267 1569 3520 1623 expresse

1939 1660 2001 1699 ac
2031 1644 2397 1715 signiﬁcanter
2420 1644 2645 1701 dixisset
2683 1643 2879 1700 Pater:
2921 1644 3026 1698 llic
3053 1654 3127 1699 est
3160 1643 3330 1699 Filius
3353 1661 3522 1710 meus,

255 1743 342 1786 tus
364 1741 469 1796 est,
493 1732 743 1788 Christus
768 1733 837 1788 de
857 1748 998 1801 aqua
1019 1734 1280 1798 ascendit,
1330 1733 1547 1789 Christo
1568 1734 1839 1804 baptizato
1873 1722 1917 1780 Β
1942 1733 2148 1788 addidit
2171 1734 2333 1788 etiam
2381 1733 2511 1788 illud
2557 1734 2701 1802 quod
2740 1742 3091 1791 consecutum
3137 1741 3239 1799 est,
3283 1732 3521 1798 dilectus,

250 1823 379 1877 caeli
407 1823 576 1892 aperti
599 1832 765 1888 sunt;
795 1822 1075 1878 descendit
1094 1838 1257 1893 super
1275 1823 1547 1880 Christum
1576 1824 1839 1893 corporali

251 1914 431 1983 specie
459 1912 699 1984 Spiritus
747 1922 989 1980 sanctus,
1032 1913 1309 1970 Christum
1345 1914 1507 1969 Pater
1554 1915 1841 1985 appellavit

252 2004 453 2075 [Cass.,
478 2015 702 2075 propter
732 2004 1010 2061 Christum
1044 2005 1293 2061 columba
1331 2005 1608 2062 descendit
1634 2024 1647 2059 :
1678 2021 1840 2076 super

248 2098 528 2154 Christum
555 2099 611 2153 in
638 2098 905 2169 corporali
931 2100 1110 2169 specie
1123 2099 1359 2171 Spiritus
1383 2109 1603 2158 sanctus
1631 2101 1834 2165 astitit;

248 2188 537 2244 Christum
563 2188 725 2244 Ρειωι·
768 2189 1100 2265 appellavit].
1152 2192 1266 2248 Hoc
1312 2193 1360 2248 si
1407 2194 1473 2248 de
1498 2192 1715 2248 Christo
1757 2193 1839 2247 di-

246 2291 396 2338 ctum
429 2294 639 2353 negare
675 2298 831 2339 ausus
858 2299 939 2349 es,
988 2292 1236 2355 superest
1273 2292 1334 2340 ut
1360 2299 1463 2341 nec
1506 2284 1838 2355 baptizatum

249 2375 529 2431 Christum
557 2374 739 2439 fuisse,
783 2392 886 2432 nec
926 2375 1187 2445 Spiritum
1216 2376 1581 2442 descendisse,
1613 2391 1712 2432 nec
1737 2377 1839 2430 Pa-

253 2475 384 2520 trem
412 2465 657 2522 Iocutum
683 2466 852 2523 fuisse
884 2467 1198 2524 contendas.
1246 2467 1352 2523 Sed
1381 2475 1535 2537 urget
1575 2476 1755 2522 tamen
1783 2474 1838 2523 et

252 2558 441 2625 premit
470 2568 527 2614 te
551 2560 669 2629 ipsa
698 2559 923 2625 veritas,
955 2568 1016 2615 ut
1039 2561 1204 2616 etiam
1250 2560 1296 2615 si
1321 2560 1564 2615 conﬁteri
1592 2575 1713 2616 eam
1742 2575 1837 2615 no-

252 2647 337 2709 lis,
370 2656 553 2704 tamen
574 2663 778 2720 negare
800 2665 910 2705 non
936 2650 1131 2719 possis.
1177 2650 1314 2717 Quid
1341 2651 1482 2705 enim
1514 2650 1587 2704 ait
1606 2665 1837 2720 evange-

250 2738 415 2792 lista?
458 2736 776 2808 Baptizatus
809 2748 984 2796 autem
1010 2740 1279 2811 confestim
1317 2741 1549 2795 ascendit
1586 2742 1651 2795 de
1675 2758 1831 2813 aqua.

250 2827 381 2894 Quis
422 2830 729 2898 baptizatus
772 2832 898 2886 est?
949 2831 1198 2887 Christus
1229 2832 1433 2902 utique.
1486 2832 1555 2886 Et
1589 2848 1727 2897 ecce,
1754 2832 1861 2886 in-'

247 2920 394 2988 quit,
424 2922 590 2989 aperti
609 2932 734 2976 sant
762 2922 878 2978 coeli
904 2936 924 2975 :
974 2923 1074 2978 Cui
1104 2923 1329 2987 scilicet,
1371 2924 1476 2978 nisi
1520 2923 1596 2977 illi
1622 2924 1713 2992 qui
1741 2924 1833 2977 ba-

248 3010 484 3117 ptizatus
519 3020 623 3078 est,
664 3011 884 3069 Christo
921 3014 1148 3117 ultique?
1193 3014 1263 3068 Et
1301 3013 1427 3068 vidit
1454 3012 1713 3083 Spiritum
1737 3013 1835 3068 Dei
1858 3055 1905 3117 ϐ

247 3099 644 3155 descendentem
694 3103 830 3157 sicut
884 3102 1177 3157 columbam
1219 3104 1502 3157 venientem
1553 3119 1710 3173 super
1753 3119 1827 3156 se.

247 3188 376 3256 Quis
403 3191 589 3246 vidit?
632 3192 901 3259 Christus,
951 3194 1179 3260 scilicet,
1230 3194 1314 3249 vel
1350 3193 1586 3250 Joannes
1633 3191 1829 3266 [Cass.,

248 3281 396 3334 certa
445 3282 534 3336 vel
583 3281 823 3338 Joannes
870 3284 1087 3358 omitt.].
1133 3285 1308 3356 Super
1345 3301 1508 3356 quem
1536 3286 1830 3352 descendit,

249 3383 408 3438 super
433 3369 721 3427 Christum
747 3373 978 3444 utique?
1021 3376 1089 3429 Et
1127 3391 1233 3431 vox
1278 3376 1418 3432 facta
1463 3382 1547 3431 est
1591 3377 1657 3430 de
1695 3375 1834 3432 ccelo

250 3458 447 3514 dicens.
502 3460 578 3516 De
602 3464 749 3531 quo?
787 3464 854 3518 de
893 3462 1108 3521 Christo
1132 3467 1375 3534 scilicet;
1420 3466 1549 3536 quid
1576 3464 1722 3521 enim
1744 3481 1831 3521 se-

252 3550 471 3618 quitur?
524 3550 632 3605 [Iic
676 3563 752 3608 est
783 3553 832 3607 Γ
834 3554 958 3611 ilius
997 3573 1142 3611 meus
1185 3557 1423 3622 dilectus,
1471 3558 1526 3613 in
1559 3574 1662 3630 quo
1704 3558 1835 3614 mihi

252 3640 557 3710 complacui.
601 3641 674 3698 Ut
698 3645 881 3700 omnia
902 3645 1011 3710 illa,
1036 3656 1259 3718 propter
1279 3663 1440 3717 quem
1470 3647 1612 3704 facta
1632 3658 1832 3715 essent,

251 3728 684 3799 ostenderentur,
737 3750 841 3790 vox
889 3748 1180 3793 consecuta
1225 3746 1311 3794 est
1347 3740 1564 3795 dicens:
1615 3739 1719 3794 Hic
1760 3749 1835 3795 est

256 3817 416 3876 Filias
457 3840 608 3877 meas
639 3823 880 3890 dilectus,
906 3827 962 3879 in
989 3844 1090 3898 quo
1118 3828 1247 3882 mihi
1275 3828 1586 3900 complacm'.
1619 3828 1734 3885 Hoc
1752 3840 1837 3885 est

253 3911 464 3966 dicere:
505 3912 607 3969 llic
634 3923 721 3971 est
747 3924 965 3986 propter
987 3933 1146 3987 quem
1169 3926 1359 3973 cuncta
1381 3919 1497 3974 haec
1518 3918 1660 3974 facta
1685 3926 1832 3982 sunt,

256 4000 336 4056 hic
361 4012 448 4058 est
479 4005 629 4059 enim
658 4005 827 4060 Filius
861 4022 1036 4072 meus,
1080 4016 1299 4078 propter
1328 4009 1473 4064 hunc
1513 4008 1637 4064 εαξη
1662 4012 1833 4079 aperti

252 4102 392 4158 sunt,
443 4102 664 4165 propter
712 4095 854 4152 hunc
900 4095 1132 4167 Spiritus
1180 4112 1332 4153 meus
1375 4098 1561 4164 venit,
1619 4108 1836 4169 propter

253 4183 395 4239 hunc
418 4200 526 4238 vox
552 4201 672 4242 mea
698 4184 840 4242 facta
868 4195 994 4252 est;
1023 4187 1111 4243 hic
1133 4195 1218 4243 est
1244 4187 1409 4244 Filius
1433 4204 1605 4245 meus.
1640 4189 1836 4245 Dicens

251 4288 428 4344 ergo:
460 4272 561 4329 llic
585 4286 664 4330 est
687 4276 857 4333 Filius
893 4294 1065 4342 meus,
1088 4294 1249 4348 quem
1288 4279 1646 4349 designabat?
1680 4282 1834 4335 illum

256 4364 631 4459 utiqueAquem
649 4367 894 4423 columba
922 4369 1191 4440 tangebat.
1229 4356 1399 4437 Quem
1428 4385 1557 4441 ergo
1589 4371 1833 4426 columba
1862 4399 1915 4459 υ

260 4456 478 4524 tetigit?
522 4455 786 4515 Christum
813 4459 1043 4525 scilicet,
1088 4476 1219 4533 ergo
1262 4461 1510 4517 Christus
1552 4461 1720 4518 Filius
1747 4474 1833 4520 est

262 4543 368 4601 Dei.
401 4546 624 4617 Impleta
652 4558 756 4615 est,
798 4559 859 4606 ut
882 4566 1027 4616 reor,
1056 4552 1275 4622 sponsio
1304 4568 1443 4608 mea.
1492 4554 1654 4609 Vides
1678 4568 1831 4626 ergo,

262 4636 530 4701 heretica,
568 4636 809 4709 profecto
833 4641 1048 4712 signum
1092 4643 1191 4699 tibi
1237 4643 1305 4699 de
1349 4643 1487 4700 cmlo
1529 4645 1711 4700 datum
1734 4685 1749 4711 ,
1779 4652 1835 4699 et

324 4782 349 4807 ι
380 4767 499 4824 Huc
523 4786 694 4840 usque
718 4787 786 4829 ex
810 4772 1089 4833 Cassiano.

266 4904 397 4921 ῃ

1939 1823 2145 1879 scilicet
2164 1832 2239 1890 et,
2268 1824 2324 1877 in
2358 1840 2461 1894 quo
2494 1823 2622 1877 mihi
2645 1821 2956 1894 complacui.
3006 1823 3203 1894 Utique
3230 1823 3371 1878 sicut
3398 1837 3523 1878 eum

1937 1930 2035 1985 per
2058 1916 2399 1987 prophetiam
2424 1916 2596 1971 Deum
2623 1915 2817 1971 fortem
2838 1924 2895 1972 et
2921 1916 3092 1972 Deum
3126 1928 3383 1986 magnum
3403 1915 3515 1985 jam

1937 2011 2326 2079 praedicaverat
2350 2008 2487 2079 (lsa.
2520 2024 2598 2073 ιχ,
2623 2006 2704 2079 6),
2735 2008 2808 2062 ita
2834 2008 2923 2063 hic
2952 2006 3156 2070 dicens,
3186 2003 3235 2058 F
3238 2004 3361 2060 ilius
3381 2021 3523 2060 meus

1937 2101 2180 2166 dilectus,
2212 2103 2265 2155 in
2293 2116 2394 2171 quo
2415 2097 2725 2169 complacui,
2755 2113 2918 2168 super
2944 2094 3290 2167 proprii-Filii
3318 2094 3400 2150 sui
3427 2110 3524 2149 no-

1936 2207 2084 2255 men,
2131 2189 2293 2245 etiam
2331 2188 2514 2244 dilecti
2556 2195 2610 2243 et
2657 2187 2960 2258 complaciti
3006 2186 3109 2242 sibi
3156 2200 3352 2241 nomen
3401 2183 3522 2239 Filii

1938 2281 2134 2351 adjecit
2164 2278 2359 2351 [Cass.,
2392 2279 2612 2346 insuper
2651 2278 2853 2347 proprii
2883 2276 3001 2331 Filii
3032 2276 3113 2332 sui
3144 2290 3338 2331 nomen
3368 2274 3515 2345 adje-

1937 2371 2030 2436 cit,
2060 2368 2193 2441 etc.]
2223 2387 2237 2423 :
2281 2376 2341 2423 ut
2366 2368 2751 2437 pmprietatem
2780 2366 2989 2429 divinm,
3039 2365 3266 2429 scilicet,
3314 2371 3521 2418 naturae

1936 2463 2216 2518 nominum
2262 2458 2597 2531 signiﬁcaret
2640 2457 2908 2527 adiectio:
2958 2466 3013 2511 et
3053 2456 3106 2510 id
3147 2457 3215 2511 ad
3259 2456 3519 2511 honorem

1936 2550 2061 2605 Filii
2092 2550 2187 2605 Dei
2216 2547 2562 2619 peculiariter
2602 2547 2928 2616 pertineret,
2980 2546 3121 2614 quod
3148 2543 3276 2599 nulli
3301 2544 3521 2598 omnino

1936 2638 2139 2694 homini
2182 2637 2515 2707 contigisset.
2566 2635 2750 2705 Itaque
2793 2635 2935 2690 sicut
2961 2634 3050 2688 illa
3092 2634 3311 2705 pr0pria
3337 2650 3402 2689 ac
3428 2650 3521 2703 pe-

1936 2728 2157 2784 culiaria
2184 2727 2238 2780 in
2264 2740 2495 2796 persona
2540 2723 2750 2781 Domini
2795 2723 2967 2779 nostri
2993 2721 3120 2777 Jcsu
3167 2722 3369 2778 Christi
3399 2720 3515 2777 fuc—

1937 2826 2084 2882 runt,
2126 2817 2269 2886 quod
2299 2816 2423 2871 C(Bli
2453 2814 2627 2885 aperti
2662 2823 2808 2878 sunt,
2845 2814 2988 2884 quod
3026 2828 3151 2869 eum
3189 2812 3333 2867 Deus
3354 2811 3518 2867 Pater

1935 2908 2142 2963 cunctis
2188 2906 2492 2962 videntibus
2517 2920 2612 2975 per
2639 2904 3015 2959 adventantem
3044 2910 3206 2972 atque
3230 2910 3521 2957 testantem

1936 2998 2239 3053 columbam
2284 2997 2437 3068 quasi
2465 3010 2627 3049 manu
2670 2994 3062 3062 quodammodo
3111 3007 3209 3046 sua
3238 2992 3431 3060 tetigit,
3464 2999 3520 3046 et

1937 3089 2091 3159 quasi
2114 3088 2280 3158 digito
2300 3088 2571 3142 indicante
2599 3085 2919 3139 monstravit
2944 3084 3162 3137 dicens:
3198 3081 3300 3136 Hic
3326 3092 3402 3137 est
3424 3080 3522 3135 Fi-

1936 3178 2040 3235 lius
2076 3195 2220 3233 meus
2252 3193 2269 3231 :
2307 3179 2381 3233 ita
2413 3176 2544 3232 illud
2589 3189 2803 3245 quoque
2840 3175 3116 3245 proprium
3148 3174 3199 3229 ei
3230 3190 3294 3229 ac
3338 3174 3523 3244 singu-

1936 3268 2068 3331 lare,
2100 3269 2242 3338 quod
2271 3265 2616 3337 peculiariter
2643 3265 2872 3321 dilectus
2899 3272 2954 3319 et
2977 3264 3323 3333 peculiariter
3367 3262 3517 3318 Patri

1936 3358 2284 3429 complacitus
2311 3356 2639 3423 nominatur,
2670 3364 2728 3411 ut
2753 3356 3078 3427 peculiarem
3100 3354 3286 3425 utique
3312 3362 3518 3411 natum

1936 3454 2385 3525 signiﬁcationem
2408 3454 2703 3523 peculiaria
2730 3454 3097 3509 additamenta
3131 3459 3513 3512 monstrarent,

1934 3552 1989 3601 et
2024 3545 2411 3615 proprietatem
2451 3544 2712 3614 unigeniti
2754 3542 2877 3597 Filii
2924 3543 3088 3598 etiam
3138 3543 3516 3614 cognomimmt

1934 3635 2235 3705 proprietas
2278 3634 2656 3700 conﬁrmaret,
2691 3649 2852 3703 quam
2892 3634 3006 3704 jam
3049 3635 3222 3690 honor
3246 3634 3517 3706 signorum

1934 3723 2350 3796 praecedentium
2385 3725 2807 3793 comprobasset.
2859 3723 2965 3779 Sed
3003 3723 3113 3792 jam
3162 3723 3327 3781 libelli
3364 3725 3519 3779 istius

1936 3814 2058 3870 ﬁnis
2096 3814 2184 3868 sit.
2236 3812 2421 3882 Neque
2446 3813 2589 3867 enim
2633 3813 2737 3868 hoc
2783 3813 2986 3869 dictum
3030 3813 3124 3868 Dei
3174 3810 3372 3877 Patris,
3422 3824 3517 3868 aut

1935 3907 2121 3977 augeri
2163 3906 2412 3960 humanis
2441 3904 2815 3969 sermonibus,
2862 3912 2958 3958 aut
3002 3902 3275 3973 exaequari
3317 3912 3513 3971 potest.

1935 3997 2100 4054 Nobis
2124 3998 2192 4053 de
2217 3996 2444 4052 Domino
2469 4003 2654 4050 nostro
2684 3994 2812 4050 Iesu
2838 3994 3055 4050 Christo
3082 3994 3223 4050 Filio
3260 4010 3358 4050 suo
3385 3995 3517 4055 satis

1934 4104 2033 4159 per
2058 4105 2117 4145 se
2159 4090 2333 4160 ipsum
2369 4087 2527 4142 Pater
2552 4085 2748 4159 [Cass.,
2796 4101 2893 4156 per
2917 4101 2976 4141 se
3003 4086 3118 4156 ipse
3150 4086 3292 4141 Deus
3333 4086 3514 4159 Pater]

1935 4181 2159 4236 idoneus
2191 4179 2340 4235 testis
2361 4187 2446 4234 est
2471 4179 2691 4234 dicens:
2718 4176 2823 4232 Hic
2862 4188 2939 4232 est
2966 4176 3015 4230 F
3017 4176 3141 4232 ilius
3168 4194 3334 4233 meus.
3364 4179 3441 4233 Tu
3468 4180 3514 4234 si

1935 4269 2410 4326 contradicendum
2438 4269 2523 4325 his
2567 4268 2662 4324 Dei
2689 4268 2867 4325 Patris
2893 4269 3115 4325 vocibus
3139 4277 3319 4339 putas,
3366 4268 3440 4323 illi
3483 4286 3514 4323 a

1940 4368 2017 4426 te,
2066 4375 2286 4416 necesse
2327 4368 2414 4416 est
2449 4360 2776 4426 contradici,
2826 4361 2920 4430 qui
2944 4375 3069 4417 eum
3111 4358 3514 4416 evidentissima

1937 4453 2299 4509 declaratione
2320 4452 2514 4509 Filium
2544 4469 2701 4509 suum
2723 4466 2843 4508 esse
2866 4454 2934 4508 ab
2958 4453 3105 4508 omni
3128 4453 3326 4508 mundo
3346 4451 3518 4508 voluit

1934 4558 2149 4614 agnosci
2180 4557 2227 4597 α.
2264 4562 2282 4596 ι

1720 4918 2034 4929 *σι-συ-

1416 5011 1580 5082 802
1629 5008 1863 5068 LIBER
1904 5005 2324 5068 SECUNDUS.

1707 5136 2057 5155 ﬂ

322 5187 364 5241 I.
393 5187 509 5244 Non
536 5188 703 5246 debet
743 5191 878 5247 mihi
906 5191 1076 5248 lector
1110 5193 1376 5264 imputare
1419 5193 1685 5248 sermonis
1728 5192 1835 5247 mei

259 5276 530 5335 confusam
568 5280 970 5350 quodammodo
1013 5283 1432 5352 disputationem
1476 5290 1532 5337 et
1561 5282 1834 5341 inordina-

256 5375 385 5433 tam,
404 5369 534 5440 quia
557 5385 668 5426 non
697 5378 850 5427 recto
879 5373 1093 5428 tramite
1119 5373 1408 5440 currentis,
1447 5372 1543 5428 sed
1570 5372 1835 5428 circuloso

252 5458 592 5528 loquacitatis
615 5469 803 5518 rotatu
841 5462 1165 5532 disputantis
1191 5463 1414 5533 vestigia
1458 5464 1611 5535 sequi
1650 5477 1834 5518 neces-

258 5552 452 5607 sarium
499 5555 694 5611 habeo.
742 5553 814 5610 Et
857 5562 1012 5624 prout
1049 5556 1183 5611 ordo
1225 5542 1574 5626 proponentis
1616 5556 1830 5620 exierit,

258 5657 429 5699 sermo
473 5645 853 5719 respondentis
890 5646 1263 5715 subsequatur.
1318 5647 1424 5703 Nec
1455 5648 1648 5702 mirum
1674 5647 1717 5702 si
1748 5646 1832 5702 di-

1930 5204 2090 5247 verso
2120 5186 2334 5241 tramite
2379 5200 2593 5240 curram
2633 5187 2688 5242 in
2718 5202 2986 5256 sermone,
3038 5193 3128 5261 qui
3156 5194 3309 5249 vario
3347 5211 3507 5256 sensu

1929 5281 2115 5343 etlam,
2164 5286 2219 5333 et
2259 5277 2475 5333 sibimet
2512 5279 2614 5349 ipsi
2659 5280 2948 5351 aliquantis
2991 5283 3045 5337 in
3088 5284 3220 5342 locis
3261 5287 3509 5347 dissimili

1931 5373 2109 5446 pergit
2133 5386 2230 5443 per
2253 5370 2543 5427 latissimos
2569 5381 2768 5428 sanctae
2797 5373 3090 5443 Scriptura:
3112 5391 3349 5449 campos,
3399 5398 3506 5440 non

1934 5464 2210 5520 catholicae
2254 5459 2379 5516 ﬁdei
2405 5476 2652 5530 quaerens
2676 5463 2960 5519 veritatem
2981 5506 2997 5532 ,
3044 5467 3136 5522 sed
3179 5483 3278 5524 suo
3313 5474 3506 5539 errori,

1932 5556 2060 5610 licet
2099 5555 2253 5610 valde
2290 5554 2393 5611 sibi
2436 5553 2730 5618 contraria,
2778 5554 2967 5611 nititur
2995 5557 3188 5630 [Deest,
3242 5563 3507 5631 invenire,

1933 5647 2008 5704 rel
2033 5648 2222 5721 simile]
2254 5645 2589 5713 testimonia;
2619 5647 2857 5701 omnium
2880 5647 3257 5707 haereticorum
3270 5669 3502 5725 sequens
