3906 6186
409 288 511 345 M7

1254 289 1316 344 Β.
1355 289 1418 346 F.
1456 289 1680 346 ALBINI
1716 290 1846 346 SEU
1885 290 2156 348 ALCUINI
2190 291 2471 349 OPERUM
2519 295 2696 352 PARS
2732 295 2817 352 Ill.

3551 310 3656 366 “8

403 400 865 469 consuetudinem,
907 401 1001 473 qui
1022 401 1188 458 divini
1227 402 1425 472 eloquii
1468 401 1764 457 sententias
1792 400 1859 455 ad
1887 401 1970 456 sui
1998 407 2042 462 Α
2071 410 2121 493 φ
2150 412 2392 493 nascetur
2413 414 2669 493 sanctum,
2700 403 2983 462 FiliuaDei
3009 401 3276 470 vocabitur
3291 413 3446 488 (an.
3472 434 3514 484 ι,
3533 418 3651 493 55).

402 492 774 564 probationem
798 493 1001 550 erroris
1023 509 1190 564 pravo
1222 507 1382 550 sensu
1412 491 1755 561 interpretari
1796 491 1973 545 nitun-

402 593 510 636 tur.

473 671 536 726 ll.
584 671 729 729 Dicis
773 673 956 744 itaque
1003 675 1141 748 quod
1187 691 1343 729 natm
1374 674 1526 726 homo
1564 687 1749 724 norum
1786 687 1973 725 nomen

397 760 586 816 habere
625 762 826 818 debeat.
869 764 983 829 Dic,
1031 780 1180 834 rogo,
1226 764 1347 834 quis
1390 763 1492 817 hoc
1533 776 1730 816 novum
1778 777 1971 816 nomen

400 846 634 918 Spiritus
661 853 858 909 vestris
886 855 1122 909 insonuit
1145 854 1407 908 auribus?
1437 852 1596 908 Forte
1625 853 1766 908 Deus
1790 861 1970 907 tecum

398 938 718 1009 loquebatur
763 944 817 998 in
851 945 1079 1009 turbine,
1125 944 1290 998 veluti
1325 959 1449 998 cum
1492 943 1592 998 Job
1630 958 1785 998 servo
1829 958 1966 996 suo:

397 1033 482 1088 vel
508 1018 669 1090 etiam
699 1036 752 1090 in
799 1036 1072 1108 Pyrenaeis
1109 1035 1333 1090 collibus
1379 1035 1434 1089 in
1476 1035 1713 1088 tonitruo
1754 1041 1811 1087 et
1837 1048 1970 1088 voce

398 1128 560 1191 tubae,
608 1128 748 1182 sicut
772 1144 894 1183 cum
941 1128 1121 1198 Moyse
1153 1127 1352 1182 famulo
1396 1142 1494 1181 suo
1524 1127 1576 1180 in
1613 1125 1741 1180 Sina
1785 1135 1968 1180 monte

395 1215 786 1270 sermocinatus
814 1225 932 1272 cst:
976 1216 1061 1271 vel
1099 1216 1380 1271 Dominum
1409 1231 1531 1271 cum
1553 1215 1687 1270 lsaia
1709 1216 1965 1285 propheta

395 1303 577 1358 vidisti
602 1305 653 1358 in
676 1306 811 1361 solio
837 1306 1134 1373 sedentem,
1162 1308 1426 1363 etmissus
1438 1315 1521 1362 est
1549 1307 1816 1375 scraphim
1842 1322 1965 1361 cum

395 1395 616 1450 ardente
645 1396 848 1453 calculo
872 1399 1011 1453 labia
1041 1406 1130 1453 tua
1159 1399 1434 1461 mundare,
1465 1405 1524 1453 ut
1552 1399 1788 1452 inaudita
1813 1413 1844 1451 a
1867 1413 1967 1453 sa:-

396 1487 530 1542 culis
577 1489 794 1543 nomina
837 1491 1035 1546 mundo
1080 1489 1324 1560 proferre
1365 1489 1662 1544 valuisses:
1715 1489 1798 1544 vel
1840 1504 1962 1544 cum

394 1578 648 1648 Apostolo
676 1591 860 1652 raptus
890 1581 1034 1638 fuisti
1058 1581 1125 1638 ad
1150 1582 1365 1637 tertium
1392 1582 1606 1644 caelum,
1636 1589 1691 1636 et
1713 1582 1784 1635 ibi
1815 1582 1966 1636 audi-

390 1670 464 1723 sti
490 1669 772 1725 ineffabilia
797 1672 960 1727 verba
984 1690 996 1726 :
1025 1672 1108 1727 vel
1135 1687 1257 1727 cum
1281 1672 1439 1727 beato
1467 1671 1791 1739 evangelista
1822 1671 1960 1726 vidi-

2076 488 2133 544 Si
2163 491 2328 562 igitur
2372 491 2485 562 ipse
2508 491 2745 560 Gabriel,
2793 497 2885 565 qui
2912 497 3110 553 dicitur
3139 499 3397 560 fortitudo
3424 504 3554 575 Dei,
3596 488 3655 566 te

2071 590 2316 635 orantem
2345 583 2399 636 in
2428 583 2626 653 templo
2647 585 2962 651 invenisset,
3003 603 3110 642 non
3139 606 3331 647 novem
3362 597 3648 663 mensium,

2070 671 2163 725 sed
2197 680 2452 741 perpetua
2481 673 2848 730 taciturnitate
2873 677 3208 734 incredulum
3237 682 3550 742 damnasset
3582 703 3649 744 os

2070 767 2260 814 tuum:
2291 762 2416 830 quia
2441 777 2601 832 quem
2639 763 2728 818 ille
2756 780 2787 820 a
2824 765 2936 822 Deo
2973 769 3171 825 missus
3196 780 3251 826 et
3293 773 3486 831 divina:
3521 794 3652 834 con-

2070 851 2212 910 scius
2240 852 2530 908 voluntatis
2554 869 2745 923 parere
2769 857 3044 926 Virginem
3067 863 3319 929 praedixit
3354 864 3559 934 desum,
3593 870 3651 924 id

2068 945 2171 1003 est,
2200 939 2554 1006 Salvatotem,
2575 950 2631 996 et
2653 960 2923 1015 magnum,
2957 957 3013 1002 et
3033 949 3230 1005 Filium
3265 953 3544 1020 Altissimi,
3589 968 3650 1014 et

2067 1037 2336 1094 sanctum,
2362 1037 2417 1084 et
2444 1041 2795 1101 regnaturum
2820 1035 2874 1088 in
2910 1044 3172 1093 aeternum
3201 1044 3454 1110 ostendit,
3499 1047 3650 1104 hunc

2067 1124 2124 1170 tu
2154 1132 2379 1187 parvum
2404 1126 2460 1176 et
2499 1122 2830 1191 adoptivum,
2881 1133 2938 1179 et
2967 1141 3182 1183 servum
3228 1133 3647 1194 conditionalem

2067 1208 2256 1263 testari
2284 1224 2392 1263 non
2421 1211 2601 1266 times.

2133 1298 2296 1368 803
2334 1299 2418 1354 lIl.
2457 1300 2694 1357 Primum
2721 1320 2848 1377 ergo
2890 1307 3017 1364 illud
3045 1326 3075 1364 a
3110 1321 3160 1368 te
3187 1317 3426 1385 requiro,
3460 1319 3647 1374 Domi-

2064 1406 2194 1445 num
2231 1391 2412 1447 Jesum
2451 1393 2722 1451 Christum
2747 1438 2761 1460 ,
2804 1401 2894 1468 qui
2938 1417 3005 1457 ex
3036 1403 3202 1460 Maria
3247 1409 3454 1480 virgine
3485 1421 3647 1469 natus

2063 1492 2166 1548 est,
2193 1484 2426 1540 hominis
2447 1495 2651 1542 tantum
2679 1489 2896 1558 Filium,
2923 1509 2992 1548 an
3021 1497 3184 1553 etiam
3221 1500 3315 1555 Dei
3339 1502 3534 1559 Filium
3565 1507 3646 1561 di-

2063 1573 2192 1628 cas?
2217 1573 2323 1628 Sed
2350 1576 2452 1630 hoc
2480 1577 2806 1647 superfluum
2829 1591 2911 1637 est
2934 1599 2966 1637 a
2996 1592 3046 1640 te
3067 1602 3310 1656 quaerere
3335 1595 3478 1660 quod
3522 1610 3645 1665 per-

2065 1664 2307 1732 spicuum
2335 1673 2418 1719 est
2447 1673 2498 1721 te
2526 1670 2749 1735 sentire,
2777 1680 2832 1726 et
2856 1673 3039 1730 multis
3083 1679 3280 1744 verbis,
3314 1682 3440 1738 licet
3468 1664 3644 1741 inani-

393 1761 462 1815 sti
489 1769 543 1815 et
565 1761 738 1830 legisti
765 1763 961 1817 librum
988 1763 1274 1832 sigillatum
1311 1774 1514 1831 septem
1540 1762 1754 1832 sigillis,
1800 1776 1960 1832 quem
1994 1744 2038 1805 Β
2065 1763 2165 1819 ter,
2206 1757 2529 1814 confirmare
2551 1759 2784 1817 hominis
2812 1779 2933 1819 esse
2963 1773 3170 1824 tantum
3202 1771 3416 1838 Filium,
3456 1777 3547 1844 qui
3574 1794 3642 1832 ex

395 1866 553 1906 nemo
597 1852 767 1920 potuit
795 1854 1023 1923 aperire,
1071 1853 1174 1910 nisi
1221 1854 1303 1908 leo
1333 1854 1396 1908 de
1427 1853 1566 1908 tribu
1600 1851 1756 1919 Juda,
1807 1852 1960 1922 cujus

393 1942 641 2010 potestati
668 1941 954 2000 infeliciter
978 1944 1127 2000 Felix
1159 1946 1414 2018 derogare
1438 1963 1542 2002 non
1569 1948 1797 2003 metuis!
1829 1947 1964 2002 Pro-

393 2029 475 2086 fer
507 2039 686 2087 tamen
713 2033 866 2089 nobis
905 2035 1034 2104 quid
1071 2043 1246 2090 tecum
1277 2036 1585 2106 loqueretur
1612 2037 1753 2091 Deus
1778 2037 1863 2090 vel
1905 2038 1958 2090 in

391 2120 624 2188 turbine,
651 2123 734 2179 vel
764 2125 818 2178 in
843 2123 1112 2195 Pyrenazis
1139 2126 1363 2182 collibus
1389 2144 1402 2180 :
1449 2127 1531 2181 vel
1560 2127 1644 2180 illa
1671 2126 1958 2182 ineffabilia

390 2211 554 2265 verba
582 2229 702 2281 quae
740 2214 932 2269 audisti
975 2216 1062 2270 dic
1101 2217 1288 2282 nobis,
1335 2217 1418 2271 vel
1446 2218 1512 2272 de
1559 2218 1784 2288 sigillato
1823 2219 1960 2272 libro

387 2300 610 2355 ostende
643 2302 797 2357 nobis
841 2303 1146 2358 testimonia
1193 2306 1316 2360 novi
1363 2307 1596 2362 nominis
1634 2309 1776 2376 quod
1820 2323 1958 2363 novo

389 2385 592 2444 homini
620 2390 875 2447 indidisti.
915 2392 1086 2448 Credo
1108 2395 1249 2464 quod
1278 2395 1415 2450 alius
1441 2398 1662 2466 spiritus
1689 2399 1782 2453 tibi
1813 2398 1958 2454 locu-

387 2487 480 2536 tus
501 2489 584 2535 est
619 2483 892 2538 Christum
931 2500 1050 2540 esse
1093 2487 1421 2557 ndOptivum,
1467 2489 1605 2543 alius
1644 2489 1792 2544 [sake
1832 2506 1958 2560 pro-

386 2572 562 2642 pheta:
589 2573 868 2643 inspiravit
906 2577 1139 2632 dicenti:
1186 2579 1255 2633 Et
1307 2582 1570 2635 vocabitur
1616 2599 1798 2638 nomen
1840 2586 1955 2655 ejus

388 2660 700 2716 Emmanuel
729 2661 863 2732 (Ira.
893 2680 990 2730 vn,
1041 2665 1128 2736 H)
1154 2683 1168 2730 ;
1215 2668 1301 2723 vel
1329 2670 1489 2724 etiam
1518 2673 1659 2740 quod
1689 2673 1813 2728 alibi
1842 2675 1950 2728 ait:

385 2748 455 2803 Et
508 2752 773 2806 vocabitur
806 2770 989 2808 nomen
1038 2756 1152 2825 ejus
1207 2757 1552 2822 admirabilis,
1601 2762 1952 2828 consiliarius,

385 2837 544 2904 Deus,
576 2839 747 2908 fortis,
777 2843 1010 2913 princeps
1037 2847 1203 2914 pacis,
1229 2856 1378 2916 pater
1404 2848 1570 2918 futuri
1599 2851 1778 2904 seaculi
1817 2853 1949 2923 (Isa.

381 2941 460 2992 ιι,
509 2927 584 2997 6).
632 2929 701 2984 Et
724 2931 859 2986 alius
884 2933 1105 3001 spiritus
1151 2935 1245 2989 tibi
1268 2936 1488 2993 dictavit
1517 2938 1790 2997 Christum
1819 2960 1956 2998 nun-

382 3020 687 3088 cupativum
713 3037 833 3078 esse
859 3023 1044 3091 Deum,
1076 3026 1214 3083 alius
1238 3029 1390 3085 alteri
1415 3033 1690 3102 propheta:
1716 3036 1947 3091 dicenti:

2065 1847 2283 1918 Virgine
2309 1856 2468 1904 natus
2493 1860 2595 1916 est,
2623 1861 2678 1906 et
2705 1869 2812 1908 non
2855 1855 2972 1921 Dei,
3004 1858 3108 1912 nisi
3154 1876 3252 1929 per
3275 1863 3640 1932 adoptionem.

2061 1936 2170 1994 Nos
2199 1947 2402 2006 autem,
2434 1941 2487 1996 id
2511 1951 2594 1997 est
2613 1985 2626 2009 ,
2651 1946 3040 2002 catholicorum
3065 1953 3305 2007 omnium
3336 1955 3488 2022 fides,
3521 1975 3638 2022 nos,

2061 2026 2300 2097 inquam,
2342 2045 2530 2087 omnes
2555 2041 2840 2104 utrumque
2885 2046 2940 2091 et
2977 2040 3248 2096 credimus
3292 2054 3348 2100 et
3391 2046 3644 2118 intelligi—

2061 2131 2201 2183 mus,
2231 2128 2287 2174 et
2329 2121 2530 2178 scimus
2556 2131 2610 2179 et
2637 2125 2976 2194 confitemur,
3014 2132 3157 2199 quod
3201 2143 3256 2188 et
3294 2136 3530 2193 hominis
3560 2150 3647 2195 est

2059 2205 2244 2274 Filius,
2269 2211 2363 2279 qui
2393 2227 2458 2266 ex
2485 2213 2703 2270 homine
2734 2226 2892 2273 natus
2919 2228 3022 2286 est,
3042 2230 3096 2276 et
3120 2223 3215 2278 Dei
3244 2225 3431 2294 Filius,
3459 2232 3552 2299 qui
3573 2247 3643 2285 ex

2061 2295 2265 2366 Spiritu
2285 2309 2474 2356 sancto
2501 2314 2792 2376 conceptus
2817 2318 2920 2364 est.
2951 2310 3028 2364 Tu
3050 2327 3180 2384 ergo
3205 2315 3285 2370 vel
3327 2295 3642 2390 utrumque.
3685 2387 3687 2390 ,

2059 2385 2114 2439 id
2141 2394 2245 2452 est,
2274 2388 2369 2442 Dei
2396 2390 2592 2445 Filium
2614 2403 2776 2464 atque
2796 2405 2851 2450 et
2869 2399 3122 2465 hominis,
3148 2417 3215 2457 an
3234 2411 3439 2460 tantum
3467 2385 3647 2465 homi-

2059 2476 2142 2530 nis
2181 2492 2300 2532 esse
2340 2483 2574 2537 asseris?
2610 2484 2665 2538 Si
2692 2493 2894 2541 tantum
2921 2490 3173 2557 hominis,
3213 2497 3512 2554 reclamant
3542 2504 3645 2557 tibi

2058 2567 2306 2636 apostoli,
2332 2571 2628 2628 reclamant
2655 2578 2946 2646 prophetat,
2964 2582 3222 2638 reclamat
3243 2587 3477 2656 denique
3498 2591 3640 2659 ipse,

2056 2673 2154 2728 per
2167 2675 2326 2728 quem
2345 2660 2485 2717 facta
2503 2673 2586 2718 est
2613 2669 2910 2736 conceptio,
2927 2670 3160 2740 Spiritus
3180 2685 3419 2732 sanctus.
3443 2677 3645 2736 Obruio

2057 2755 2146 2802 tur
2191 2749 2709 2820 impudentissimum
2756 2773 2818 2810 os
2871 2769 3021 2816 tuum
3072 2766 3283 2821 cunctis
3327 2768 3640 2827 divinorum

2057 2840 2265 2909 apicum
2322 2844 2675 2912 testimoniis;
2724 2848 2974 2906 obruitur
3014 2856 3184 2910 sacris
3237 2857 3638 2928 voluminibus,

2057 2933 2259 2988 sanctis
2296 2936 2553 3003 testibus;
2608 2939 2858 2995 obruitur
2903 2943 3134 3015 denique
3175 2949 3292 3019 ipso
3335 2952 3431 3008 Dei
3459 2955 3642 3010 Evan—

2057 3022 2217 3094 gelio,
2255 3025 2407 3094 quasi
2430 3027 2608 3082 divina
2635 3046 2794 3086 manu
2821 3034 3006 3090 multis
3031 3037 3084 3091 in
3113 3038 3247 3095 locis
3273 3045 3507 3101 maxime
3532 3063 3635 3117 pa»

383 3106 446 3163 Si
484 3110 642 3180 a/ﬁgu
683 3112 835 3166 homo
870 3113 1038 3169 Deum
1080 3133 1256 3183 suum,
1303 3095 1433 3190 quia.
1473 3095 1558 3176 υέε
1608 3125 1822 3194 afﬁgatis
1869 3143 1951 3182 me
1979 3095 2024 3159 C
2057 3120 2208 3167 terna
2239 3129 2367 3170 voce
2390 3115 2455 3170 de
2479 3117 2651 3184 caelis,
2668 3127 2723 3173 et
2750 3121 2914 3190 ipsius
2941 3126 3244 3183 testimonio
3270 3131 3336 3186 de
3361 3148 3468 3203 quo
3489 3095 3639 3191 nunc

379 3199 637 3270 (Malach.
677 3219 761 3270 ιιι,
789 3205 865 3278 8).
910 3207 1157 3279 Nunquid
1201 3225 1307 3265 non
1336 3211 1450 3268 haec
1491 3229 1595 3269 vox
1622 3215 1820 3272 Christi
1848 3233 1948 3288 po-

379 3290 483 3345 tuit
506 3307 644 3358 esse,
671 3297 885 3365 quando
909 3298 1102 3354 ductus
1125 3308 1208 3356 est
1233 3303 1300 3357 ad
1327 3318 1566 3370 crucem,
1609 3309 1762 3377 quasi
1784 3309 1951 3365 dixis-

380 3391 500 3438 set:
533 3384 660 3450 Cur,
691 3402 893 3456 qumso,
931 3391 1347 3464 Rcdcmptorem
1386 3405 1625 3453 vestrum
1656 3416 1762 3455 non
1787 3416 1951 3471 agno-

379 3474 572 3529 scitis?
598 3475 708 3530 Cur
728 3477 894 3532 Deum
920 3479 1161 3536 indutum
1190 3499 1289 3552 pro
1315 3486 1464 3541 vobis
1484 3503 1644 3542 carne
1687 3492 1950 3546 nescitis?

379 3563 647 3620 Saivatori
686 3575 862 3623 vestro
898 3585 1083 3626 necem
1127 3575 1347 3640 paratis.
1396 3575 1684 3633 Auctorem
1714 3581 1838 3636 vita:
1881 3582 1948 3636 ad

378 3665 608 3726 mortem
647 3659 879 3714 ducitis:
920 3660 1060 3717 Deus
1089 3671 1265 3719 vester
1287 3680 1426 3729 sum,
1475 3682 1634 3736 quem
1670 3672 1948 3741 suspendi-

377 3746 486 3802 tis:
515 3747 656 3805 Deus
682 3758 878 3818 vester,
905 3768 1065 3823 quem
1110 3756 1444 3825 crucifigitis.
1495 3759 1644 3826 Quis,
1679 3777 1826 3833 rogo,
1859 3764 1946 3819 hic

374 3853 545 3904 error,
597 3849 690 3895 aut
723 3858 840 3912 qua:
879 3845 1086 3902 insania
1125 3849 1250 3902 est?
1299 3848 1360 3904 Si
1397 3852 1552 3922 aﬁigit
1595 3854 1748 3908 homo
1779 3854 1946 3909 Deum

374 3945 548 3995 suum,
571 3932 693 4002 quia
725 3949 810 3988 ros
836 3935 1038 4006 alﬁgitis
1063 3954 1162 3992 me.
1211 3939 1372 3994 Vides
1397 3943 1665 4011 quomodo
1691 3960 1794 3999 vox
1833 3945 1948 4001 brec

373 4020 608 4091 ipsarum
632 4026 1040 4094 quodammodo,
1068 4045 1189 4101 qua:
1202 4041 1321 4087 acta
1350 4042 1492 4098 sunt,
1527 4049 1706 4090 rerum
1728 4051 1829 4090 vox
1852 4036 1940 4090 sit.

376 4107 620 4180 Nunquid
648 4117 953 4183 expressius
980 4119 1270 4190 quidquam
1300 4130 1408 4177 aut.
1433 4125 1772 4180 manifestius
1798 4143 1946 4195 qua:-

373 4200 482 4255 ris?
503 4200 662 4258 Vides
689 4206 956 4273 quomodo
987 4209 1286 4264 testimonia
1309 4227 1464 4267 sacra
1493 4221 1674 4269 natum
1703 4215 1756 4269 in
1781 4231 1946 4271 carne

368 4289 654 4347 Dominum
681 4291 862 4350 Jcsum
899 4293 1168 4352 Christum
1204 4301 1271 4355 ab
1297 4301 1427 4372 ipsis
1451 4304 1844 4373 quodammodo
1869 4307 1946 4362 in-

2050 3205 2206 3260 nobis
2236 3220 2414 3260 sermo
2447 3217 2548 3262 est.
2578 3208 2807 3266 Damnat
2828 3223 2881 3268 et
2915 3216 3029 3286 ipse
3054 3219 3408 3292 archangelus
3436 3241 3627 3282 vocem

2051 3294 2380 3350 incredulum
2407 3298 2460 3352 in
2498 3307 2572 3362 te,
2607 3301 2696 3370 qui
2717 3303 2915 3361 virtute
2941 3309 3021 3361 sui
3051 3312 3315 3366 sermonis
3353 3314 3546 3370 clausit
3575 3319 3634 3371 in

2050 3387 2310 3442 Zacharia
2336 3404 2399 3444 os
2424 3390 2756 3446 incredulum
2791 3413 2803 3447 :
2836 3397 3006 3453 multo
3057 3403 3231 3472 magis
3257 3412 3312 3458 et
3340 3406 3393 3458 in
3435 3415 3507 3472 te,
3538 3408 3638 3477 qui

2049 3495 2150 3535 nec
2196 3479 2294 3534 Dei
2342 3480 2516 3536 Patris
2569 3484 2876 3541 testimonio
2915 3490 2979 3543 de
3023 3490 3162 3545 Filio
3215 3509 3314 3550 suo
3360 3500 3633 3564 testantis,

2048 3588 2148 3627 nee
2198 3573 2506 3644 apostolicis
2554 3576 2850 3644 doctrinis,
2892 3595 2992 3636 nec
3047 3587 3369 3655 propheticis
3424 3606 3632 3658 [ιι-ωδε-

2047 3663 2187 3736 giis,
2238 3679 2338 3719 nec
2397 3667 2654 3737 angelicis
2700 3669 2951 3727 affatibus
3006 3678 3314 3732 consentire
3359 3681 3477 3745 vis,
3533 3686 3634 3738 sed

2046 3765 2168 3824 post
2192 3755 2306 3810 hazc
2327 3757 2570 3812 veritatis
2589 3762 2893 3816 testimonia
2920 3779 3115 3819 novum
3147 3783 3341 3823 nomen
3363 3768 3458 3824 Dei
3488 3770 3634 3826 Filio

2047 3859 2169 3899 cum
2198 3846 2386 3915 paucis
2411 3846 2697 3916 Hispaniae,
2723 3867 2830 3905 non
2861 3853 2981 3908 dico
3004 3855 3337 3922 doctoribus,
3362 3860 3456 3914 sed
3485 3864 3635 3916 veri-

2046 3936 2176 3990 tatis
2200 3936 2585 4000 desertoribus,
2611 3939 2886 4010 imponere
2907 3947 3204 4010 prtesumis.
3233 3947 3630 4007 Convertimini

2044 4025 2364 4096 quandoque
2416 4029 2485 4082 ad
2537 4029 2757 4085 unitatis
2804 4033 3080 4090 catholica:
3129 4041 3496 4106 concordiam,
3549 4055 3630 4106 et,

2044 4117 2171 4171 dum
2199 4117 2375 4172 adhuc
2414 4118 2591 4173 lumen
2639 4121 2872 4187 habetis,
2902 4125 3123 4191 currite,
3151 4143 3218 4181 ne
3256 4143 3352 4184 vos
3382 4135 3630 4189 tenebrae

2043 4207 2448 4278 apprehendant
2480 4225 2494 4262 :
2523 4217 2582 4263 ut
2625 4210 2744 4265 sitis
2771 4228 2869 4282 per
2893 4213 3043 4269 illum
3070 4216 3356 4287 adoptione
3386 4219 3626 4277 filiorum

2043 4299 2208 4368 digni,
2250 4300 2340 4370 qui
2384 4311 2466 4356 est
2505 4318 2666 4358 verus
2707 4303 2874 4360 Filius
2904 4306 3020 4372 Dei,
3061 4309 3152 4376 qui
3194 4309 3246 4363 in
3291 4311 3628 4379 plenitudine

368 4382 666 4448 cunabulis,
715 4401 882 4454 usque
919 4387 986 4441 ad
1023 4403 1238 4444 crucem
1286 4406 1445 4460 quam
1473 4396 1714 4462 pertulit,
1756 4410 1939 4465 prosc—
1969 4438 2019 4497 Β
2043 4391 2343 4447 divinitatis
2366 4403 2526 4455 natus
2553 4404 2634 4450 est
2665 4396 2932 4466 perfectus
2963 4400 3404 4497 Deps,perl‘ectus
3420 4406 3619 4463 homo:

367 4483 491 4530 cuta
518 4484 677 4531 sunt:
709 4491 829 4532 cum
861 4478 1043 4548 utique
1073 4480 1240 4545 illum,
1272 4496 1428 4550 quem
1456 4485 1622 4539 lsaias
1650 4486 1932 4542 Dominum

367 4563 420 4618 in
445 4580 607 4621 carne
631 4568 776 4623 nasci
803 4569 1149 4638 praedicavit;
1182 4570 1271 4626 hic
1293 4570 1458 4628 Deum
1491 4573 1542 4626 in
1573 4589 1732 4628 cruce
1758 4575 1936 4630 videat

366 4650 526 4721 afligi.
576 4655 643 4709 Et
665 4657 784 4713 ideo
809 4672 838 4712 a
863 4659 1122 4729 propheta
1150 4668 1204 4713 et
1239 4659 1344 4714 illic
1373 4661 1461 4716 ubi
1499 4670 1657 4716 natus
1681 4671 1766 4716 est
1793 4663 1936 4718 Deus

365 4743 578 4807 dicitur,
615 4757 671 4802 et
695 4749 801 4805 illic
825 4752 914 4806 ubi
942 4751 1231 4808 cruciﬁxus
1259 4762 1342 4808 est
1368 4753 1509 4808 Deus
1533 4753 1932 4811 evidentissime

365 4834 690 4891 nominatur.
741 4839 1051 4896 Certissime
1094 4843 1230 4898 alius
1270 4844 1492 4915 angelus
1524 4844 1617 4900 tibi
1647 4846 1932 4902 dormienti

363 4929 418 4985 in
465 4929 668 4985 somnis
702 4933 982 5000 apparuit,
1029 4935 1166 4989 alius
1206 4934 1400 5007 Ioseph
1447 4937 1564 4991 viro
1614 4937 1831 4994 Mariae:
1879 4947 1933 4994 et

361 5021 506 5078 aliud
535 5020 631 5078 tibi
660 5035 854 5076 nomen
883 5022 1298 5089 demonstravit,
1347 5027 1488 5081 aliud
1521 5027 1595 5082 illi
1621 5045 1635 5092 ;
1667 5028 1748 5083 vel
1795 5029 1932 5083 alius

361 5128 467 5169 non
492 5109 731 5178 Gabriel,
767 5112 860 5167 sed
893 5112 1105 5182 ignotus
1144 5115 1369 5183 quilibet
1406 5120 1624 5175 nuntius
1663 5121 1758 5176 tibi
1798 5121 1932 5191 vigi-

360 5202 494 5264 lanti
550 5203 722 5262 astitit
781 5217 1070 5258 susurrans
1117 5202 1171 5257 in
1218 5219 1424 5261 aurem.
1483 5207 1675 5273 Hunc,
1735 5209 1928 5278 inquit,

361 5307 606 5362 puerum,
635 5292 726 5363 qui
747 5300 903 5348 natus
926 5292 1097 5347 estde
1124 5292 1364 5363 Virgine,
1399 5296 1707 5366 adoptivum
1737 5313 1930 5355 vocare

361 5387 652 5437 memento.
703 5379 984 5439 Sedulius
1023 5381 1350 5443 beatissima:
1391 5383 1596 5456 Virgini
1639 5387 1829 5450 astitit,
1874 5395 1930 5440 et

351 5471 464 5544 jam
514 5485 622 5528 non
663 5467 949 5542 quislibet,
999 5473 1093 5530 sed
1140 5473 1355 5532 Gabriel
1394 5477 1746 5551 archangelus
1781 5479 1927 5541 clara

358 5576 488 5620 voce
511 5562 898 5634 pronuntians:
941 5565 1169 5636 Spiritus
1193 5578 1402 5624 sanctus
1439 5573 1757 5640 superveniet
1782 5574 1836 5625 in
1859 5582 1925 5635 te,

357 5671 401 5710 et
434 5659 594 5722 uirtus
623 5653 867 5720 Altissimi
890 5657 1209 5722 obumbrabit
1236 5661 1366 5714 tibi:
1395 5663 1608 5734 ideoque
1633 5675 1678 5717 et
1703 5665 1839 5736 quod
1866 5682 1927 5720 ea:

2041 4494 2184 4541 totus
2228 4487 2390 4552 Deus,
2423 4497 2566 4543 totus
2596 4491 2787 4553 homo;
2842 4499 2986 4545 totus
3025 4492 3190 4547 Filius
3225 4494 3337 4559 Dei,
3370 4505 3424 4551 et
3470 4505 3621 4553 totus

2037 4575 2177 4632 filius
2224 4578 2476 4633 hominis.
2520 4578 2584 4633 Et
2613 4593 2804 4633 nomen
2835 4583 2974 4648 quod
3021 4584 3240 4653 angelus
3290 4588 3620 4657 concipienti

2037 4669 2240 4738 Virgini
2267 4669 2537 4738 praedixit,
2567 4670 2621 4724 id
2665 4678 2750 4724 est
2787 4669 2980 4725 Filium
3011 4673 3128 4739 Dei,
3173 4677 3480 4731 ﬁrmissime
3533 4688 3617 4731 tc-

2036 4766 2195 4822 nete,
2243 4758 2448 4813 credite
2505 4766 2561 4813 et
2605 4760 2914 4829 prtedicate.
2971 4761 3064 4817 Dei
3115 4766 3258 4822 enim
3311 4766 3478 4822 Filius
3524 4767 3620 4824 Je-

2035 4863 2128 4904 sus
2183 4845 2432 4904 Christus
2484 4857 2594 4910 est,
2652 4850 2742 4918 qui
2801 4859 2856 4904 et
2903 4851 2972 4907 de
3025 4855 3302 4912 divinitate
3355 4859 3611 4928 genitus,

2034 4946 2088 4992 et
2135 4939 2202 4993 de
2249 4939 2526 4994 divinitate
2577 4951 2868 5009 conceptus
2907 4953 3009 4997 est.
3045 4945 3102 4998 Si
3148 4957 3326 5002 autem
3378 4948 3470 5005 Dei
3522 4949 3617 5004 Fi-

2035 5026 2170 5091 lius,
2215 5043 2345 5098 ergo
2383 5027 2748 5084 indubitanter
2799 5030 2940 5086 Deus
2993 5051 3002 5084 :
3054 5035 3097 5087 si
3143 5051 3270 5091 vero
3308 5037 3467 5101 Deus,
3504 5041 3616 5094 uti-

2033 5132 2136 5187 que
2183 5117 2327 5170 omni
2375 5118 2600 5174 veritate
2633 5119 2858 5189 plenus,
2915 5124 3039 5192 quia
3091 5126 3264 5194 gratia
3298 5133 3352 5181 et
3407 5128 3616 5184 veritas

2031 5223 2128 5279 per
2151 5206 2331 5262 Jesum
2362 5207 2634 5264 Christum
2664 5211 2801 5265 facta
2830 5221 2913 5266 est
2959 5213 3141 5284 (Joan.
3179 5233 3226 5282 ι,
3261 5219 3368 5286 l7).
3416 5216 3615 5276 Omnis

2031 5313 2160 5371 ergo
2208 5301 2262 5355 in
2313 5315 2378 5354 eo
2425 5301 2628 5370 gratia,
2669 5304 2844 5358 omnis
2883 5307 3114 5373 veritas,
3164 5311 3338 5366 omnis
3386 5312 3562 5367 virtus
3593 5356 3609 5378 ,

2030 5392 2208 5447 omnis
2258 5394 2530 5462 potentia,
2579 5395 2757 5449 omnis
2805 5397 3088 5464 divinitas,
3140 5401 3315 5457 omnis
3373 5403 3614 5475 denique

2032 5484 2328 5540 divinitatis
2371 5499 2433 5538 ac
2490 5486 2786 5555 majestatis
2838 5489 3006 5560 ipsius
3053 5492 3328 5560 plenitudo
3360 5509 3485 5549 cum
3538 5510 3613 5551 eo

2032 5585 2190 5643 atque
2221 5574 2273 5628 in
2302 5586 2368 5629 eo
2394 5590 2608 5645 semper
2630 5576 2749 5641 fuit,
2774 5580 2886 5633 sive
2913 5581 2965 5635 in
3006 5581 3161 5643 cmlo,
3194 5581 3310 5637 sive
3334 5583 3387 5637 in
3433 5592 3606 5648 terra,

2031 5666 2141 5720 sive
2166 5666 2216 5718 in
2241 5674 2412 5730 utero,
2445 5669 2555 5723 sive
2579 5670 2626 5722 in
2651 5679 2787 5722 m'tu.
2828 5671 2967 5726 Nihil
2997 5689 3229 5743 unquam
3251 5676 3365 5732 Deo
3401 5678 3466 5734 de
3492 5678 3608 5735 Deo
