3906 6186
305 276 398 331 M9

1045 273 1456 331 DOGMATICA.
1489 309 1555 316 ——
1579 276 1736 332 ADV.
1776 277 2070 336 FELICEM
2111 279 2288 336 LIBRI
2327 284 2434 339 Vll.
2461 316 2530 325 —
2554 283 2678 340 LIB.
2719 289 2782 344 ll.

3440 296 3462 348 l
3473 295 3543 349 50

294 390 490 455 defuit;
542 403 764 459 semper
808 391 950 444 enim
986 405 1108 445 eum
1152 389 1264 446 Deo
1319 389 1520 457 deitas;
1568 406 1781 462 semper
1819 393 1873 446 in
1902 403 1950 460 Α
1979 393 2114 448 libro
2140 395 2205 449 de
2227 396 2495 466 Baptismo
2524 403 2865 470 parvulorum
2891 406 2966 460 ait
2994 418 3018 446 ι
3052 425 3063 459 :
3101 425 3119 457 ι
3155 407 3259 462 Per
3285 410 3542 467 unitatem

294 482 432 540 Filio
453 483 799 554 proprietas:
831 481 971 536 idem
1007 482 1058 536 in
1089 481 1324 536 hominis
1362 482 1656 552 exiguitate
1698 483 1787 551 qui
1819 481 1872 536 in

293 575 388 632 Dei
418 574 722 644 majestate.
757 573 827 628 Et
854 573 972 628 ideo
1002 573 1136 627 bene
1170 573 1476 644 Apostolus,
1507 572 1707 628 Christi
1745 588 1870 643 gra-

291 667 424 721 tiam
449 667 757 730 nominans,
805 665 898 719 Dei
930 665 1156 733 gratiam
1204 665 1518 729 nominavit,
1562 666 1688 736 quia
1716 665 1873 720 Chri-

291 764 409 812 stus
457 765 630 811 totum
668 764 786 810 erat
826 755 968 824 quod
1003 754 1164 809 Deus.
1216 753 1402 810 Omnis
1443 755 1497 809 in
1545 757 1657 826 ipsa
1687 758 1871 811 statim

291 848 530 904 hominis
572 846 926 916 conceptione
978 846 1072 900 Dei
1118 846 1328 912 virtus,
1378 848 1553 901 omnis
1581 847 1864 913 divinitas,

293 945 468 999 omnis
509 943 810 998 divinitatis
859 949 1080 996 venerat
1119 940 1413 1010 plenitudo.
1446 941 1572 996 lnde
1600 942 1741 995 enim
1795 941 1871 996 illi

294 1035 471 1090 omnis
524 1033 824 1089 divinitatis
871 1032 1131 1102 perfectio
1172 1033 1314 1088 unde
1359 1043 1414 1089 et
1459 1036 1631 1104 origo.
1687 1034 1870 1105 Neque

291 1130 435 1184 enim
459 1143 697 1198 unquam
742 1126 832 1182 ille
857 1127 1021 1182 homo
1056 1127 1172 1182 sine
1200 1126 1312 1182 Deo
1342 1127 1536 1194 fuerat,
1568 1129 1658 1199 qui
1685 1131 1870 1199 utique

289 1219 392 1274 hoc
421 1219 598 1288 ipsum
629 1218 771 1286 quod
793 1227 913 1274 erat
933 1233 1052 1273 esse
1076 1233 1104 1272 a
1133 1217 1244 1273 Deo
1270 1228 1526 1289 coeperat.
1555 1220 1666 1276 lloc
1692 1222 1866 1291 ipsum

289 1312 468 1379 itaque
491 1309 748 1378 primum,
774 1308 911 1362 velis
949 1307 1103 1373 nolis,
1135 1324 1332 1380 negare
1364 1325 1468 1364 non
1500 1321 1680 1380 potes,
1725 1314 1866 1381 quod

286 1401 550 1456 Dominus
585 1397 742 1455 Jesus
768 1397 1018 1455 Christus
1061 1398 1226 1454 Filius
1273 1401 1370 1454 Dei
1411 1401 1500 1465 sit,
1547 1403 1867 1473 archangclo

286 1493 473 1560 utique
497 1490 767 1546 clamante
794 1505 809 1544 :
836 1489 990 1556 Quod
1013 1506 1078 1544 ea:
1118 1500 1167 1544 te
1205 1500 1444 1544 nascetur
1487 1503 1752 1556 sanclum,
1782 1510 1868 1547 ro-

287 1584 495 1636 eabitur
525 1580 698 1636 Filius
725 1580 826 1635 Dei
855 1581 1006 1653 (Luc.
1039 1597 1078 1646 ι,
1128 1579 1240 1653 35).
1275 1580 1389 1636 Hoc
1440 1591 1617 1636 autem
1666 1584 1860 1653 posito,

287 1672 426 1726 scito
456 1679 531 1736 te,
560 1670 819 1740 quidquid
866 1670 933 1725 de
977 1668 1195 1726 Christo
1241 1671 1454 1740 legeris,
1489 1673 1554 1728 dc
1603 1673 1696 1727 Dei
1728 1673 1862 1728 Filio

1972 499 2101 540 vero
2131 500 2393 555 personae,
2426 491 2549 566 quia
2590 489 2772 566 [Αιιᾳ.ν
2801 495 2926 568 qua]
2972 505 3198 568 utraque
3239 501 3540 559 substantia

1971 592 2109 630 unus
2124 577 2366 634 Christus
2396 591 2496 648 est,
2511 593 2563 640 et
2591 584 2758 643 Filius
2780 587 2873 642 Dei
2900 591 3207 647 ambulabat
3229 594 3284 647 in
3307 602 3474 663 terra,
3487 605 3546 655 et

1973 667 2114 758 idem
2140 669 2252 758 ipse
2283 669 2450 729 Filius
2473 674 2704 732 hominis
2732 681 2983 734 manebat
3014 683 3066 735 in
3095 683 3251 738 coelo.
3283 683 3370 739 Fit
3413 698 3543 758 ergo

1971 755 2427 815 incredibiliorum
2455 761 2636 834 [Aug.,
2664 768 3085 843 eredibiliorum]
3120 771 3251 828 ﬁdes
3275 788 3340 828 ex
3367 755 3544 833 incre-

1972 847 2309 906 dibilioribus
2336 855 2574 912 creditis.
2600 855 2656 910 Si
2687 860 2828 913 enim
2857 861 3036 917 divina
3062 865 3360 921 substantia
3385 867 3543 941 longe

1971 942 2276 1010 distantior,
2312 955 2471 1018 atque
2497 950 2900 1021 incomparabili
2920 956 3229 1012 diversitate
3255 959 3544 1016 sublimior

1969 1034 2143 1101 potuit
2164 1044 2384 1107 propter
2407 1055 2505 1092 nos
2537 1040 2609 1095 ita
2653 1043 2925 1112 suscipere
2969 1045 3260 1102 humanam
3290 1051 3543 1106 substan-

1972 1125 2123 1191 tiam,
2153 1136 2211 1180 ut
2239 1145 2341 1182 una
2387 1145 2613 1200 persona
2656 1132 2839 1200 ﬁeret;
2883 1151 2946 1191 ac
2970 1138 3048 1192 sic
3091 1138 3258 1194 Filius
3286 1140 3539 1205 hominis,

1969 1212 2058 1281 qui
2109 1221 2226 1268 erat
2280 1216 2334 1269 in
2394 1224 2533 1272 terra
2589 1234 2688 1287 per
2735 1223 2912 1276 carnis
2953 1224 3350 1292 inﬁrmitatem,
3398 1229 3540 1286 idem

1970 1302 2083 1371 ipse
2117 1313 2260 1358 esset
2299 1306 2350 1360 in
2397 1307 2532 1362 etelo
2574 1324 2671 1378 per
2695 1312 3066 1382 participatam
3101 1317 3252 1370 carni
3290 1318 3540 1372 divinita-

1969 1399 2078 1445 tem
2109 1393 2156 1445 δ.
2190 1413 2208 1445 ι

2042 1505 2102 1560 γ.
2143 1503 2447 1575 Opposuisti
2498 1507 2681 1572 etiam,
2711 1517 2763 1563 et
2810 1525 2908 1564 nos
2957 1511 3154 1567 dixisse
3207 1513 3350 1568 inter
3376 1514 3479 1569 alia
3521 1533 3534 1567 :

1973 1617 1990 1650 ι
2011 1599 2146 1665 Quid
2165 1608 2285 1669 post
2314 1599 2419 1655 tale
2455 1601 2752 1656 tonitruum
2783 1602 3040 1659 dubitatis
3061 1604 3325 1675 ﬁngentes
3347 1606 3541 1661 nativi-

1968 1691 2060 1745 tati
2095 1691 2234 1746 illius
2263 1707 2461 1746 novum
2491 1692 2797 1762 adoptionis
2818 1696 3191 1764 nomen,quod
3227 1696 3281 1750 in
3309 1704 3419 1752 tota
3436 1699 3541 1753 Ve-

285 1762 510 1833 ιθεετοε
543 1763 800 1835 qquum
842 1763 908 1819 de
958 1763 1186 1821 Domino
1225 1773 1316 1820 θυι
1352 1764 1479 1820 Ῑθευ
1532 1765 1745 1837 legeris:
1793 1767 1859 1821 ad
1897 1757 1936 1816 Β
1966 1783 2094 1836 teris
2116 1757 2698 1849 NoviqueTestamenti
2716 1783 2856 1838 serie
2873 1799 2980 1837 non
3003 1757 3276 1839 invenitur
3300 1787 3366 1841 de
3388 1786 3541 1842 Chri-

287 1854 383 1908 Dei
408 1853 598 1908 Filium
623 1855 915 1924 pertinere.
944 1853 1134 1911 Omnia
1159 1857 1301 1912 enim
1340 1858 1454 1912 hazc
1481 1857 1622 1913 illius
1643 1859 1858 1913 nomina

286 1947 378 2001 Dei
411 1946 606 2000 Filium
633 1945 1008 2003 demonstrant
1037 1964 1050 2001 :
1076 1954 1130 2002 et
1162 1948 1280 2004 ideo
1307 1956 1361 2001 tu
1395 1949 1447 2001 in
1473 1949 1558 2004 his
1589 1949 1854 2013 omnibus,

283 2052 620 2107 quzecunque
672 2037 945 2104 audieris,
1003 2054 1198 2094 nomen
1244 2039 1538 2095 divinitatis
1580 2056 1854 2110 agnosces.

283 2129 477 2184 Omnia
507 2130 625 2198 haec
652 2129 766 2200 ejus
802 2129 1058 2185 vocabula
1087 2130 1281 2185 Filium
1310 2131 1406 2186 Dei
1434 2132 1690 2196 clamant,
1736 2149 1857 2187 cum

280 2222 332 2277 in
364 2221 630 2277 omnibus
663 2221 839 2275 videas
867 2228 919 2276 te
944 2220 1038 2275 Dei
1066 2220 1263 2275 Filium
1311 2221 1610 2289 intelligere
1639 2222 1853 2276 debere.

278 2311 704 2378 Argumentum,
726 2310 768 2364 si
789 2309 986 2381 placet,
1019 2311 1286 2379 quomodo
1312 2310 1479 2365 Deum
1503 2311 1682 2366 valcas
1710 2328 1740 2366 a
1763 2312 1856 2366 Dei

281 2399 414 2454 Filio
459 2413 716 2468 separare
755 2414 770 2452 :
802 2413 901 2454 nec
926 2401 1067 2455 enim
1099 2399 1258 2454 toties
1296 2416 1391 2469 per
1427 2416 1612 2454 omnes
1637 2401 1858 2469 paginas

283 2497 592 2543 sanctorum
633 2488 1046 2557 Evangeliorum
1080 2489 1170 2544 Dei
1200 2488 1366 2544 Filius
1401 2490 1785 2552 nominaretur,
1812 2490 1854 2545 si

283 2579 492 2648 proprie
517 2595 626 2634 non
669 2588 812 2635 esset
852 2579 947 2634 Dei
993 2579 1183 2645 Filius,
1209 2581 1299 2650 qui
1323 2596 1389 2634 ex
1411 2581 1629 2650 Virgine
1669 2596 1857 2634 secun-

283 2670 403 2724 dum
435 2684 659 2724 carnem
704 2678 863 2724 natus
901 2677 1002 2725 est.
1046 2668 1183 2736 Quid
1233 2670 1376 2725 enim
1410 2670 1502 2724 tibi
1545 2670 1759 2734 sulﬁcit,
1811 2673 1855 2725 si

283 2758 693 2831 Evangeliorum
727 2759 1031 2816 testimonia
1054 2759 1206 2832 [non]
1236 2759 1536 2816 sulliciunt?
1566 2760 1663 2815 Vel
1705 2762 1855 2829 cujus

281 2851 592 2906 testimonio
614 2852 815 2917 credis,
843 2852 889 2906 si
927 2851 1096 2920 ipsius
1121 2851 1297 2907 Patris
1343 2853 1646 2908 testimonio
1682 2853 1857 2907 incre-

281 2940 445 2995 dulus
472 2941 566 2995 es?

349 3029 436 3084 IV.
469 3029 692 3099 Legitur
728 3047 941 3103 quoque
979 3034 1036 3090 in
1067 3035 1142 3089 tui
1189 3034 1351 3090 libelli
1386 3042 1532 3090 textu
1561 3053 1574 3089 :
1614 3054 1631 3086 ι
1665 3034 1721 3091 1η
1761 3034 1850 3089 illa

275 3123 502 3188 scilicet,
527 3123 581 3178 in
606 3140 710 3193 qua
740 3124 894 3194 juxta
939 3126 1116 3181 carnis
1144 3125 1422 3181 materiam
1453 3125 1686 3181 universi
1717 3125 1854 3181 ﬁde-
1880 3095 1931 3164 ο

271 3213 352 3268 les
368 3213 490 3285 ejus
522 3216 766 3271 membra
795 3217 962 3288 ipsius
986 3226 1138 3284 sunt;
1188 3233 1293 3274 non
1322 3220 1376 3273 in
1399 3217 1509 3281 illa,
1537 3219 1640 3273 hoc
1660 3225 1762 3283 est,
1797 3219 1852 3272 in

273 3305 556 3364 divinitate
583 3305 723 3375 ejus,
746 3307 800 3361 in
828 3323 933 3378 qua
979 3324 1087 3364 non
1114 3310 1351 3364 membra
1381 3309 1562 3374 habet,
1599 3309 1692 3364 sed
1721 3316 1854 3364 tem-

272 3394 436 3464 plum.
466 3415 486 3448 ι
506 3396 789 3466 Quomodo
812 3405 986 3467 potest
1011 3413 1132 3455 esse
1157 3407 1217 3453 ut
1246 3399 1386 3454 Deus
1416 3399 1662 3456 Christus
1686 3416 1854 3454 mem-

271 3484 364 3540 bra
386 3502 497 3542 non
527 3488 750 3554 habeat,
792 3488 886 3544 sed
925 3490 1180 3560 templum
1209 3491 1439 3547 habeat?
1466 3492 1715 3562 Nunquid
1745 3508 1852 3547 non

274 3578 530 3648 templum
582 3579 680 3635 Dei
711 3590 794 3638 est
816 3596 1010 3651 corpus
1034 3583 1177 3653 quod
1225 3600 1292 3639 ex
1319 3585 1538 3658 Virgine
1583 3586 1852 3656 sumpsit?

275 3677 328 3720 ut
353 3669 690 3739 evangelista
713 3671 788 3724 ait
820 3669 974 3726 :Hoc
1007 3681 1179 3727 autem
1211 3674 1410 3728 dicebat
1436 3675 1500 3730 de
1526 3676 1691 3748 804
1724 3685 1852 3730 lem-

275 3757 355 3826 plo
385 3761 626 3830 corporis
656 3759 740 3815 sui
763 3760 940 3832 (Joan.
991 3775 1057 3829 ιι,
1083 3762 1198 3833 2|).
1229 3763 1296 3819 Et
1324 3765 1370 3819 si
1418 3781 1615 3836 corpus
1664 3767 1847 3833 habet,

276 3847 433 3906 habet
462 3853 652 3922 utique
699 3861 757 3909 et
799 3855 1073 3921 membra,
1097 3857 1354 3928 Apostolo
1381 3866 1709 3915 attestante:
1751 3857 1849 3914 Vos

278 3950 444 3996 autem
466 3945 592 3997 estis
623 3960 812 4014 corpus
842 3942 1056 4012 Christi,
1086 3955 1134 4001 et
1155 3947 1386 4002 membra
1421 3948 1485 4002 de
1513 3948 1740 4002 membro
1780 3947 1798 4019 (
1822 3947 1850 4002 l

279 4026 396 4082 Cor.
426 4048 528 4098 ιιι,
575 4032 694 4104 27).
745 4033 956 4090 Scimus
993 4037 1137 4092 enim
1177 4037 1410 4092 divinam
1465 4046 1711 4093 naturam
1756 4054 1852 4110 per

277 4131 462 4188 partes
490 4138 600 4178 non
626 4139 748 4180 esse
789 4125 1038 4192 divisam,
1087 4128 1227 4183 sicut
1255 4143 1450 4200 corpus
1502 4130 1554 4184 in
1609 4133 1850 4187 membra

280 4212 538 4269 dividitur
568 4233 582 4268 :
609 4224 788 4272 tamen
810 4219 936 4288 quia
963 4220 1144 4276 dixisti
1170 4220 1417 4275 eamdem
1445 4230 1696 4276 naturam
1718 4232 1851 4277 tem-

275 4300 434 4369 plum
465 4301 676 4368 babere,
708 4305 753 4361 si
775 4307 1028 4377 templum
1053 4309 1233 4374 habet,
1264 4309 1316 4363 id
1342 4316 1424 4364 est
1452 4325 1666 4378 corpus,
1690 4314 1852 4367 habet

275 4392 475 4461 utique
496 4401 551 4446 et
577 4396 824 4462 membra,
866 4399 989 4467 quia
1016 4398 1269 4468 templum
1300 4399 1414 4455 sine
1444 4402 1702 4456 membris
1730 4418 1850 4458 esse

279 4496 387 4535 non
439 4489 635 4551 potest.
683 4483 817 4540 Nam
874 4486 1060 4542 eadem
1105 4497 1300 4543 natura
1356 4489 1687 4555 divinitatis,
1733 4509 1852 4561 qua:

280 4583 405 4627 ante
441 4574 863 4632 incarnationem
913 4581 1154 4634 membra
1203 4598 1306 4636 non
1359 4582 1582 4648 habuit,
1637 4585 1848 4651 eadem,

281 4663 404 4716 dum
441 4663 602 4719 homo
635 4663 775 4720 facta
819 4676 932 4732 est,
983 4670 1224 4724 membra
1275 4671 1493 4737 habuit,
1555 4673 1608 4727 in
1659 4674 1853 4743 quibus

282 4755 424 4809 cruci
453 4754 720 4826 aﬁigitur;
742 4774 860 4827 qua:
884 4760 1046 4814 etiam
1075 4768 1128 4814 et
1169 4770 1288 4830 post
1318 4764 1764 4819 resurrectionem
1794 4781 1851 4820 se

284 4849 479 4906 habere
505 4859 754 4917 testatur,
787 4869 909 4908 cum
947 4855 1076 4909 dicit
1118 4855 1410 4926 apostolis:
1445 4855 1664 4926 Palpate
1700 4869 1747 4911 et
1781 4861 1853 4912 ri-

283 4939 413 5002 dete,
435 4941 564 5010 quia
586 4941 795 5011 spiritus
815 4961 1023 4998 carnem
1046 4954 1093 5000 et
1124 4963 1242 5000 ossa
1277 4963 1379 5000 non
1410 4946 1578 5010 habet,
1610 4948 1741 5001 sicut
1771 4967 1850 5003 me

285 5031 459 5085 ridetis
483 5031 675 5087 habere
697 5033 844 5105 (Luc.
875 5053 1023 5103 χιιι,
1048 5038 1168 5108 39);
1195 5040 1481 5094 ostendens
1507 5039 1586 5094 eis
1609 5041 1848 5096 membra

282 5129 336 5171 et
382 5119 542 5186 latus,
588 5129 646 5176 ut
689 5125 970 5180 veritatem
1014 5129 1255 5197 corporis
1302 5129 1694 5184 demonstraret
1729 5139 1851 5201 post

281 5215 732 5272 resurmetioncm
762 5218 814 5271 in
846 5219 1100 5274 membris
1121 5221 1388 5276 humanis.
1421 5222 1536 5278 Non
1578 5224 1721 5279 enim
1751 5226 1852 5280 mi-

281 5307 488 5361 noratio
526 5305 630 5362 fuit
655 5307 954 5366 divinitatis
981 5313 1034 5365 in
1063 5314 1430 5382 assumptione
1457 5315 1809 5372 humanitatis
1833 5333 1847 5372 ι

283 5395 374 5450 sed
399 5397 753 5456 humanitatis
778 5400 1028 5458 esaltatio
1069 5405 1122 5458 in
1160 5405 1569 5476 participatione
1596 5409 1850 5464 divinita-

284 5486 350 5541 tis
380 5507 390 5540 :
422 5487 564 5544 sicut
603 5506 748 5561 szepe
778 5493 952 5547 dictus
981 5495 1169 5550 doctor
1206 5495 1398 5554 beatus
1423 5495 1754 5568 Augustinus
1794 5500 1850 5555 in

349 5611 371 5635 λ
405 5597 460 5652 S.
493 5599 758 5680 Λυδιρο
787 5611 1133 5680 peccatorum
1171 5605 1373 5680 Meritis
1403 5617 1458 5662 et
1485 5607 1844 5680 Remissione,

282 5667 368 5720 lib.
403 5685 437 5734 ι,
471 5667 599 5740 cap:
625 5673 718 5737 3l,
770 5667 858 5726 ubi
891 5675 1006 5728 vide
1038 5683 1238 5730 textum
1277 5677 1565 5750 integrum.

1960 1873 2075 1924 sto?
2102 1872 2182 1925 Ad
2211 1887 2394 1941 quam,
2424 1873 2524 1937 ais,
2549 1873 2904 1942 olijectionem
2932 1884 2986 1929 et
3008 1889 3107 1946 ego
3137 1877 3290 1931 vobis
3314 1892 3539 1948 respon-

1959 1962 2060 2016 deo
2092 1977 2104 2014 :
2139 1963 2298 2018 Recte
2339 1979 2509 2018 novus
2540 1965 2698 2019 homo
2726 1980 2922 2020 novum
2975 1983 3170 2022 nomen
3203 1969 3404 2025 habere
3445 1985 3540 2041 po-

1962 2062 2082 2107 test.
2126 2074 2143 2105 »
2177 2054 2358 2108 Dicam
2388 2064 2442 2109 et
2479 2070 2608 2124 ego;
2653 2055 2866 2120 mirum,
2905 2057 3047 2126 quod
3087 2059 3189 2114 hoc
3218 2075 3415 2115 novum
3443 2077 3538 2115 no-

1960 2156 2080 2195 men
2133 2143 2284 2196 vobis
2340 2144 2710 2198 tantummodo
2769 2145 2821 2198 in
2871 2145 3061 2201 ultimo
3115 2146 3539 2204 Christianitatis

1959 2240 2198 2301 tempore
2239 2233 2469 2287 innotuit
2510 2235 2575 2288 de
2605 2235 2822 2290 Christo
2853 2236 2957 2290 dici
2991 2238 3186 2293 debere
3226 2257 3237 2290 :
3272 2239 3316 2293 si
3358 2249 3536 2297 tamen

1956 2326 2059 2379 hoc
2088 2340 2281 2379 nomen
2314 2326 2615 2394 adoptionis
2659 2327 2730 2380 ita
2778 2342 2976 2382 novum
3006 2338 3108 2392 est,
3136 2337 3196 2383 ut
3227 2339 3384 2387 antea
3431 2347 3536 2384 non

1955 2422 2096 2468 esset
2127 2414 2179 2468 in
2206 2415 2422 2479 mundo,
2447 2415 2549 2470 nisi
2594 2432 2714 2470 cum
2754 2416 2970 2473 Christo
2997 2428 3252 2474 nascente
3274 2421 3532 2476 venisset.

1956 2506 2205 2575 Nunquid
2229 2523 2332 2561 non
2355 2507 2460 2561 ﬁlia
2490 2507 2787 2564 Pharaonis
2818 2511 3034 2582 Moysen
3061 2513 3336 2582 adoptavit
3360 2516 3458 2570 sibi
3483 2517 3534 2571 in

1956 2597 2160 2650 ﬁlium?
2206 2595 2469 2651 Similiter
2499 2606 2553 2652 et
2580 2597 2746 2656 Jacob
2796 2603 3104 2669 patriarcha
3133 2604 3407 2674 adoptavit
3433 2607 3535 2662 sibi

1955 2688 2009 2742 in
2063 2687 2200 2744 ﬁlios
2251 2690 2503 2760 Ephraim
2541 2699 2595 2746 et
2646 2691 2892 2749 Manasse
2940 2705 3165 2766 nepotes
3203 2713 3349 2753 suos.
3401 2698 3554 2754 Pro--

1953 2778 2128 2846 phetae
2173 2778 2302 2833 illud
2347 2778 2414 2834 de
2459 2779 2672 2836 Christo
2720 2798 2826 2837 non
2876 2786 3260 2854 praedixerunt,
3313 2803 3413 2844 nec
3449 2789 3534 2844 lex

1953 2867 2008 2922 in
2040 2868 2447 2940 ﬁgurationibus
2498 2872 2888 2929 sacriﬁciorum
2935 2876 3123 2932 habuit
3156 2896 3168 2932 :
3197 2880 3536 2950 evangelista

1952 2974 2060 3014 non
2088 2961 2458 3030 scripserunt,
2508 2963 2735 3032 apostoli
2777 2981 2884 3020 non
2932 2969 3379 3036 praedicaverunt,
3414 2988 3536 3028 suc-

1959 3066 2201 3108 cessores
2235 3053 2450 3109 illorum
2479 3071 2666 3110 omnes
2705 3057 3111 3127 ignoraverunt,
3140 3063 3245 3117 nisi
3287 3079 3382 3120 vos
3411 3066 3534 3120 soli.

1960 3143 2192 3212 Spiritus
2245 3160 2455 3216 quoque
2521 3155 2741 3202 sanctus
2806 3162 2902 3216 per
2956 3164 3019 3204 os
3065 3151 3215 3206 Isaia:
3261 3154 3536 3222 propheta:

1954 3235 2204 3305 praedixit
2229 3251 2323 3291 sex
2359 3237 2575 3291 nomina
2615 3237 2681 3293 de
2711 3237 2827 3308 ipso
2863 3257 2875 3291 :
2925 3238 2994 3293 Et
3020 3241 3306 3309 vocabitur,
3338 3244 3531 3314 inquit,

1957 3344 2142 3382 nomen
2181 3329 2294 3398 ejus
2324 3328 2684 3394 Admirabilis,
2733 3331 3100 3398 consiliarius,
3130 3332 3304 3400 Deus,
3353 3336 3530 3406 fortis.

1955 3419 2116 3474 Pater
2145 3420 2311 3492 futuri
2337 3421 2785 3493 steculi,princeps
2814 3423 2958 3493 pacis
2990 3423 3125 3496 (Isa.
3156 3442 3234 3490 ιχ,
3258 3426 3336 3497 6).
3381 3425 3529 3484 Unde

1952 3519 2008 3565 et
2035 3510 2223 3567 beatus
2253 3510 2611 3584 Hieronymus
2656 3514 2710 3568 in
2745 3515 3081 3585 expositione
3111 3515 3271 3586 hujus
3300 3520 3534 3591 prophe-

1955 3600 2042 3656 tiae
2070 3601 2250 3656 dixit:
2288 3621 2307 3656 ι
2358 3601 2426 3657 Et
2456 3603 2582 3660 licet
2629 3619 2695 3659 ex
2747 3619 2848 3668 eo,
2897 3606 3040 3675 quod
3083 3622 3246 3676 supra
3299 3609 3526 3672 dixerat,

1951 3693 2290 3760 Emmanuel,
2319 3695 2370 3750 id
2398 3705 2482 3752 est
2521 3698 2800 3753 nobiscum
2848 3696 3010 3762 Deus,
3039 3697 3208 3755 Deum
3235 3699 3385 3760 illum
3412 3717 3532 3758 esse

1953 3787 2564 3859 monstraretur[llier.,
2601 3790 3007 3863 monstraverit]
3031 3832 3046 3857 ,
3071 3801 3251 3848 tamen
3275 3809 3419 3849 nunc
3448 3796 3532 3849 di-

1951 3879 2026 3933 cit
2071 3878 2268 3933 factum
2298 3877 2586 3950 [Quercet.,
2615 3881 2785 3936 Deum
2827 3881 3029 3938 factum
3083 3898 3248 3949 nunc,
3292 3882 3528 3957 errones]

1951 3969 2096 4025 illius
2135 3969 2496 4040 principatum
2544 3987 2706 4041 super
2765 3973 3047 4028 humerum
3089 3972 3224 4042 ejus,
3275 3974 3361 4029 vel
3387 3975 3532 4044 quod

1950 4074 2168 4114 erucem
2223 4074 2376 4114 suam
2433 4059 2546 4128 ipse
2591 4071 2923 4131 portaverat,
2971 4063 3057 4118 vel
3093 4080 3191 4134 per
3243 4066 3529 4122 humerum

1950 4151 2240 4204 ostendens
2291 4149 2662 4206 fortitudinem
2708 4153 2940 4208 brachii.
3003 4173 3021 4206 ι
3083 4153 3187 4210 Sed
3237 4164 3292 4211 et
3339 4157 3532 4213 beatus

1951 4238 2240 4294 Cassianus
2267 4249 2456 4295 contra
2486 4241 2766 4297 haereticas
2807 4243 3100 4312 pravitates
3127 4245 3369 4312 ejusdem
3404 4263 3531 4318 pro-

1951 4327 2146 4396 phetia!
2192 4330 2265 4383 ita
2311 4331 2559 4398 exposuit
2605 4346 2823 4386 sensum
2869 4331 3008 4404 (Lib.
3039 4351 3078 4388 ιι
3123 4334 3187 4389 de
3228 4333 3524 4401 Incarnat.,

1883 4437 2074 4506 Dcap.
2117 4419 2173 4491 ὃ)
2207 4438 2218 4472 :
2261 4437 2279 4471 ι
2330 4419 2642 4476 Ριτιιξνίιίθιιε
2685 4423 2888 4491 absque
2939 4423 3107 4479 dubio.
3148 4425 3361 4480 divinus
3408 4424 3530 4496 Spi-

1958 4512 2093 4566 ritus
2134 4510 2272 4565 hanc
2317 4509 2804 4580 hlaspbemantium
2855 4513 3228 4569 hzereticorum
3265 4519 3529 4584 perversi-

1958 4610 2140 4664 tatem,
2168 4601 2252 4656 his
2289 4602 2434 4658 omni
2475 4603 2673 4657 mundo
2703 4602 2895 4669 Deum,
2941 4606 3032 4672 qui
3073 4604 3411 4671 nascebatur,
3442 4623 3527 4662 re-

1958 4707 2077 4745 rum
2120 4692 2356 4760 ipsarum
2400 4691 2674 4747 vocabulis
2711 4693 3144 4751 demonstravit:
3177 4704 3236 4750 ut
3270 4697 3433 4752 etiam
3480 4700 3524 4753 si

1959 4780 2331 4849 blasphemare
2350 4781 2638 4836 haereticus
2663 4790 2946 4851 quaereret,
2978 4783 3324 4856 blasphemiae
3348 4799 3525 4844 tamen

1957 4871 2130 4927 locum
2159 4871 2371 4939 penitus
2418 4871 2659 4926 invenire
2695 4886 2802 4926 non
2846 4883 3050 4942 posset.
3089 4874 3282 4942 Filius,
3328 4879 3523 4948 inquit,

1952 4970 2104 5015 natus
2127 4971 2200 5015 est
2227 4962 2392 5023 nobis,
2415 4960 2662 5031 parvulus
2686 4962 2843 5018 datus
2865 4975 2939 5020 est
2971 4967 3116 5024 nobis
3147 4985 3166 5022 :
3191 4969 3342 5038 cujus
3380 4970 3525 5039 prin-

1951 5053 2150 5122 cipatus
2178 5069 2332 5122 super
2358 5051 2629 5107 humerum
2651 5055 2765 5124 ejus
2789 5069 2807 5107 :
2839 5066 2888 5110 et
2911 5058 3176 5112 vocabitur
3199 5073 3387 5113 nomen
3408 5057 3523 5129 ejus

1951 5142 2312 5206 Admirabilis,
2345 5143 2698 5211 consiliarius,
2735 5146 2896 5214 Deus,
2934 5148 3112 5217 fortis,
3165 5147 3330 5203 Pater
3351 5149 3524 5219 futuri

1951 5235 2151 5300 δίει-ηιξ,
2190 5237 2425 5306 princeps
2455 5239 2598 5307 pacis
2645 5237 2779 5305 (Isa.
2815 5256 2890 5303 ιι,
2940 5239 3016 5310 6).
3061 5239 3349 5300 Parvulum
3378 5244 3524 5303 hunc

1959 5325 2050 5394 qui
2081 5333 2238 5380 natus
2265 5333 2364 5392 est,
2393 5334 2448 5380 et
2479 5327 2774 5397 principem
2801 5329 2952 5398 pacis
2978 5344 3100 5384 esse
3132 5331 3334 5401 docuit,
3364 5342 3420 5390 et
3442 5334 3523 5391 fu-

1961 5417 2066 5471 turi
2089 5416 2267 5472 saeculi
2281 5416 2517 5483 Patrem,
2541 5427 2595 5473 et
2611 5418 2780 5474 Deum
2801 5416 3014 5476 fortem.
3037 5419 3166 5488 Quis
3179 5435 3404 5497 estergo
3423 5435 3526 5482 ter-

1957 5507 2258 5578 giversandi
2280 5506 2460 5562 locus?
2481 5507 2731 5578 Separari
2759 5512 3012 5580 parvulus
3023 5513 3111 5573 hic
3127 5515 3217 5586 qui
3238 5525 3396 5575 natus
3419 5529 3523 5586 est,

2027 5621 2054 5662 δ
2085 5620 2287 5679 Textus
2325 5619 2563 5677 mutilus.
