3906 6186
410 246 505 303 151

1240 246 1299 303 Β.
1339 247 1401 301 F.
1441 245 1665 301 ALBINI
1701 245 1831 302 SEU
1868 245 2145 304 ALCUINI
2182 245 2464 305 OPERUM
2496 247 2672 304 PARS
2714 247 2799 305 Ill.
2890 258 2907 267 '

3538 256 3558 309 l
3569 254 3637 308 32'

408 377 440 416 a
475 358 711 430 Deo,qui
744 358 802 415 in
826 373 892 415 eo
929 366 1089 414 natus
1119 368 1235 425 est,
1267 374 1372 415 non
1408 366 1602 429 potest.
1630 359 1785 413 llunc
1808 357 1973 420 enim,
2005 360 2053 420 Α
2080 358 2169 413 hic
2195 359 2261 414 de
2282 360 2586 415 nominibus
2616 360 2824 415 Domini
2853 361 3022 414 nostri
3052 362 3235 416 deest:
3264 370 3321 417 et
3366 362 3528 419 Deum
3552 367 3632 423 hic

408 463 570 519 quem
599 454 785 503 natum
823 446 983 513 dixit,
1012 445 1228 502 Patrem
1253 445 1418 502 futuri
1449 445 1630 507 saeculi
1657 444 1974 509 nominavit,

408 541 577 598 Deum
597 540 794 598 fortem
818 556 938 597 esse
956 541 1220 611 przedixit.
1259 562 1277 594 ι
1322 542 1398 595 De
1423 556 1529 610 quo
1573 547 1629 594 et
1664 540 1718 595 in
1740 540 1981 610 superio-

408 632 559 690 ribus
581 632 723 689 idem
744 633 1006 703 propheta
1031 633 1107 688 ait
1132 650 1145 687 :
1172 632 1307 687 Ecce
1331 633 1473 702 virgo
1504 631 1779 701 concipiet,
1808 639 1857 684 et
1885 647 1980 700 pa-

407 727 505 780 riet
528 724 747 792 Filium,
775 735 823 779 et
852 726 1119 780 vocabitur
1142 740 1326 779 nomen
1348 723 1462 794 ejus
1501 721 1815 778 Emmanuel
1841 722 1976 792 (Isa.

413 828 506 879 vn,
542 814 650 888 ll).
686 814 1027 885 Evangelista
1068 813 1352 869 Mattbmus
1401 814 1506 868 hoc
1552 828 1827 883 exponens
1863 813 1974 868 ait:

408 902 564 968 Quod
595 903 968 973 interpretatur
1008 901 1275 955 nobiscum
1320 899 1461 954 Deus
1514 899 1730 971 (Matth.
1773 916 1813 966 ι,
1861 899 1974 971 25).

411 992 540 1049 Nam
569 1001 625 1049 et
654 992 875 1064 angelus
901 991 1119 1048 Gabriel
1151 1008 1180 1046 a
1221 991 1331 1046 Deo
1381 992 1579 1046 missus
1607 992 1674 1046 ad
1703 991 1976 1063 Virginem

408 1083 545 1139 dixit
573 1101 586 1137 :
612 1082 749 1136 Ecce
773 1083 912 1136 enim
941 1082 1200 1151 concipies
1220 1090 1267 1135 et
1290 1082 1460 1151 paries
1486 1080 1649 1151 805
1679 1079 1898 1148 Filium,
1929 1091 1977 1136 et

406 1175 612 1228 vocabis
657 1190 843 1230 nomen
892 1174 1007 1244 ejus
1037 1174 1217 1228 Iesum
1240 1190 1258 1227 :
1293 1174 1377 1227 hic
1418 1175 1553 1228 enim
1603 1175 1700 1228 erit
1732 1191 1974 1245 magnus,

404 1271 453 1316 et
474 1261 647 1317 Filius
673 1262 926 1317 Altissimi
947 1263 1214 1318 vocabitur
1236 1262 1388 1335 (Luc.
1417 1280 1457 1328 ι,
1482 1264 1595 1334 51).
1642 1264 1718 1319 De
1741 1279 1848 1333 quo
1881 1279 1978 1320 no-

402 1353 550 1410 mine
580 1362 635 1410 et
658 1354 947 1424 Apostolus
975 1355 1052 1410 ait
1084 1373 1098 1409 :
1131 1353 1198 1408 Et
1224 1355 1367 1409 dedit
1411 1355 1489 1409 illi
1520 1372 1705 1410 nomen
1729 1356 1867 1427 quod
1901 1366 1975 1410 est

401 1461 560 1515 super
610 1462 760 1500 omne
802 1462 1011 1512 nomen,
1039 1455 1095 1499 ut
1143 1446 1201 1499 in
1252 1447 1460 1500 nomine
1495 1446 1623 1500 Iesu
1668 1462 1817 1500 omne
1841 1464 1975 1517 genu

402 1535 659 1606 ﬂectatur,
702 1534 1014 1600 celestium,
1063 1536 1405 1599 terrestrium,
1446 1544 1493 1588 et
1537 1535 1977 1604 in]ernorum:et

402 1626 571 1680 omnis
622 1623 803 1695 lingua
837 1624 1146 1693 conﬁteatur
1187 1625 1311 1692 quia
1353 1624 1508 1679 Iesus
1538 1634 1612 1679 est
1649 1624 1884 1679 Christus
1921 1625 1975 1679 in

405 1716 574 1787 gloria
617 1715 714 1771 Dei
747 1716 925 1770 Patris
964 1715 1218 1788 (Philipp.
1274 1732 1338 1781 ιι,
1363 1717 1416 1781 9,
1466 1714 1553 1781 l0,
1600 1716 1708 1788 ll).
1752 1716 1828 1771 De
1867 1732 1975 1786 quo

402 1815 620 1862 sanctus
669 1805 891 1861 Proclus
934 1805 1558 1877 Constantinopolitanus
1596 1806 1876 1876 episcopus
1918 1807 1975 1860 in

400 1896 627 1967 epistola
667 1897 733 1951 ad
778 1896 1064 1952 Armenios
1114 1896 1233 1950 ait:
1263 1916 1281 1948 ι
1321 1897 1377 1951 Si
1422 1896 1559 1950 alter
1598 1905 1682 1952 est
1729 1897 1975 1951 Christus

404 1995 606 2057 prater
628 1986 797 2042 Deum
827 2003 1036 2053 verum,
1063 2002 1285 2043 necesse
1310 1996 1395 2043 est
1419 1997 1478 2043 ut
1512 2003 1681 2058 purus
1716 1990 1878 2043 homo
1906 1988 1975 2042 sit

403 2075 689 2133 Christus:
721 2085 775 2133 et
801 2079 1069 2148 quomodo
1111 2093 1234 2137 eum
1278 2077 1422 2133 ultra
1467 2086 1674 2139 natum
1721 2078 1973 2132 meritum

401 2165 703 2221 ccelestium
756 2174 1082 2222 venerantur
1123 2167 1414 2233 exercitus,
1466 2168 1642 2239 eique,
1680 2169 1771 2238 qui
1799 2168 1975 2222 minor

398 2267 502 2324 cst,
531 2274 669 2327 genu
696 2259 951 2317 ﬂectunt?
983 2281 1001 2315 ι
1038 2260 1166 2327 Quae
1212 2268 1297 2317 est
1320 2263 1436 2317 haec
1479 2262 1646 2332 gloria
1673 2260 1874 2327 Patris,
1921 2261 1974 2321 in

398 2365 505 2421 qua
540 2359 623 2406 est
656 2350 922 2417 Christus,
950 2351 997 2406 si
1021 2367 1128 2407 non
1152 2360 1235 2408 est
1253 2367 1415 2408 verus
1441 2352 1612 2407 Filius
1638 2351 1733 2407 Dei
1773 2351 1971 2417 Patris,

399 2443 496 2497 sed
542 2442 853 2512 adoptivus,
910 2443 1050 2498 sicut
1099 2459 1287 2505 omnes
1346 2445 1485 2499 nos?
1525 2443 1593 2497 Et
1636 2444 1681 2497 si
1734 2444 1807 2498 ita
1854 2453 1970 2509 est,

398 2551 506 2590 non
561 2544 644 2591 est
685 2550 881 2590 nomen
913 2536 1056 2590 illius
1095 2552 1256 2605 super
1305 2552 1463 2591 omne
1493 2552 1710 2601 nomen,
1755 2537 1849 2592 sed
1894 2538 1972 2592 in-

400 2632 486 2679 ter
518 2624 697 2680 omnia
730 2626 976 2690 nomina,
1022 2625 1075 2679 id
1110 2634 1215 2691 est,
1246 2625 1525 2695 adeptivus
1561 2643 1573 2679 :
1617 2626 1742 2695 quia
1768 2626 1974 2695 adopti-

401 2729 502 2770 WS
549 2729 835 2770 commune
870 2723 953 2770 est
992 2730 1188 2770 nomen
1231 2716 1472 2770 omnium
1524 2724 1851 2771 sanctorum.
1896 2715 1973 2772 De

402 2805 621 2861 nomine
648 2812 830 2861 autem
857 2803 980 2861 Iesu
1012 2806 1208 2878 legitur
1234 2808 1287 2862 in
1315 2807 1539 2863 Actibus
1572 2809 1970 2878 apostolorum:

406 2895 472 2956 Et
502 2896 749 2970 baptizati
776 2907 895 2954 sunt
936 2899 991 2954 in
1032 2899 1235 2955 nomine
1262 2898 1389 2955 Iesu
1418 2899 1554 2973 (Act.
1586 2917 1675 2957 XIX
1695 2942 1710 2967 ,
1750 2899 1827 2973 5).
1861 2901 1975 2956 Uti-
2074 2942 2079 2947 η

402 3000 508 3059 que
533 3003 728 3044 nomen
767 2990 914 3054 illud,
944 2991 1085 3060 quod
1112 3000 1195 3046 est
1223 2989 1397 3069 Iesus,
1441 2991 1509 3045 ab
1551 2991 1739 3063 angelo
1768 2990 1972 3061 Virgini

401 3080 820 3151 prmuuntiatum
864 3090 986 3147 est,
1040 3090 1099 3137 ut
1154 3082 1244 3137 ille
1287 3063 1380 3152 qui
1429 3098 1498 3138 ex
1535 3098 1599 3138 ea
1624 3053 1952 3138 irasceretur
2002 3053 2046 3116 C

399 3170 673 3226 vocandus
725 3180 870 3227 esset
910 3170 1084 3246 Iesus.
1139 3170 1197 3227 Si
1239 3170 1395 3228 Iesus
1445 3188 1548 3228 non
1602 3180 1748 3228 esset
1793 3173 1971 3229 Deus.

397 3263 670 3332 quomodo
720 3263 976 3333 baptizati
1026 3271 1150 3319 sunt
1193 3264 1248 3318 in
1296 3265 1512 3319 nomine
1558 3262 1720 3319 Iesu?
1747 3263 1825 3317 De
1871 3278 1976 3332 quo

397 3350 564 3406 etiam
589 3351 805 3407 nomine
824 3353 1012 3407 beatus
1034 3352 1325 3408 Cassianus
1347 3352 1506 3408 Pater
1531 3354 1604 3407 ita
1626 3354 1768 3408 aitin
1798 3354 1977 3423 diSpu-

400 3441 602 3496 tatione
637 3442 846 3506 eadem,
879 3441 936 3495 in
982 3457 1087 3513 qua
1134 3458 1297 3513 supra
1334 3458 1348 3497 :
1402 3462 1421 3494 ε
1459 3442 1710 3514 Nunquid
1763 3444 1975 3500 causari

401 3530 605 3599 aliquid
626 3531 779 3605 quasi
808 3531 875 3586 de
918 3532 1266 3602 ambiguitate
1292 3534 1568 3588 nominum
1594 3542 1766 3603 potes,
1810 3542 1870 3588 ut
1898 3535 1977 3589 di-

401 3634 496 3676 cas
522 3618 665 3674 aliud
686 3634 806 3676 esse
829 3619 1126 3685 Christum,
1142 3622 1287 3676 aliud
1313 3624 1576 3686 Deum,ut
1592 3621 1926 3678 Salvatorem
1943 3640 1975 3678 a

401 3706 684 3777 majestate
707 3708 940 3764 nominis
964 3709 1047 3767 sui
1067 3709 1355 3776 distrahas,
1386 3721 1441 3765 et
1461 3711 1626 3766 Deum
1649 3727 1680 3765 a
1699 3710 1977 3767 divinitate

403 3798 692 3854 secernas?
729 3797 868 3854 Ecce
896 3799 986 3853 hic
1026 3815 1123 3855 vas
1172 3799 1369 3871 [Cass.,
1412 3800 1517 3872 vir]
1543 3799 1638 3855 Dei
1666 3816 1734 3856 ex
1760 3801 1869 3856 Deo
1899 3800 1977 3856 lo-

403 3890 611 3959 quitur,
633 3898 689 3945 et
707 3889 1021 3960 apparuisse
1055 3906 1123 3945 ex
1152 3891 1319 3946 Maria
1359 3892 1588 3961 gratiam
1638 3891 1731 3946 Dei
1761 3891 1977 3946 eviden-

403 3979 612 4036 tissima
661 3978 1047 4050 praedicatione
1093 3988 1340 4036 testatur.
1370 3980 1445 4037 Ae
1486 3996 1554 4036 ne
1601 3981 1739 4035 forte
1768 3996 1871 4034 non
1909 3996 1976 4035 ex

403 4069 573 4124 Maria
609 4071 777 4126 Deum
806 4073 1122 4143 apparuisse
1144 4073 1350 4127 diceres
1375 4071 1594 4157 [nomen
1625 4072 1807 4128 statim
1829 4070 1977 4126 addi-

402 4158 482 4214 dit
508 4158 827 4234 Salvatoris]
848 4203 863 4228 ,
898 4164 1103 4219 scilicet
1130 4171 1190 4217 ut
1214 4163 1380 4219 Deum
1405 4179 1525 4219 esse
1562 4172 1747 4218 natum
1775 4177 1841 4218 ex
1868 4162 1976 4215 Ma-

404 4250 484 4304 ria
516 4250 682 4305 Deum
711 4252 981 4318 crederes,
1010 4268 1171 4322 quem
1202 4252 1536 4310 Salvatorem
1561 4262 1747 4309 natum
1780 4269 1977 4325 negare

405 4355 511 4405 non
552 4356 761 4411 posses,
799 4351 1171 4412 exspectantes,
1220 4342 1395 4413 inquit
1428 4342 1620 4398 beatus
1668 4344 1974 4414 Apostolus,

405 4402 609 4485 beatain
638 4402 780 4501 spent
805 4439 855 4484 et
888 4402 1167 4485 ndventum
1190 4402 1370 4501 gloria:
1400 4433 1575 4502 magni
1602 4432 1697 4486 Dei
1716 4402 1763 4487 et
1794 4402 2056 4487 Salva:D

402 4520 531 4573 toris
576 4520 740 4576 nostri
765 4517 895 4574 Iesu
922 4517 1116 4580 Christi
1146 4518 1272 4593 (Tit.
1306 4536 1366 4585 ιι,
1413 4520 1520 4593 l5).
1547 4520 1693 4575 Vidit
1736 4520 1977 4590 profecto

405 4609 494 4664 ille
516 4611 707 4667 divinae
732 4612 1007 4683 sapientia:
1039 4614 1229 4669 doctor
1252 4613 1318 4667 ad
1340 4612 1627 4668 insidiosas
1658 4612 1978 4671 calliditates

404 4697 682 4755 diabolicae
698 4703 959 4772 captionis
977 4703 1273 4775 simplicem
1303 4703 1671 4758 tantummodo
1698 4717 1803 4756 non
1834 4701 1978 4757 sulli—

404 4799 531 4844 ccre
577 4786 901 4854 doctrinam,
955 4793 1055 4848 nisi
1085 4801 1327 4848 sanetam
1376 4792 1498 4848 ﬁdei
1544 4789 1974 4863 przedicationem

403 4877 701 4936 munimine
725 4883 989 4938 cautionis
1025 4895 1306 4940 armasset.
1338 4886 1406 4940 Et
1432 4886 1552 4940 ideo
1580 4900 1701 4939 cum
1729 4884 1974 4955 superius

402 4989 599 5033 nomen
638 4974 734 5031 Dei
777 4973 1073 5031 Salvatoris
1117 4981 1419 5048 posuisset,
1476 4979 1564 5035 hic
1596 4978 1798 5033 addidit
1847 4976 1971 5031 Iesu

401 5068 623 5126 Christi.
653 5067 805 5132 Licet
834 5064 1032 5140 [Cass.,
1061 5068 1302 5140 Scilicet]
1333 5086 1400 5124 ne
1452 5072 1519 5124 ad
1564 5069 1972 5141 signiﬁcandum

399 5156 682 5215 Dominum
710 5157 895 5215 Iesum
933 5158 1206 5214 Christum
1235 5159 1478 5214 suﬂicere
1508 5161 1602 5214 tibi
1630 5161 1854 5215 forsitan
1881 5175 1975 5213 ηο-

398 5261 525 5303 tuen
550 5250 725 5306 solum
753 5267 860 5308 non
889 5249 1140 5306 crederes
1179 5247 1496 5313 Salvatoris,
1518 5258 1574 5305 et
1597 5266 1703 5305 non
1725 5250 1973 5305 eumdem

398 5333 585 5399 Iesum
604 5340 875 5407 Christum
894 5344 1061 5398 Deum
1090 5357 1209 5399 esse
1228 5341 1571 5413 intelligeres,
1601 5357 1761 5410 quem
1788 5340 1969 5395 Salva-

396 5439 576 5489 torem
621 5430 788 5491 Deum
832 5448 952 5489 esse
977 5432 1337 5504 cognovisses.
1372 5430 1510 5497 Quid
1547 5446 1677 5499 ergo
1704 5432 1817 5485 ait?
1867 5429 1977 5483 Ea:-

394 5526 708 5595 spect‘antes,
752 5521 941 5591 inquit,
990 5523 1191 5581 beatam
1214 5537 1355 5591 spem
1392 5529 1439 5575 et
1484 5520 1755 5574 adventum
1793 5519 1974 5589 gloria:

400 5619 577 5689 magni
612 5612 727 5681 Dei,
759 5612 1119 5667 ctSalratoris
1170 5615 1331 5668 nostri
1386 5613 1507 5668 Iesu
1566 5612 1778 5666 Christi.
1833 5610 1970 5665 Nihil

2079 453 2136 502 et
2162 445 2515 514 Salvatorem,
2540 456 2594 503 et
2616 446 2801 503 Iesum
2823 448 3099 504 Christum
3129 450 3279 507 vides
3305 469 3317 505 :
3349 452 3443 507 sed
3465 458 3632 512 omnia

2079 537 2195 593 haec
2218 538 2430 605 videns,
2470 541 2649 594 omnia
2686 553 2806 615 esse
2856 540 2911 594 in
2961 540 3071 596 Deo
3107 544 3390 613 perspicis.
3440 543 3633 604 Audisti

2079 629 2221 683 enim
2270 629 2457 694 Deum,
2515 632 2608 687 sed
2654 629 3031 687 Salvatorem:
3064 634 3259 689 audisti
3309 635 3495 701 Deum,
3546 641 3633 695 sed

2077 716 2259 773 Iesum
2286 736 2298 771 :
2322 719 2519 775 audisti
2562 720 2730 776 Deum
2772 735 2925 785 esse,
2956 723 3051 777 sed
3073 721 3370 779 Christum.
3398 723 3637 796 Separari

2079 811 2183 869 hoc
2211 811 2584 881 appellationis
2613 814 2928 869 diversitate
2955 831 3061 871 non
3090 817 3254 883 valet,
3283 821 3426 889 quod
3457 822 3637 883 divini-

2080 909 2163 957 tas
2190 903 2396 959 unitate
2428 905 2722 976 conjunxit.
2753 905 2860 962 Sed
2890 907 3034 972 licet,
3063 909 3321 978 quidquid
3350 912 3416 966 de
3454 913 3535 969 bis
3560 932 3640 972 re-

2078 991 2354 1060 quisieris,
2398 992 2538 1047 idem
2572 994 2812 1050 invenies
2855 1014 2867 1049 :
2902 995 3153 1052 Salvator
3187 998 3328 1056 Deus
3356 1009 3464 1067 est,
3493 1002 3639 1061 Iesus

2077 1078 2221 1134 Deus
2244 1087 2342 1144 est,
2373 1080 2620 1137 Christus
2659 1082 2800 1138 Deus
2841 1093 2943 1139 est.
2991 1085 3162 1142 Omne
3191 1088 3292 1153 hoc
3326 1093 3472 1160 quod
3499 1095 3642 1150 audis

2079 1169 2283 1239 plurale
2325 1186 2355 1225 e
2388 1178 2410 1225 t
2447 1174 2860 1242 nuncupatione,
2888 1175 2983 1231 sed
3012 1193 3179 1232 unum
3221 1186 3306 1233 est
3343 1189 3637 1249 potestate:

2078 1262 2215 1329 Quia
2244 1279 2367 1319 cum
2412 1273 2467 1320 et
2517 1264 2765 1322 Salvator
2801 1268 2942 1325 Deus
2986 1272 3077 1335 sit,
3109 1281 3163 1327 et
3214 1273 3372 1330 Iesus
3406 1277 3563 1344 Deus,
3592 1290 3641 1336 et

2077 1352 2327 1408 Christus
2368 1353 2530 1418 Deus,
2573 1356 2871 1428 intelligere
2907 1369 3151 1429 apertum
3180 1372 3264 1418 est
3291 1366 3437 1434 quod
3474 1370 3643 1424 omnia

2077 1443 2192 1498 hzec
2221 1443 2622 1515 distinguuntur
2646 1447 3026 1518 appellatione,
3071 1454 3167 1508 sed
3213 1454 3500 1524 majestate
3521 1459 3640 1528 jun—

2077 1540 2295 1602 guntur.
2324 1534 2543 1590 Etcum
2587 1537 2991 1595 cvidentissime
3022 1542 3210 1598 audias
3250 1548 3392 1616 quod
3437 1565 3570 1604 unus
3595 1552 3645 1604 in

2077 1624 2299 1694 singulis
2320 1635 2659 1697 nuncupatur
2687 1628 2862 1696 Deus,
2892 1631 3191 1704 intelligere
3232 1637 3421 1708 utique
3467 1650 3643 1711 aperte

2005 1701 2051 1761 Β
2079 1721 2234 1782 potes
2282 1716 2425 1785 quod
2468 1725 2554 1772 est
2598 1718 2652 1773 in
2679 1720 2930 1777 omnibus
2954 1701 3094 1780 unus
3133 1726 3294 1781 Deus.
3329 1701 3472 1796 Quid
3501 1701 3644 1787 dubi—

2075 1803 2221 1868 tatis,
2251 1818 2284 1857 o
2314 1806 2439 1860 novi
2487 1807 2755 1874 doctores,
2801 1810 2970 1866 Deum
3012 1813 3189 1869 dicere
3211 1833 3399 1873 verum
3449 1829 3504 1875 et
3524 1837 3643 1892 pro-

2072 1895 2248 1964 prium
2298 1896 2491 1953 Filium
2536 1900 2653 1964 Dei,
2693 1902 2784 1970 qui
2820 1912 2979 1959 natus
3024 1916 3107 1960 est
3149 1921 3217 1961 ex
3259 1908 3498 1980 Virgine,
3526 1912 3645 1966 dum

2073 1983 2178 2038 ﬁxa
2230 1987 2440 2044 ratione
2479 1990 2755 2046 catholica?
2802 1992 2923 2049 ﬁdei
2969 2004 3182 2051 constat
3228 2001 3479 2055 eumdem
3534 2016 3647 2057 esse

2074 2075 2245 2130 Deum
2271 2093 2433 2148 quem
2470 2088 2525 2135 et
2542 2079 2725 2136 Iesum
2747 2123 2762 2147 ,
2793 2085 3039 2141 eumdem
3061 2103 3181 2143 esse
3213 2087 3381 2145 Deum
3411 2108 3571 2162 quem
3599 2103 3650 2147 et

2072 2165 2370 2233 Christum,
2409 2172 2659 2227 eumdem
2688 2188 2806 2228 esse
2833 2174 3001 2230 Deum
3048 2180 3138 2246 qui
3177 2189 3371 2249 passus
3419 2190 3505 2237 est
3552 2198 3651 2252 pro

2075 2259 2258 2313 mundi
2289 2260 2483 2317 salute.
2519 2283 2535 2314 ι

2144 2349 2231 2404 Vl.
2255 2348 2327 2404 At
2347 2351 2390 2405 si
2419 2353 2600 2408 mundi
2626 2356 2934 2409 doctoribus
2962 2357 3175 2413 ueteris
3203 2359 3356 2413 vobis
3382 2375 3487 2414 non
3524 2360 3655 2415 libet

2073 2440 2313 2505 credere,
2370 2442 2567 2497 vestris
2617 2443 2805 2497 saltem
2855 2442 3183 2499 doctissimis
3234 2447 3364 2501 viris
3417 2449 3651 2503 credite.

2072 2528 2554 2599 Cecinitjuvencus
2590 2532 2890 2603 presbyter,
2913 2542 2966 2587 et
2992 2535 3337 2592 doctissimus
3379 2538 3655 2607 Hispanize

2072 2617 2423 2674 scholasticus
2448 2620 2503 2675 in
2532 2621 2770 2675 carmine
2812 2622 3118 2693 evangelico
3145 2622 3308 2695 (Hist.
3339 2643 3522 2697 evang.
3558 2627 3650 2683 lib.

2073 2731 2088 2768 ι
2107 2715 2123 2777 )
2150 2714 2252 2768 hoc
2270 2715 2430 2769 modo
2458 2733 2471 2767 :

2195 2837 2312 2886 Nam
2339 2842 2421 2887 tua
2444 2838 2726 2898 concipient
2743 2837 2932 2887 cmlesti
2953 2841 3138 2887 viscera
3160 2842 3297 2899 jussu

2198 2900 2394 2960 Natum,
2417 2913 2562 2962 quem
2591 2912 2803 2961 regnare
2835 2899 2969 2951 Deus
2986 2913 3076 2963 per
3099 2904 3294 2965 singula
3319 2902 3421 2962 [F.,
3450 2916 3541 2959 per
3561 2915 3655 2951 sze-

3249 2979 3260 2989 ·
3283 2963 3427 3011 lculal
3458 2972 3651 3011 cuncta.

3249 2979 3260 2989 ·
3282 2965 3427 3025 [cuia]
3458 2972 3651 3023 cuncta,

2203 3021 2260 3085 Et
2284 3024 2526 3085 propriam
2553 3021 2686 3070 credi
2710 3020 2928 3085 sobolem
2954 3022 3255 3084 gaudetque,
3274 3026 3532 3085 iubetque.

2200 3083 2342 3133 Hunc
2368 3083 2538 3147 [Huic]
2581 3084 2664 3132 ubi
2689 3083 2780 3133 sub
2804 3083 2962 3134 lucem
2987 3085 3081 3133 ded
3098 3088 3202 3147 gris.
3228 3083 3289 3135 sit
3317 3083 3513 3134 nomine
3547 3087 3659 3145 [nn-

3096 3141 3252 3209 [τηρεῖ]
3278 3148 3425 3197 Iesus
3452 3141 3655 3209 [Iesus].

2143 3248 2309 3318 806
2373 3248 2580 3303 Floruit
2627 3249 2712 3303 vir
2763 3250 2863 3304 iste
2917 3251 3248 3321 temporibus
3309 3251 3655 3307 Constantini

2076 3337 2353 3407 principis.
2401 3338 2604 3392 Videtis
2643 3339 2861 3408 quidem
2911 3340 3047 3403 ista;
3098 3341 3325 3395 necdum
3371 3342 3477 3396 ista
3528 3344 3661 3395 ado-

2074 3428 2270 3497 ptionis
2297 3426 2379 3481 vel
2422 3428 2838 3498 nuncupationis
2890 3429 3115 3484 haeresis
3156 3430 3208 3484 in
3249 3430 3508 3500 Hispania
3540 3431 3659 3484 fuit.

2074 3518 2181 3573 Aut
2219 3519 2399 3584 istum,
2448 3518 2540 3588 qui
2572 3520 2712 3589 apud
2754 3533 2851 3573 vos
2909 3519 3254 3577 doctissimus
3305 3529 3487 3577 exstat
3543 3538 3662 3577 ma-

2076 3608 2258 3678 gister,
2284 3609 2595 3663 luereticum
2612 3609 2869 3677 judicate,
2897 3611 2987 3679 qui
3021 3611 3150 3666 dicit
3177 3613 3318 3667 hunc
3343 3614 3512 3667 Deum
3540 3630 3663 3667 esse

2075 3705 2129 3751 ct
2159 3699 2431 3769 proprium
2478 3698 2672 3753 Filium
2713 3699 2831 3765 Dei,
2862 3700 2953 3769 qui
2980 3715 3046 3755 ex
3078 3703 3296 3773 Virgine
3347 3711 3511 3758 natus
3541 3712 3661 3767 est;

2076 3797 2169 3843 aut
2215 3788 2259 3842 si
2319 3788 2466 3843 illum
2520 3790 2762 3859 recipere
2808 3790 3002 3855 vultis,
3050 3799 3278 3845 vestram
3331 3793 3663 3849 sententiam

2077 3880 2348 3945 damnate,
2370 3879 2454 3933 vel
2492 3879 2664 3950 magis
2701 3879 2956 3950 corrigite
2982 3894 3047 3933 ex
3074 3878 3189 3947 ejus
3210 3896 3391 3943 sensu,
3425 3897 3666 3936 consen-

2078 3979 2235 4025 tanea
2279 3972 2370 4041 qui
2410 3971 2620 4047 profert
2654 3971 2959 4025 testimonia
3010 3971 3212 4026 sanctis
3257 3969 3517 4025 Patribus
3573 3972 3666 4041 qui

2078 4062 2306 4117 diversis
2358 4063 2541 4117 mundi
2589 4062 2920 4132 temporibus
2956 4078 3053 4132 per
3100 4063 3306 4125 singula
3354 4062 3671 4118 ﬂorucrtmt

2077 4154 2214 4219 loca.
3637 4194 3641 4197 .

2152 4244 2257 4300 νη.
2304 4244 2409 4301 Sed
2451 4253 2506 4300 et
2546 4244 2877 4299 clarissimus
2918 4240 3186 4314 Hispaniae
3227 4241 3419 4297 doctor
3464 4242 3667 4298 beatus

2077 4339 2312 4394 lsidorus
2338 4337 2613 4393 nobiscum
2638 4336 2850 4391 videtur
2864 4337 3188 4398 consentire,
3219 4350 3321 4391 non
3349 4335 3661 4398 vobiscum,

2081 4430 2170 4498 qui
2216 4444 2279 4482 ea
2327 4428 2543 4482 nomina
2584 4425 2650 4481 de
2693 4425 2909 4481 Christo
2940 4425 3138 4494 ubique
3178 4425 3230 4478 in
3276 4424 3390 4479 suis
3438 4424 3665 4488 litteris,

2080 4529 2339 4592 quantum
2388 4521 2455 4573 ad
2488 4535 2586 4573 nos
2630 4535 2725 4595 sua
2764 4519 2905 4573 dicta
2943 4528 3223 4581 venerunt,
3280 4519 3500 4587 posuit,
3543 4534 3667 4588 qua:

2078 4628 2179 4665 nos
2202 4609 2477 4665 credimus
2502 4619 2557 4665 et
2583 4609 2924 4675 conﬁtemur,
2954 4611 3068 4665 sive
3116 4610 3328 4680 propria
3371 4611 3521 4675 sint,
3569 4626 3666 4664 seu

2079 4701 2479 4773 signiﬁcativa:
2530 4718 2630 4757 nec
2675 4718 2901 4770 usquam
2948 4702 3097 4756 illum
3144 4701 3322 4756 inveni
3376 4701 3664 4757 Christum

2079 4794 2386 4861 adoptivum
2443 4792 2631 4859 lilium,
2680 4792 2765 4847 vel
2809 4792 2975 4846 Deum
3022 4793 3441 4861 nuncupativum
3487 4790 3667 4847 nomi-

2080 4899 2230 4939 nare.
2260 4882 2509 4952 Nunquid
2538 4884 2702 4954 igitur
2724 4898 2832 4945 vos
2856 4882 3123 4938 doctiores
3151 4882 3241 4937 illo
3267 4883 3400 4937 estis
3422 4924 3436 4947 ,
3482 4882 3572 4937 vel
3610 4882 3666 4936 in

2081 4975 2376 5047 Scripturis
2400 4975 2616 5037 divinis.
2667 4975 2750 5030 vel
2781 4975 2835 5028 in
2864 4976 3213 5031 saecularibus
3239 4976 3569 5045 disciplinis,
3609 4984 3671 5029 ut

2079 5067 2231 5121 vobis
2255 5074 2364 5121 tam
2401 5066 2587 5136 paucis
2614 5075 2667 5121 et
2694 5073 2803 5120 tam
2835 5081 2957 5121 sero
2997 5067 3399 5136 erumpentibus
3433 5068 3668 5123 credere

2081 5158 2270 5212 debeat
2298 5156 2564 5210 mundus?

2150 5247 2278 5304 Vill.
2306 5248 2447 5303 Dicit
2485 5246 2743 5316 Origenes
2766 5245 2830 5300 de
2858 5247 3136 5301 divinitate
3165 5247 3344 5301 carnis
3369 5244 3579 5302 Christi
3612 5248 3667 5302 in

2079 5338 2296 5395 homilia
2335 5338 2520 5406 quinta
2546 5336 2674 5390 etin
2706 5335 2898 5390 Isaiam
2938 5338 3257 5407 prophetam
3287 5353 3301 5390 :
3348 5356 3366 5388 ‹
3407 5334 3545 5401 Quis
3574 5353 3689 5391 ex»

2078 5445 2289 5499 surgere
2318 5428 2442 5496 facit
2470 5427 2533 5481 dc
2578 5425 2786 5480 Oriente
2806 5426 3029 5496 justum.
3076 5426 3280 5482 Vocnrit
3324 5444 3442 5482 eum
3474 5428 3551 5481 ad
3575 5443 3670 5498 pe-

2080 5518 2167 5571 des
2194 5535 2314 5572 suos
2336 5518 2468 5587 (lsa.
2499 5533 2609 5579 xu,
2656 5515 2750 5585 2)?
2784 5517 2947 5572 Pater
2984 5520 3196 5573 vocavit
3243 5534 3365 5574 eum
3412 5518 3662 5573 Filium:

2081 5611 2207 5675 imo,
2237 5620 2293 5665 ut
2324 5626 2443 5666 vere
2496 5611 2757 5673 dicamus,
2800 5612 2942 5665 Deus
2998 5613 3268 5667 hominem
3324 5612 3537 5668 voravit
3572 5610 3667 5682 ju-
