3906 6186
262 228 367 286 153

252 524 394 594 ejus,
422 526 555 595 quia
597 540 825 587 sanctus
867 542 950 588 est
988 533 1196 607 [θήρη
1244 550 1491 597 sanctum
1531 524 1656 616 est].

249 622 436 668 autem
466 615 681 672 Domini
708 619 972 676 honorem
1010 623 1226 682 deitatis
1254 633 1567 701 assumpsit.
1602 615 1621 687 ἑ

318 704 414 759 IX.
449 704 510 763 In
537 707 678 763 libro
701 711 868 766 etiam
895 723 1088 782 quarto
1110 717 1177 772 de
1197 718 1573 780 lncarnatione
1611 725 1836 794 Christi,

246 810 407 865 quem
434 836 452 861 ,
501 804 800 856 mandante
847 802 1027 858 Leone
1069 822 1205 877 papa
1228 849 1245 875 ,
1308 810 1599 870 Cassianus
1648 825 1838 872 contra

247 884 559 943 Nestorium
585 893 776 959 edidit,
803 894 1067 953 habemus
1094 899 1169 954 ita
1195 903 1455 972 scriptum
1487 905 1627 976 (Lib.
1670 924 1727 961 1v
1766 909 1832 962 de

247 975 491 1046 lucorum,
517 996 568 1036 c.
603 981 673 1054 5)
703 1001 718 1037 :
750 1004 768 1036 ς
811 984 917 1051 Qui
951 989 1231 1045 crediderit
1276 975 1524 1063 quoniam
1551 996 1706 1051 Jesus
1760 1008 1835 1054 est

247 1065 295 1119 F
295 1068 423 1123 ilius
451 1070 576 1136 Dei,
607 1072 748 1127 Deus
774 1074 830 1128 in
855 1074 948 1130 illo
977 1087 1183 1144 manet,
1230 1093 1280 1135 et
1307 1083 1537 1138 charitas
1562 1084 1661 1141 Dei
1687 1088 1743 1141 in
1771 1105 1832 1142 eo

242 1158 473 1228 perfecta
494 1170 571 1214 est
600 1160 654 1233 (1
675 1160 837 1217 Joan.
858 1180 931 1229 Iv,
972 1165 1092 1237 12);
1128 1168 1276 1225 illum
1301 1186 1428 1227 vero
1453 1170 1650 1244 [Cass.,
1682 1176 1827 1235 illum

243 1253 392 1325 vere]
424 1256 689 1323 praedicat
727 1259 971 1326 credere,
996 1262 1145 1317 illum
1173 1265 1390 1333 plenum
1425 1269 1605 1325 divina
1634 1274 1830 1327 asserit

244 1346 536 1412 charitate,
565 1349 657 1417 qni
682 1347 871 1405 Jesum
909 1351 1102 1408 Filium
1145 1355 1236 1411 Dei
1269 1358 1441 1414 credit
1470 1378 1482 1413 :
1509 1361 1707 1418 Filium
1732 1380 1827 1419 au-

244 1441 349 1488 tem
380 1434 500 1500 Dei,
526 1436 761 1492 Verbum
777 1437 875 1493 Dei
896 1455 1016 1497 csse
1039 1450 1269 1498 testatur
1293 1463 1305 1499 :
1332 1461 1397 1503 ac
1415 1462 1512 1516 per
1532 1450 1633 1504 hoc
1661 1468 1826 1506 unum

241 1533 406 1591 atque
430 1523 574 1579 idem
602 1527 820 1595 penitus
845 1529 958 1584 vult
979 1531 1199 1604 intelligi
1230 1537 1563 1605 unigenitum
1591 1541 1826 1596 Verbum

240 1612 358 1679 Dei,
386 1620 444 1670 et
485 1613 671 1670 Jesum
702 1616 977 1674 Christum
1009 1621 1204 1678 Filium
1233 1625 1349 1680 Dei.
1396 1647 1413 1680 ι
1448 1627 1634 1685 Nonne
1662 1632 1825 1702 hujus

241 1703 523 1759 charitatis
549 1705 939 1775 plenitudinem
985 1722 1232 1780 evacuat,
1254 1716 1346 1785 qui
1377 1733 1483 1772 non
1529 1722 1821 1777 crediderit
1856 1707 1897 1766 Β

236 1791 424 1849 Iesum
460 1795 653 1851 Filium
681 1797 778 1852 Dei
802 1813 922 1855 esse
949 1816 1164 1871 verum;
1219 1807 1345 1875 quia
1399 1816 1582 1865 tantus
1610 1820 1820 1881 aposto-

238 1886 320 1941 lus
344 1895 403 1941 et
425 1888 755 1960 evangelista
781 1889 882 1955 ait,
916 1891 1083 1957 illum,
1114 1895 1206 1964 qui
1230 1897 1519 1953 crediderit
1539 1907 1594 1954 et
1619 1916 1817 1972 cogno-

240 1978 374 2032 verit
420 1977 616 2033 Filium
667 1979 766 2035 Dei
810 1996 996 2037 verum
1033 1999 1178 2053 esse,
1225 1989 1317 2058 qui
1379 1992 1527 2046 venit
1575 1993 1629 2046 in
1678 1994 1819 2050 hunc

239 2070 494 2129 mundum
522 2082 549 2111 ει
580 2088 595 2125 :
626 2070 702 2127 De
730 2088 839 2143 quo
865 2082 921 2130 et
948 2078 1195 2148 egregius
1232 2082 1556 2149 prmdicator
1576 2086 1655 2139 ait
1681 2104 1693 2139 :
1718 2085 1817 2140 Fi-

237 2160 359 2214 delis
385 2178 565 2216 sermo
593 2172 688 2229 est,
717 2174 765 2219 et
791 2167 938 2221 omni
965 2170 1261 2239 acceptione
1293 2174 1508 2243 dignus,
1552 2177 1677 2247 quia
1725 2178 1818 2232 Je-

235 2269 315 2307 εις
339 2251 593 2309 Christus
615 2257 742 2313 venit
769 2258 825 2310 in
866 2259 1005 2312 hunc
1031 2261 1287 2316 mundum
1319 2274 1613 2333 peccatores
1647 2267 1816 2324 salvos

243 2344 409 2411 facere
442 2343 501 2417 (1
532 2344 664 2399 Tim.
690 2363 732 2412 I,
774 2347 883 2421 15).
927 2349 1002 2405 De
1035 2367 1142 2422 quo
1166 2360 1223 2407 et
1248 2354 1303 2408 in
1328 2354 1566 2423 Epistola
1607 2360 1675 2413 ad
1713 2359 1820 2415 Ile-

240 2436 398 2490 bi‘tBOS
424 2436 506 2490 ait
550 2453 566 2489 :
617 2435 784 2493 Tanto
830 2439 1016 2494 melior
1069 2443 1268 2513 angelis
1316 2445 1567 2514 effectus,
1618 2460 1813 2518 quanto

237 2528 552 2597 differentias
570 2545 683 2600 pra:
704 2530 811 2586 illis
839 2550 1027 2589 nomen
1054 2535 1379 2592 Iuereditavit
1410 2539 1597 2612 (Hebr.
1641 2558 1655 2596 ι
1681 2582 1695 2607 ,
1732 2543 1809 2614 4).

239 2617 615 2687 Argumentum
630 2633 762 2674 vero
778 2621 1113 2678 excellentia:
1136 2639 1204 2680 ex
1224 2626 1461 2682 nominis
1480 2630 1813 2698 proprietate

238 2707 435 2763 induxit
466 2728 481 2762 :
508 2711 562 2764 in
592 2710 697 2766 hoc
730 2712 877 2767 enim
902 2716 1047 2784 quod
1078 2717 1214 2772 dixit
1240 2736 1253 2772 :
1292 2717 1458 2774 Tanto
1491 2721 1675 2776 melior
1713 2741 1810 2779 an-

236 2799 351 2869 gelis
389 2803 634 2871 effectus;
656 2805 884 2859 dubium
923 2823 1030 2862 non
1058 2818 1143 2862 est
1171 2810 1238 2865 de
1276 2811 1493 2867 homine
1533 2825 1811 2884 assumpto

238 2890 469 2959 dici,qui
489 2899 637 2948 tanto
655 2892 852 2950 melior
872 2896 942 2951 ab
970 2894 1177 2970 angelis
1200 2910 1304 2966 est,
1319 2912 1522 2972 quanto
1548 2915 1812 2973 praestan-

234 2984 337 3039 tior
355 2983 501 3039 ﬁlius
519 2987 795 3057 proprius,
825 3003 855 3042 a
887 2990 1137 3046 ministro
1175 2996 1467 3051 serviente.
1498 2996 1809 3066 Proprietas

234 3084 402 3145 itaque
447 3076 544 3132 ﬁlii
594 3080 649 3134 in
678 3081 997 3138 haereditate
1041 3093 1264 3157 paterna
1313 3090 1599 3160 praefertur
1644 3095 1805 3148 mini-

235 3164 516 3219 strantium
545 3168 893 3237 subjectioni.

293 3253 353 3308 Χ.
388 3255 525 3311 Item
555 3258 754 3315 beatus
779 3262 1115 3333 Augustinus
1141 3268 1196 3323 in
1241 3269 1381 3326 libro
1406 3280 1593 3329 contra
1633 3274 1806 3329 Maxi-

236 3343 417 3399 minum
439 3346 765 3404 hzercticum
793 3351 823 3391 δ
855 3369 871 3406 :
910 3371 929 3404 ι
969 3356 1078 3421 Vis,
1128 3357 1342 3429 inquit,
1391 3361 1605 3431 plenius
1635 3364 1798 3428 scire,

236 3437 463 3501 quamvis
493 3436 749 3494 Christus
769 3444 1066 3500 secundum
1091 3462 1310 3504 carnem
1344 3464 1471 3506 vere
1494 3468 1559 3508 ex
1587 3453 1808 3510 homine

238 3526 374 3581 honre
402 3537 569 3584 natus
597 3529 701 3597 sit,
737 3540 915 3588 tamen
967 3544 1193 3606 propter
1242 3539 1569 3598 ineﬂ‘abilem
1620 3558 1804 3600 sacra-

239 3620 378 3672 menti
408 3620 700 3686 unitatem,
728 3638 833 3692 qua
857 3626 1039 3682 unitus
1060 3643 1181 3683 cum
1217 3630 1327 3684 Deo
1358 3631 1520 3688 homo
1542 3642 1648 3699 est,
1679 3636 1804 3690 nul-

238 3708 321 3762 lam
340 3710 557 3779 penitus
598 3711 746 3768 inter
775 3714 1051 3771 Christum
1073 3727 1128 3774 et
1157 3721 1392 3777 Verbum
1427 3738 1549 3779 esse
1592 3726 1802 3780 distan-

239 3801 377 3867 tiam;
418 3802 547 3857 audi
575 3802 919 3860 Dominicum
941 3807 1313 3881 Evangelium,
1338 3813 1448 3869 imo
1474 3817 1655 3885 potius
1678 3821 1803 3875 audi

238 3888 391 3957 ipsum
428 3891 498 3946 de
524 3907 588 3947 se
631 3892 904 3949 dicentem
944 3896 1113 3952 Deum
1143 3917 1157 3953 :
1204 3899 1331 3955 Ilaec
1353 3913 1450 3968 est,
1477 3904 1675 3976 inquit,
1699 3910 1803 3964 vita

234 3989 429 4047 eterna,
456 3992 513 4036 ut
537 3995 859 4054 cognoscant
892 3996 942 4041 te
974 3989 1144 4045 solum
1168 4008 1343 4047 verum
1372 3994 1627 4061 Deum,et
1646 4015 1802 4070 quem

235 4072 403 4126 misisti
422 4072 613 4129 Jesum
639 4075 909 4133 Christum
931 4079 1114 4152 (Joan.
1146 4100 1277 4149 xvii,
1303 4087 1379 4157 5).
1423 4087 1683 4160 Superius
1708 4110 1804 4149 au-

231 4161 344 4216 disti
372 4162 611 4219 Verbum
634 4165 730 4220 Dei
758 4167 826 4222 ad
849 4171 1118 4227 sanandos
1143 4173 1389 4230 homines
1409 4178 1631 4234 missum
1660 4198 1799 4250 esse,

232 4252 314 4305 hic
332 4262 512 4307 autem
534 4256 687 4311 audis
716 4272 840 4312 eum
862 4260 953 4329 qui
982 4262 1181 4318 missus
1206 4264 1279 4318 sit
1304 4263 1489 4321 Jesum
1528 4269 1802 4328 Christum

230 4356 363 4396 esse.
390 4339 591 4410 Separa
611 4344 735 4412 hoc,
777 4346 824 4402 si
856 4358 1031 4417 potes,
1064 4367 1188 4406 cum
1225 4354 1413 4411 videas
1455 4365 1659 4415 tantam
1682 4364 1802 4417 uni-

232 4440 385 4487 tatem
440 4430 639 4489 Christi
684 4447 739 4491 et
786 4438 948 4494 Verbi
1003 4456 1141 4508 esse,
1186 4451 1247 4497 ut
1285 4462 1392 4501 non
1435 4448 1642 4505 unitum
1670 4467 1795 4509 cum

231 4523 436 4578 Christo
468 4524 719 4592 Verbum,
747 4530 843 4583 sed
874 4531 1036 4585 etiam
1074 4544 1294 4605 prepter
1321 4540 1579 4596 unitatem
1621 4544 1794 4613 ipsam

230 4612 377 4684 807
402 4613 652 4672 Christus
686 4619 801 4689 jam
829 4619 1064 4676 Verbum
1091 4640 1212 4681 esse
1238 4627 1471 4685 dicatur.
1518 4652 1537 4685 ›
1587 4612 1659 4689 De
1687 4651 1795 4705 quo

232 4705 411 4759 iterum
443 4706 754 4762 testimonio
803 4712 1049 4768 veritatis
1087 4714 1230 4772 idem
1280 4718 1441 4776 Pater
1463 4722 1795 4796 Augustinus

232 4797 280 4850 in
303 4795 524 4850 humilia
538 4799 772 4867 quadam
793 4803 1114 4874 evangelicae
1138 4811 1492 4878 expositionis
1517 4795 1593 4868 ita
1621 4817 1698 4871 ait
1724 4828 1746 4857 ε
1777 4837 1789 4872 :

206 4896 254 4958 ε’(
284 4880 422 4938 Ordo
475 4894 656 4942 autem
697 4891 987 4947 verborum
1024 4903 1128 4961 est,
1184 4907 1241 4951 ut
1285 4914 1597 4971 cognoscant
1648 4915 1718 4971 te,
1748 4917 1796 4961 et

230 4988 366 5042 quem
393 4977 583 5032 misisti
623 4977 808 5050 Jesum
837 4981 1099 5039 Christum
1127 4986 1297 5043 solum
1343 5009 1516 5046 verum
1545 4994 1729 5050 Deum.
1770 5018 1789 5049 ι

233 5059 354 5118 Nam
389 5066 532 5121 sicut
578 5067 635 5122 in
663 5068 819 5126 libris
854 5088 990 5142 quos
1029 5076 1098 5133 de
1139 5089 1326 5134 sancta
1358 5081 1619 5140 Trinitate
1645 5085 1793 5152 fecit,

290 5215 319 5276 ξ
348 5202 503 5276 Deest
530 5204 761 5276 aliquid.

292 5273 321 5312 δ
347 5272 762 5350 S_._Aug._q'uem
791 5278 987 5335 librum
1017 5292 1204 5340 contra
1230 5286 1581 5345 Maximinum
1616 5291 1796 5350 Alcui-

230 5358 352 5433 gas.
372 5344 460 5400 hic
504 5344 669 5433 velit,
726 5350 1047 5433 igporo_._ln_
1076 5354 1445 5433 d_uohus_illis,
1474 5344 1797 5433 librisque-5

230 5411 297 5489 95.Δ
322 5411 870 5485 Augustinnscoiitra
908 5411 1611 5486 Maximinumihaer‘eticum
1667 5411 1795 5489 seri:

228 5484 325 5561 psit
342 5484 516 5561 testas
544 5489 646 5544 iste
676 5506 782 5544 non
806 5492 1089 5560 reperitur.
1122 5495 1234 5551 Nisi
1265 5497 1512 5555 fortassis
1538 5484 1794 5559 Ai'cuiiiiis

231 5554 361 5629 illum
389 5557 743 5629 descripserit
788 5554 1034 5618 ex'lihro
1060 5565 1126 5617 de
1154 5554 1562 5626 Maximianistis
1592 5554 1789 5628 contra

230 5622 522 5684 Donatistis
549 5622 585 5695 δ’
619 5641 712 5686 aut
761 5646 827 5686 ex
866 5632 1227 5693 admonitione
1268 5622 1667 5696 Donatistarum
1723 5645 1789 5700 dc

1004 244 1418 304 DOGMATICA.
1444 284 1512 291 —
1542 253 1699 309 ADV.
1745 258 2034 316 l-‘ELICEM
2074 264 2251 322 LIBRI
2292 271 2402 327 VII.
2443 304 2513 316 ——
2546 273 2673 329 LIB.
2714 279 2777 333 II.

256 353 427 411 stum,
465 346 548 401 vel
576 347 870 418 justitiam,
911 354 979 409 ad
1020 357 1184 425 pedes
1212 375 1359 426 suos,
1383 362 1436 418 id
1462 373 1567 429 est,
1601 367 1848 422 iucarna-
1872 376 1920 431 Α
1949 382 2174 432 testatus
2196 386 2299 443 est,
2340 383 2456 439 hmo
2501 387 2687 442 missio

252 434 462 489 tionem
487 435 611 492 Filii
657 440 764 494 sui.
802 441 928 497 Ideo
970 453 1026 499 et
1050 447 1281 504 adorent
1318 453 1611 509 scabellum
1646 457 1842 526 pedum
1942 474 2042 520 est.
2073 434 2324 540 Sijgitur
2362 472 2664 533 incamatio
2706 481 2723 534 i

3418 293 3520 350 154

2740 389 2860 447 Filii
2907 394 3001 450 Dei
3036 397 3335 457 incarnatio
3376 407 3520 465 illius

2726 480 2851 539 llius
2879 486 3067 542 missio
3094 498 3198 555 est,
3226 500 3282 547 et
3307 496 3398 552 ille
3423 499 3515 568 qui

1701 546 1841 602 Caro
1941 555 2139 613 missus
2165 567 2249 614 est
2275 559 2432 618 Jesus
2463 566 2709 624 Christus
2736 585 2900 628 verus
2938 584 3025 631 est
3072 576 3237 644 Deus,
3266 583 3401 638 nihil
3426 546 3514 637 ie-

1938 644 2212 715 linquetur
2260 652 2633 724 dubitationis,
2674 663 2804 732 quin
2851 665 2924 719 sit
2974 680 3136 724 verus
3183 669 3321 726 Deus
3355 670 3514 729 Jesns

1937 733 2216 803 Christus,
2264 748 2319 796 et
2355 757 2515 799 verus
2554 750 2733 807 'Filius
2778 754 2897 823 Dei,
2931 758 3024 827 qui
3055 760 3253 816 missus
3287 768 3413 829 est,
3457 760 3517 819 id

1935 832 2050 890 est,
2099 828 2410 889 incarnatus
2458 834 2525 888 de
2575 840 2780 909 Spiritu
2834 857 3023 905 sancto
3067 859 3123 905 et
3178 850 3346 906 Maria
3391 828 3508 911 vir-

1934 928 2077 984 gine.

2004 1008 2100 1064 Dic
2133 1011 2288 1078 mihi,
2328 1028 2363 1070 ο
2389 1029 2542 1073 nova:
2577 1031 2737 1075 secta!
2760 1026 3024 1097 inductor,
3059 1033 3244 1090 Jesum
3288 1032 3411 1093 cum
3436 1053 3506 1097 ex

1939 1096 2152 1168 Virgine
2176 1114 2509 1172 nasceretur,
2542 1111 2674 1180 quid
2702 1113 2852 1178 velis,
2888 1117 3159 1178 hominem
3207 1125 3392 1194 fuisse,
3435 1143 3505 1186 an

1933 1189 2138 1247 Deum?
2165 1193 2224 1250 Si
2251 1196 2418 1253 Deum
2452 1209 2682 1271 tantum,
2719 1207 2923 1264 solvisti
2964 1215 3150 1284 utique
3173 1189 3387 1287 Jesum,
3411 1226 3507 1293 qui

1933 1277 2138 1350 [Fui-te,
2166 1284 2280 1357 cui]
2308 1288 2579 1346 hominem
2608 1296 2818 1352 unitum
2845 1297 3012 1357 fuisse
3036 1277 3286 1375 il-enegas.
3326 1277 3385 1364 Si
3410 1277 3507 1365 au-

1930 1379 2038 1428 tem
2068 1374 2340 1433 hominem
2370 1382 2566 1450 solum,
2593 1386 2758 1443 solvis
2782 1392 2969 1461 utique
3008 1374 3380 1467 nihilominus,
3410 1404 3504 1472 qui

1928 1461 2122 1530 solum,
2152 1473 2521 1528 tantummodo
2547 1483 2606 1528 ut
2640 1476 2809 1533 facias
2836 1481 3129 1551 hominem,
3168 1499 3354 1546 natum
3382 1461 3505 1550 esse

1927 1556 2283 1629 blasphemes.
2326 1564 2484 1623 Fides
2515 1585 2645 1639 ergo
2673 1573 2787 1627 hzec
2837 1583 3045 1631 tantum
3091 1583 3357 1638 catholica
3394 1594 3501 1650 est,

1925 1646 2041 1703 haec
2067 1657 2273 1706 tantum
2302 1668 2431 1709 vera
2477 1665 2584 1721 est,
2619 1668 2679 1714 ut
2702 1661 2985 1719 Dominum
3016 1664 3198 1723 Jesum
3225 1671 3499 1731 Christum

1927 1737 2067 1793 sicut
2095 1738 2262 1796 Deum
2302 1744 2375 1798 ita
2419 1754 2473 1801 et
2516 1748 2815 1815 hominem;
2855 1763 2910 1809 et
2938 1757 3075 1812 sicut
3105 1759 3375 1817 hominem
3427 1767 3499 1820 ita

1925 1834 1978 1882 et
2004 1827 2174 1885 Deum
2211 1835 2433 1891 credere
2481 1853 2585 1894 non
2633 1840 2959 1901 dubitemus.
3009 1848 3192 1905 Omnis
3229 1854 3366 1908 enim
3411 1859 3503 1927 qui

1922 1917 2073 1973 solvit
2093 1920 2298 1990 Jesum,
2325 1942 2388 1980 ex
2412 1926 2517 1983 Deo
2547 1947 2649 1985 non
2675 1944 2749 1988 est
2793 1935 2847 2006 (Ι
2867 1936 3026 1993 Joan.
3055 1956 3130 2007 Iv,
3158 1942 3213 2015 5)
3247 1962 3260 1998 ;
3293 1917 3501 2004 solvere

1923 2018 2103 2065 autem
2153 2014 2257 2070 hoc
2298 2025 2399 2083 est,
2430 2023 2575 2089 quod
2602 2024 2809 2080 unitum
2844 2037 2926 2084 est
2963 2031 3015 2085 in
3045 2014 3201 2102 Jesu,
3223 2038 3361 2093 velle
3389 2040 3500 2097 dis-

1921 2117 2198 2174 rumpere,
2243 2115 2300 2162 et
2341 2111 2485 2179 quod
2530 2113 2862 2174 individuum
2912 2131 3016 2187 est,
3048 2141 3318 2197 separare.
3361 2132 3499 2199 Quid

1919 2200 2100 2249 autem
2150 2197 2203 2251 in
2231 2198 2360 2254 Jesu
2408 2203 2617 2259 unitum
2676 2215 2734 2262 et
2780 2210 3111 2269 individuum
3161 2221 3280 2273 est?
3327 2197 3526 2295 Homo

1917 2283 2106 2352 utique
2151 2294 2207 2341 et
2232 2287 2393 2354 Deus,
2422 2299 2483 2345 ut
2510 2294 2583 2349 sit
2622 2312 2762 2352 unus
2793 2298 2959 2357 Filius
2987 2311 3040 2358 et
3064 2305 3204 2360 Deus
3231 2310 3412 2376 homo,
3442 2322 3498 2367 et

1917 2387 2057 2427 unus
2082 2374 2251 2431 Filius
2278 2378 2530 2449 hominis,
2570 2385 2659 2454 qui
2689 2386 2757 2442 de
2787 2388 3006 2462 Virgine
3041 2406 3202 2452 natus
3244 2408 3348 2465 est,
3391 2374 3494 2459 non

1916 2471 1978 2517 ut
2005 2464 2141 2521 alter
2182 2470 2464 2540 adoptivus
2491 2477 2563 2530 sit
2592 2478 2753 2546 filius,
2782 2483 2918 2539 alter
2942 2491 3213 2559 proprius,
3247 2464 3341 2549 vel
3360 2497 3497 2552 alter

1916 2561 2312 2628 nuncupativus
2337 2565 2498 2633 Deus,
2529 2577 2585 2623 et
2609 2571 2748 2627 alter
2778 2590 2935 2633 verus
2960 2580 3121 2638 Deus.

1987 2649 2074 2705 XI.
2119 2651 2377 2724 Sequitur
2424 2659 2477 2713 in
2524 2662 2751 2730 praefato
2782 2667 2975 2727 Felicis
3024 2673 3250 2731 libello:
3302 2698 3323 2731 ι
3355 2678 3493 2748 Quid

1915 2739 2019 2795 hoc
2046 2758 2241 2799 nomen
2271 2747 2421 2804 elicis
2448 2749 2653 2822 [Forte,
2685 2756 2923 2831 rejicis]?
2955 2762 3094 2830 Quid
3124 2739 3489 2841 priestantius,

1915 2832 2042 2900 quid
2074 2834 2540 2908 honorificentius,
2592 2846 2788 2915 quidve
2835 2855 3076 2910 sanctius
3121 2832 3370 2917 humanae
3397 2880 3495 2919 na-

1913 2931 2048 2978 tura:
2077 2940 2107 2979 a
2138 2927 2248 2983 Deo
2274 2931 2509 2987 conferri
2540 2945 2737 3004 potest,
2780 2957 2945 3010 quam
2991 2946 3095 3001 hoc
3144 2950 3363 3015 donum,
3395 2970 3493 3023 per

1836 3062 1880 3124 C
1911 3016 2055 3083 quod
2084 3017 2271 3074 eadem
2301 3030 2547 3077 creatura
2574 3037 2696 3095 post
2721 3033 3221 3097 praevaricationem
3256 3042 3491 3099 hominis

1912 3103 2071 3124 ,ηη
2121 3122 2233 3124 μνη
2758 3119 2767 3124 ,
2890 3122 2901 3124 _
3007 3123 3041 3124 η

1910 3116 1940 3155 a
1969 3103 2077 3158 Deo
2120 3109 2466 3165 reconciliata
2517 3119 2953 3183 cognoscitur?»
3004 3123 3118 3180 Hoc
3160 3127 3228 3181 de
3274 3132 3494 3188 nomine

1911 3192 2215 3261 adoptionis
2238 3196 2388 3264 dicit,
2419 3209 2475 3255 et
2494 3217 2683 3259 verum
2710 3206 2862 3273 dicit,
2888 3212 3031 3279 quod
3071 3215 3227 3269 nobis
3251 3218 3486 3273 maxima

1909 3290 1993 3337 est
2046 3285 2281 3356 dignitas
2338 3291 2620 3363 adoptivos
2670 3297 2765 3352 Dei
2814 3299 2979 3357 Filios
3029 3305 3338 3372 nominari;
3392 3309 3486 3364 sed

1908 3388 2009 3443 per
2042 3376 2212 3444 illum,
2242 3382 2335 3449 qui
2364 3397 2529 3439 verus
2556 3394 2641 3442 est
2668 3388 2837 3446 Filius
2861 3392 2975 3446 Dei.
3025 3394 3082 3448 In
3112 3396 3266 3450 nobis
3303 3398 3489 3466 itaque

1909 3464 2013 3520 hoc
2037 3481 2229 3523 nomen
2257 3470 2570 3531 honorabile
2597 3486 2680 3533 est
2703 3481 2879 3546 valde,
2907 3484 3001 3538 sed
3031 3485 3083 3537 in
3109 3484 3325 3543 Christo
3350 3464 3453 3545 vile
3470 3535 3482 3555 ,

1908 3557 2033 3625 quia
2082 3557 2253 3628 major
2298 3563 2534 3634 dignitas
2580 3576 2667 3624 est
2708 3586 2895 3625 verum
2949 3588 3070 3629 esse
3118 3575 3312 3632 Filium
3365 3579 3482 3644 Dei,

1907 3663 2069 3716 quam
2116 3652 2445 3722 adoptivum.
2489 3658 2569 3714 De
2613 3660 2765 3729 cujus
2820 3665 3124 3734 adoptionis
3171 3671 3381 3725 ratione
3430 3673 3484 3727 in

1908 3740 2013 3795 alio
2059 3741 2240 3798 libello
2261 3744 2287 3784 ά
2320 3756 2509 3804 contra
2552 3755 2803 3809 eumdem
2835 3756 3067 3812 Felicem
3111 3761 3321 3829 plenius
3347 3764 3486 3818 dixi-

1906 3850 2046 3900 mus,
2077 3838 2464 3905 respondentes
2491 3843 2707 3910 quidem
2742 3847 2981 3914 cpistolae
3022 3850 3185 3914 illius,
3217 3866 3379 3919 quam
3413 3855 3482 3908 de

1906 3922 2010 3978 hac
2036 3926 2226 3981 eadem
2254 3927 2439 3983 edidit.
2492 3931 2632 3987 Rata
2664 3935 2735 3988 ibi
2764 3945 3069 3993 sanctorum
3100 3939 3320 3996 Patrum
3366 3943 3483 4012 plu-

1904 4013 2041 4069 rima
2068 4015 2333 4072 habentur
2363 4021 2690 4088 testimonia,
2723 4040 2789 4079 ex
2816 4028 3012 4095 quibus
3038 4030 3481 4089 manifestissime

1903 4105 2104 4171 poterit
2158 4107 2489 4178 intelligere,
2552 4114 2642 4181 qui
2692 4114 2861 4185 legit,
2914 4124 2969 4171 et
3017 4119 3233 4188 pietatis
3282 4123 3480 4180 intuitu

1904 4195 2229 4259 considerat,
2270 4196 2544 4255 Christum
2573 4201 2743 4258 Deum
2784 4220 2970 4261 verum
3015 4222 3135 4265 esse
3161 4211 3355 4267 Filium
3385 4217 3477 4271 Dei

1905 4284 1960 4338 in
2004 4292 2235 4355 utraque
2283 4298 2474 4345 natura
2508 4310 2520 4345 :
2555 4308 2655 4349 nos
2696 4311 2827 4351 vero
2870 4312 2968 4367 per
3014 4314 3137 4354 eum
3182 4302 3475 4372 adoptivos,

1831 4408 1882 4469 υ
1905 4373 2056 4442 cujus
2080 4379 2252 4445 gratia
2284 4380 2476 4437 salvati
2506 4400 2721 4453 sumus;
2755 4388 2847 4457 qui
2876 4403 3091 4460 semper
3113 4398 3169 4445 et
3196 4393 3395 4463 ubique
3425 4396 3477 4450 in

1903 4464 2194 4536 Evangelia
2221 4469 2335 4525 sive
2364 4472 2434 4527 ab
2461 4475 2688 4544 angelis,
2717 4476 2835 4532 sive
2877 4478 2946 4533 ab
2970 4480 3243 4547 apostolis,
3274 4483 3387 4537 sive
3412 4486 3480 4539 ab

1903 4558 2023 4614 aliis
2051 4561 2274 4626 sanctis,
2304 4563 2592 4634 aliquando
2635 4568 2796 4623 etiam
2840 4576 2897 4623 et
2929 4584 2960 4623 a
2997 4571 3349 4638 dmmonilms,
3378 4590 3479 4631 nec

1902 4664 2009 4705 non
2042 4660 2098 4707 et
2125 4655 2441 4711 centurione
2484 4650 2702 4713 homine
2741 4675 2951 4730 pagano
2997 4676 3158 4716 verus
3190 4661 3358 4720 Filius
3383 4666 3478 4721 Dei

1900 4743 2227 4798 nominatur.
2272 4746 2441 4813 Quem
2479 4748 2622 4802 enim
2663 4749 2826 4804 alium
2850 4751 2986 4806 vidit
3013 4751 3104 4807 ille
3133 4757 3379 4812 centurio
3420 4759 3473 4814 in

1902 4848 2062 4888 cruce
2109 4836 2471 4903 pendentem,
2525 4839 2628 4893 nisi
2680 4855 2840 4904 quem
2892 4845 3031 4899 mori
3081 4848 3376 4902 cernebat?
3424 4858 3479 4903 et

1905 4923 2048 4978 hunc
2097 4940 2217 4980 esse
2260 4943 2448 4983 verum
2492 4928 2687 4986 Filium
2734 4931 2828 4987 Dei
2883 4934 3164 4993 confessus
3214 4945 3318 4992 est.
3376 4939 3480 4993 Vos

1903 5024 2033 5064 vero
2067 5011 2322 5067 Ecclesia!
2363 5014 2478 5078 filii,
2524 5015 2650 5072 licet
2691 5020 2907 5077 nomine
2931 5032 3108 5086 tenus,
3133 5037 3254 5077 cum
3276 5021 3478 5079 Iudaeis

1904 5098 2136 5168 objicitis
2176 5102 2392 5159 Christo
2436 5106 2578 5175 quod
2624 5109 2849 5166 dixisset
2892 5128 2952 5168 se
2987 5128 3109 5168 esse
3134 5112 3328 5167 Filiqu
3357 5112 3474 5180 Dei,

1897 5232 2351 5317 .Maximianistis;
2397 5238 2548 5309 cujus
2571 5243 2853 5317 utriusque
2885 5243 2943 5299 S.
2973 5244 3110 5317 Aug.
3142 5246 3387 5302 meminit
3417 5250 3471 5305 in

1901 5303 2093 5429 librialtl
2120 5305 2385 5374 Retract.,
2428 5303 2546 5382 cap.
2577 5313 2647 5368 29
2672 5320 2726 5368 et
2752 5303 2859 5380 35;
2912 5316 3005 5370 sed
3034 5303 3175 5370 nunc
3222 5303 3471 5375 neutrum

1901 5389 1995 5429 exs
2084 5415 2097 5428 .

1898 5389 2097 5429 exStat.

1970 5455 1993 5515 ς
2034 5446 2200 5510 Idem,
2229 5454 2386 5504 tract.
2413 5467 2478 5506 cv
2509 5451 2559 5504 in
2588 5448 2763 5515 Joan.,
2795 5468 2944 5507 num.
2974 5455 3026 5508 5.

1965 5512 2014 5591 ά-
2034 5515 2101 5591 lu
2124 5514 2239 5591 alio
2259 5517 2453 5591 libello.
2480 5521 2571 5574 Illo
2603 5512 2870 5587 fortas$is,
2895 5540 3052 5591 quem
3079 5527 3146 5581 ad
3174 5532 3469 5586 monachos

1895 5582 2103 5641 Gothiae
2134 5587 2371 5657 scripsit,
2405 5604 2561 5659 supra
2595 5605 2623 5643 a
2655 5591 2808 5647 nobis
2836 5582 3097 5649 exhibito.
