3952 6184
385 263 489 319 155
1226 267 1289 324 Β.
1327 268 1390 325 F.
1426 271 1653 327 ALBINI
1692 271 1824 327 SEU
1862 270 2135 326 ALCL'lNi
2173 270 2453 327 OPERUM
2490 272 2667 330 PARS
2699 272 2785 329 Ill.
3524 278 3630 336 156

382 393 484 435 nec
532 393 640 433 non
684 386 741 436 et
785 396 932 438 nunc
966 381 1022 437 in
1067 382 1195 438 sede
1238 390 1477 453 paternae
1520 383 1819 453 majestatis
1862 400 1951 439 re-
1979 389 2032 444 Λ
2057 382 2111 437 iu
2135 383 2343 439 duabus
2385 385 2596 441 naturis
2637 387 2691 441 in
2717 385 2839 442 Filii
2874 388 3110 455 nomine,
3138 404 3260 460 qua;
3285 398 3413 447 ante
3438 390 3543 449 fuit
3569 400 3629 452 In

382 477 659 541 gnsntem,
705 479 763 525 et
802 472 859 527 in
901 473 1099 529 throno
1141 471 1379 529 celestis
1424 473 1607 543 gloria:
1648 474 1949 541 sedentem,
2052 487 2160 527 una
2205 474 2529 529 substantia.
2576 474 2636 529 ln
2677 477 3047 546 assumptione
3092 493 3331 551 namque
3375 483 3556 540 carnis
3593 502 3627 542 ι

381 575 543 632 quem
579 561 770 616 adorat
808 564 986 619 omnis
1028 563 1314 621 multitudo
1348 564 1678 634 angelorum,
1706 572 1763 620 et
1785 566 1953 621 millia
2052 562 2183 629 Deo,
2209 578 2439 634 persona
2479 566 2621 634 perit
2666 567 2921 633 hominis,
2967 583 3078 625 non
3119 577 3336 626 natura.
3384 572 3445 628 In
3470 576 3630 633 nobis

379 651 608 707 millium
656 653 966 709 ministrant
1014 656 1086 720 ei,
1130 654 1286 725 cujus
1329 663 1570 725 potestas
1611 663 1695 711 est
1724 666 1950 726 :eterna,
2050 659 2133 708 est
2157 668 2385 724 persona
2410 655 2731 725 adoptionis,
2762 672 2871 713 non
2917 659 2973 713 in
3006 658 3145 715 Filio
3171 660 3290 727 Dei,
3338 663 3467 732 quia
3511 666 3627 721 sin.-

377 749 434 796 et
461 741 609 812 regni
632 742 750 813 ejus
769 759 874 799 non
894 744 1001 800 erit
1021 744 1164 808 ﬁnis,
1186 746 1384 802 vestris
1406 745 1582 801 adhuc
1605 746 1952 817 blasphemiis
2051 744 2311 812 gulariter
2353 744 2442 800 ille
2482 761 2623 801 unus
2666 747 2829 803 homo
2873 763 2941 804 ex
2981 749 3094 804 Deo
3139 762 3454 823 conceptus,
3481 762 3539 811 et
3569 756 3621 812 is

377 828 572 891 Filium
597 833 874 903 proprium
903 841 960 889 et
979 850 1164 889 verum
1194 835 1361 890 Deum
1388 851 1588 906 negare
1620 853 1729 893 non
1758 840 1953 894 metui-
2050 833 2220 889 Deum
2245 843 2554 906 assumptus
2577 836 2739 892 habet
2758 839 3145 909 proprietatem
3168 840 3338 898 Filius
3359 844 3455 900 Dei
3481 858 3623 912 esse.

378 918 469 973 tis.
513 918 646 974 Nam
672 931 728 976 et
751 922 821 977 ob
848 922 951 978 hoc
983 924 1148 978 etiam
1190 932 1563 980 antecessores
1590 927 1755 981 vestri
1780 926 1949 985 Judmi
2050 925 2196 995 quod
2222 939 2411 981 omnes
2453 927 2626 981 sancti
2671 928 2872 983 habent
2916 944 3015 1000 per
3057 931 3404 1001 adoptionem
3437 935 3626 1005 gratiae

378 1008 650 1066 Christum
680 1012 917 1083 lapidare
938 1014 1242 1081 voluerunt,
1271 1017 1400 1086 quia
1420 1017 1594 1073 dixit:
1620 1017 1791 1072 Multa
1813 1018 1939 1083 bona

2064 1013 2164 1077 Dei,
2190 1014 2285 1083 qui
2312 1014 2499 1069 habitu
2546 1016 2797 1072 inventus
2820 1025 2883 1072 ut
2909 1019 3090 1086 homo,
3132 1023 3226 1078 sed
3252 1023 3530 1082 divinitate
3562 1036 3625 1082 ut

378 1116 535 1171 opera
560 1104 759 1158 ostendi
785 1104 924 1160 vobis
943 1122 1010 1160 ea:
1030 1106 1190 1161 Patre
1213 1123 1345 1174 meo,
1371 1117 1582 1181 propter
1605 1111 1745 1181 quod
1768 1128 1949 1167 eorum
2048 1102 2213 1160 Deus.
2262 1103 2373 1160 Nec
2410 1106 2465 1160 in
2506 1106 2593 1160 illa
2631 1108 2996 1178 assumptione
3023 1111 3162 1168 alius
3186 1122 3269 1170 est
3295 1116 3456 1182 Deus,
3487 1118 3625 1176 alius

380 1204 508 1259 opus
556 1207 639 1245 me
679 1192 831 1248 uultis
877 1193 1159 1266 lapidare?
1203 1196 1410 1264 Quibus
1462 1202 1945 1271 respondentibus:
2050 1194 2232 1258 homo,
2260 1195 2345 1249 vel
2391 1195 2530 1251 alius
2555 1196 2724 1252 Filius
2749 1198 2865 1263 Dei,
2907 1207 2965 1255 et
3006 1202 3144 1259 alius
3184 1203 3327 1261 ﬁlius
3350 1207 3620 1278 Virginis:

378 1274 455 1331 De
485 1293 635 1347 Opere
673 1280 805 1336 bona
832 1299 936 1337 non
958 1283 1253 1356 lapidamus
1290 1296 1357 1352 te,
1386 1288 1478 1343 sed
1502 1289 1567 1343 de
1606 1289 1945 1361 blasphemia,
2049 1282 2144 1340 sed
2188 1284 2329 1339 idem
2375 1293 2460 1340 est
2485 1285 2656 1342 Filius
2680 1287 2796 1354 Dei,
2829 1290 2922 1359 qui
2968 1301 3025 1347 et
3071 1292 3213 1350 ﬁlius
3237 1274 3475 1369 Virginis
3515 1315 3532 1355 :
3568 1311 3625 1357 et

374 1370 499 1440 quia
543 1380 599 1425 tu
641 1389 770 1443 ipse,
815 1374 968 1429 homo
1017 1393 1135 1431 cum
1180 1379 1273 1445 εἰς,
1317 1379 1471 1449 facis‘
1495 1389 1545 1435 τε
1584 1383 1755 1452 ipsum
1778 1381 1947 1437 Deum
2050 1377 2192 1431 idem
2217 1376 2357 1433 ﬁlius
2384 1379 2640 1449 Virginis,
2669 1382 2763 1451 qui
2802 1390 2858 1438 et
2897 1383 3067 1440 Filius
3094 1385 3189 1440 Dei
3236 1405 3249 1441 :
3293 1396 3354 1442 ut
3383 1389 3454 1444 sit
3483 1406 3623 1448 unus

377 1459 558 1533 (Joan.
585 1478 643 1528 x,
662 1463 754 1530 52,
784 1466 896 1537 53).
946 1466 1200 1540 Idemque
1236 1470 1302 1526 de
1330 1471 1650 1544 paralytico,
1696 1474 1784 1528 cui
1832 1474 1947 1543 ipse
2048 1466 2217 1522 Filius
2243 1469 2406 1523 etiam
2430 1470 2679 1539 proprius
2710 1480 2765 1527 et
2789 1472 3060 1542 perfectus
3091 1475 3144 1530 in
3174 1477 3380 1533 duabus
3414 1483 3623 1541 naturis

376 1551 489 1606 ait:
518 1551 867 1609 Dimittuntur
893 1556 1007 1623 tibi,
1023 1556 1123 1627 ﬁli,
1146 1568 1357 1631 peccata
1384 1569 1497 1625 tua,
1520 1561 1822 1617 invidentes
1847 1561 1947 1616 Ju-
2049 1557 2144 1612 Dei
2173 1565 2228 1613 et
2251 1559 2504 1614 hominis.
2558 1560 2633 1616 De
2657 1576 2765 1632 quo
2793 1563 2958 1619 etiam
2982 1564 3186 1621 Christi
3218 1567 3407 1622 habitu
3430 1570 3622 1629 beatus

376 1640 476 1696 dmi
504 1641 757 1698 dixerunt
782 1644 924 1701 inter
948 1660 1005 1702 se
1030 1663 1045 1698 :
1073 1645 1203 1713 Quis
1229 1657 1395 1719 potest
1424 1658 1635 1721 peccata
1662 1650 1944 1718 dimittere,
2046 1650 2376 1722 Augustinus
2406 1654 2501 1710 .ait
2541 1666 2568 1696 ι
2612 1672 2627 1709 :
2676 1674 2695 1706 ι
2739 1656 2831 1713 Sic
2879 1667 3186 1729 assumptus
3221 1670 3303 1718 est
3345 1663 3528 1730 homo,
3563 1673 3624 1721 ut

375 1732 478 1786 nisi
506 1731 650 1789 solus
669 1734 810 1790 Deus
839 1735 1031 1807 (Marc.
1063 1754 1124 1803 η,
1156 1737 1309 1809 5-7)?
1334 1738 1539 1806 Quibus
1561 1740 1808 1797 Christus
1837 1759 1943 1798 non
1973 1748 2021 1810 Β
2045 1741 2332 1810 proﬁceret
2354 1741 2538 1814 [Aug.,
2565 1747 3013 1821 commutarctur]
3050 1751 3104 1805 in
3135 1752 3346 1817 melius,
3378 1763 3433 1808 et
3460 1756 3528 1810 ab
3553 1772 3617 1812 eo

373 1822 545 1879 solum
572 1840 724 1892 voce,
751 1828 845 1883 sed
870 1828 1031 1883 etiam
1058 1832 1201 1885 {acto
1226 1845 1284 1886 se
1304 1831 1592 1888 ostendens
1613 1834 1781 1888 Deum
1803 1849 1943 1901 esse,
2048 1829 2376 1886 formaretnr
2414 1832 2757 1891 ineﬁ‘abiliter
2784 1838 3132 1895 excellentius
3177 1850 3338 1911 atque
3385 1844 3616 1915 conjun-

371 1915 465 1984 qui
499 1923 552 1971 et
590 1916 733 1973 ﬁlius
769 1919 1005 1975 hominis
1037 1929 1140 1988 est,
1181 1922 1260 1977 ait
1295 1922 1440 1978 illis:
1469 1923 1611 1990 Quid
1635 1935 1710 1979 est
1734 1926 1946 1996 facilius
2046 1921 2205 1986 otius,
2237 1936 2400 1991 quam
2432 1925 2619 1990 vestis,
2662 1941 2785 1982 cum
2825 1929 2893 1983 ab
2934 1930 3152 1987 homine
3199 1932 3455 1989 induitur,
3506 1936 3619 1992 Hoc

372 2003 564 2071 dicere,
606 2007 942 2064 dimittuntur
981 2001 1077 2066 tibi
1112 2022 1348 2083 peccata,
1392 2033 1463 2069 an
1497 2016 1691 2082 dicere,
1717 2034 1872 2088 surge
1895 2027 1943 2072 et
2044 2026 2173 2082 ergo
2236 2015 2453 2070 "Omine
2505 2017 2723 2074 habitus
2766 2021 2900 2076 satis
2950 2023 3276 2093 signiﬁcavit
3306 2026 3613 2098 Αροειοιιιε.

372 2098 626 2155 ambula?
663 2099 730 2155 Ui
757 2103 935 2158 agiagi;
951 2114 1150 2173 autem,
1178 2108 1303 2178 quia
1330 2107 1503 2164 Filius
1538 2110 1763 2165 Ιιοηιξηεε
1801 2121 1946 2181 pale.
2043 2104 2493 2171 quemadmodum
2539 2107 2735 2163 dixerit
2783 2123 2800 2164 :
2850 2110 2919 2165 In
2961 2113 3306 2170 similitudine
3349 2116 3615 2172 hominum

369 2197 554 2243 statem
578 2190 728 2246 habet
759 2193 815 2247 in
843 2202 985 2249 terra
1005 2195 1299 2251 dimittendi
1327 2209 1560 2269 peccata,
1587 2208 1714 2256 tunc
1734 2202 1817 2255 ait
1842 2219 1930 2273 pa-

2051 2189 2214 2256 factus
2245 2190 2465 2263 (Philip.
2497 2211 2555 2258 ιι,
2583 2194 2636 2265 7)
2665 2214 2677 2249 :
2728 2199 2852 2267 quia
2894 2215 3000 2256 non
3047 2203 3518 2275 transﬁguratione
3558 2208 3612 2262 in

371 2279 589 2351 ralgiica
611 2303 629 2340 ς
653 2283 820 2355 δατ-ρο
846 2295 894 2341 ει
919 2287 1129 2342 ambula
1157 2288 1343 2358 (1554,,
1368 2292 1826 2364 9,10)’θιει³ιίηι
1849 2310 1937 2349 sa-
2042 2280 2337 2347 hominem,
2371 2285 2465 2339 sed
2508 2286 2693 2342 habitu
2742 2289 2917 2344 factus
2949 2301 3050 2356 est,
3103 2308 3227 2348 cum
3273 2295 3492 2352 indutus
3530 2306 3615 2353 est

365 2389 471 2433 nus
494 2373 670 2435 factus
690 2385 774 2431 est
802 2378 983 2434 homo.
1011 2378 1210 2436 Sumus
1234 2382 1433 2452 itaque,
1458 2393 1518 2438 ut
1539 2386 1634 2449 ait,
1664 2385 1747 2440 vel
1771 2387 1926 2456 magis

2053 2370 2279 2436 homine,
2309 2389 2466 2443 quem
2492 2376 2593 2430 sibi
2625 2387 2881 2446 coaptaus
2906 2379 3085 2451 [Aug.,
3112 2385 3323 2456 uniens]
3352 2389 3614 2456 quodam-

364 2477 427 2524 ιιι
450 2468 740 2540 Apostolus
784 2469 879 2538 ait,
914 2491 975 2531 os
1017 2487 1084 2531 ex
1123 2474 1359 2539 ossibus,
1403 2484 1457 2529 οι
1505 2493 1635 2532 οπο
1663 2479 1730 2532 de
1771 2494 1937 2535 came
2038 2461 2199 2520 modo
2227 2471 2387 2538 atque
2415 2466 2759 2528 conformaus
2791 2471 3181 2533 inmortalitati
3213 2480 3614 2555 aeternitatique

365 2560 522 2630 ejus:
566 2578 671 2618 non
698 2565 868 2637 808
892 2567 1032 2623 sicut
1072 2569 1244 2638 prima
1291 2579 1464 2625 mater
1492 2565 1616 2639 Eva
1647 2571 1939 2631 carnaliter
2038 2560 2293 2615 δοεῖπθῐυ
2332 2580 2351 2614 ³

364 2654 625 2710 aediﬁcata
647 2665 732 2711 est
773 2657 840 2712 de
869 2666 1021 2714 costa
1050 2660 1183 2726 viri;
1218 2663 1313 2717 sed
1341 2664 1650 2732 specialiter
1676 2668 1936 2738 sanguine
2108 2649 2241 2707 xm:
2273 2653 2387 2709 N0“
2417 2657 2549 2711 satis
2575 2667 2752 2714 amem
2784 2661 3045 2734 Ῐηίθηίεζον
3087 2667 3215 2735 αυίά
3243 2670 3513 2738 Ρετῑίηθθῐ
3542 2674 3611 2728 ad

363 2744 585 2812 Christi,
616 2747 709 2817 qui
738 2747 806 2802 de
831 2749 1001 2805 latere
1025 2749 1141 2818 ejus
1167 2752 1368 2810 eﬁ'usus
1411 2764 1524 2822 est;
1559 2758 1822 2829 redempti
1856 2761 1933 2816 si-
2035 2754 2230 2812 corpus
2254 2743 2477 2812 δδτίδῑίν
2523 2750 2663 2817 αυοά
2700 2767 2797 2821 Ι)το
2843 2755 2997 2809 “oms
3035 2760 3291 2827 PePCMi‘
3326 2760 3379 2814 ίη
3426 2778 3607 2829 cruce»

363 2838 579 2907 quidem
625 2855 819 2911 magno
843 2844 1019 2911 pretio
1044 2844 1165 2899 iriiii
1191 2846 1304 2910 Dei,
1331 2862 1439 2902 ηοη
1485 2847 1772 2917 cuiusiibei
1800 2853 1932 2909 πο,
2033 2833 2176 2901 quod
2225 2837 2307 2892 ais
2351 2837 2666 2909 Apostolum
2713 2843 2894 2899 dicere
2929 2864 2940 2899 :
2971 2845 3088 2901 Hoc
3136 2849 3330 2918 inquit,
3370 2854 3605 2917 scientes,

362 2928 513 2998 ptivi.
543 2928 880 3001 Quapropter
910 2942 966 2989 et
987 2933 1276 3006 Apostolus
1303 2938 1380 2992 ait
1421 2956 1437 2995 :
1485 2938 1791 3009 Mysterium
1834 2944 1923 2998 hoc

2047 2923 2156 2992 iuia
2191 2934 2334 2981 vetus
2364 2928 2517 2983 homo
2558 2941 2733 2986 noster
2774 2934 2931 2987 simul
2980 2937 3264 3006 cruciﬁxus
3310 2950 3405 3003 est,
3439 2952 3494 2995 ut
3521 2943 3608 2997 de-

362 3034 608 3089 magnum
656 3032 732 3076 est
762 3021 977 3094 (Ephes.
1006 3041 1060 3092 v,
1095 3027 1217 3098 52);
1255 3031 1570 3100 mysierium
1613 3034 1928 3100 mmimvit’
1966 3091 2004 3103 Δ
2032 3022 2271 3069 struatur
2295 3032 2485 3087 corpus
2515 3024 2742 3089 peccati,
2781 3033 2837 3077 ut
2866 3024 3005 3079 ultra
3035 3043 3139 3081 non
3164 3029 3450 3085 serviamus
3487 3048 3607 3103 pec—

360 3111 503 3178 quod
546 3112 746 3169 factum
772 3091 984 3186 gestum
1018 3091 1102 3173 εει
1139 3091 1392 3176 Ασξηη
1422 3131 1477 3178 ει
1502 3124 1633 3189 Eva,
1665 3126 1791 3196 quia
1822 3091 1932 3198 θρίξ
1958 3091 2005 3155 C
2034 3114 2150 3198 cato
2183 3104 2362 3177 (Rom.
2388 3125 2466 3176 vr,
2494 3109 2569 3183 6).
2615 3112 2859 3170 Christus
2889 3132 3122 3187 namque
3148 3135 3423 3190 nunquam
3454 3133 3610 3178 vetus

360 3202 594 3261 ritalitcr
618 3207 721 3263 hoc
760 3208 814 3264 in
846 3211 1000 3267 nobis
1033 3222 1214 3279 actum
1242 3221 1343 3270 est.
1374 3215 1502 3272 Ideo
1530 3216 1705 3273 factus
1732 3229 1816 3274 est
1843 3195 1921 3275 ille

2047 3196 2195 3252 homo
2224 3198 2345 3266 fuit,
2381 3216 2655 3271 nunquam
2702 3222 2898 3277 corpus
2926 3210 3132 3279 peccati
3169 3212 3379 3279 habuit,
3408 3214 3500 3269 sed
3540 3218 3608 3270 ab

359 3306 521 3350 νει-ηε
544 3296 714 3353 Filius
740 3299 853 3368 Dei,
879 3302 1033 3373 cuius
1055 3306 1273 3376 sanguis
1297 3322 1396 3375 pro
1419 3308 1573 3365 nobis
1600 3309 1801 3374 emis“
1825 3321 1928 3379 est,
2033 3287 2187 3344 initio
2233 3294 2605 3361 conceptionis
2629 3294 2770 3352 Deus
2797 3313 2977 3365 verus,
3019 3309 3075 3356 et
3109 3318 3271 3358 verus
3295 3303 3464 3360 Filius
3490 3306 3607 3372 Dei,

358 3389 419 3437 ιιι
448 3400 547 3440 nos
566 3388 833 3455 passim“,
860 3406 979 3447 esse
1011 3393 1245 3464 adoptivi
1275 3413 1372 3466 per
1400 3399 1569 3455 illum.
2032 3382 2236 3451 absque
2278 3385 2426 3438 omni
2466 3394 2690 3455 peccato
2719 3398 3010 3459 conceptus
3052 3400 3135 3447 est
3177 3402 3232 3447 et
3270 3404 3446 3450 natus.
3502 3395 3611 3452 Nos

429 3470 540 3528 χιι,
569 3474 832 3546 proponi,
856 3495 1068 3551 quaque
1101 3484 1404 3553 huiusmmii
1445 3501 1820 3561 argumentum
1849 3495 1930 3550 ἀί,
2034 3488 2159 3529 vero
2213 3490 2402 3531 omnes
2452 3485 2661 3534 veteres
2719 3480 2966 3537 homines
3015 3481 3217 3542 fuimus
3262 3487 3316 3541 in
3369 3491 3608 3558 peccatis

355 3580 545 3620 cens"
567 3565 791 3635 Quod’si
815 3570 955 3626 idem
970 3572 1297 3645 Redempio,
1322 3586 1506 3635 noster
1534 3581 1587 3635 in
1616 3597 1779 3638 came
1807 3599 1926 3651 sua,
2029 3564 2202 3620 Adam
2227 3583 2240 3619 :
2270 3566 2364 3623 sed
2408 3566 2463 3622 in
2505 3584 2673 3625 novos
2703 3570 2877 3641 gratia
2905 3572 3162 3642 baptismi
3211 3591 3311 3647 per
3331 3576 3608 3634 Christum

356 3670 516 3726 quam
554 3672 620 3712 ex
668 3666 822 3715 utero
847 3661 1082 3734 Virginis
1115 3666 1184 3721 ab
1228 3667 1344 3739 ipso
1379 3669 1630 3727 videlicet
1664 3683 1917 3744 conceptu

2048 3655 2213 3712 Iesum
2244 3659 2488 3714 conversi
2533 3668 2588 3715 et
2614 3661 2858 3731 adoptati
2896 3671 2953 3718 et
2976 3665 3343 3735 praedestinati
3387 3668 3442 3722 in
3469 3668 3609 3726 ﬁlios

355 3746 610 3816 suscepit,
637 3750 920 3820 adoptivus
954 3756 1094 3826 apud
1121 3755 1335 3813 pan-cm
1370 3776 1477 3815 ηοη
1507 3770 1610 3828 ρει,
1647 3764 1741 3819 sed
1765 3780 1928 3822 verus
2029 3748 2348 3819 adaptionis.
2372 3748 2544 3818 Quam
2566 3751 3091 3821 prtedestinationem
3114 3757 3313 3812 asscris
3332 3756 3605 3815 Christum

354 3842 411 3887 ei
452 3837 701 3907 proprius
743 3839 942 3908 Filius,
990 3845 1119 3914 quid
1168 3856 1442 3918 superest,
1492 3852 1595 3907 nisi
1644 3862 1706 3909 ut
1737 3855 1923 3911 eadem
2027 3837 2307 3905 aequaliter
2324 3839 2605 3894 nobiscum
2628 3839 2849 3906 habere,
2877 3856 2982 3896 non
3003 3844 3603 3916 attendensApostolum

353 3939 482 3980 οπο
519 3927 636 3997 eius
675 3946 783 3987 ηοη
820 3933 887 3989 de
921 3952 1098 3993 massa
1130 3940 1350 3997 humani
1393 3944 1628 4015 generis,
1658 3963 1832 4018 neque
1860 3950 1927 4007 de
2028 3934 2337 3994 testantem,
2366 3928 2525 4018 aliter
2549 3930 2825 3985 Christum
2854 3946 2973 3987 esse
3002 3936 3463 4004 praedestinatum,
3501 3939 3591 3995 ali-

353 4033 516 4074 carne
561 4024 753 4079 matris
779 4026 850 4081 sit
878 4038 1060 4084 creata
1101 4040 1157 4087 et
1197 4031 1360 4099 facta,
1401 4036 1495 4091 sed
1521 4038 1589 4093 de
1623 4016 1925 4098 substantia
2027 4022 2113 4069 ter
2138 4023 2192 4070 θι
2222 4032 2339 4072 ηθδ·
2390 4016 2543 4071 mum
2589 4018 2722 4074 die"
2767 4020 3206 4088 praedestinatum
3243 4039 3364 4081 esse
3407 4026 3603 4085 [mium

351 4106 551 4175 Patris,
583 4112 723 4167 sicut
755 4122 811 4170 et
852 4117 1152 4178 divinitatis
1178 4122 1294 4193 ejus
1325 4130 1617 4197 generata?
1648 4151 1666 4184 ι
1721 4130 1924 4203 Propo—
2026 4106 2141 4203 βάν
2193 4109 2333 4203 sui"
2378 4109 2454 4163 ait
2483 4126 2495 4162 ³
2522 4106 3074 4203 βαί,ννί⁸ί¹⁸³ίί⁷⁸αί¹⁸³
3115 4124 3191 4169 eu
3218 4114 3391 4172 Filius
3419 4118 3515 4174 Dei
3548 4124 3603 4175 in

352 4216 479 4256 nam
508 4211 563 4258 ει
603 4219 704 4277 ego
738 4221 1118 4278 argumentum
1163 4216 1257 4271 tibi
1288 4235 1302 4269 τ
1333 4218 1390 4273 Si
1435 4220 1523 4276 me
1553 4221 1732 4290 homo,
1762 4199 1920 4295 qu'em
2025 4201 2212 4295 uirtute
2240 4199 2418 4273 (Rom.
2444 4217 2484 4295 ξ,
2508 4201 2584 4295 4).
2633 4201 2692 4256 1η
2722 4219 2828 4272 qua
2858 4204 3079 4271 virtutc,
3128 4207 3230 4262 nisi
3271 4209 3600 4269 divinitatis!

350 4296 640 4364 assumpsit
667 4297 836 4355 Filius
875 4301 989 4367 Dei,
1041 4305 1323 4376 adoptivus
1377 4319 1476 4375 est,
1515 4289 1798 4385 adoptivus
1837 4326 1921 4372 est
2025 4289 2134 4346 Nos
2158 4306 2286 4385 te}?
2313 4293 2728 4385 P”@‘?5Fi"?i°s
2760 4309 2879 4350 esse
2923 4312 3020 4367 per
3056 4296 3207 4353 mum
3255 4299 3310 4353 in
3358 4301 3580 4375 adoptio

349 4379 439 4434 me
481 4383 569 4452 qui
605 4398 728 4439 eum
773 4392 1085 4459 assumpsit,
1129 4396 1255 4463 quia
1305 4413 1411 4453 una
1453 4379 1684 4469 pascha
1733 4414 1818 4460 est
1863 4406 1915 4461 in
1952 4440 1998 4469 ἢ
2024 4395 2149 4435 nem
2175 4379 2408 4436 ﬁliorum
2433 4382 2581 4437 dicit.
2616 4382 2724 4439 Nos
2760 4400 2858 4455 per
2886 4385 3058 4452 illum,
3089 4403 3195 4443 non
3236 4389 3328 4444 ille
3352 4405 3449 4459 per
3477 4405 3590 4463 nos

1946 4440 1998 4500 Ι)

349 4472 649 4531 homine-et
671 4477 722 4532 in
749 4478 877 4545 Deo,
900 4490 954 4536 et
981 4492 1063 4538 εει
1091 4487 1311 4541 omnino
1334 4505 1472 4545 unus
1491 4490 1649 4557 ﬁlius,
1677 4509 1783 4550 non
1807 4496 1915 4553 duo
1946 4472 1997 4500 υ
2021 4473 2551 4541 Ρηδθδίίθθίίθηθω
2592 4474 2875 4531 habemus'
2909 4475 3085 4547 (Rom'
3112 4494 3234 4544 ν¹¹¹ν
3263 4480 3377 4550 29)'

350 4562 466 4618 ﬁlii.
517 4565 667 4624 Unus
696 4579 875 4626 autem
912 4571 1073 4639 ﬁlius,
1119 4579 1389 4645 quomodo
1427 4589 1603 4649 potest
1642 4599 1762 4640 esse
1789 4602 1916 4656 pro-
2092 4587 2228 4642 XIV.
2254 4586 2416 4643 Panis
2431 4604 2645 4659 quoque
2672 4599 3044 4661 argumentum
3072 4593 3138 4648 de
3164 4596 3431 4651 sententia
3452 4596 3593 4665 ejus-

346 4656 497 4723 prius
538 4667 591 4713 et
632 4661 915 4733 adoptivus
961 4667 1120 4722 unius
1160 4669 1362 4738 patris?
1411 4670 1467 4726 Si
1502 4674 1782 4743 adoptivus
1809 4684 1910 4742 est,
2020 4675 2142 4730 dem
2188 4656 2573 4746 prmdicatoris
2601 4656 2824 4749 egregii,
2871 4680 2961 4734 ubi
3007 4683 3120 4734 ait:
3151 4679 3299 4736 Scire
3327 4656 3590 4750 debemus,

345 4746 596 4813 proprius
638 4764 757 4806 esse
803 4768 910 4809 non
953 4757 1196 4826 poterit:
1239 4760 1284 4814 si
1324 4763 1594 4831 proprius,
1628 4765 1912 4836 adoptivus
2017 4766 2156 4838 quod
2183 4766 2349 4820 omnis
2375 4766 2473 4821 uiri
2497 4746 2659 4838 caput
2684 4746 2759 4823 est
2791 4768 3046 4833 Christus,
3081 4780 3236 4841 caput
3270 4782 3444 4828 autem
3475 4790 3593 4827 mu-

345 4848 464 4888 esse
507 4850 615 4889 non
656 4843 855 4906 poterit
891 4843 1129 4911 ejusdem
1171 4850 1359 4917 patris.
1414 4852 1558 4908 Duos
1585 4863 1763 4910 autem
1793 4871 1913 4913 esse
2018 4857 2163 4912 (ieris
2187 4858 2304 4915 vir:
2328 4868 2482 4930 caput
2510 4860 2676 4930 809
2705 4870 2877 4915 autem
2900 4860 3095 4917 Christi
3114 4861 3256 4918 Deus
3287 4862 3339 4937 (Ι
3363 4863 3485 4919 Cor.
3509 4882 3589 4925 χι.

345 4921 504 4987 ﬁlios,
536 4940 699 4980 unum
727 4932 1001 4998 proprium
1026 4945 1081 4991 et
1103 4937 1335 4995 alterum
1360 4943 1689 5013 adoptivum,
1722 4946 1912 5003 nefan-
2015 4947 2073 5019 5)
2100 4966 2113 5001 :
2141 4956 2196 5002 et
2221 4948 2356 5004 ilicis
2428 4921 2665 5004 Νεᾶεέεέ
2687 4959 2771 5005 εει
2800 4953 3042 5006 membra
3089 4921 3336 5024 adoptiva
3373 4955 3587 5026 adOpti-

345 5014 624 5070 dissimum
651 5027 734 5074 est
761 5021 980 5077 credere
1004 5025 1069 5078 de
1091 5026 1323 5085 Christo.
1347 5031 1650 5105 Assumpsit
1677 5052 1910 5109 namque
2017 5014 2144 5092 vum
2173 5038 2375 5095 habere
2401 5047 2581 5109 caput.
2613 5038 2670 5093 Si
2707 5040 2871 5111 igitur
2895 5040 3162 5109 Christus,
3190 5014 3285 5112 qui
3322 5052 3405 5100 est
3428 5014 3590 5115 caput

346 5105 447 5160 sibi
490 5106 585 5163 Dei
624 5107 796 5165 Filius
829 5125 1045 5167 carnem
1093 5130 1158 5170 ex
1191 5119 1427 5189 Virgine,
1480 5133 1535 5180 et
1571 5144 1677 5182 non
1729 5105 1910 5186 amisit
2016 5130 2254 5184 omnium
2300 5139 2570 5196 nostrum,
2620 5132 2903 5202 adoptivus
2950 5142 3035 5188 est
3077 5143 3298 5206 propter
3343 5137 3588 5193 membra

345 5196 761 5265 Iroprietatcm,
809 5215 967 5271 quam
1016 5203 1202 5260 habuit
1247 5208 1302 5263 in
1345 5211 1465 5268 Filii
1510 5219 1746 5295 nomine.
1803 5221 1909 5279 Sed
2016 5221 2285 5290 adoptiva,
2328 5222 2472 5290 quod
2502 5237 2601 5277 nos
2630 5196 2835 5288 sumus,
2867 5237 3046 5278 nonne
3077 5196 3238 5280 vides
3279 5239 3344 5281 ea
3376 5227 3587 5283 ratione

343 5299 652 5356 quanquam
696 5289 829 5345 duas
869 5291 1143 5350 habuisset
1179 5307 1300 5366 post
1324 5304 1663 5364 nativitatem
1695 5292 1762 5366 ex
1787 5312 1911 5369 Vir—
2012 5289 2170 5384 posse
2197 5314 2303 5369 dici
2331 5289 2497 5369 Deum
2526 5312 2742 5369 Patrem
2775 5330 2895 5371 esse
2933 5316 3265 5386 adoptivum,
3301 5318 3394 5389 qui
3422 5328 3586 5390 caput

342 5377 467 5447 gine
487 5386 725 5444 naturas,
750 5389 926 5439 tamen
962 5402 1123 5442 unam
1149 5393 1529 5463 pr0prietatem
1560 5399 1612 5454 in
1637 5400 1758 5457 Filii
1784 5419 1907 5475 per-
2012 5377 2096 5458 est
2119 5403 2354 5461 Christi?
2400 5403 2537 5459 Nam
2584 5414 2747 5475 caput
2789 5405 2842 5459 in
2889 5377 3114 5478 corpore
3140 5377 3442 5464 membrum
3470 5377 3581 5465 est:

343 5483 478 5524 soua
511 5468 740 5529 ﬁrmiter
788 5478 979 5531 tenuit.
1013 5478 1257 5538 Accessit
1304 5484 1611 5545 humanitas
1646 5492 1699 5547 in
1729 5468 1907 5549 unita-
2011 5504 2066 5550 et
2101 5498 2190 5565 qui
2220 5506 2382 5567 caput
2404 5509 2488 5554 est
2533 5468 2746 5568 capitis,
2778 5468 3046 5569 quomodo
3075 5509 3295 5570 propter
3342 5501 3586 5573 adoptio-

344 5569 451 5614 tem
487 5576 728 5630 persona:
757 5565 875 5622 Filii
906 5568 1033 5635 Dei;
1077 5580 1130 5627 ct
1161 5578 1357 5633 mansit
1382 5580 1569 5636 eadem
1601 5585 1904 5653 proprietas
2010 5603 2132 5641 nem
2182 5565 2394 5659 capitis,
2443 5590 2583 5658 quod
2602 5565 2866 5647 Christ-us
2898 5598 3002 5655 est,
3050 5565 3153 5646 non
3203 5592 3308 5646 erit
3352 5602 3407 5648 et
3454 5594 3583 5649 illud

417 5689 439 5716 ι
485 5678 539 5733 S.
571 5679 728 5751 Aug,
760 5681 878 5738 libr.
908 5686 979 5741 Dc
1019 5688 1244 5747 divelsis
1266 5699 1668 5767 quaestionibus,
1700 5713 1885 5771 qmcst.
1914 5703 2002 5767 73.
2034 5721 2180 5758 uua).
2207 5705 2258 5757 :2.
