3906 6186
255 288 358 344 15⁸1

1015 289 1427 347 DOGMATICA.
1463 323 1535 332 —
1562 291 1720 348 ADV.
1759 293 2050 351 FELICEM
2086 296 2262 352 LIBRI
2303 298 2408 352 VII.
2440 329 2508 338 -—
2544 299 2669 354 LIB.
2708 300 2770 356 II.

3396 302 3496 358 158

250 403 550 479 principale
598 411 760 475 caput
802 403 1147 473 adoptivum?
1192 404 1347 472 Quod
1394 421 1558 475 quam
1604 406 1826 475 impium
1853 415 1903 471 Α
1932 407 2019 471 ﬁt;
2043 408 2181 462 idem
2207 408 2528 480 Redemptor
2547 420 2732 467 noster
2745 415 3036 468 secundum
3058 415 3330 470 hominem
3354 431 3500 472 com-

247 509 306 554 et
331 495 633 552 absurdum
659 496 749 558 sit,
780 508 938 548 nemo
958 509 1154 548 sanum
1183 494 1397 564 sapiens
1423 511 1529 550 non
1559 495 1824 567 intelligit.

249 588 393 660 Ergo
417 587 537 642 haec
569 586 837 641 sententia
865 585 1172 656 apostolica:
1205 587 1542 642 auctoritatis
1570 602 1678 642 non
1713 603 1831 642 car-

249 682 470 744 naliter,
497 679 595 735 sed
622 678 939 748 spiritaliter
983 680 1325 752 intelligenda
1352 687 1452 736 est.
1498 681 1670 737 Aliter
1702 699 1829 738 caro

247 790 314 828 ex
361 787 531 828 carne
563 771 830 836 nascitur,
861 772 1020 826 aliter
1064 773 1285 842 spiritus
1317 789 1385 828 ex
1429 773 1641 844 spiritu,
1690 775 1830 830 sicut

249 864 366 932 ipsa
393 862 615 917 Veritas
649 862 705 916 in
729 862 1018 931 Evangelio
1055 863 1187 918 dicit
1218 881 1230 916 :
1257 864 1411 930 Quod
1456 875 1637 919 natum
1665 875 1739 920 est
1765 883 1830 920 ea:

250 971 429 1016 carne,
461 971 588 1008 caro
615 962 735 1012 est:
760 955 900 1025 quod
929 965 1110 1009 natum
1145 968 1221 1010 est
1266 973 1331 1011 ex
1372 958 1582 1027 spiritu,
1613 959 1829 1028 spiritus

250 1053 324 1098 est
349 1043 539 1114 (Joan.
570 1060 658 1110 ιιι,
689 1044 771 1115 6);
816 1045 942 1114 quia
988 1045 1130 1101 Deus
1175 1046 1409 1116 Spiritus
1451 1057 1556 1111 est,
1610 1063 1676 1102 ex
1720 1048 1829 1104 Deo

250 1135 481 1190 donatus
509 1142 612 1188 est.
658 1134 933 1204 Spiritalis
975 1137 1228 1192 nativitas
1267 1153 1366 1192 nos
1411 1137 1540 1192 facit
1587 1140 1828 1194 membra

249 1239 370 1279 esse
399 1223 604 1279 Christi
640 1239 747 1279 non
772 1225 1040 1291 carnalis;
1083 1225 1252 1281 donec
1293 1227 1407 1296 ipsa
1434 1237 1682 1283 creatura
1713 1246 1830 1284 cor-

249 1313 399 1382 poris
441 1313 617 1368 nostri
655 1313 884 1368 libcrata
922 1330 956 1368 a
983 1316 1240 1370 servitute
1271 1319 1632 1386 corruptionis
1675 1335 1832 1375 reno-

250 1412 410 1459 vetur
455 1404 512 1458 in
557 1405 928 1475 assumptione
969 1405 1199 1461 ﬁliorum
1226 1407 1343 1472 Dei,
1375 1417 1430 1463 et
1475 1409 1691 1463 inimica
1738 1411 1831 1464 de-

251 1504 498 1550 struatur
525 1511 704 1562 mors;
757 1504 812 1550 et
838 1496 1094 1551 induatur
1124 1499 1227 1553 hoc
1257 1499 1484 1553 mortale
1511 1500 1829 1554 immortali-

252 1594 382 1648 tate,
413 1594 468 1640 et
499 1587 570 1640 sit
591 1586 737 1640 Deus
763 1587 945 1640 omnia
978 1587 1029 1640 in
1056 1588 1322 1644 omnibus.

322 1676 439 1731 XV.
456 1677 588 1732 Post
609 1679 726 1732 haec
739 1677 904 1731 etiam
925 1678 1178 1746 praefatus
1194 1679 1341 1735 Felix
1359 1697 1465 1736 non
1486 1682 1646 1752 plano
1667 1685 1824 1754 pede,

1929 497 2116 566 plexus
2134 498 2187 551 in
2210 500 2499 570 semetipso
2514 500 2753 556 continet
2778 521 2790 556 :
2813 503 3040 572 primam
3060 503 3325 571 videlicet,
3340 519 3500 575 quam

1929 589 2164 658 suscepit
2184 605 2247 644 ex
2267 590 2486 661 Virgine
2507 593 2807 659 nascendo;
2839 595 3132 650 secundam
3160 609 3312 662 vero,
3336 611 3500 666 quam

1930 681 2160 735 initiavit
2198 682 2252 735 in
2292 681 2506 738 lavacro
2547 699 2577 738 a
2608 686 2833 740 mortuis
2865 686 3213 756 resurgendo.
3239 706 3257 738 ι
3305 686 3372 740 Ει
3396 686 3501 742 hoc

1929 771 2199 827 allirmare
2238 773 2428 828 niteris
2475 775 2529 828 in
2571 776 2923 846 genealogiis,
2950 791 3069 847 quae
3113 778 3166 832 in
3212 777 3502 848 Evangelio

1928 863 2194 934 leguntur,
2216 880 2322 918 una
2355 866 2647 920 secundum
2671 866 2996 931 Matthznum,
3020 868 3188 922 altera
3209 869 3502 922 secundum

1929 957 2148 1012 Lucam.
2181 959 2309 1025 Qua:
2345 961 2524 1014 omnia
2555 962 2696 1016 sicut
2717 977 2744 1016 a
2779 970 2828 1017 te
2857 964 3031 1032 posita
3058 973 3200 1026 sunt,
3225 963 3500 1018 fastidium

1930 1049 2099 1118 magis
2141 1065 2304 1118 quam
2338 1049 2636 1119 profectum
2688 1061 2947 1122 generant
2993 1054 3308 1125 legentibus,
3333 1054 3504 1108 donec

1930 1137 1997 1190 ad
2018 1137 2259 1192 ultimum
2280 1140 2591 1208 pervenires
2613 1141 2665 1194 in
2686 1142 2989 1211 huiusmodi
3013 1143 3333 1197 sententiam
3358 1160 3371 1195 :
3396 1161 3414 1192 ι
3445 1141 3502 1196 Si

1929 1228 2052 1297 quis
2091 1244 2239 1292 vero,
2271 1229 2372 1294 ais,
2400 1230 2541 1286 hanc
2587 1232 2885 1301 spiritalem
2934 1234 3356 1302 generationem,
3385 1246 3504 1300 qua:

1929 1333 2027 1386 per
2071 1320 2407 1388 adoptionem
2453 1320 2540 1384 ﬁt,
2572 1335 2602 1373 a
2645 1320 2861 1375 Christo
2908 1321 3201 1375 secundum
3229 1320 3502 1373 hominem

1931 1408 2181 1463 abdicare
2209 1411 2340 1474 vult,
2369 1411 2519 1479 prius
2566 1426 2788 1465 necesse
2830 1420 2934 1473 est,
2964 1420 3022 1464 ut
3051 1411 3220 1474 illam,
3251 1425 3370 1479 qua:
3413 1425 3501 1464 se-

1931 1500 2163 1553 cundum
2191 1516 2410 1555 carnem
2439 1509 2540 1562 est,
2571 1500 2639 1553 ab
2676 1516 2740 1554 eo
2767 1500 3006 1554 funditus
3041 1499 3335 1554 abscindat.
3368 1497 3502 1552 Nam

1931 1591 1975 1643 si
2019 1591 2070 1644 in
2117 1591 2240 1656 ista,
2278 1607 2395 1661 quae
2441 1592 2696 1661 spiritalis
2742 1599 2846 1654 est,
2894 1591 3171 1645 nobiscum
3212 1605 3316 1643 non
3356 1604 3506 1644 com-

1932 1682 2190 1746 municat,
2220 1680 2403 1749 procul
2452 1681 2612 1736 dubio
2657 1695 2831 1750 neque
2873 1681 2928 1735 in
2978 1680 3067 1734 illa
3114 1694 3231 1749 quae
3271 1677 3506 1734 carnalis

251 1777 347 1832 sed
374 1775 708 1830 claudicante
731 1790 920 1846 gressu
948 1791 1044 1845 per
1069 1791 1287 1846 campos
1315 1776 1604 1848 Scriptura:
1633 1788 1830 1834 sancta:
1865 1788 1905 1847 Β
1931 1779 2032 1826 est.
2064 1791 2078 1822 ι

251 1866 424 1921 currit
446 1865 610 1920 multa
629 1880 939 1936 proponens
962 1866 1287 1933 testimonia,
1310 1883 1429 1938 quae
1454 1869 1564 1924 suis
1589 1872 1831 1939 partibus

251 1971 358 2011 non
411 1956 770 2020 conveniunt,
803 1965 863 2010 ut
907 1970 1210 2012 sermonem
1253 1956 1468 2013 fecisset
1511 1959 1825 2030 longiorem,

252 2062 420 2116 usque
445 2046 575 2101 dum
599 2047 934 2116 pervenisset
959 2047 1025 2102 ad
1044 2045 1362 2104 Jordanicas
1381 2050 1574 2114 undas,
1598 2061 1656 2105 ut
1678 2051 1834 2106 Chri-

251 2149 331 2193 sto
375 2139 656 2210 baptizato
699 2153 896 2194 nomen
956 2139 1297 2210 imposuisset
1339 2141 1656 2211 adoptionis.
1725 2143 1834 2197 Nec

251 2233 427 2287 adhuc
456 2240 686 2302 paterna
713 2247 842 2287 voce
871 2231 937 2286 de
973 2232 1124 2288 ctelis
1169 2234 1391 2288 territus
1442 2242 1619 2290 tacere
1662 2236 1829 2300 novit,

250 2338 366 2390 qua:
415 2322 589 2376 etiam
633 2337 732 2376 vox
776 2323 1052 2392 baptizato
1079 2322 1297 2378 Christo
1331 2325 1714 2387 testimonium,
1738 2342 1834 2379 au-

253 2411 427 2466 diente
471 2411 639 2466 beato
678 2411 915 2483 Baptista
937 2412 1160 2478 Joanne,
1188 2414 1461 2483 perhibuit
1503 2414 1828 2483 hujusmodi,

256 2499 487 2555 clamans
516 2518 528 2552 :
555 2499 661 2555 Hic
710 2513 785 2556 est
825 2502 1000 2557 Filius
1039 2520 1184 2558 meus
1218 2504 1464 2569 dilectus,
1497 2507 1550 2558 in
1579 2523 1678 2576 quo
1705 2507 1832 2560 mihi

259 2591 373 2642 bene
407 2591 703 2660 complacui
739 2592 952 2663 (Matth.
988 2609 1070 2657 ιιι,
1104 2593 1211 2664 l'i).
1264 2595 1338 2648 De
1375 2611 1482 2664 quo
1525 2597 1832 2651 testimonio

257 2697 410 2750 supra
455 2682 670 2751 plenius
717 2684 952 2738 diximus
980 2698 1026 2737 ει.
1070 2685 1222 2739 Nunc
1266 2694 1470 2740 tantum
1500 2687 1553 2740 in
1586 2687 1687 2740 hoc
1716 2686 1832 2741 loco

259 2768 583 2841 interrogare
610 2769 764 2835 libet,
793 2773 838 2826 si
867 2774 984 2827 hate
1010 2788 1111 2827 vox
1139 2783 1364 2843 paterna
1401 2776 1466 2829 ad
1493 2791 1652 2829 unam
1677 2774 1822 2829 Chri-

255 2863 317 2915 sti
343 2877 630 2932 personam
658 2865 994 2934 pertineret?
1019 2865 1074 2920 Si
1103 2867 1167 2918 a;l
1198 2882 1358 2920 unam
1391 2886 1402 2919 :
1437 2882 1565 2937 ergo
1609 2867 1695 2920 illa
1725 2882 1832 2920 una

255 2965 508 3018 persona,
533 2953 597 3006 ad
641 2968 804 3020 qnam
835 2955 948 3008 hcce
976 2971 1077 3009 vox
1119 2955 1258 3011 facta
1287 2965 1387 3022 est,
1419 2965 1532 3011 tota
1557 2964 1639 3012 est
1666 2957 1834 3012 Filius

256 3040 346 3094 Dei
390 3041 639 3107 dilectus,
667 3043 797 3098 licet
823 3045 876 3098 in
905 3046 1114 3100 duabus
1143 3047 1370 3103 naturis.
1407 3047 1462 3102 Si
1493 3049 1559 3102 ad
1584 3047 1834 3102 divinita-

2004 1860 2160 1915 XVII.
2189 1863 2379 1917 Videat
2403 1863 2491 1930 qui
2517 1862 2643 1933 legit
2668 1859 2998 1931 has.pr:efati
3029 1858 3266 1928 doctoris
3289 1864 3506 1912 senten-

1938 1952 2056 2005 tias.
2094 1952 2271 2007 Prinio
2297 1954 2530 2022 partium
2556 1953 2816 2007 orationis
2845 1948 3233 2021 quodammodo
3262 1950 3509 2002 inconso-

1933 2044 2172 2097 nantiatn
2201 2052 2250 2098 et
2280 2060 2530 2099 sensuum
2559 2045 2943 2098 obscuritatem
2967 2041 3188 2096 involvit
3205 2041 3505 2103 sententiae,

1934 2151 2000 2190 ne
2026 2137 2192 2206 810
2222 2137 2399 2191 luceat
2434 2137 2802 2206 intelligentia.
2835 2135 2972 2201 Quid
3004 2143 3182 2188 autem
3209 2132 3326 2186 vult
3349 2131 3507 2185 intel-

1933 2227 2022 2297 ligi
2055 2228 2106 2281 in
2136 2244 2200 2282 eo
2226 2228 2368 2296 quod
2409 2234 2484 2281 ait
2511 2246 2521 2280 :
2546 2226 2783 2279 Initiavit
2823 2244 2854 2279 a
2898 2225 3110 2278 mortuis
3159 2221 3511 2291 resurgendo?

1931 2317 1976 2370 A
2005 2317 2200 2386 quibus
2243 2317 2471 2370 mortuis
2511 2315 2812 2370 resurrexit
2851 2315 3096 2368 Christus
3122 2313 3175 2366 in
3205 2309 3511 2380 baptismo?

1931 2406 2184 2476 Nunquid
2223 2416 2444 2476 peccata
2470 2405 2677 2468 habuit,
2711 2412 2768 2458 ut
2794 2420 2822 2457 a
2853 2411 3026 2457 morte
3055 2409 3396 2470 peccatorum
3424 2413 3510 2451 re-

1931 2505 2197 2566 surgeret,
2226 2496 2389 2549 veluti
2423 2511 2521 2550 nos
2559 2496 2611 2549 in
2641 2495 2876 2564 peccatis
2917 2494 3026 2547 nati
3054 2501 3275 2562 propter
3303 2490 3509 2560 primo-

1932 2604 2049 2641 rum
2077 2588 2569 2657 przevaricationem
2595 2594 2908 2657 parentum;
2941 2597 3038 2638 nec
3067 2584 3133 2637 ab
3163 2581 3246 2636 his
3272 2579 3506 2642 liberati,

1931 2681 2035 2736 nisi
2064 2682 2116 2734 in
2143 2679 2358 2734 Christo
2385 2677 2509 2733 Jesu
2541 2693 2636 2748 per
2678 2676 2966 2730 secundam
3009 2673 3430 2745 generationem,
3456 2670 3509 2722 in

1931 2790 2037 2844 qua
2066 2773 2156 2827 ﬁlii
2185 2773 2276 2826 irm
2298 2769 2601 2826 elliciuntur
2617 2769 2736 2823 Filii
2761 2767 2888 2822 Dei?
2910 2766 3048 2833 Quin
3072 2765 3250 2834 potius
3264 2762 3512 2816 Christus

1931 2862 2087 2918 Jesus
2114 2861 2316 2929 absque
2345 2860 2488 2912 omni
2516 2866 2740 2928 peccato
2772 2864 3062 2925 conceptus
3089 2862 3143 2908 et
3168 2862 3327 2907 natus
3366 2852 3514 2906 venit

1933 2954 1999 3006 ad
2042 2953 2390 3021 baptismum,
2432 2949 2734 3018 exemplum
2777 2947 3096 3001 humilitatis
3123 2944 3429 3006 ostendere,
3458 2950 3514 2996 et
3601 3004 3604 3007 ,

1917 3059 2102 3116 aquas
2131 3057 2228 3097 suo
2269 3041 2607 3096 sanctiﬁcare
2637 3040 2934 3110 baptismo;
2968 3054 3075 3092 non
3104 3046 3164 3091 ut
3205 3036 3508 3091 sanctiﬁca-

253 3141 355 3186 tem
383 3142 617 3199 tantum,
646 3149 774 3205 ergo
800 3136 1053 3192 divinitas
1092 3137 1360 3208 baptizata
1391 3147 1476 3193 est
1513 3139 1604 3204 ibi,
1635 3147 1690 3193 et
1727 3154 1830 3193 non
1859 3129 1904 3192 C
1936 3141 2087 3187 retur
2114 3134 2165 3186 in
2194 3132 2367 3201 aquis,
2395 3132 2486 3199 qui
2513 3131 2644 3184 nihil
2674 3130 2863 3184 habuit
2905 3130 2956 3183 in
2995 3145 3052 3183 se
3087 3128 3315 3197 peccati,
3349 3143 3379 3180 a
3404 3141 3512 3195 quo

256 3225 554 3279 humanitas
581 3245 594 3278 :
623 3227 748 3294 quia
771 3241 936 3296 super
952 3227 1417 3297 baptizatum-hmo
1437 3243 1540 3282 vox
1563 3228 1702 3282 facta
1725 3236 1827 3282 est.

255 3311 412 3368 Homo
442 3315 740 3384 siquidem,
766 3318 857 3385 qui
887 3317 1191 3387 baptizatus
1215 3327 1318 3383 est,
1349 3319 1440 3372 Dei
1470 3317 1636 3372 Filius
1662 3333 1692 3371 a
1725 3318 1833 3371 Deo

254 3401 400 3461 Patre
435 3407 790 3476 praedicatur,
815 3426 977 3480 super
1005 3427 1163 3481 quem
1186 3420 1239 3465 et
1269 3411 1501 3480 Spiritus
1529 3418 1746 3464 sanctus
1777 3411 1830 3464 in

255 3497 416 3564 specie
446 3498 721 3553 columba:
749 3500 1044 3554 descendit.
1086 3500 1360 3567 Quatenus
1402 3511 1622 3572 paterna
1648 3517 1750 3554 vox
1777 3509 1833 3555 et

258 3589 410 3640 sancti
443 3587 689 3658 Spiritus
733 3590 1011 3646 descensio
1045 3593 1292 3648 eumdem
1333 3609 1453 3647 esse
1502 3593 1596 3646 Dei
1635 3592 1830 3646 Filium

259 3677 665 3744 demonstraret,
695 3681 786 3750 qui
837 3681 1140 3751 baptizatus
1181 3691 1284 3738 est.
1331 3684 1406 3738 De
1435 3700 1538 3753 qua
1567 3684 1733 3738 etiam
1778 3692 1833 3738 et

260 3766 353 3832 ipse
377 3767 628 3838 Baptista
655 3785 722 3823 eo
751 3770 1065 3840 inspirante,
1095 3773 1187 3841 qui
1217 3785 1274 3826 se
1303 3773 1452 3826 misit
1471 3773 1536 3826 ad
1559 3773 1833 3842 baptizan-

257 3859 384 3920 dum,
414 3871 663 3930 paterna:
694 3863 812 3916 voci
848 3878 1142 3918 consonum
1191 3864 1417 3932 protulit
1461 3865 1830 3918 testimonium

257 3944 423 4006 dicens
447 3971 463 4005 :
491 3951 563 4006 Et
584 3969 678 4023 ego
703 3954 828 4019 vidi,
854 3963 903 4007 et
937 3956 1285 4009 testimonium
1313 3955 1570 4026 perlzibui,
1599 3956 1722 4025 quia
1748 3956 1832 4009 hic

256 4057 322 4098 est
348 4045 521 4102 Filius
550 4047 650 4102 Dei
679 4047 862 4120 (loan.
889 4065 927 4115 ι,
953 4050 1068 4119 54).

320 4137 451 4193 XVI.
495 4139 638 4206 Quid
683 4141 882 4205 adhuc,
927 4157 960 4196 ο
990 4142 1177 4196 doctor
1203 4139 1483 4203 mirabilis,
1528 4139 1830 4210 adoptionis

254 4243 440 4283 nomen
465 4229 682 4286 Christo
723 4233 987 4302 imponis?
1014 4249 1172 4303 quem
1210 4234 1429 4302 insuper
1454 4233 1668 4286 lavacro
1696 4232 1832 4285 indi-

254 4319 430 4385 guisse
473 4321 814 4391 baptismatis
863 4322 1082 4395 [Supple
1126 4324 1344 4386 asseris,
1395 4321 1474 4376 vel
1520 4321 1744 4394 simile],
1779 4329 1834 4375 et

252 4411 480 4464 secunda
525 4413 892 4482 generatione,
924 4415 1064 4468 sicut
1104 4430 1202 4469 nos
1245 4421 1558 4483 peccatores
1577 4410 1692 4478 jam
1718 4410 1829 4464 nati

1932 3226 2184 3279 mundari
2213 3224 2484 3279 debuisset
2508 3239 2604 3294 per
2625 3223 2975 3292 baptismum.
3005 3223 3128 3277 Ideo
3157 3232 3212 3274 et
3251 3224 3364 3290 ipse
3389 3222 3515 3275 hea-

1932 3326 2019 3371 tus
2064 3315 2302 3385 Baptista
2347 3316 2580 3369 venienti
2621 3315 2688 3369 ad
2723 3331 2780 3369 se
2823 3315 2913 3368 Dei
2945 3314 3079 3368 Filio
3117 3311 3364 3382 aitzEgo
3394 3329 3426 3364 a
3467 3324 3515 3364 te

1931 3407 2086 3462 debeo
2123 3408 2396 3478 baptizari,
2433 3418 2479 3461 et
2516 3418 2572 3461 ιιι
2617 3407 2756 3461 venis
2807 3406 2874 3460 ad
2915 3423 2992 3459 me
3021 3404 3233 3477 (Matzh.
3273 3420 3355 3467 ιιι,
3394 3403 3515 3474 li)?
3606 3436 3608 3438 τ

1931 3501 2083 3570 quasi
2116 3500 2339 3554 dixisset
2363 3519 2375 3552 μ
2402 3499 2458 3553 1η
2483 3515 2568 3554 me
2591 3507 2695 3563 est,
2717 3498 2861 3568 quod
2885 3513 2984 3568 per
3005 3505 3055 3551 te
3082 3495 3299 3567 purgari
3324 3495 3511 3557 debet;

1931 3592 1984 3645 in
2015 3599 2066 3646 te
2092 3607 2197 3644 non
2239 3600 2322 3645 est
2367 3591 2508 3660 quod
2535 3606 2631 3660 per
2661 3605 2744 3644 me
2774 3589 2992 3660 purgari
3022 3588 3233 3642 debeat.
3278 3585 3385 3641 Sed
3411 3587 3512 3641 hoc

1930 3682 2206 3736 sciendum
2241 3691 2343 3747 est,
2372 3682 2515 3752 quod
2563 3683 2615 3736 in
2658 3683 2982 3752 baptismate
3027 3680 3272 3743 Joannis,
3307 3680 3356 3733 in
3404 3693 3512 3749 quo

1930 3774 2178 3829 Christus
2220 3774 2524 3843 baptizatus
2564 3781 2666 3836 est,
2713 3789 2818 3827 non
2861 3771 2962 3825 fuit
3007 3770 3368 3840 regeneratio,
3421 3767 3515 3821 sed

1930 3865 2174 3935 qumdam
2197 3865 2550 3934 praecursoria
2573 3863 2892 3933 significatio
2915 3861 3255 3930 baptismatis
3276 3858 3510 3912 Christi:

1932 3956 2051 4011 ideo
2072 3957 2199 4010 etin
2220 3954 2443 4008 Actibus
2465 3953 2831 4023 apostolorum
2856 3951 3106 4021 legimus,
3129 3951 3350 4003 beatum
3375 3946 3515 4000 Pan--

1931 4047 2043 4102 lum
2088 4046 2390 4117 apostolum
2435 4059 2530 4099 eos
2571 4043 2911 4112 rebaptizare
2956 4041 3047 4109 qui
3087 4037 3341 4108 baptizati
3389 4045 3514 4092 sunt

1936 4138 2206 4208 baptismo
2258 4135 2480 4190 Joannis
2519 4133 2655 4206 (Λει.
2696 4149 2809 4195 nx,
2851 4131 2926 4200 5).
2969 4129 3079 4185 Nec
3121 4129 3407 4199 quisquam
3454 4129 3509 4182 in

1929 4230 2257 4300 baptismate
2291 4226 2510 4281 Joannis
2557 4225 2899 4296 adoptionem
2942 4222 3173 4276 ﬁliorum
3218 4221 3308 4274 Dei
3339 4221 3513 4290 potuit

1929 4320 2193 4387 accipere.
2221 4317 2432 4384 Quanto
2458 4315 2627 4387 magis
2646 4330 2747 4370 nec
2767 4314 3014 4369 Christus
3036 4313 3318 4382 adoptatus
3340 4310 3441 4365 fuit
3463 4311 3513 4365 in

1930 4410 2125 4464 Filium
2151 4410 2257 4464 Deo
2282 4408 2428 4462 Patri
2452 4407 2505 4461 in
2533 4423 2595 4462 eo
2623 4407 2910 4477 baptismo,
2932 4406 2983 4459 in
3012 4420 3118 4474 quo
3142 4403 3316 4457 nullus
3343 4402 3517 4472 potuit

249 4512 339 4566 per
360 4481 762 4569 generationem
785 4503 1057 4557 carnalem
1088 4503 1140 4556 in
1169 4481 1304 4557 ﬁlios
1332 4503 1443 4564 irae,
1473 4509 1534 4555 ut
1553 4509 1736 4570 aperte
1763 4515 1828 4553 ex
1864 4481 1910 4538 D
1933 4502 2237 4572 adoptionis
2255 4501 2482 4571 gratiam
2499 4498 2912 4568 accipere?quia
2929 4513 3088 4551 nemo
3106 4497 3158 4549 in
3173 4510 3237 4548 eo
3251 4494 3515 4563 baptismo

254 4593 349 4645 tuis
398 4592 583 4648 verbis
623 4595 841 4666 intelligi
883 4604 1091 4666 potest;
1123 4596 1202 4651 ais
1246 4598 1389 4650 enim
1417 4595 1558 4650 inter
1587 4602 1782 4648 czetera
1812 4611 1824 4646 :

251 4698 273 4726 ο
298 4679 562 4746 Quoniam
597 4684 735 4738 sicut
781 4686 834 4739 in
875 4687 1048 4755 prima
1093 4687 1458 4756 generatione,
1489 4699 1554 4739 ex
1597 4700 1700 4753 qua
1745 4699 1832 4738 se-

246 4775 477 4829 candum
511 4791 730 4831 carnem
771 4777 1062 4838 nascimur,
1094 4775 1272 4829 nullus
1298 4777 1457 4829 homo
1483 4790 1602 4829 esse
1626 4783 1826 4843 potest,

247 4866 333 4932 qui
359 4867 574 4922 aliunde
595 4869 857 4939 originem
881 4871 1080 4933 trahat,
1104 4869 1207 4922 nisi
1231 4869 1295 4922 de
1324 4869 1498 4938 primo
1520 4867 1609 4922 illo
1631 4867 1825 4929 Adam,

247 4959 331 5024 qui
357 4974 421 5013 ex
456 4967 600 5014 terra
631 4961 836 5030 virgine
877 4969 1094 5015 creatus
1130 4968 1242 5025 est;
1273 4960 1345 5014 ita
1376 4959 1429 5012 in
1462 4960 1566 5012 hac
1594 4957 1826 5011 secunda

248 5049 594 5114 generatione
633 5050 884 5120 spiritali,
917 5051 970 5104 in
1004 5066 1110 5120 qua
1142 5050 1478 5104 renascimur
1505 5063 1571 5102 ex
1607 5061 1746 5115 aqua
1775 5055 1830 5098 et

245 5134 444 5206 Spiritu
491 5147 700 5204 sancto,
735 5155 894 5194 nemo
941 5140 1170 5209 gratiam
1218 5138 1519 5208 adoptionis
1569 5136 1826 5205 consequi

243 5225 404 5290 “iet,
428 5236 631 5297 praeter
671 5227 838 5287 illum,
867 5229 957 5297 qui
1005 5241 1126 5282 eam
1175 5226 1376 5298 (Locus
1413 5226 1716 5295 corruptus)
1773 5225 1824 5278 in

236 5331 361 5370 eam
391 5317 441 5372 in
468 5317 692 5372 Christo
712 5332 778 5371 ex
807 5331 970 5372 carne
1005 5317 1230 5387 virginis
1259 5324 1500 5371 creatum
1529 5323 1582 5369 et
1611 5323 1819 5376 natum,

236 5409 330 5476 qui
374 5418 459 5462 est
486 5409 757 5464 secundus
802 5408 992 5473 Adam,
1017 5409 1225 5479 accepit
1263 5410 1363 5463 has
1392 5409 1634 5480 geminas
1661 5423 1822 5478 gene-

237 5499 480 5554 rationes
506 5519 518 5552 :
541 5501 773 5570 primam
820 5499 1104 5562 videlicet,
1126 5514 1244 5569 quae
1283 5500 1576 5554 secundum
1606 5512 1826 5552 carnem

235 5599 349 5648 est;
385 5592 676 5646 secundam
708 5606 842 5648 vero
867 5592 1189 5662 spiritalem,
1219 5606 1338 5661 qua:
1361 5606 1460 5661 per
1488 5592 1825 5660 adoptionem

314 5715 338 5741 ι
382 5703 510 5760 Vide
539 5721 723 5776 supra,
755 5705 851 5760 lib.
885 5721 921 5770 ι,
956 5720 1101 5760 num.
1139 5704 1201 5758 l9.
1222 5711 1273 5759 et
1305 5705 1384 5759 l8.

1933 4597 2308 4652 remissionem
2350 4602 2694 4664 peccatorum
2738 4590 2992 4655 consequi
3037 4588 3232 4651 valuit;
3273 4586 3367 4641 sed
3396 4593 3514 4639 tan-

1932 4697 2044 4744 tum
2091 4687 2350 4758 baptizati
2394 4694 2520 4740 sunt
2550 4685 2601 4738 in
2630 4681 3034 4752 paenitentiam,
3065 4686 3126 4732 ut
3149 4678 3433 4732 crederent
3461 4677 3514 4730 in

1930 4797 2077 4845 eum,
2099 4782 2237 4835 sicut
2262 4780 2400 4833 idem
2428 4775 2680 4847 praefatus
2702 4771 2988 4843 Apostolus
3009 4771 3085 4825 ait
3107 4789 3120 4824 :
3149 4769 3252 4835 Qui
3274 4780 3514 4824 venturus

1929 4883 2026 4936 est,
2057 4872 2110 4925 id
2141 4881 2237 4935 est,
2270 4872 2321 4923 in
2347 4869 2548 4922 Iesum.
2579 4865 2735 4928 Nota,
2763 4865 2950 4926 lector,
2985 4863 3128 4933 quod
3155 4863 3284 4917 dicit
3307 4861 3514 4915 credere

1933 4965 1986 5017 in
2011 4965 2210 5018 Jcsum.
2246 4961 2579 5021 Nullatenus,
2607 4959 2651 5012 si
2676 4958 2816 5012 Deus
2839 4965 2893 5010 ct
2920 4957 3014 5010 Dei
3037 4957 3205 5010 Filius
3234 4970 3337 5008 non
3369 4961 3513 5007 esset

1930 5053 2106 5115 Jesus,
2133 5053 2224 5122 qui
2256 5068 2321 5105 ex
2350 5052 2570 5121 Virgine
2614 5059 2772 5104 natus
2802 5058 2902 5110 est,
2936 5058 3119 5102 tantus
3145 5047 3347 5100 diceret
3374 5043 3513 5112 Apo-

1931 5143 2120 5205 stolus,
2153 5149 2211 5194 ut
2248 5142 2302 5194 in
2340 5139 2522 5194 Iesum
2563 5141 2782 5195 credere
2812 5140 3092 5200 deberent,
3120 5136 3246 5206 quia
3279 5142 3511 5186 tantum-

1929 5233 2088 5286 modo
2111 5230 2240 5284 ﬁdes
2260 5229 2520 5284 catholica
2545 5229 3062 5292 habet,credendum
3079 5240 3198 5278 esse
3215 5228 3266 5277 in
3295 5223 3508 5278 Patrem

1926 5331 1982 5374 et
2009 5321 2061 5373 in
2091 5319 2302 5383 Filium,
2334 5328 2389 5375 et
2415 5321 2467 5374 in
2489 5319 2748 5388 Spiritum
2779 5325 3040 5378 sanctum,
3065 5317 3167 5370 hoc
3191 5325 3273 5369 est
3299 5316 3350 5368 in
3381 5330 3507 5369 san-

1927 5418 2068 5464 ctam
2117 5407 2754 5464 Trinitatemzczeterum
2796 5407 2846 5461 in
2895 5407 3015 5460 aliis
3058 5407 3335 5461 catholicae
3386 5404 3510 5460 ﬁdei

1927 5499 2350 5570 professionibus
2395 5501 2450 5552 in
2496 5499 2930 5568 prazpositionem
2986 5513 3258 5569 apponere
3323 5496 3511 5552 nolunt

1932 5593 2179 5646 doctores
2204 5589 2587 5653 ecclesiastici,
2619 5590 2710 5644 sed
2739 5592 3108 5646 tantummodo
3137 5590 3315 5645 dicere
3341 5608 3351 5641 :
3377 5589 3505 5645 Cre-
