3906 6186
291 396 379 451 161

1012 393 1424 450 DOGMATICA.
1450 426 1521 437 —
1548 397 1704 453 ADV.
1744 398 2035 453 FELICEM
2076 395 2251 451 LIBRI
2287 394 2395 450 VII.
2435 423 2506 433 —-
2541 391 2668 446 LIB.
2709 391 2793 445 Ill.

3406 388 3525 448 ’162

282 512 397 584 quis
420 520 637 564 renatus
690 511 849 580 fuerit
892 526 955 563 ea:
974 527 1108 580 aqua
1138 521 1183 563 et
1216 509 1436 580 Spiritu,
1466 528 1567 564 non
1590 521 1754 582 potest
1783 512 1865 566 in-
1892 519 1933 569 Α
1965 508 2076 578 ptio
2099 515 2183 561 est
2207 515 2582 576 peccatorum;
2621 508 2763 576 quod
2790 512 2967 561 autem
2997 506 3073 561 ait
3097 525 3110 559 :
3146 514 3204 560 ut
3230 507 3294 561 de
3320 518 3528 577 peccato

282 606 442 659 troire
456 604 511 656 in
536 618 757 672 regnum
777 600 875 654 Dei
900 599 1076 669 (Joan.
1109 617 1191 663 ιιι,
1214 599 1289 671 5).
1309 599 1621 655 Nullatenus
1642 600 1857 669 quippe,

281 699 419 752 sicut
462 694 718 764 superius
768 692 1098 747 ostendimus
1151 690 1337 760 (Num.
1363 691 1473 761 17),
1506 693 1558 749 in
1593 692 1861 760 baptismo

282 785 503 841 Joannis
541 781 886 853 regeneratio
924 780 1023 834 fuit
1066 779 1313 848 alicujus,
1344 780 1437 835 sed
1466 780 1861 834 demonstratio

284 877 503 947 majoris
523 874 793 947 mystcrii.
829 871 1011 942 Neque
1034 871 1251 929 Christo
1279 872 1602 925 ascendente
1632 872 1697 926 de
1722 887 1861 941 aqua

283 972 351 1025 ibi
381 969 500 1038 ejus
524 968 712 1023 unctio
744 966 863 1031 fuit,
896 965 949 1020 id
988 972 1071 1018 est
1121 961 1475 1018 sanctiﬁcatio
1515 962 1719 1032 Spiritu
1738 978 1862 1016 san-

283 1070 369 1116 cto
394 1060 760 1115 descendente
790 1072 952 1127 super
985 1072 1126 1120 eum,
1180 1056 1274 1111 sed
1324 1056 1712 1110 demonstratio
1738 1055 1860 1125 quis

281 1161 445 1217 esset,
474 1161 531 1207 et
557 1151 810 1223 ﬁguratio
830 1158 1029 1204 nostras
1047 1148 1312 1203 unctionis
1334 1157 1388 1204 et
1409 1148 1731 1218 adoptionis,
1754 1162 1860 1217 qua

282 1246 335 1298 in
360 1245 636 1314 baptismo
666 1240 1068 1297 sanctiﬁcamur
1092 1240 1144 1294 in
1175 1240 1313 1295 ﬁlios
1353 1239 1468 1304 Dei,
1497 1240 1637 1294 sicut
1670 1240 1859 1293 beatus

283 1334 426 1388 Beda
448 1333 737 1403 presbyter
754 1330 989 1385 ostendit
1018 1330 1072 1383 in
1109 1330 1441 1398 expositione
1460 1328 1859 1398 prmdicationis

283 1423 427 1477 beati
460 1420 611 1475 Petri
668 1418 929 1489 principis
979 1417 1363 1487 apostolorum,
1400 1432 1505 1485 qua
1551 1415 1856 1470 Cornelium

284 1526 405 1567 cum
430 1510 554 1565 aliis
577 1508 827 1578 plurimis
854 1506 1072 1562 instruit
1097 1506 1163 1559 ad
1190 1505 1352 1560 ﬁdem
1381 1517 1406 1546 ιι
1441 1522 1454 1558 :
1494 1521 1514 1555 ι
1552 1503 1757 1560 Unctus
1777 1512 1860 1559 est

284 1618 435 1675 ergo,
456 1602 656 1671 inquit,
677 1599 839 1655 Jesus
855 1614 963 1653 non
982 1598 1101 1653 oleo
1129 1597 1381 1652 invisibili
1405 1597 1592 1669 [Beda,
1611 1598 1853 1670 visibili],

284 1697 379 1750 sed
403 1696 544 1749 dono
560 1692 768 1764 gratim,
801 1691 942 1760 quod
980 1688 1174 1744 visibili
1204 1688 1536 1759 signiﬁcatur
1562 1697 1851 1759 unguento,

283 1800 395 1855 quo
411 1783 712 1853 baptizatos
755 1780 911 1851 ungit
956 1778 1197 1834 Ecclesia
1228 1797 1240 1832 :
1276 1794 1377 1835 nec
1406 1786 1585 1833 tamen
1610 1785 1737 1834 tunc
1757 1794 1857 1833 un-

1960 599 2231 652 damnaret
2266 607 2530 668 peccatum
2558 599 2614 651 in
2653 614 2809 651 carne
2837 596 3011 663 (Rom.
3040 612 3159 663 vm,
3186 595 3263 668 3),
3295 597 3531 667 expiatio

1960 699 2042 745 est
2071 700 2435 761 peccatorum.
2492 689 2616 744 Ideo
2669 690 2949 745 Matthteus
2977 690 3044 745 ab
3082 690 3200 760 ipso
3234 688 3400 743 David
3434 704 3531 759 per

1961 780 2304 836 Salomoncm
2334 781 2628 844 descendit,
2670 780 2723 834 in
2750 780 2901 848 cujus
2926 788 3101 835 matre
3128 780 3216 834 ille
3237 780 3484 850 peccavit
3513 799 3524 833 :

1957 870 2134 927 Lucas
2174 885 2302 926 vero
2346 872 2413 925 ad
2457 872 2630 941 ipsum
2661 871 2828 925 David
2870 886 2969 940 per
3003 870 3215 924 Nathan
3265 871 3526 935 ascendit,

1957 976 2058 1031 per
2079 977 2238 1030 quem
2267 962 2583 1032 prophetam
2617 959 2757 1014 Deus
2786 966 3066 1029 peceatum
3103 959 3243 1013 illius
3272 959 3525 1028 expiavit.

1959 1052 2244 1107 Descendit
2268 1067 2362 1121 per
2386 1051 2562 1121 regale
2599 1066 2789 1121 genus,
2816 1056 2870 1103 et
2893 1051 3135 1105 ascendit
3157 1065 3254 1118 per
3281 1051 3529 1104 sacerdo-

1959 1143 2086 1209 tale',
2114 1142 2204 1213 qui
2233 1158 2332 1212 pro
2385 1142 2539 1198 nobis
2590 1143 2839 1197 sacerdos
2867 1149 2951 1196 est
2997 1150 3052 1197 et
3094 1143 3266 1197 hostia
3309 1142 3525 1198 factus:

1958 1235 2084 1304 quia
2111 1243 2400 1303 utrumque
2442 1241 2543 1297 est,
2578 1249 2670 1288 rex
2699 1241 2754 1287 et
2776 1234 3025 1287 sacerdos
3046 1241 3099 1287 et
3125 1233 3383 1287 Dominus
3406 1249 3531 1303 pro-

1955 1323 2194 1392 pitiator.
2227 1321 2563 1377 Firmissime
2607 1337 2837 1391 namque
2863 1324 3149 1376 tenendum
3176 1330 3279 1387 est,
3308 1338 3526 1376 carnem

1955 1412 2157 1469 Christi
2195 1428 2262 1468 ex
2291 1423 2518 1481 utroque
2559 1427 2755 1484 genere
2785 1423 3154 1483 propagatam,
3192 1416 3357 1485 regali
3381 1414 3527 1470 scili-

1956 1513 2043 1560 cet
2075 1513 2130 1560 et
2154 1504 2491 1569 sacerdotali,
2521 1505 2573 1558 in
2601 1506 2794 1573 quibus
2814 1507 3058 1574 personis
3082 1506 3221 1575 apud
3256 1507 3405 1560 illum
3432 1522 3530 1576 po-

1954 1594 2138 1663 pulum
2191 1594 2534 1649 Ilebrzeorum
2564 1595 2726 1648 etiam
2768 1596 2993 1665 mystica
3041 1596 3228 1650 unctio
3256 1595 3526 1666 ﬁguraba-

1959 1693 2064 1749 tur,
2099 1685 2151 1740 id
2185 1692 2285 1749 est,
2335 1685 2604 1750 Chrisma,
2657 1687 2798 1741 unde
2846 1685 3046 1741 Christi
3088 1701 3284 1741 nomen
3328 1687 3525 1752 elucet,

1959 1781 2110 1828 tanto
2143 1784 2269 1831 ante
2310 1776 2709 1831 evidentissima
2757 1776 3148 1846 signiﬁcatione
3199 1778 3527 1847 praenuntia—

284 1846 406 1929 ctus
432 1846 517 1928 est
568 1871 776 1941 Spiritu
828 1846 1036 1933 sancto,
1082 1869 1295 1938 quando
1327 1883 1491 1937 super
1537 1882 1660 1922 eum
1708 1868 1855 1923 velut
1887 1846 1927 1904 Β
1957 1875 2090 1923 tum.
2129 1867 2235 1923 Sed
2256 1883 2355 1923 nos
2376 1867 2543 1924 libera
2568 1883 2699 1923 voce
2727 1867 3022 1923 clamamus
3052 1883 3171 1924 cum
3204 1846 3313 1924 tota
3344 1869 3527 1923 Eccle-

281 1966 529 2021 columba
548 1962 783 2032 Spiritus
795 1960 1086 2016 descendit.
1116 1960 1267 2016 Tunc
1284 1961 1427 2015 enim
1453 1976 1650 2029 corpus
1674 1975 1851 2027 suum,

282 2056 332 2110 id
369 2063 474 2117 est,
507 2052 801 2107 Ecclesium
842 2065 994 2105 suam
1029 2050 1191 2120 812
1229 2050 1572 2121 praetigurare
1607 2050 1856 2121 dignatus

281 2154 378 2209 est,
411 2144 470 2197 in
516 2158 623 2212 qua
657 2140 926 2210 praecipue
980 2140 1235 2209 haptizati
1283 2140 1552 2209 accipiunt
1596 2138 1854 2209 Spiritum

278 2245 557 2293 sanctum.
588 2234 696 2290 Sed
715 2234 812 2291 ista
845 2234 1070 2304 mystica
1092 2240 1147 2286 et
1174 2231 1428 2286 invisibili
1451 2231 1704 2286 unctione
1730 2240 1857 2287 tunc

280 2324 666 2398 intelligendus
709 2335 789 2380 est
815 2331 1030 2388 unctus,
1082 2321 1297 2391 quando
1347 2321 1577 2376 Verbum
1609 2321 1702 2376 Dei
1728 2337 1856 2377 caro

280 2414 479 2472 factum
507 2426 612 2479 est,
645 2417 697 2470 id
724 2424 828 2479 est,
858 2413 1073 2483 quando
1094 2412 1328 2467 humana
1353 2419 1565 2477 natura,
1594 2412 1709 2466 sine
1734 2411 1855 2467 ullis

284 2507 710 2579 praecedentibus
737 2506 1001 2559 bonorum
1031 2518 1251 2572 operum
1284 2502 1512 2567 meritis,
1540 2502 1649 2557 Deo
1680 2503 1854 2559 Verbo

282 2608 381 2664 est,
419 2599 476 2652 in
513 2608 670 2652 utero
695 2596 921 2666 virginis
941 2595 1211 2665 copulata,
1241 2594 1312 2648 ita
1352 2603 1412 2648 ut
1434 2609 1555 2648 cum
1587 2594 1678 2648 illo
1701 2594 1853 2648 ﬁeret

279 2702 382 2743 una
404 2701 661 2759 persona.
694 2685 776 2741 Ob
798 2686 903 2739 hoc
923 2699 1044 2739 eum
1078 2684 1400 2738 conﬁtemur
1423 2690 1605 2737 natum
1633 2684 1698 2739 de
1729 2683 1854 2754 Spi-

280 2778 383 2833 ritu
403 2786 592 2835 sancto
617 2786 673 2832 et
695 2776 863 2831 Maria
884 2776 1112 2847 virgine.
1156 2795 1175 2828 ο
1222 2776 1226 2780 ’
1433 2764 1441 2772 “

348 2868 470 2924 XX.
508 2870 581 2923 De
601 2867 937 2939 genealogiis
956 2882 1085 2922 vero
1109 2866 1308 2922 Christi
1335 2867 1409 2921 ita
1446 2869 1625 2937 potius
1655 2869 1853 2923 intelli-

282 2959 513 3030 gendum
539 2958 893 3021 arbitramur,
928 2957 1067 3026 quod
1089 2972 1208 3026 qua:
1241 2971 1336 3026 per
1379 2957 1687 3013 Matthteum
1726 2974 1847 3012 nar-

280 3058 447 3111 ratur,
498 3054 809 3102 nostrorum
852 3044 1119 3116 signiﬁcet
1161 3047 1559 3117 susceptionem
1601 3055 1851 3115 peccato-

278 3152 394 3190 rum
422 3151 453 3189 a
477 3135 709 3191 Domino
734 3134 977 3200 Christo,
1022 3143 1242 3206 propter
1265 3150 1386 3205 quae
1426 3136 1480 3189 in
1508 3136 1688 3191 crucis
1712 3138 1851 3205 pati-

278 3224 400 3278 bqu
423 3238 724 3294 suspensus
760 3228 864 3278 est.
895 3223 954 3277 In
995 3223 1430 3295 generationibus
1459 3233 1639 3280 autem
1664 3224 1845 3291 Luem,

272 3331 393 3386 qua:
434 3314 743 3371 ascenan
779 3314 849 3369 ad
890 3315 1081 3381 Deum,
1114 3314 1460 3370 abolitionem
1503 3324 1848 3386 peccatorum

278 3414 587 3461 nostrorum
636 3403 938 3477 signiﬁcari
986 3418 1085 3473 per
1127 3406 1396 3468 eumdem,
1439 3406 1531 3475 qui
1560 3406 1849 3462 crucifixus

277 3505 357 3551 est
402 3511 505 3567 pro
558 3496 801 3566 peccatis
843 3495 1063 3550 nostris.
1111 3495 1235 3550 Ideo
1255 3509 1350 3551 eas
1395 3495 1485 3551 ille
1516 3496 1850 3553 descendens

280 3596 514 3654 utan-at,
547 3589 654 3644 iste
678 3586 977 3643 ascendens
1003 3605 1016 3640 :
1047 3587 1174 3657 quia
1207 3586 1485 3643 descendit
1508 3587 1757 3643 Christus
1780 3589 1849 3642 ad

280 3678 582 3736 liberandos
606 3695 728 3745 nos,
749 3678 991 3735 ascendit
1014 3686 1192 3733 autem
1224 3679 1291 3733 ad
1315 3678 1687 3749 justitlcandos
1712 3694 1847 3746 nos;

281 3771 553 3828 descerndit
577 3778 641 3825 ut
674 3776 977 3825 moreretur
1008 3783 1109 3840 pro
1127 3769 1306 3836 nobis,
1339 3771 1599 3837 ascendit,
1622 3780 1684 3825 ut
1702 3772 1852 3826 viva-

283 3879 397 3918 mus
424 3865 479 3918 in
524 3863 638 3918 illo.
667 3862 823 3929 Quod
866 3862 1009 3916 enim
1039 3862 1115 3915 ait
1155 3860 1483 3931 Apostolus:
1519 3861 1664 3917 Misit
1711 3861 1850 3919 Deus

285 3952 474 4010 Fiiim
502 3958 659 4011 suum
686 3955 744 4009 in
783 3953 1173 4008 similitudinem
1201 3955 1375 4009 carnis
1403 3955 1623 4019 peccati,
1661 3969 1847 4010 susce-

352 4102 377 4127 ε·
414 4089 546 4143 Ven.
573 4087 740 4149 Beda,
772 4087 824 4141 in
848 4102 965 4156 cap.
994 4101 1028 4139 χ
1051 4085 1173 4141 Act.
1201 4094 1377 4156 apost.

1956 1958 2035 2015 sia
2063 1958 2281 2023 Christi,
2312 1957 2586 2013 Christum
2615 1974 2715 2013 nec
2760 1968 3041 2028 peccatum
3070 1959 3340 2023 habuisse,
3386 1961 3525 2030 quod

1954 2050 2265 2119 expiaretur
2288 2066 2301 2115 ;
2335 2065 2435 2104 nec
2463 2052 2698 2105 secunda
2728 2050 3022 2120 indiguisse
3044 2050 3407 2121 generatione,
3434 2051 3525 2120 qui

1955 2139 2097 2194 Deus
2123 2156 2283 2195 verus
2309 2148 2363 2194 et
2389 2154 2552 2194 verus
2574 2139 2669 2196 Dei
2695 2138 2865 2193 Filius
2886 2140 2951 2194 de
2973 2139 3176 2209 Spiritu
3199 2149 3385 2196 sancto
3402 2156 3527 2195 con-

1955 2240 2144 2300 ceptus
2167 2239 2250 2285 est
2277 2238 2331 2285 et
2357 2239 2533 2285 natus.
2565 2229 2700 2285 Nam
2715 2231 2760 2285 si
2773 2229 3020 2285 Christus
3046 2231 3277 2285 secunda
3302 2232 3529 2302 indiguit

1954 2322 2323 2395 generatione,
2345 2322 2531 2391 utique
2550 2332 2803 2391 peccator
2824 2321 2956 2375 fuit:
2987 2330 3041 2377 et
3065 2322 3109 2376 si
3139 2332 3390 2391 peccator
3408 2322 3524 2387 fuit,

1953 2417 2082 2486 quid
2125 2424 2242 2481 est,
2286 2415 2426 2484 quod
2475 2415 2588 2484 ipse
2635 2414 2896 2469 Dominus
2934 2415 3013 2469 ait
3051 2432 3064 2469 :
3105 2400 3254 2470 Venit
3290 2417 3527 2488 princeps

1952 2506 2136 2559 mundi
2154 2506 2335 2575 hujus,
2355 2514 2403 2560 et
2418 2507 2471 2559 in
2498 2522 2578 2560 me
2603 2521 2706 2559 non
2726 2505 2878 2559 habet
2903 2507 3186 2578 quidquam
3212 2507 3392 2579 (Joan.
3414 2526 3524 2573 xw,

1951 2596 2076 2668 50)?
2102 2596 2158 2650 Si
2174 2596 2465 2665 quidquam
2482 2596 2534 2649 in
2553 2610 2617 2651 eo
2633 2610 2737 2650 non
2753 2597 2943 2651 habuit
2956 2600 3210 2667 princeps
3229 2600 3412 2654 mundi
3430 2600 3527 2653 hu-

1946 2688 2051 2758 jus,
2082 2687 2133 2741 id
2164 2697 2263 2752 est,
2295 2688 2676 2754 diabolus,eur
2697 2689 2845 2759 eguit
2868 2690 3117 2745 renasci?
3143 2687 3393 2747 Nosvero
3421 2707 3529 2746 non

1952 2777 2073 2832 Filii
2101 2778 2195 2833 Dei
2223 2779 2513 2846 nascimur,
2556 2781 2648 2835 sed
2677 2778 3146 2839 renascimur.‘llle
3171 2796 3295 2839 mox
3323 2784 3417 2840 Dei
3440 2785 3531 2840 Fi-

1951 2870 2055 2925 lius
2088 2880 2379 2939 conceptus
2403 2880 2486 2926 est
2510 2880 2565 2926 et
2600 2881 2762 2929 natus
2792 2893 2805 2928 :
2836 2883 2893 2929 et
2936 2875 3057 2931 ideo
3098 2877 3382 2948 adoptione
3416 2896 3523 2934 non

1951 2959 2100 3030 eguit
2127 2967 2186 3013 ut
2216 2959 2384 3015 Filius
2432 2960 2526 3015 Dei
2554 2971 2718 3027 esset,
2757 2965 2848 3032 qui
2901 2964 3068 3019 Filius
3096 2965 3191 3021 Dei
3242 2975 3399 3021 natus
3425 2976 3524 3023 est.

1952 3047 2010 3102 Si
2041 3048 2204 3119 igitur
2229 3063 2327 3118 per
2366 3050 2703 3120 adoptionem
2734 3052 2903 3107 Filius
2932 3052 3027 3107 Dei
3080 3052 3255 3109 factus
3300 3064 3404 3119 est,
3437 3059 3527 3125 qui

1952 3139 2020 3192 de
2049 3140 2266 3210 Virgine
2290 3149 2449 3196 natus
2475 3151 2559 3197 est
2588 3161 2601 3195 :
2642 3158 2771 3213 ergo
2817 3159 2918 3198 nec
2946 3144 3101 3198 beata
3130 3145 3292 3216 Virgo
3317 3145 3410 3200 Dei
3440 3163 3530 3215 ge-

1908 3229 1925 3252 ’
1953 3228 2117 3283 nitrix
2147 3237 2285 3297 erat,
2319 3231 2413 3286 sed
2438 3234 2808 3289 tantummodo
2836 3234 3090 3300 hominis,
3122 3236 3215 3305 qui
3242 3243 3361 3305 post
3386 3239 3528 3291 nati-

1950 3318 2175 3373 vitatem
2204 3319 2491 3390 adoptatus
2533 3330 2618 3377 est
2642 3323 2695 3377 in
2738 3322 2932 3378 Filium
2961 3325 3077 3379 Dei.
3110 3322 3262 3393 Quod
3303 3326 3526 3398 impium

1950 3409 2193 3475 credere,
2226 3419 2429 3481 quanto
2459 3414 2633 3483 magis
2660 3421 2717 3469 et
2749 3415 2972 3471 dicere?

2028 3508 2165 3563 XXI.
2209 3508 2315 3565 Sed
2343 3510 2504 3579 hujus
2534 3512 2913 3594 disputationis
2940 3514 3029 3571 hic
3056 3511 3178 3572 ﬁnis
3201 3516 3291 3584 sit,
3322 3527 3381 3573 ut
3402 3519 3527 3575 libe-

1952 3601 2068 3656 rius
2094 3602 2162 3657 ab
2190 3601 2297 3658 alio
2327 3603 2593 3674 principio
2632 3606 2858 3677 incipiat
2896 3622 3075 3663 sermo
3104 3605 3171 3663 de
3199 3607 3285 3664 his
3310 3625 3427 3679 qum
3450 3611 3530 3666 di-

1955 3694 2123 3749 cenda
2149 3700 2289 3749 sunt.
2320 3694 2455 3750 Nam
2500 3697 2765 3766 quoddam
2812 3697 3149 3770 refrigerium
3178 3698 3375 3771 legenti
3406 3701 3528 3756 ﬁnis

1954 3783 2118 3838 libelli
2146 3793 2387 3854 praestat,
2430 3787 2570 3841 sicut
2595 3789 2866 3859 naviganti
2893 3800 3101 3858 portus,
3146 3794 3380 3846 maxime
3405 3807 3528 3846 cum

1954 3870 2183 3942 fragosis
2206 3872 2337 3927 locis
2374 3874 2598 3930 diversze
2627 3876 3004 3947 disputationis
3027 3877 3239 3934 laborat
3258 3878 3527 3949 eloquium

1954 3964 2347 4034 respondentis.

1713 4212 3511 4240 mw

1580 4301 1814 4363 LIBER
1858 4302 2214 4365 TERTIUS.

356 4500 397 4556 l.
431 4498 579 4554 Nova
622 4502 971 4568 proponentls
1006 4499 1423 4565 argumentatio,
1453 4506 1652 4548 novum
1681 4490 1844 4547 libelli
1874 4494 1925 4556 ι)
1949 4492 2081 4547 niat.
2116 4489 2299 4560 Neque
2320 4491 2465 4546 enim
2498 4490 2614 4547 ﬂeri
2642 4501 2842 4563 potest,
2869 4501 2929 4547 ut
2964 4507 3103 4547 unus
3132 4493 3273 4548 Illius
3298 4504 3523 4552 natura-

288 4592 459 4662 poscit
480 4589 779 4653 exordium,
807 4602 877 4643 ne
899 4585 1124 4643 confusa
1149 4585 1418 4641 sermonis
1444 4585 1615 4640 series
1654 4582 1853 4655 legenti

288 4682 564 4738 fastidium
587 4678 774 4745 faciat,
800 4684 857 4734 et
881 4677 1062 4732 minus
1085 4675 1418 4745 intelligatur
1447 4675 1579 4744 quid
1602 4675 1690 4730 cui
1711 4676 1854 4745 parti

288 4770 590 4836 conveniat,
617 4769 663 4824 si
688 4783 798 4823 non
838 4767 1269 4838 competentibus
1312 4765 1447 4821 locis
1474 4767 1543 4821 ab
1571 4767 1679 4822 alio
1702 4766 1855 4835 prin-

290 4863 427 4932 cipio
460 4860 730 4916 orationis
777 4858 1004 4929 incipiat
1048 4865 1246 4913 textus.
1302 4856 1455 4925 Saepe
1485 4857 1662 4912 dictus
1693 4857 1857 4926 igitur

290 4949 527 5019 sophista
548 4948 730 5005 subito
753 4962 785 5001 a
808 4947 1130 5019 baptismate
1173 4945 1375 5001 Christi
1402 4945 1635 5000 recurrit
1661 4945 1729 4999 ad
1755 4960 1857 4999 na-

294 5040 550 5095 tivitatem
576 5054 594 5093 :
639 5044 698 5093 et
718 5051 883 5107 quem
902 5037 1213 5106 adoptatum
1243 5035 1297 5089 in
1319 5033 1515 5088 Filium
1544 5033 1638 5088 Dei
1666 5047 1858 5088 seculi.

292 5132 722 5203 dageneratione
747 5130 862 5186 vult
902 5129 1147 5199 intelligi,
1198 5126 1449 5183 eumdem
1496 5126 1664 5181 David
1712 5127 1857 5197 regis

284 5224 457 5296 magis
480 5236 609 5281 esse
631 5219 829 5277 Filium
854 5233 1016 5290 quam
1056 5217 1151 5273 Dei
1176 5216 1375 5281 Patris,
1415 5222 1664 5271 testatur.
1705 5215 1774 5270 Et
1799 5222 1860 5269 ut

296 5313 527 5383 iudet:
581 5312 753 5369 verba
816 5322 1101 5381 ponamus,
1156 5308 1234 5362 ait
1268 5320 1436 5379 ergo:
1472 5323 1492 5357 ι
1527 5305 1689 5361 Certe
1715 5306 1859 5361 enim

296 5400 432 5459 idem
451 5403 763 5473 redemptor
786 5406 970 5454 noster
997 5399 1053 5453 in
1094 5394 1266 5452 forma
1286 5396 1655 5460 humanitatis,
1687 5402 1750 5450 ut
1774 5410 1859 5450 sa.

295 5504 391 5547 aa
410 5491 622 5561 aequi:
664 5495 955 5553 testantur,
1001 5485 1144 5541 ﬁlius
1167 5485 1335 5540 David
1370 5493 1455 5540 est
1494 5491 1552 5541 et
1571 5484 1714 5539 ﬁlius
1738 5483 1858 5539 Dei.

294 5580 443 5649 Quod
459 5589 754 5651 utrumque
772 5593 960 5635 verum
983 5586 1105 5634 est:
1135 5576 1280 5649 quod
1300 5586 1479 5632 tamen
1502 5590 1608 5632 non
1627 5575 1862 5632 absurde

294 5672 639 5741 timendum
682 5682 790 5736 est,
815 5668 1086 5740 quomodo
1113 5668 1169 5723 in
1195 5681 1321 5722 eum
1348 5674 1638 5737 utrumque
1663 5678 1862 5725 conve-

371 5791 395 5820 ⁸
429 5780 565 5838 Vide
597 5794 784 5852 supra,
809 5779 903 5835 lib.
926 5792 1137 5847 t,num.
1169 5774 1254 5830 12.

1954 4581 2082 4636 liter
2108 4582 2243 4637 duos
2292 4589 2476 4652 patres
2512 4582 2714 4639 habere
2758 4584 2969 4653 possit:
3001 4596 3168 4636 unum
3220 4593 3398 4639 tamen
3423 4602 3523 4656 per

1954 4679 2227 4738 naturam,
2259 4672 2423 4727 alium
2456 4682 2637 4728 autem
2665 4688 2765 4742 per
2801 4670 3145 4741 adoptionem
3182 4685 3405 4742 prorsus
3432 4691 3527 4745 po-

1956 4770 2081 4817 test.
2141 4782 2161 4816 »
2215 4762 2386 4833 Hujus
2415 4763 2642 4832 duplicis
2680 4763 3042 4832 paternitatis,
3094 4759 3191 4819 Dei
3239 4764 3444 4822 scilicet
3472 4776 3527 4823 et

1954 4851 2151 4916 Patris,
2191 4862 2250 4909 et
2285 4853 2453 4908 David
2490 4853 2632 4924 regis
2660 4852 2714 4905 in
2759 4851 2976 4908 Christo
3003 4852 3166 4925 813
3204 4853 3331 4909 Jesu
3358 4856 3411 4908 in
3436 4866 3526 4908 su-

1954 4942 2260 5014 perioribus
2303 4942 2599 4999 secundum
2639 4943 3093 5015 opportunitatem
3138 4944 3324 5015 procul
3364 4944 3525 5001 dubio

1957 5037 2336 5106 disputationis
2364 5050 2677 5107 responsum
2704 5038 2872 5094 habes
2901 5049 2926 5080 α
2955 5058 2969 5094 :
3012 5039 3114 5117 nisi
3143 5038 3279 5095 forte
3308 5039 3411 5095 hoc
3434 5039 3525 5095 ad-

1955 5125 2189 5183 dendum
2210 5140 2328 5181 esse
2353 5126 2616 5193 videatur,
2657 5129 2799 5197 quod
2842 5144 3107 5199 nusquam
3152 5129 3206 5181 in
3232 5126 3526 5198 Scripturis

1957 5219 2160 5276 sanctis
2187 5217 2429 5273 invenies
2455 5220 2734 5289 scriptum,
2766 5218 2935 5273 David
2960 5218 3025 5273 de
3046 5217 3260 5273 Christo
3281 5218 3482 5275 dixisse
3508 5238 3521 5273 :

1959 5308 2040 5363 Tu
2065 5325 2119 5363 es
2162 5304 2333 5362 Filius
2358 5310 2503 5363 meus
2528 5307 2767 5372 dilectus,
2816 5309 3082 5377 quomodo
3114 5307 3283 5363 Deum
3307 5309 3523 5366 Patrem

1956 5397 2186 5469 legimus
2214 5412 2375 5468 super
2401 5396 2617 5453 Christo
2636 5410 2822 5452 vocem
2852 5397 3101 5451 emittere
3144 5395 3369 5455 dicendo
3398 5417 3412 5453 :
3445 5399 3525 5453 Tu

1957 5509 2012 5547 ea
2040 5490 2212 5546 Filius
2237 5507 2384 5544 meus
2431 5489 2671 5552 dilectus,
2715 5489 2770 5541 in
2795 5503 2897 5558 quo
2926 5488 3054 5543 mihi
3083 5489 3206 5543 bene
3234 5490 3527 5563 complacui

1958 5580 2174 5652 (Matth.
2203 5597 2289 5646 ιιι,
2318 5580 2427 5652 l7).
2450 5578 2556 5635 Sed
2579 5578 2751 5643 illum,
2775 5594 2932 5649 quem
2955 5587 3177 5649 paterna
3202 5595 3307 5639 vox
3330 5580 3524 5637 Filium

1958 5687 2115 5728 suum
2156 5670 2411 5728 dilectum
2464 5675 2658 5727 testata
2701 5678 2809 5737 est,
2860 5670 3003 5728 hunc
3054 5672 3300 5729 eumdem
3355 5669 3523 5724 David
