3906 6186
331 327 433 383 165

1177 315 1237 369 Β.
1277 312 1340 368 F.
1365 310 1588 366 ALBINI
1627 309 1754 364 SEU
1797 306 2067 362 ALCUINI
2105 301 2388 360 OPERUM
2427 299 2605 354 PARS
2641 297 2723 352 111.

3473 284 3574 338 161

328 433 642 508 pr0plietico
667 429 856 501 spiritu
903 427 1188 482 Dominum
1239 438 1394 477 suum
1431 421 1632 476 dixisse
1680 419 1894 488 legitur.
1928 422 1972 479 Α
2000 416 2140 485 Ipse,
2173 413 2261 484 qui
2293 413 2374 466 lex
2402 421 2484 466 est
2522 419 2857 469 naturarum,
2889 404 3033 458 nulla
3080 402 3196 472 lege
3227 399 3451 500 alterius
3477 414 3606 488 ιιι-1

331 528 499 599 Igitur
539 523 694 592 juxta
740 522 1029 574 humanam
1082 513 1524 572 consuetudinem
1566 511 1736 566 David
1763 511 1900 563 inter

333 631 464 670 avos
501 614 584 668 vel
639 625 869 680 proavos
919 607 1120 664 Christi
1168 602 1531 659 numerandus
1573 608 1680 667 est,
1733 600 1904 668 magis

333 720 492 775 quam
519 703 670 772 prius
694 697 896 771 [Forte,
930 693 1119 766 ipsius]
1148 694 1308 748 Pater
1338 691 1595 745 dicendus
1643 689 1731 743 sit.
1768 687 1904 740 Nam

335 798 380 852 si
412 796 554 849 Deus
581 792 763 855 Pater,
805 788 1056 859 proprius
1083 801 1188 839 non
1208 792 1294 837 est
1321 781 1520 836 Christi
1544 780 1705 833 Pater
1731 797 1743 830 :
1775 793 1904 846 ergo

335 885 540 940 nullum
569 881 727 936 habet
767 878 1044 948 proprium
1089 876 1340 930 Patrem:
1379 871 1503 940 quia
1553 870 1708 924 beata
1744 869 1907 936 Virgo

336 991 404 1029 ex
435 974 628 1030 nullius
652 971 752 1024 viri
784 968 987 1023 semine
1025 965 1287 1033 concepit,
1317 961 1411 1017 sed
1449 961 1516 1015 de
1551 959 1753 1028 Spiritu
1781 973 1906 1013 san-

337 1074 424 1118 cto
453 1065 802 1133 imprazgnata
830 1065 934 1112 est.
983 1055 1040 1109 Si
1069 1055 1163 1108 Dei
1201 1051 1379 1106 Patris
1433 1049 1740 1104 testimonio
1784 1063 1906 1102 cre-

339 1155 572 1210 dendum
601 1152 857 1214 :estimes,
905 1147 1064 1202 crede
1089 1143 1365 1200 Christum
1408 1155 1526 1194 esse
1551 1140 1644 1193 Dei
1669 1139 1863 1194 Filium
1892 1156 1906 1193 ;

336 1246 419 1300 vel
469 1245 514 1299 si
545 1241 862 1314 prophetico
900 1239 1070 1309 ipsius
1112 1235 1281 1290 David
1330 1231 1637 1287 testimonio
1684 1231 1910 1285 credere

336 1346 541 1391 rectum
571 1332 868 1395 arbitreris,
901 1329 1060 1385 crede
1084 1325 1352 1390 eumdem,
1393 1323 1485 1394 qui
1524 1323 1691 1378 Filius
1715 1321 1912 1376 dicitur

339 1429 527 1494 David,
557 1426 842 1481 Dominum
866 1437 984 1477 esse
1007 1420 1170 1475 illius.

407 1521 470 1576 ll.
513 1518 658 1572 Dicis
697 1516 877 1584 itaque
912 1512 1055 1582 quod
1081 1525 1220 1565 unus
1245 1508 1406 1562 homo
1437 1505 1571 1560 duos
1597 1511 1781 1574 patres
1817 1515 1913 1554 na-

339 1613 539 1668 turales
579 1625 684 1665 non
729 1607 897 1678 possit
924 1604 1147 1668 habere,
1187 1615 1352 1655 unum
1382 1613 1512 1653 vero
1552 1595 1723 1666 possit
1750 1600 1910 1646 natu-

340 1705 508 1759 ralem
537 1701 761 1762 habere,
788 1705 841 1751 et
879 1695 1107 1749 alterum
1136 1689 1464 1760 adoptivum.
1500 1686 1686 1741 Dicam
1705 1690 1759 1738 et
1785 1697 1907 1753 ego,

2007 516 2140 560 tura:
2166 503 2424 574 subiacet,
2454 518 2551 556 nec
2581 499 2809 554 inﬁrmis
2855 497 3101 550 humana:
3134 489 3463 559 conjecturae
3488 504 3572 542 ra-

2007 595 2278 658 tiunculis,
2321 594 2411 662 qui
2458 586 3016 661 incomprehensibilis
3055 593 3161 648 est,
3191 580 3573 652 comprehendi

2003 686 2218 755 poterit.
2259 684 2593 752 Quapropter
2636 679 2896 749 unigeniti
2949 677 3044 730 Dei
3083 675 3442 738 nativitatem,
3487 671 3579 731 vel

2005 775 2240 829 divinam
2289 773 2372 826 vel
2416 772 2577 826 etiam
2625 770 2934 830 humanam,
2971 766 3155 822 desine
3212 765 3280 818 ad
3328 771 3579 819 nostram

2006 862 2350 918 mortalitatis
2374 860 2856 930 impossibilitatem
2881 857 3121 926 redigere
3147 872 3159 908 :
3193 867 3364 922 neque
3389 854 3461 918 ei,
3481 851 3580 922 qui

2005 963 2159 1007 extra
2204 962 2519 1022 conceptum
2569 951 2816 1006 humana:
2853 949 3076 1019 originis
3120 955 3278 1002 natus
3324 955 3426 1010 est,
3476 946 3581 1000 hu-

2007 1047 2184 1103 manis
2213 1044 2639 1101 difﬁnitiunculis
2690 1042 3046 1114 przrjudicare
3082 1049 3280 1105 tentes,
3306 1038 3581 1111 quomodo

2008 1137 2159 1191 nasci
2185 1136 2469 1206 potuisset,
2514 1135 2601 1189 vel
2643 1133 2910 1202 quomodo
2947 1140 3090 1186 esset
3130 1131 3380 1202 preprius
3408 1129 3582 1186 Filius

2010 1227 2127 1291 Dei,
2167 1227 2291 1281 dum
2323 1235 2482 1280 natus
2520 1232 2680 1280 esset.
2731 1222 2788 1277 Si
2818 1223 2925 1277 Deo
2953 1222 3134 1277 omnia
3181 1221 3452 1292 possibilia
3481 1236 3581 1278 co-

2012 1331 2260 1387 gnoscas,
2286 1324 2342 1371 et
2370 1317 2473 1371 hoc
2498 1317 2548 1370 ei
2590 1313 2843 1384 possibile
2887 1328 3007 1368 esse
3037 1314 3193 1378 scito,
3223 1320 3281 1366 ut
3303 1313 3583 1384 proprium

2012 1407 2207 1462 Filium
2241 1422 2308 1462 ex
2336 1405 2558 1476 Virgine
2586 1413 2829 1460 creatum
2848 1403 3049 1458 habere
3071 1403 3346 1457 valuisset.

2082 1497 2248 1570 814
2281 1498 2364 1552 III.
2406 1498 2550 1552 Dicis
2581 1515 2602 1550 ι
2633 1515 2652 1548 ι
2687 1496 2826 1564 Quid
2857 1495 3028 1565 potuit
3080 1510 3147 1550 ex
3195 1494 3387 1548 ancilla
3429 1494 3585 1549 nasci

2013 1589 2119 1644 nisi
2155 1588 2391 1643 servus?
2428 1607 2445 1639 ι
2499 1587 2614 1642 Hoc
2635 1596 2689 1641 et
2733 1595 3045 1641 antecessor
3069 1592 3194 1640 tuus
3223 1583 3487 1655 Pelagius,
3519 1584 3590 1639 li-

2015 1686 2102 1734 cet
2124 1677 2244 1732 aliis
2269 1677 2471 1742 verbis,
2520 1685 2700 1730 tamen
2745 1674 2935 1730 eodem
2965 1689 3125 1729 sensu
3170 1672 3299 1729 olim
3348 1671 3584 1736 dicebat,

502 1793 680 1848 nullus
699 1756 853 1861 pater
881 1802 1046 1842 unum
1068 1756 1442 1852 ﬁlium-potest
1458 1779 1682 1844 habere,
1702 1784 1912 1831 utrum-
1942 1756 1987 1818 Β
2013 1783 2264 1824 asserens
2284 1767 2557 1822 Christum
2577 1765 2879 1822 solitarium
2901 1779 3021 1820 esse
3048 1763 3320 1818 hominem
3343 1781 3362 1817 ι
3387 1777 3452 1817 ex
3475 1778 3586 1833 quo

341 1903 447 1958 que
471 1895 526 1941 et
555 1881 855 1938 naturalem
883 1879 988 1932 sibi
1025 1886 1078 1932 et
1112 1875 1421 1945 adoptivum
1447 1891 1459 1925 :
1495 1872 1616 1941 quia
1649 1869 1742 1923 ille
1773 1882 1914 1922 unus

346 1979 488 2033 ﬁlius
513 1990 619 2030 non
654 1979 831 2043 potest
875 1968 1060 2032 dividi,
1089 1975 1148 2021 ut
1189 1966 1260 2019 sit
1289 1978 1425 2018 unus
1468 1960 1638 2031 patris
1675 1965 1730 2013 et
1755 1965 1914 2012 natu-

345 2066 475 2126 ralis
498 2072 552 2118 et
578 2061 859 2131 adoptivus
889 2076 902 2111 :
938 2056 1019 2111 vel
1057 2055 1300 2125 quaedam
1359 2066 1487 2121 pars
1541 2049 1635 2103 ﬁlii
1682 2048 1753 2102 sit
1780 2045 1914 2100 ado-

345 2156 515 2228 ptiva,
545 2161 600 2207 et
646 2151 814 2205 altera
856 2146 1116 2202 naturalis
1145 2145 1199 2198 in
1227 2143 1323 2198 filii
1364 2140 1638 2211 dignitate,
1694 2137 1839 2191 velut
1867 2135 1916 2190 si

345 2267 451 2306 una
476 2263 666 2304 manus
689 2247 760 2301 sit
791 2243 1059 2314 adoptiva,
1089 2249 1143 2295 et
1173 2239 1342 2293 altera
1369 2235 1604 2307 propria,
1629 2231 1711 2287 vel
1737 2230 1915 2284 anima

347 2343 420 2396 sit
445 2341 728 2410 adoptiva,‘
762 2345 817 2392 et
867 2349 996 2389 caro
1051 2333 1105 2386 in
1133 2329 1460 2400 proprietate
1501 2323 1613 2377 ﬁlii.
1663 2319 1916 2387 Quamvis

347 2433 492 2487 enim
520 2431 700 2484 anima
723 2442 827 2482 non
855 2425 926 2479 sit
952 2438 1015 2477 ex
1038 2420 1210 2492 patris
1239 2417 1464 2478 semine,
1489 2414 1629 2467 sicut
1658 2419 1740 2464 est
1763 2422 1912 2472 caro,

347 2533 526 2578 tamen
560 2535 702 2573 unus
740 2526 823 2572 est
872 2515 1013 2569 ﬁlius
1054 2513 1223 2583 patris
1270 2510 1448 2563 anima
1477 2514 1531 2560 et
1556 2518 1740 2569 carne,
1775 2510 1918 2556 totus

347 2612 434 2669 vel
471 2611 768 2680 adoptivus,
797 2607 882 2662 vel
918 2605 1191 2675 proprius,
1217 2610 1378 2672 prout
1419 2599 1658 2656 conditio
1681 2597 1917 2652 nominis

349 2703 436 2761 vel
464 2709 668 2757 natura:
723 2699 821 2754 sibi
875 2695 1134 2751 attulerit.
1184 2694 1368 2749 Potest
1395 2706 1524 2746 vero
1576 2689 1630 2744 in
1657 2703 1762 2742 una
1792 2702 1915 2756 per-

351 2809 484 2850 sona
516 2807 633 2847 esse
661 2789 930 2861 passibilis
953 2796 1006 2842 et
1045 2783 1412 2856 impassibilis,
1462 2781 1707 2838 mortalis
1734 2787 1790 2835 et
1819 2780 1921 2833 im-

356 2881 618 2945 mortalis,
649 2879 810 2934 veluti
846 2879 1005 2933 homo
1036 2874 1353 2932 immortalis
1380 2881 1464 2928 est
1490 2872 1691 2938 anima,
1718 2879 1919 2925 morta-

354 2973 422 3028 lis
444 2986 607 3027 carne
634 2989 649 3024 :
679 2970 757 3025 sic
787 2969 948 3023 etiam
981 2975 1036 3021 ct
1064 2965 1309 3020 Christus
1342 2961 1685 3033 impassibilis
1728 2959 1920 3014 divini-

353 3073 484 3127 tate,
513 3061 784 3131 passibilis
833 3073 1034 3123 carne;
1073 3065 1251 3110 tamen
1299 3062 1440 3109 totus
1487 3068 1626 3107 unus
1671 3052 1920 3120 idemque

353 3161 438 3208 est
465 3152 602 3208 Deus
629 3161 684 3207 et
711 3153 872 3206 homo
898 3164 912 3203 :
945 3164 1083 3203 unus
1128 3154 1210 3202 est
1247 3145 1492 3201 Christus
1520 3144 1574 3198 in
1600 3142 1772 3199 forma
1803 3141 1915 3204 Dei,

353 3251 410 3296 ct
433 3258 570 3296 unus
615 3241 861 3296 Christus
915 3240 971 3293 in
998 3237 1170 3294 forma
1219 3237 1382 3301 servi,
1421 3245 1474 3291 et
1499 3251 1638 3290 unus
1675 3234 1923 3291 Christus

355 3329 577 3398 aequalis
626 3329 794 3392 Patri,
831 3337 885 3383 et
915 3342 1051 3382 unus
1097 3334 1180 3382 est
1227 3326 1472 3381 Christus
1523 3326 1701 3378 minor
1742 3324 1919 3389 Patre,

357 3419 498 3473 idem
528 3418 688 3483 Deus,
717 3417 857 3472 idem
887 3419 1070 3482 homo,
1098 3431 1238 3471 unus
1264 3415 1431 3471 Filius
1462 3416 1556 3470 Dei
1585 3415 1761 3471 Patris
1782 3424 1926 3471 totus

355 3504 628 3574 proprius,
664 3511 718 3558 et
741 3505 976 3575 Virginis
1027 3505 1218 3558 matris
1270 3513 1414 3559 totus
1462 3505 1731 3575 proprius.
1771 3505 1924 3572 Quod

355 3593 545 3646 beatus
573 3591 680 3646 Leo
707 3607 843 3663 papa
874 3591 1144 3647 Romanus
1165 3593 1220 3647 in
1257 3593 1483 3663 epistola
1513 3593 1580 3647 ad
1606 3592 1924 3648 Flavianum

359 3683 641 3752 perspicue
687 3691 918 3737 testatur
948 3695 972 3723 α
1000 3701 1012 3736 :
1049 3701 1066 3734 α
1099 3683 1233 3739 Cum
1279 3699 1431 3754 ergo,
1469 3685 1661 3754 inquit,
1694 3701 1832 3741 unus
1857 3686 1929 3741 sit

361 3770 616 3829 Dominus
641 3773 796 3830 Iesus
839 3774 1109 3842 Christus,
1140 3783 1196 3831 et
1229 3793 1370 3832 verae
1415 3777 1630 3834 deitatis
1681 3793 1928 3850 veraeque

358 3866 709 3921 humanitatis
738 3867 791 3921 in
829 3867 944 3938 ipso
965 3883 1068 3923 una
1108 3883 1328 3940 prorsus
1383 3869 1679 3940 eademque
1696 3884 1928 3940 persona

361 3959 454 4024 sit,
494 3959 872 4016 exaltationem
924 3970 1124 4025 tamen,
1172 3975 1277 4030 qua
1326 3959 1494 4025 illum,
1544 3961 1684 4017 sicut
1733 3961 1930 4016 Doctor

363 4048 614 4105 Gentium
645 4051 795 4118 dicit,
823 4052 1082 4106 exaltavit
1104 4060 1159 4107 et
1185 4051 1404 4107 donavit
1441 4052 1514 4108 illi
1544 4067 1760 4118 nomen,
1786 4052 1929 4123 quod

361 4155 522 4195 omne
549 4155 743 4196 nomen
777 4142 990 4198 excellit
1018 4141 1235 4213 (Philip.
1263 4159 1322 4209 tt,
1353 4143 1428 4215 9),
1463 4144 1532 4198 ad
1563 4144 1806 4199 eamdem
1835 4146 1922 4199 in-

363 4228 651 4298 telligimus
669 4231 938 4300 pertinere
967 4229 1214 4297 formam,
1245 4249 1364 4304 quae
1386 4233 1603 4289 ditanda
1622 4241 1740 4288 erat
1768 4242 1932 4291 tanta:

365 4319 769 4389 gloriﬁcationis
789 4329 1096 4388 augmento.
1131 4321 1189 4375 In
1211 4321 1382 4375 forma
1411 4323 1609 4393 quippe
1634 4324 1728 4378 Dei
1751 4340 1932 4394 mqua-

2013 1858 2162 1914 fonte
2191 1867 2245 1913 et
2273 1857 2555 1914 Nestorius
2580 1872 2733 1913 suam
2760 1856 2998 1912 condidit
3026 1855 3296 1919 haresim,
3324 1869 3430 1924 qua
3450 1853 3589 1909 duas

2011 1966 2272 2021 personas
2302 1950 2355 2004 in
2400 1949 2618 2005 Christo
2649 1948 2816 2003 voluit
2867 1947 3112 2016 intelligi.
3149 1947 3366 2016 Expone
3402 1945 3586 2014 igitur,

2014 2041 2282 2110 quomodo
2313 2056 2439 2110 apes
2469 2039 2722 2094 animalia
2749 2039 2868 2093 viva
2912 2039 2978 2092 de
3007 2036 3250 2102 ﬂoribus,
3283 2038 3446 2092 rebus
3474 2036 3588 2091 sci-

2015 2134 2142 2188 licet
2168 2132 2478 2198 insensatis,
2502 2140 2838 2196 nascantur;
2884 2131 2967 2186 vel
3018 2130 3321 2186 mirabilem
3371 2129 3591 2184 illarum

2015 2234 2290 2291 naturam,
2314 2226 2500 2296 reique
2529 2225 2754 2294 publicze
2781 2225 3237 2279 ordinatissimam
3283 2224 3595 2294 dispositio-

2015 2332 2141 2372 nem
2167 2317 2223 2378 in
2246 2331 2433 2370 earum
2468 2315 2934 2368 administratione
2958 2315 3215 2368 edissere.
3247 2313 3404 2368 Dices
3428 2313 3596 2368 forsi-

2017 2419 2134 2476 tan,
2179 2409 2303 2478 quia
2338 2408 2457 2463 talis
2501 2424 2533 2462 a
2560 2416 2802 2462 creatore
2854 2415 3043 2461 natura
3091 2406 3196 2461 illis
3242 2407 3455 2461 condita
3483 2416 3596 2461 est.

2015 2504 2203 2573 Cogita
2239 2511 2294 2556 et
2329 2499 2586 2570 intellige,
2634 2500 2726 2569 qui
2779 2499 2892 2554 haec
2945 2498 3206 2554 miracula
3251 2498 3306 2552 in
3351 2497 3602 2553 minimis

2017 2606 2204 2646 creare
2232 2590 2421 2660 potuit,
2448 2605 2567 2658 qua;
2593 2590 2659 2644 ab
2681 2588 2896 2643 homine
2922 2604 3020 2643 nec
3049 2587 3295 2660 intelligi,
3320 2603 3420 2643 nec
3441 2603 3600 2643 enar-

2019 2686 2129 2739 rari
2161 2691 2402 2755 possunt,
2439 2683 2577 2753 quod
2611 2684 2780 2753 potuit
2803 2697 2870 2736 ex
2903 2682 3147 2752 virginali
3181 2691 3338 2737 utero
3361 2681 3596 2736 liberum

2019 2777 2120 2832 sibi
2152 2791 2338 2834 creare
2361 2775 2575 2830 Filium.
2619 2775 2913 2830 Considera
2938 2774 3059 2830 coeli
3095 2774 3451 2838 altitudinem,
3480 2781 3599 2828 ter—

2021 2887 2095 2926 ra
2139 2871 2509 2935 stabilitatem,
2561 2884 2821 2938 aquarum
2868 2866 3310 2938 profunditatem,
3357 2864 3600 2920 omnium

2021 2964 2318 3019 viventium
2348 2962 2716 3017 diversitatem
2741 2977 2757 3025 ;
2804 2960 3063 3022 edissere,
3094 2959 3140 3012 si
3172 2957 3372 3022 valeas,
3401 2957 3603 3011 harum

2024 3057 2264 3110 omnium
2281 3070 2462 3110 rerum
2488 3053 2744 3118 rationes,
2771 3059 2827 3106 et
2852 3053 2900 3105 si
2937 3051 3038 3106 hoc
3061 3047 3386 3119 impossibile
3409 3057 3461 3102 te
3473 3061 3604 3118 pro-

2026 3146 2252 3212 ﬁtearis,
2289 3145 2418 3215 quid
2446 3153 2498 3200 te
2519 3150 2941 3213 prmsumptuose
2968 3140 3166 3211 ingeris
3209 3136 3464 3194 inell‘abili
3493 3136 3571 3191 mi

2024 3239 2209 3294 raculo
2261 3237 2556 3292 nativitatis
2601 3234 2824 3297 Christi,
2872 3231 3106 3302 qualiter
3134 3229 3220 3286 vel
3271 3229 3413 3286 Deus
3437 3227 3604 3285 homo

2025 3330 2143 3384 ﬁeri
2196 3327 2480 3399 potuisset,
2532 3326 2614 3381 vel
2659 3325 2820 3380 homo
2840 3324 3019 3389 Deus;
3050 3321 3134 3378 vel
3174 3321 3267 3377 Dei
3311 3321 3477 3376 Filius
3500 3319 3607 3376 ho-

2025 3419 2187 3474 minis
2216 3417 2376 3472 ﬁlius.
2428 3415 2563 3470 Nam
2609 3413 2770 3484 hujus
2806 3414 3129 3479 nativitatis,
3178 3411 3265 3469 vel
3292 3412 3456 3468 etiam
3483 3409 3608 3465 uni-

2026 3510 2156 3564 tatis
2185 3509 2239 3563 in
2295 3508 2404 3562 Deo
2441 3517 2496 3562 et
2535 3506 2752 3561 homine
2803 3505 2979 3576 majus
3031 3512 3114 3560 est
3173 3510 3602 3565 sacramentum,

2027 3616 2191 3673 quam
2235 3599 2474 3656 omnium
2513 3606 2890 3653 creaturarum
2927 3596 3186 3653 conditio.
3226 3593 3472 3651 Concede
3502 3592 3607 3662 igi-

2028 3703 2117 3750 tur
2143 3694 2314 3748 Deum
2356 3691 2555 3763 aliquid
2598 3706 2778 3760 posse,
2820 3689 2962 3760 quod
2999 3689 3233 3744 humana
3281 3703 3392 3743 non
3426 3684 3611 3739 valeat

2029 3782 2314 3838 inﬁrmitas
2330 3781 2824 3852 comprehendere;
2859 3795 2958 3834 nec
2979 3786 3163 3833 nostra
3190 3776 3608 3832 ratiocinatione

2028 3875 2206 3946 legem
2227 3888 2491 3945 ponamus
2530 3870 2796 3940 majestati
2831 3878 3067 3933 aeterna,
3102 3867 3230 3937 quid
3255 3867 3446 3937 possit,
3476 3864 3609 3922 dum

2029 3967 2208 4020 omnia
2252 3972 2449 4036 potest,
2481 3962 2594 4033 -qui
2651 3962 2988 4031 omnipotens
3017 3967 3117 4014 est.
3175 3958 3285 4013 Nec
3329 3956 3475 4010 enim
3506 3955 3610 4012 hac

2031 4054 2144 4109 sola
2174 4055 2452 4110 nativitate
2479 4052 2677 4109 Christi
2723 4051 2982 4108 defectiva
3013 4057 3096 4106 est
3142 4049 3381 4122 potentia
3434 4049 3606 4113 illius,

2031 4143 2124 4213 qui
2147 4144 2487 4214 omnipotens
2513 4152 2620 4207 est,
2666 4150 2725 4196 ut
2764 4157 2868 4196 non
2903 4149 3086 4212 posset
3132 4141 3280 4194 illum
3312 4139 3608 4203 hominem,

2032 4235 2124 4304 qui
2151 4249 2218 4289 ex
2241 4234 2461 4306 Virgine
2494 4241 2655 4288 natus
2696 4240 2799 4297 est,
2828 4232 2930 4287 sibi
2970 4231 3247 4302 proprium
3273 4230 3357 4286 vel
3385 4240 3608 4284 natura-

2032 4325 2140 4381 lem
2171 4325 2367 4380 Filium
2414 4340 2621 4380 creare.
2661 4325 2904 4395 Intellige
2932 4324 3146 4379 tandem
3201 4322 3511 4393 aliquando,
3541 4322 3610 4378 ad

366 4410 560 4466 liserat
572 4409 739 4466 Filius
751 4409 920 4476 Patri,
943 4419 997 4465 et
1019 4411 1161 4467 inter
1187 4411 1482 4481 genitorem
1506 4421 1668 4481 atque
1693 4415 1937 4486 unigeni-
1965 4417 2016 4478 ι)
2039 4430 2198 4485 quem
2228 4413 2390 4468 linem
2433 4413 2518 4468 vel
2546 4414 2614 4468 ad
2652 4423 2907 4482 quantam
2955 4411 3338 4483 blasphemiam
3378 4412 3492 4466 hate
3522 4419 3613 4468 tua

367 4508 481 4554 tum
537 4500 681 4555 nulla
725 4508 843 4556 erat
864 4500 1112 4555 essentia:
1172 4500 1446 4565 discretio,
1504 4501 1652 4556 nulla
1682 4503 1738 4557 in
1764 4503 1935 4572 maje-

368 4599 510 4646 state
537 4593 855 4658 diversitas;
906 4606 1008 4646 nec
1030 4606 1129 4662 per
1179 4591 1566 4648 incarnationis
1617 4595 1935 4666 mysterium

371 4679 571 4750 aliquid
613 4683 915 4739 decesserat
939 4697 1007 4737 ex
1035 4683 1228 4748 Verbo,
1261 4683 1403 4753 quod
1445 4685 1496 4741 ei
1522 4685 1700 4741 Patris
1726 4702 1794 4742 ex
1820 4702 1938 4742 mu-

369 4785 500 4826 nere
548 4772 861 4828 redderetur
889 4791 902 4804 ο
936 4772 1110 4829 forma
1158 4783 1338 4830 autem
1387 4773 1594 4848 [servi],
1650 4793 1748 4848 per
1774 4793 1938 4848 quam

373 4862 716 4937 impassibilis
776 4864 949 4920 deitas
1011 4877 1408 4922 sacramentum
1456 4884 1664 4940 magna;
1724 4871 1941 4940 pietatis

373 4955 632 5027 implevit,
679 4955 916 5011 humana
975 4955 1250 5014 humilitas
1297 4967 1404 5024 est,
1449 4975 1569 5028 qua:
1615 4960 1670 5015 in
1711 4962 1940 5032 gloriam

375 5049 567 5104 divinae
589 5045 871 5120 potestatis
906 5053 1114 5112 evecta,
1147 5055 1231 5102 est
1277 5048 1333 5102 in
1355 5057 1557 5104 tantam
1589 5051 1854 5108 unitatem
1874 5055 1944 5110 ab

377 5137 494 5206 ipso
513 5145 771 5209 conceptu
800 5135 1037 5205 Virginis
1063 5135 1262 5192 deitate
1282 5145 1338 5192 et
1362 5138 1700 5195 humanitate
1727 5156 1947 5198 conser-

377 5231 457 5292 ta,
499 5232 562 5281 ut
591 5241 692 5282 nec
737 5226 854 5281 sine
881 5223 1100 5280 homine
1146 5225 1348 5291 divina,
1394 5239 1497 5282 nec
1530 5228 1648 5284 sine
1682 5229 1794 5286 Deo
1821 5246 1946 5303 age-

378 5321 569 5370 rentur
591 5315 843 5370 humana.
877 5335 898 5370 ι
949 5313 1265 5372 Nullatenus
1287 5331 1417 5387 ergo
1445 5324 1516 5383 te,
1569 5332 1603 5372 ο
1622 5317 1795 5386 Felix,
1838 5321 1940 5376 hu-

380 5417 542 5458 mana
563 5401 770 5457 ratione
795 5404 1116 5475 investigare
1144 5405 1480 5461 nativitatem
1506 5407 1668 5462 Verbi
1696 5408 1812 5474 Dei,
1842 5424 1946 5479 qua

381 5507 510 5547 caro
557 5489 760 5545 factum
813 5500 914 5556 est,
962 5509 1122 5564 posse
1172 5503 1327 5567 putes
1357 5514 1370 5550 :
1400 5511 1508 5551 non
1538 5498 1684 5552 enim
1711 5497 1948 5554 humana

379 5579 732 5651 possibilitate
752 5582 1190 5650 omnipotentiam
1215 5587 1513 5642 divinitatis
1550 5589 1731 5644 metiri
1763 5589 1946 5646 debes.

2039 4506 2265 4561 assertio
2317 4505 2632 4575 perveniat;
2666 4514 2758 4560 aut
2797 4505 2892 4559 Dei
2921 4504 3097 4560 Patris
3147 4503 3420 4558 Christum
3443 4501 3612 4558 conﬁ-

2038 4603 2154 4651 tere
2173 4595 2448 4664 proprium
2473 4608 2592 4650 esse
2633 4595 2673 4649 F
2677 4597 2808 4649 lium
2831 4603 2885 4648 et
2929 4609 3133 4660 verum,
3171 4592 3325 4663 juxta
3369 4594 3615 4662 omnipo.

2042 4687 2262 4740 tentiam
2310 4700 2422 4740 suae
2464 4684 2749 4741 ineﬂ‘abilis
2793 4685 3120 4751 voluntatis;
3155 4693 3246 4739 aut
3271 4685 3316 4741 si
3354 4685 3468 4741 haec
3496 4683 3612 4740 ﬁeri

2041 4791 2148 4832 non
2192 4791 2350 4846 posse
2377 4775 2750 4841 contenderis,
2805 4775 3155 4845 impotentem
3187 4790 3298 4830 suae
3324 4775 3617 4832 voluntatis

2043 4866 2231 4924 fateris
2278 4868 2484 4923 Deum:
2522 4868 2666 4938 quod
2708 4867 3084 4937 impiissimum
3135 4875 3220 4922 est
3259 4866 3484 4922 credere
3527 4866 3616 4921 vel

2042 4957 2243 5013 dicere.
2295 4957 2438 5029 Ergo
2462 4973 2528 5012 ex
2552 4960 2654 5014 hac
2684 4956 3114 5012 consideratione
3151 4957 3358 5012 meliori
3385 4956 3616 5027 teipsum

2045 5049 2206 5105 indue
2239 5049 2364 5115 ﬁde,
2396 5059 2648 5118 tuamque
2679 5063 3008 5118 cognoscens
3050 5050 3419 5107 inﬁrmitatem
3447 5051 3616 5106 Deum

2045 5138 2301 5194 conﬁtere
2327 5138 2508 5192 omnia
2543 5151 2699 5207 posse
2748 5137 2948 5204 facere,
2997 5155 3116 5209 qua:
3138 5140 3274 5206 vult,
3313 5149 3367 5195 et
3403 5149 3457 5196 te
3479 5155 3622 5196 cun-

2047 5235 2134 5282 cta
2187 5242 2294 5282 non
2341 5241 2500 5296 posse
2563 5225 2879 5298 intelligere,
2927 5243 3050 5296 quae
3104 5229 3221 5284 vult
3264 5238 3496 5293 creator,
3559 5239 3617 5284 ut

2046 5317 2195 5373 ﬁant.

2117 5408 2205 5465 IV.
2246 5409 2470 5467 Plurimi
2492 5411 2635 5468 enim
2662 5421 2973 5470 sanctorum
2999 5411 3227 5484 professi
3255 5421 3380 5469 sunt
3402 5428 3509 5468 non
3539 5413 3621 5476 in-

2046 5498 2336 5566 tellexisse,
2361 5516 2462 5557 nec
2481 5516 2739 5558 enarrare
2767 5503 3004 5574 potuisse
3029 5503 3170 5558 hanc
3196 5501 3498 5557 mirabilem
3528 5517 3623 5573 ge-

2049 5591 2380 5647 nerationem
2406 5592 2627 5658 Christi,
2656 5607 2721 5648 ex
2747 5593 2942 5660 quibus
2987 5591 3172 5656 Isaias,
3218 5590 3344 5647 dum
3394 5587 3622 5644 inﬁrmi-

458 5705 483 5734 ι
523 5690 580 5746 S.
607 5689 716 5745 Leo
743 5703 900 5758 papa,
947 5691 1104 5762 epist.
1157 5692 1258 5748 165
1287 5693 1355 5749 ad
1403 5693 1640 5750 Leonem
1676 5695 1995 5769 Augustum,
2033 5714 2148 5770 cap.
2183 5700 2233 5754 8.
