3906 6186
237 380 333 436 I65

947 368 1358 426 DOGMATICA.
1395 397 1465 408 —
1493 367 1652 422 ADV.
1694 361 1985 418 FELICEM
2025 364 2203 419 LIBRI
2243 365 2350 421 VII.
2382 396 2450 406 —
2479 365 2606 420 LIB.
2647 365 2730 421 III.

3385 368 3486 425 166

235 507 391 559 tates,
423 490 745 564 opprobria,
770 487 978 560 ﬂagella
1005 495 1060 543 et
1088 494 1266 558 sputa,
1302 499 1421 554 qua:
1441 482 1688 538 Christus
1710 495 1806 548 pro
1835 479 1884 536 A
1912 477 2056 530 milia
2091 477 2336 533 Paschali
2382 488 2863 549 praesumptuosam
2907 454 3308 550 inquisitionem
3346 481 3486 536 na“-

233 596 417 648 ucstra
469 600 663 658 passus
703 592 789 638 est
833 582 1026 646 salute,
1071 578 1423 650 praedixisset,
1470 576 1574 630 hoc
1599 585 1814 643 quoque

234 677 426 748 adjecit
456 691 473 728 :
516 672 918 729 Generationem
947 671 1061 742 ejus
1085 670 1202 741 quis
1221 667 1486 724 enarrabit
1513 663 1667 734 (Isai.
1693 679 1812 729 Llll,

233 770 331 839 8)?
367 768 573 822 Beatus
609 777 827 834 quoque
869 761 1112 831 Baptista
1161 758 1396 814 Joannes
1425 771 1485 811 se
1539 753 1814 824 indignum
1859 813 1876 832 Ι

232 865 464 912 testatus
521 862 608 910 est
655 852 869 908 solvere
931 849 1223 918 corrigiam
1284 845 1637 902 calceamenti
1695 843 1814 912 ejus

234 950 425 1021 (Marc.
461 963 502 1011 ι,
532 944 610 1014 7).
651 942 804 1010 Quod
825 943 1018 996 beatus
1043 938 1339 1009 Gregorius
1371 938 1424 991 in
1450 933 1688 990 homiliis
1703 932 1815 988 suis

231 1045 302 1095 ita
340 1036 702 1108 exposuitn:
748 1050 768 1082 α
814 1030 926 1087 Sed
963 1028 1140 1098 huius,
1188 1027 1384 1096 inquit,
1429 1023 1816 1080 incarnationis

234 1127 554 1199 mysterium
582 1124 852 1178 humanus
877 1118 1064 1175 oculus
1088 1124 1374 1187 penetrare
1415 1129 1523 1168 non
1569 1111 1771 1167 sufﬁcit
1798 1128 1811 1163 :

231 1214 548 1287 investigari
573 1213 720 1268 enim
738 1209 1046 1264 nullatenus
1073 1213 1272 1277 potest,
1316 1203 1587 1275 quomodo
1625 1216 1818 1271 corpo-

232 1317 378 1363 ratur
405 1304 676 1367 Verbum,
703 1300 973 1371 quomodo
1010 1313 1252 1354 summus
1273 1305 1329 1352 et
1368 1295 1672 1352 viviﬁcator
1697 1293 1819 1363 Spi-

231 1400 366 1453 ritus
385 1397 538 1450 intra
566 1401 784 1448 uterum
811 1391 1003 1446 matris
1029 1389 1320 1453 animatur,
1356 1387 1625 1456 quomodo
1651 1386 1697 1440 is
1725 1385 1816 1454 qui

234 1489 448 1542 initium
473 1500 586 1539 non
628 1484 811 1548 habet,
839 1489 894 1536 et
932 1480 1112 1535 existit
1138 1487 1194 1535 et
1221 1479 1541 1548 concipitur.
1571 1475 1816 1546 Corrigia

234 1593 362 1649 ergo
383 1574 740 1632 calceamenti
762 1580 844 1628 est
880 1571 1111 1643 ligatura
1150 1570 1414 1640 mysterii.
1446 1567 1681 1623 Joannes
1708 1567 1814 1621 ita-

235 1685 336 1740 que
357 1666 653 1736 corrigiam
700 1658 1048 1717 calceamenti
1073 1659 1282 1714 solvere
1328 1673 1435 1712 non
1478 1656 1645 1721 valet,
1689 1655 1816 1724 quia

236 1756 625 1816 incarnationis
653 1750 969 1823 mysterium
991 1762 1092 1803 nec
1113 1749 1227 1817 ipse
1249 1747 1575 1816 investigare
1597 1742 1812 1808 sullicit,

1912 567 2097 622 vitatis
2119 567 2318 624 Christi
2347 570 2432 624 his
2455 571 2634 625 verbis
2663 571 2992 641 compescuit
3018 582 3040 611 ο
3071 585 3087 625 :
3117 588 3137 622 ι
3172 569 3272 638 Qui
3298 570 3487 641 igitur,

1912 655 2010 721 ait,
2049 657 2320 726 paschalis
2355 659 2532 728 gaudii
2559 659 2950 714 solemnitatem
2977 659 3250 716 celebrare
3277 661 3486 717 deside-

1912 759 2019 818 rat,
2050 767 2244 823 agnum
2270 766 2370 806 nec
2398 767 2534 820 aqua
2567 759 2785 820 coquat,
2821 765 2923 806 nec
2949 749 3176 806 crudum
3199 749 3483 804 comedat:

1911 850 1974 898 ut
2017 856 2191 912 neque
2226 857 2322 912 per
2368 829 2657 895 humanam
2704 841 3020 911 sapientiam
3062 838 3485 910 profunditatem

1913 935 2299 992 incarnationis
2327 935 2469 989 illius
2498 942 2782 1004 penetrare
2819 941 3061 1004 appetat;
3090 947 3263 1004 neque
3286 934 3341 988 in
3363 948 3485 989 eum

1914 1033 2170 1098 tanquam
2201 1027 2255 1081 in
2287 1026 2558 1081 hominem
2589 1041 2784 1094 purum
2813 1026 3029 1092 credat;
3061 1025 3156 1081 sed
3185 1041 3337 1081 assas
3364 1025 3489 1096 igne

1914 1131 2106 1172 carnes
2133 1117 2398 1181 comedat,
2436 1123 2498 1169 ut
2520 1115 2817 1184 dispensari
2845 1115 3025 1169 omnia
3052 1129 3151 1184 per
3175 1115 3345 1169 sancti
3369 1113 3489 1184 Spi-

1916 1209 2054 1264 ritus
2077 1208 2370 1277 potentiam
2396 1208 2550 1262 sciat.
2581 1226 2600 1258 ι
2631 1207 2698 1260 Et
2720 1205 2878 1275 paulo
2907 1213 3026 1276 post
3053 1222 3065 1257 :
3101 1222 3120 1255 ‹
3141 1203 3212 1258 Et
3237 1205 3376 1275 quod
3409 1219 3488 1256 re.

1914 1298 2189 1362 manserit,
2223 1297 2333 1365 igni
2373 1296 2681 1348 comburetis
2726 1293 2921 1364 (Exod.
2961 1311 3056 1357 xu,
3097 1292 3207 1361 10).
3243 1293 3396 1359 Quod
3421 1309 3489 1348 ex

1917 1401 2056 1457 agno
2085 1396 2347 1450 remanet,
2378 1386 2486 1454 igni
2527 1385 2912 1450 comburimus,
2941 1383 3152 1454 quando
3195 1385 3316 1448 hoc,
3345 1383 3490 1452 quod

1915 1477 1984 1534 de
2018 1477 2402 1532 incarnationis
2445 1477 2560 1546 ejus
2601 1475 2858 1547 mysterio
2901 1475 3199 1545 intelligere
3243 1483 3297 1529 et
3323 1490 3488 1544 pene-

1913 1573 2062 1622 trare
2089 1582 2196 1620 non
2220 1581 2523 1636 possumus,
2547 1565 2800 1634 potestati
2824 1565 2994 1620 sancti
3023 1564 3252 1633 Spiritus
3278 1564 3492 1618 humili-

1914 1663 2003 1716 ter
2048 1671 2388 1712 reservamus
2419 1675 2431 1710 :
2461 1664 2521 1710 ut
2565 1671 2674 1710 non
2723 1656 2954 1725 superbe
3002 1655 3123 1724 quis
3169 1655 3364 1709 audeat
3406 1653 3492 1709 vel

1915 1755 2257 1804 contemnere
2283 1747 2368 1803 vel
2401 1747 2738 1816 denuntiare,
2765 1747 2908 1817 quod
2949 1762 3059 1802 non
3099 1746 3362 1816 intelligit,
3399 1746 3493 1801 sed

234 1854 324 1924 qui
356 1853 498 1906 hanc
529 1863 628 1919 per
658 1819 954 1916 prophetia:
994 1840 1240 1911 spiritum
1290 1839 1527 1908 agnovit.
1563 1837 1704 1904 Quid
1731 1843 1816 1891 est
1843 1819 1892 1882 Β
1916 1838 2022 1893 hoc
2050 1838 2162 1907 igni
2193 1839 2447 1894 traditum
2481 1836 2560 1910 [S.
2593 1837 2775 1909 Greg.,
2809 1838 2921 1909 igni
2946 1835 3132 1910 tradit]
3157 1853 3279 1893 cum
3308 1845 3494 1893 sancto

235 1959 362 2014 ergo
383 1943 590 2004 dicere,
639 1953 743 1992 non
771 1950 888 1990 sum
915 1933 1104 2004 dignus
1154 1930 1351 1986 coluere
1390 1931 1673 2001 corrigiam
1707 1927 1816 1983 cal-

236 2035 490 2088 ceamenti
547 2033 681 2101 ejus,
721 2025 829 2081 nisi
859 2030 1045 2093 aperte
1069 2029 1126 2077 et
1162 2021 1444 2076 humiliter
1480 2035 1633 2074 suam
1663 2018 1816 2088 igno-

237 2125 468 2178 rantiam
519 2116 808 2176 conﬁteri?
857 2113 937 2168 Ac
965 2113 1012 2168 si
1045 2119 1294 2183 patenter
1318 2111 1464 2166 dicat
1494 2127 1508 2164 :
1547 2108 1686 2176 Quid
1713 2107 1815 2162 mi-

236 2231 372 2280 rum,
397 2214 447 2269 si
475 2211 614 2267 mihi
640 2209 725 2264 ille
740 2206 994 2279 pralatus
1021 2212 1125 2267 est,
1153 2217 1314 2272 quem
1343 2208 1464 2271 post
1491 2215 1577 2255 me
1596 2199 1814 2270 quidem

236 2314 426 2360 natum
457 2301 759 2365 considero,
796 2297 893 2354 sed
921 2295 1219 2351 nativitatis
1247 2291 1562 2364 mysterium
1585 2305 1693 2346 non
1714 2305 1812 2361 ap-

239 2393 566 2466 prehendo?
597 2411 618 2445 ι

306 2483 373 2539 γ.
428 2482 795 2553 Hieronymus
845 2491 1059 2551 quoque
1113 2476 1302 2531 doctor
1355 2472 1503 2532 omni
1559 2469 1814 2526 Ecclesiae

241 2573 435 2630 Christi
463 2571 802 2628 honorabilis
829 2570 883 2625 in
909 2568 1242 2639 expositione
1269 2562 1604 2635 nonagesimi
1629 2560 1810 2617 octavi

244 2665 436 2721 Psalmi
472 2662 650 2736 (Psal.
679 2677 871 2727 xcvm,
902 2660 1012 2732 15),
1049 2661 1190 2714 hanc
1223 2657 1627 2730 generationem
1656 2651 1816 2707 Chri-

243 2764 310 2812 sti
352 2772 410 2810 se
456 2754 683 2810 omnino
736 2753 1009 2824 ignorare,
1047 2765 1155 2804 non
1207 2746 1423 2803 erubuit
1469 2742 1710 2815 profiteri
1738 2741 1810 2795 δε

249 2866 267 2897 ι
304 2847 514 2910 Videte,
562 2844 756 2913 inquit,
793 2856 955 2912 quam
982 2855 1096 2895 rem
1139 2840 1363 2895 audeam
1389 2836 1532 2905 loqui
1561 2852 1576 2890 ;
1604 2835 1716 2904 Ego
1741 2834 1815 2888 ita

244 2936 378 2992 adeo
392 2934 543 3007 [Ms.,
561 2930 753 3005 adoro]
772 2930 1085 2996 scabellum,
1099 2931 1241 3000 quod
1256 2929 1526 2998 quondam
1541 2925 1660 2990 fuit,
1677 2925 1819 2980 sicut

244 3031 517 3084 thronum.
567 3026 638 3080 Et
682 3026 728 3081 si
763 3025 906 3080 enim
946 3037 1266 3079 noveramus
1305 3019 1578 3076 Christum
1621 3029 1816 3071 secun—

246 3118 369 3172 dum
398 3131 646 3182 carnem,
671 3116 792 3188 [sed
823 3115 938 3184 jam
964 3129 1071 3169 non
1101 3112 1348 3168 novimus
1375 3125 1497 3164 eum
1523 3108 1815 3163 secundum

245 3225 458 3266 carnem
490 3207 576 3281 (ll
607 3205 734 3262 Cor.
762 3223 816 3272 v,
849 3206 937 3277 16)
966 3203 1006 3277 ].
1044 3202 1304 3258 Habuerit
1354 3197 1493 3255 forte
1529 3197 1818 3253 scabellum

217 3312 362 3359 ‘ante
411 3311 668 3366 mortem,
725 3307 850 3355 ante
900 3297 1368 3359 resurrectionem,
1409 3290 1572 3363 815
1607 3289 1820 3360 quando

250 3395 624 3455 mandueabat,
655 3391 871 3462 quando
894 3389 1129 3452 bibebat,
1173 3385 1386 3456 quando
1414 3389 1626 3438 nostros
1645 3380 1818 3449 patie-

249 3485 401 3540 batur
419 3483 690 3549 allectus;
731 3489 1018 3552 postquam
1050 3492 1180 3532 vero
1203 3474 1520 3538 resurrexit,
1549 3479 1604 3526 et
1625 3470 1693 3525 ad
1717 3485 1821 3524 cm-

250 3577 322 3634 los
343 3578 526 3632 victor
550 3573 817 3638 ascendit,
848 3585 947 3640 ego
981 3584 1088 3624 non
1103 3567 1355 3650 'intelligo
1413 3564 1578 3618 alium
1624 3560 1817 3616 seden-

253 3676 372 3733 tem,
398 3675 456 3720 et
479 3665 648 3719 alium
677 3661 992 3726 scabellum,
1025 3658 1120 3714 sed
1149 3664 1318 3712 totum
1349 3655 1405 3710 in
1432 3653 1650 3708 Christo
1672 3651 1822 3706 thro-

254 3773 344 3812 nus
367 3765 472 3812 est.
518 3753 725 3822 Quzerit
769 3759 822 3807 et
869 3751 1039 3806 dicit:
1071 3747 1270 3816 Quare,
1318 3745 1402 3801 vel
1432 3743 1637 3815 quare?
1680 3742 1824 3810 Quo-

259 3847 408 3902 modo
443 3848 532 3909 sit,
565 3844 774 3908 nescio,
803 3849 858 3897 et
894 3849 1070 3895 tamen
1099 3838 1261 3894 credo
1290 3834 1433 3905 quod
1455 3834 1544 3888 sit.
1594 3831 1823 3886 Mirarer

257 3933 684 4009 [Hs.,miraris],
704 3933 751 3990 si
769 3933 1006 4003 ignorem
1032 3927 1327 3984 divinitatis
1347 3923 1680 3996 mysterium,
1699 3937 1822 3977 cum

254 4029 510 4098 meipsum
543 4025 803 4080 nesciam.
868 4022 1170 4092 Interrogas
1205 4033 1292 4074 me
1335 4015 1634 4087 quomodo,
1681 4012 1824 4082 quod

252 4123 338 4187 sit,
367 4131 425 4178 et
447 4119 706 4176 divinitas
726 4123 782 4171 et
807 4113 1109 4170 incarnatio
1153 4125 1293 4166 unus
1314 4109 1385 4165 sit
1411 4106 1564 4180 [δίδη
1592 4119 1821 4175 quomo-

251 4213 320 4267 do
348 4223 404 4266 et
433 4209 686 4266 divinitas
705 4215 761 4262 et
787 4206 1091 4261 incarnatio
1120 4217 1285 4258 unum
1309 4199 1423 4272 sit],
1454 4213 1576 4254 cum
1605 4211 1706 4268 ego
1733 4209 1827 4249 ne-

250 4304 452 4367 sciam,
491 4301 752 4371 quomodo
773 4299 970 4354 vivam.
989 4297 1158 4353 Deum
1178 4293 1506 4351 intellexisse
1531 4289 1825 4347 credidisse

250 4406 381 4463 est;
416 4395 589 4450 Deum
625 4407 777 4449 nosse
817 4392 1086 4448 honorare
1109 4396 1212 4444 est.
1267 4383 1478 4440 Sulllcit
1526 4382 1660 4437 mihi
1685 4381 1826 4436 scire

1916 1927 2121 1999 Spiritu
2148 1938 2406 1985 reservat.
2438 1949 2458 1982 ι
2487 1930 2581 1986 llis
2606 1938 2662 1984 et
2689 1929 2996 2000 hujusmodi
3025 1927 3346 1984 testimoniis
3372 1941 3494 1981 san-

1913 2028 2125 2076 ctorum
2153 2021 2396 2087 Patrum,
2421 2022 2655 2076 humana
2679 2021 2954 2076 humilitas
2980 2020 3212 2089 seipsam
3243 2026 3494 2074 coerceat

1914 2111 2055 2166 intra
2085 2111 2373 2166 terminum
2405 2109 2605 2164 moduli
2633 2110 2737 2174 sui,
2764 2108 3170 2178 Salvatorisque
3195 2107 3366 2163 nostri
3395 2105 3497 2164 mi-

1914 2203 2142 2258 rabilem
2208 2202 2546 2258 nativitatem
2604 2200 2858 2256 humanis
2915 2198 3234 2255 ratiunculis
3287 2196 3496 2252 desinat

1913 2293 2204 2356 aestimare,
2242 2306 2342 2346 nec
2366 2291 2488 2362 plus
2514 2303 2702 2361 sapere
2729 2297 2938 2360 quaerat
2973 2303 3134 2360 quam
3162 2294 3373 2357 oportet
3400 2301 3493 2340 sa-

1911 2396 2063 2453 pere.
2087 2381 2390 2451 Audiatque
2431 2379 2816 2450 sapientissimi
2863 2377 3164 2434 Salomonis
3207 2375 3492 2430 consilium

1915 2473 2180 2529 dicentis:
2208 2471 2412 2526 Altiora
2449 2481 2499 2526 te
2536 2488 2602 2526 ne
2641 2471 2931 2543 quwsicris,
2973 2478 3022 2524 et
3056 2467 3399 2540 profundiora
3427 2481 3491 2520 ne

1913 2564 2158 2618 scruteris
2194 2561 2381 2634 (Eccli.
2427 2578 2513 2628 iii,
2560 2560 2674 2631 22).
2719 2560 2968 2630 Opponat
3013 2571 3226 2627 quoque
3275 2555 3493 2610 sibimet

1916 2657 2075 2712 aliam
2103 2655 2342 2726 ejusdem
2369 2653 2710 2717 sententiam,
2741 2668 2848 2723 qua
2887 2649 3084 2707 terruit
3109 2652 3494 2718 praesumptuo-

1915 2763 2032 2804 sam
2074 2748 2321 2802 humanae
2350 2745 2684 2800 inlirmitatis
2711 2743 3090 2800 temeritatem.
3119 2738 3222 2804 Qui
3253 2735 3495 2801 multum,

1917 2839 2012 2904 ait,
2040 2837 2141 2893 me!
2166 2837 2409 2902 comedit,
2450 2853 2554 2891 non
2588 2845 2664 2890 est
2702 2835 2750 2888 ei
2793 2835 2983 2888 bonum
3009 2839 3097 2886 :et
3121 2829 3210 2901 qui
3238 2837 3500 2883 scrutator

1917 2939 1993 2984 est
2019 2929 2314 3000 majestatis
2337 2927 2648 2998 apprimitur
2677 2943 2708 2979 α
2737 2923 2904 2995 gloria
2930 2922 3111 2995 (Prov.
3146 2935 3272 2983 xxv,
3302 2916 3410 2990 16).
3441 2916 3499 2973 Si

1918 3025 2120 3073 nostra:
2139 3017 2362 3087 originis
2380 3016 2652 3085 patienter
2676 3012 2946 3068 nescimus
2974 3007 3333 3072 nativitatem,
3367 3022 3500 3076 quo-

1921 3110 2081 3166 modo
2127 3109 2306 3163 anima
2355 3109 2410 3162 in
2463 3115 2618 3162 utero
2667 3103 2856 3159 matris
2905 3099 3256 3156 tenerrimam
3305 3105 3501 3151 nostra:

1847 3161 1893 3224 Ο
1923 3201 2102 3258 carnis
2122 3199 2479 3255 substantiam
2503 3195 2736 3251 viviﬁcet
2757 3208 2772 3248 :
2791 3199 2990 3263 quanto
3017 3188 3190 3260 magis
3205 3187 3302 3241 Dei
3327 3186 3504 3241 omni-

1921 3291 2157 3363 potentis
2183 3290 2541 3358 humanazque
2585 3293 2789 3340 naturae
2818 3279 3141 3337 incll'abilem
3168 3274 3500 3346 conjunctio-

1923 3400 2047 3440 nem
2081 3398 2179 3438 nos
2214 3381 2359 3436 nullo
2406 3380 2562 3434 modo
2602 3374 3057 3447 comprehendere
3091 3385 3272 3444 posse,
3303 3368 3389 3426 vel
3419 3369 3502 3424 in-

1923 3475 2163 3545 telligere
2192 3473 2465 3528 fatendum
2489 3471 2603 3526 est?
2627 3469 2770 3523 Deus
2794 3475 2994 3531 autem,
3022 3463 3289 3535 quomodo
3313 3461 3503 3526 voluit,

1921 3573 1976 3621 et
1995 3564 2210 3636 quando
2233 3563 2422 3627 voluit,
2449 3571 2503 3616 et
2533 3576 2601 3616 ex
2631 3573 2736 3630 qua
2762 3556 2954 3622 voluit,
2986 3553 3204 3610 advenit
3250 3553 3306 3607 in
3348 3565 3505 3605 mun-

1923 3656 2074 3718 dum,
2108 3668 2208 3708 nec
2251 3659 2460 3720 tempus
2497 3650 2570 3715 ei,
2611 3663 2712 3703 nec
2753 3661 3002 3718 persona,
3038 3659 3140 3699 nec
3173 3638 3505 3698 consuetudo

1924 3748 2224 3810 hominum,
2269 3759 2369 3799 nec
2401 3742 2645 3812 exempla
2689 3756 2872 3795 rerum
2906 3736 3340 3807 prmjudicarunt,
3374 3730 3504 3800 quin

1923 3840 2105 3896 minus
2149 3844 2293 3892 esset
2318 3837 2460 3904 quod
2489 3834 2677 3889 voluit.
2707 3831 2844 3884 Nam
2869 3829 3133 3883 obsistere
3170 3825 3218 3879 ei
3262 3823 3349 3876 lex
3389 3836 3497 3876 non

1923 3929 2096 3999 potuit
2119 3931 2512 3987 creaturarum,
2546 3920 2637 3989 qui
2662 3925 2746 3974 est
2772 3914 3125 3982 creatoripse
3160 3917 3496 3966 cunctorum.

1926 3996 1998 4076 IJt
2026 4023 2225 4088 posset,
2263 4015 2404 4085 quod
2430 4011 2615 4073 voluit,
2655 4013 2960 4079 promptum
3002 4002 3079 4058 illi
3124 4012 3336 4070 semper
3374 3996 3500 4062 fuit,

1925 4113 2050 4182 quia
2091 4117 2330 4180 potestas
2355 4105 2526 4163 adfuit
2560 4099 2842 4157 voluntati.
2874 4096 2918 4153 Ο
2960 4097 3125 4151 homo
3157 4100 3215 4148 tu
3263 4091 3385 4163 quis
3421 4106 3502 4154 es,

1927 4179 2019 4274 qui
2061 4179 2388 4272 respondeas
2429 4195 2574 4252 Deo?
2619 4189 2869 4262 Nunquid
2910 4187 3082 4258 legem
3129 4179 3502 4274 imponesilli,

1927 4270 2018 4362 qui
2041 4299 2126 4346 est
2150 4270 2237 4346 lex
2265 4285 2650 4349 univcrsitatis,
2681 4283 2805 4353 quia
2835 4278 3011 4336 omnis
3043 4283 3293 4332 creatura
3317 4270 3506 4327 volun-

1928 4383 2028 4437 tati
2053 4381 2198 4436 illins
2225 4376 2464 4445 subjecta
2491 4375 2606 4431 est?

253 4451 399 4558 quod
429 4483 690 4555 scriptum
715 4490 838 4549 est;
870 4478 1064 4537 sullicit
1091 4478 1222 4533 mihi
1273 4475 1414 4531 scire
1447 4473 1589 4545 quod
1617 4471 1778 4528 credo
1806 4489 1818 4525 :
1851 4504 1903 4566 ο
2003 4471 2109 4528 VII.
2153 4467 2260 4524 Sed
2305 4467 2461 4532 dicis,
2491 4473 2553 4520 ut
2593 4467 2648 4518 in
2687 4461 2794 4516 tuis
2842 4460 3037 4531 legitur
3084 4455 3302 4522 litteris,
3331 4472 3349 4505 ι
3381 4451 3506 4522 quia

253 4579 374 4647 plus
400 4583 584 4630 autem
615 4587 714 4631 nec
759 4572 901 4639 volo,
955 4585 1055 4626 nec
1086 4568 1260 4638 cupio.
1295 4566 1353 4621 Si
1378 4565 1524 4622 enim
1549 4563 1690 4619 scire
1725 4576 1822 4616 vo-

255 4668 427 4733 luero,
469 4675 525 4723 et
563 4667 666 4722 hoc
712 4664 911 4735 incipio
957 4661 1199 4733 perdere,
1233 4657 1374 4730 quod
1406 4657 1605 4713 credo:
1640 4653 1826 4709 ﬁdeles

255 4763 508 4827 dicimur,
544 4776 652 4816 non
679 4757 968 4814 rationales
995 4755 1147 4828 [Ms.,
1179 4751 1560 4823 ratiocinales].
1591 4749 1830 4818 Denique

253 4853 457 4909 dicitur
484 4859 542 4906 et
565 4865 596 4904 a
620 4849 847 4906 Domino
869 4875 882 4902 .
934 4845 1144 4910 Credis,
1191 4843 1334 4913 quod
1358 4857 1458 4912 ego
1481 4855 1700 4911 possum
1727 4837 1826 4892 hoc

253 4941 439 4998 facere
462 4941 486 4996 ?
514 4939 583 4994 Et
611 4939 808 4996 dicitur
829 4937 896 4993 ad
915 4935 1192 4991 mulierem
1222 4952 1234 4987 :
1266 4931 1428 4986 Fides
1449 4941 1538 4984 tua
1560 4939 1608 4983 te
1632 4927 1828 4983 salvam

254 5033 381 5102 fecit
409 5029 628 5104 (Manli.
655 5045 732 5096 ix,
760 5027 876 5101 22),
905 5041 1012 5082 non
1051 5023 1209 5088 ratio,
1252 5037 1359 5077 non
1401 5017 1698 5090 inquisitio,
1723 5033 1830 5072 non

252 5136 447 5191 quare,
479 5120 566 5176 vel
595 5135 763 5190 quare
809 5117 1006 5173 factum
1051 5117 1140 5172 sit.
1172 5113 1431 5178 Credidit,
1483 5110 1608 5181 quia
1656 5109 1832 5174 ﬁeret,

250 5222 311 5267 et
339 5211 544 5266 factum
569 5221 654 5266 est
683 5208 836 5283 μὴ,
865 5216 920 5263 et
952 5207 1154 5262 factum
1177 5213 1262 5260 est
1295 5203 1420 5274 quia
1449 5200 1719 5273 credidit].
1757 5221 1776 5254 ι

337 5300 423 5355 Vl.
447 5300 623 5356 Simili
643 5299 801 5354 modo
824 5305 878 5353 et
902 5295 1152 5368 praefatus
1171 5294 1332 5349 Pater
1351 5291 1642 5362 Gregorius
1664 5292 1718 5346 in
1742 5290 1839 5344 ho-

329 5489 360 5517 ι
408 5473 465 5528 S.
495 5473 684 5555 Greg.,
704 5457 866 5554 .hom.
897 5471 928 5524 7
959 5470 1013 5524 in
1043 5468 1245 5592 Επιηῆ
1665 5511 1675 5515 -

329 5546 364 5586 δ
406 5543 466 5592 S.
498 5544 674 5592 Ηιειι..
702 5558 758 5592 ιη
805 5540 938 5592 nsal.
987 5553 1172 5592 xcvm.
1247 5534 1399 5592 erba.
1443 5546 1562 5592 quae
1591 5530 1675 5585 hoc

327 5546 364 5586 δ
406 5527 466 5599 S.
497 5527 683 5607 Hier)",
702 5542 758 5596 in
805 5540 938 5610 psal.
987 5527 1696 5610 xcvm.Verba,nquae_hoc
1723 5527 1840 5610 loco

245 5615 328 5672 ab
345 5597 594 5671 Alcuino
618 5597 951 5672 referuntur,
975 5624 1078 5662 non
1104 5612 1318 5660 exstant
1347 5597 1399 5657 in
1419 5597 1702 5672 Breviario
1724 5597 1844 5654 vul-

251 5668 398 5760 ᾇίο
425 5668 484 5738 S.
506 5668 844 5760 Hieronymi.
865 5668 1105 5760 _Eitstant
1128 5689 1257 5728 vero
1281 5668 1842 5760 inuvetustissiamonco-

253 5734 393 5812 ῧῖέξ
419 5734 1010 5810 ξέέίῖίδῖὺιίοῑιιεςω
1057 5742 1370 5801 monasterii
1420 5739 1590 5795 nostri
1619 5736 1677 5792 S.
1713 5734 1843 5789 Em-

1929 4562 2076 4619 nullo
2101 4559 2260 4615 modo
2286 4556 2612 4614 credendum
2646 4560 2744 4614 est,
2770 4560 2831 4605 ut
2862 4550 3203 4618 omnipotens
3240 4546 3382 4600 Deus
3404 4543 3509 4598 Pa-

1929 4662 2034 4718 ter,
2059 4653 2152 4721 qui
2175 4649 2398 4720 spiritus
2427 4654 2530 4710 est,
2561 4642 2628 4697 de
2649 4641 2938 4708 semetipso
2965 4650 3186 4692 carnem
3215 4640 3456 4704 generet.
3481 4651 3499 4683 ι

1929 4742 2047 4806 Dic,
2080 4755 2232 4810 rogo,
2261 4739 2307 4793 si
2338 4737 2478 4791 scias
2518 4741 2572 4786 te
2602 4731 2838 4786 animam
2864 4728 3083 4791 habere,
3114 4741 3183 4781 an
3211 4725 3351 4781 non?
3378 4723 3511 4780 Nul-

1931 4833 2144 4888 latenus
2172 4835 2323 4883 tanta
2357 4833 2442 4881 est
2466 4821 2766 4894 ignorantia
2792 4821 2846 4874 in
2880 4827 2954 4884 te,
2978 4827 3037 4874 ut
3077 4819 3288 4874 nescias
3312 4825 3365 4873 te
3393 4815 3511 4868 ani-

1931 4937 2078 4979 mam
2118 4921 2338 4976 habere.
2373 4914 2490 4970 Scis
2526 4913 2688 4968 etiam
2725 4917 2933 4982 patrem
2962 4916 3016 4965 te
3041 4908 3292 4964 habuisse
3311 4917 3506 4962 carna-

1932 5013 2061 5076 lem,
2087 5025 2154 5065 ex
2196 5005 2349 5076 cujus
2384 5017 2546 5058 carne
2582 5001 2778 5065 anima,
2809 5014 2929 5070 quae
2964 5006 3048 5054 est
3080 4997 3137 5052 in
3174 5005 3249 5062 te,
3287 5007 3394 5048 non
3427 4998 3512 5047 est

1933 5107 2243 5173 procreata,
2272 5112 2373 5152 nec
2401 5101 2673 5165 generata,
2705 5100 2766 5147 ut
2785 5091 3050 5148 catholica
3072 5089 3206 5143 ﬁdes
3233 5087 3414 5141 habet.
3441 5083 3512 5139 Et

1938 5189 2206 5262 quomodo
2229 5193 2409 5256 potest
2433 5183 2572 5249 ﬁeri,
2613 5191 2675 5238 ut
2716 5191 2773 5237 tu
2797 5182 2910 5251 ipse
2934 5188 3080 5236 totus
3112 5177 3188 5231 sis
3231 5175 3308 5229 tui
3339 5174 3510 5244 patris

1939 5282 2190 5354 praprius
2231 5278 2374 5333 ﬁlius
2401 5285 2456 5332 et
2482 5290 2664 5342 verus,
2693 5289 2761 5329 ex
2794 5271 2944 5340 cujus
2987 5281 3151 5325 carne
3195 5275 3286 5321 tua
3330 5265 3510 5321 anima

1940 5456 2188 5520 merami,
2213 5459 2397 5508 notato
2425 5463 2574 5505 num.
2611 5446 2758 5520 _i34._
2801 5442 2902 5520 Qui
2945 5439 3189 5520 continet
3214 5443 3508 5520 tractatum

1942 5504 2440 5583 ﬁé'r's'iu’e'éi'd'éib’
2479 5517 2696 5572 nomine
2727 5514 2786 5569 S.
2811 5504 3164 5582 wHieronymi,
3217 5507 3276 5562 in
3321 5504 3509 5561 multis

1944 5599 2012 5652 ab
2035 5594 2202 5649 editis
2229 5589 2582 5646 dill‘erentem.
2636 5651 2644 5652 ί
2705 5648 2761 5652 η
2795 5647 2807 5652 _
2881 5645 2924 5652 _
3025 5632 3033 5641 .

2017 5645 2334 5732 c'fS—Icreg.
2366 5658 2460 5726 ιι,
2484 5651 2673 5712 homil.
2697 5648 2771 5706 ες
2791 5647 2851 5706 in
2881 5645 3111 5719 Evang.,
3136 5659 3287 5704 num.
3313 5645 3371 5702 8.
