  <div class='ocr_page' id='page_1' title='image "/cluster/home/n/w/nwhite01/storage/ocr_20150623/101/hvd.32044054759683/089.png"; bbox 0 0 3906 6186; ppageno 0'>
   <div class='ocr_carea' id='block_1_1' title="bbox 383 342 476 399">
    <p class='ocr_par' dir='ltr' id='par_1_1' title="bbox 383 342 476 399">
     <span class='ocr_line' id='line_1_1' title="bbox 383 342 476 399; baseline -0.022 0"><span class='ocrx_word' id='word_1_1' title='bbox 383 342 476 399; x_wconf 77' lang='grc'><strong>167</strong></span> 
     </span>
    </p>
   </div>
   <div class='ocr_carea' id='block_1_2' title="bbox 1227 340 2772 400">
    <p class='ocr_par' dir='ltr' id='par_1_2' title="bbox 1227 340 2772 400">
     <span class='ocr_line' id='line_1_2' title="bbox 1227 340 2772 400; baseline 0.001 -4"><span class='ocrx_word' id='word_1_2' title='bbox 1227 341 1287 397; x_wconf 89' lang='lat' dir='ltr'><strong>B.</strong></span> <span class='ocrx_word' id='word_1_3' title='bbox 1324 341 1385 397; x_wconf 88' lang='lat' dir='ltr'><strong>F.</strong></span> <span class='ocrx_word' id='word_1_4' title='bbox 1421 342 1646 397; x_wconf 81' lang='lat' dir='ltr'><strong>ALBINI</strong></span> <span class='ocrx_word' id='word_1_5' title='bbox 1687 340 1820 399; x_wconf 78' lang='lat' dir='ltr'><strong>SEU</strong></span> <span class='ocrx_word' id='word_1_6' title='bbox 1851 342 2125 399; x_wconf 83' lang='lat' dir='ltr'><strong>ALCUINI</strong></span> <span class='ocrx_word' id='word_1_7' title='bbox 2157 342 2439 400; x_wconf 79' lang='lat' dir='ltr'><strong>OPERUM</strong></span> <span class='ocrx_word' id='word_1_8' title='bbox 2474 343 2652 400; x_wconf 82' lang='lat' dir='ltr'><strong>PARS</strong></span> <span class='ocrx_word' id='word_1_9' title='bbox 2686 344 2772 400; x_wconf 85' lang='lat' dir='ltr'><strong>ill.</strong></span> 
     </span>
    </p>
   </div>
   <div class='ocr_carea' id='block_1_3' title="bbox 3524 350 3625 409">
    <p class='ocr_par' dir='ltr' id='par_1_3' title="bbox 3524 350 3625 409">
     <span class='ocr_line' id='line_1_3' title="bbox 3524 350 3625 409; baseline 0.05 -5"><span class='ocrx_word' id='word_1_10' title='bbox 3524 350 3625 409; x_wconf 68' lang='grc'><strong>168</strong></span> 
     </span>
    </p>
   </div>
   <div class='ocr_carea' id='block_1_4' title="bbox 374 454 3625 533">
    <p class='ocr_par' dir='ltr' id='par_1_4' title="bbox 374 454 3625 533">
     <span class='ocr_line' id='line_1_4' title="bbox 374 454 3625 533; baseline 0.001 -17"><span class='ocrx_word' id='word_1_11' title='bbox 374 476 480 516; x_wconf 89' lang='lat' dir='ltr'><strong>non</strong></span> <span class='ocrx_word' id='word_1_12' title='bbox 510 468 592 515; x_wconf 88' lang='lat' dir='ltr'><strong>est</strong></span> <span class='ocrx_word' id='word_1_13' title='bbox 620 458 904 529; x_wconf 78' lang='lat' dir='ltr'><strong>generata?</strong></span> <span class='ocrx_word' id='word_1_14' title='bbox 922 457 991 512; x_wconf 84' lang='lat' dir='ltr'><strong>At</strong></span> <span class='ocrx_word' id='word_1_15' title='bbox 1012 458 1056 512; x_wconf 99' lang='lat' dir='ltr'><strong>si</strong></span> <span class='ocrx_word' id='word_1_16' title='bbox 1083 458 1311 527; x_wconf 86' lang='lat' dir='ltr'><strong>teipsum</strong></span> <span class='ocrx_word' id='word_1_17' title='bbox 1330 457 1637 511; x_wconf 75' lang='lat' dir='ltr'><strong>consentias</strong></span> <span class='ocrx_word' id='word_1_18' title='bbox 1660 455 1936 526; x_wconf 89' lang='lat' dir='ltr'><strong>proprium</strong></span> <span class='ocrx_word' id='word_1_19' title='bbox 1968 458 2012 515; x_wconf 84' lang='lat' dir='ltr'><strong>A</strong></span> <span class='ocrx_word' id='word_1_20' title='bbox 2041 470 2139 526; x_wconf 86' lang='lat' dir='ltr'><strong>pos</strong></span> <span class='ocrx_word' id='word_1_21' title='bbox 2158 465 2245 511; x_wconf 91' lang='lat' dir='ltr'><strong>est</strong></span> <span class='ocrx_word' id='word_1_22' title='bbox 2266 454 2443 510; x_wconf 90' lang='lat' dir='ltr'><strong>Patris</strong></span> <span class='ocrx_word' id='word_1_23' title='bbox 2469 456 2761 511; x_wconf 88' lang='lat' dir='ltr'><strong>secundum</strong></span> <span class='ocrx_word' id='word_1_24' title='bbox 2788 457 3175 513; x_wconf 71' lang='lat' dir='ltr'><strong>humanitatem</strong></span> <span class='ocrx_word' id='word_1_25' title='bbox 3197 457 3469 526; x_wconf 75' lang='lat' dir='ltr'><strong>Christus,</strong></span> <span class='ocrx_word' id='word_1_26' title='bbox 3496 464 3625 533; x_wconf 83' lang='lat' dir='ltr'><strong>quia</strong></span> 
     </span>
    </p>
   </div>
   <div class='ocr_carea' id='block_1_5' title="bbox 373 545 1944 616">
    <p class='ocr_par' dir='ltr' id='par_1_5' title="bbox 373 545 1944 616">
     <span class='ocr_line' id='line_1_5' title="bbox 373 545 1944 616; baseline -0.004 -12"><span class='ocrx_word' id='word_1_27' title='bbox 373 562 495 604; x_wconf 86' lang='lat' dir='ltr'><strong>esse</strong></span> <span class='ocrx_word' id='word_1_28' title='bbox 531 546 698 602; x_wconf 87' lang='lat' dir='ltr'><strong>ﬁlium</strong></span> <span class='ocrx_word' id='word_1_29' title='bbox 724 548 895 616; x_wconf 86' lang='lat' dir='ltr'><strong>patris</strong></span> <span class='ocrx_word' id='word_1_30' title='bbox 927 546 1002 600; x_wconf 93' lang='lat' dir='ltr'><strong>tui</strong></span> <span class='ocrx_word' id='word_1_31' title='bbox 1029 560 1150 600; x_wconf 89' lang='lat' dir='ltr'><strong>cum</strong></span> <span class='ocrx_word' id='word_1_32' title='bbox 1179 545 1358 599; x_wconf 88' lang='lat' dir='ltr'><strong>anima</strong></span> <span class='ocrx_word' id='word_1_33' title='bbox 1384 551 1439 599; x_wconf 94' lang='lat' dir='ltr'><strong>et</strong></span> <span class='ocrx_word' id='word_1_34' title='bbox 1467 557 1653 608; x_wconf 89' lang='lat' dir='ltr'><strong>carne,</strong></span> <span class='ocrx_word' id='word_1_35' title='bbox 1699 545 1944 613; x_wconf 79' lang='lat' dir='ltr'><strong>quamvis</strong></span> 
     </span>
    </p>
   </div>
   <div class='ocr_carea' id='block_1_6' title="bbox 375 635 1943 706">
    <p class='ocr_par' dir='ltr' id='par_1_6' title="bbox 375 635 1943 706">
     <span class='ocr_line' id='line_1_6' title="bbox 375 635 1943 706; baseline -0.004 -12"><span class='ocrx_word' id='word_1_36' title='bbox 375 654 503 694; x_wconf 81' lang='lat' dir='ltr'><strong>caro</strong></span> <span class='ocrx_word' id='word_1_37' title='bbox 543 640 655 694; x_wconf 88' lang='lat' dir='ltr'><strong>sola</strong></span> <span class='ocrx_word' id='word_1_38' title='bbox 692 640 757 693; x_wconf 88' lang='lat' dir='ltr'><strong>de</strong></span> <span class='ocrx_word' id='word_1_39' title='bbox 786 638 1082 692; x_wconf 83' lang='lat' dir='ltr'><strong>substantia</strong></span> <span class='ocrx_word' id='word_1_40' title='bbox 1123 635 1293 706; x_wconf 80' lang='lat' dir='ltr'><strong>patris</strong></span> <span class='ocrx_word' id='word_1_41' title='bbox 1334 643 1388 690; x_wconf 91' lang='lat' dir='ltr'><strong>et</strong></span> <span class='ocrx_word' id='word_1_42' title='bbox 1434 636 1623 690; x_wconf 84' lang='lat' dir='ltr'><strong>matris</strong></span> <span class='ocrx_word' id='word_1_43' title='bbox 1659 643 1943 704; x_wconf 81' lang='lat' dir='ltr'><strong>procreata</strong></span> 
     </span>
    </p>
   </div>
   <div class='ocr_carea' id='block_1_7' title="bbox 375 724 1947 800">
    <p class='ocr_par' dir='ltr' id='par_1_7' title="bbox 375 724 1947 800">
     <span class='ocr_line' id='line_1_7' title="bbox 375 724 1947 800; baseline -0.003 -16"><span class='ocrx_word' id='word_1_44' title='bbox 375 732 441 784; x_wconf 88' lang='lat' dir='ltr'><strong>sit</strong></span> <span class='ocrx_word' id='word_1_45' title='bbox 470 749 483 784; x_wconf 90' lang='lat'><strong>:</strong></span> <span class='ocrx_word' id='word_1_46' title='bbox 509 745 638 800; x_wconf 85' lang='lat' dir='ltr'><strong>ergo</strong></span> <span class='ocrx_word' id='word_1_47' title='bbox 660 729 827 784; x_wconf 85' lang='lat' dir='ltr'><strong>multo</strong></span> <span class='ocrx_word' id='word_1_48' title='bbox 852 729 1026 798; x_wconf 81' lang='lat' dir='ltr'><strong>magis</strong></span> <span class='ocrx_word' id='word_1_49' title='bbox 1054 726 1322 798; x_wconf 84' lang='lat' dir='ltr'><strong>perpende</strong></span> <span class='ocrx_word' id='word_1_50' title='bbox 1349 724 1522 779; x_wconf 88' lang='lat' dir='ltr'><strong>oculis</strong></span> <span class='ocrx_word' id='word_1_51' title='bbox 1549 725 1744 790; x_wconf 84' lang='lat' dir='ltr'><strong>cordis,</strong></span> <span class='ocrx_word' id='word_1_52' title='bbox 1783 734 1843 782; x_wconf 92' lang='lat' dir='ltr'><strong>ut</strong></span> <span class='ocrx_word' id='word_1_53' title='bbox 1869 726 1947 779; x_wconf 91' lang='lat' dir='ltr'><strong>in-</strong></span> 
     </span>
    </p>
   </div>
   <div class='ocr_carea' id='block_1_8' title="bbox 377 818 1946 893">
    <p class='ocr_par' dir='ltr' id='par_1_8' title="bbox 377 818 1946 893">
     <span class='ocr_line' id='line_1_8' title="bbox 377 818 1946 893; baseline -0.003 -17"><span class='ocrx_word' id='word_1_54' title='bbox 377 822 581 893; x_wconf 85' lang='lat' dir='ltr'><strong>telligas</strong></span> <span class='ocrx_word' id='word_1_55' title='bbox 623 822 718 876; x_wconf 90' lang='lat' dir='ltr'><strong>Dei</strong></span> <span class='ocrx_word' id='word_1_56' title='bbox 759 820 936 875; x_wconf 82' lang='lat' dir='ltr'><strong>Patris</strong></span> <span class='ocrx_word' id='word_1_57' title='bbox 962 819 1144 873; x_wconf 86' lang='lat' dir='ltr'><strong>Jesum</strong></span> <span class='ocrx_word' id='word_1_58' title='bbox 1174 818 1447 872; x_wconf 80' lang='lat' dir='ltr'><strong>Christum</strong></span> <span class='ocrx_word' id='word_1_59' title='bbox 1476 818 1530 871; x_wconf 91' lang='lat' dir='ltr'><strong>in</strong></span> <span class='ocrx_word' id='word_1_60' title='bbox 1566 828 1793 887; x_wconf 89' lang='lat' dir='ltr'><strong>utraque</strong></span> <span class='ocrx_word' id='word_1_61' title='bbox 1820 818 1946 872; x_wconf 90' lang='lat' dir='ltr'><strong>sub—</strong></span> 
     </span>
    </p>
   </div>
   <div class='ocr_carea' id='block_1_9' title="bbox 373 907 1946 983">
    <p class='ocr_par' dir='ltr' id='par_1_9' title="bbox 373 907 1946 983">
     <span class='ocr_line' id='line_1_9' title="bbox 373 907 1946 983; baseline -0.003 -15"><span class='ocrx_word' id='word_1_62' title='bbox 373 914 572 969; x_wconf 87' lang='lat' dir='ltr'><strong>stantia</strong></span> <span class='ocrx_word' id='word_1_63' title='bbox 614 914 889 983; x_wconf 90' lang='lat' dir='ltr'><strong>proprium</strong></span> <span class='ocrx_word' id='word_1_64' title='bbox 938 911 1130 965; x_wconf 86' lang='lat' dir='ltr'><strong>Filium</strong></span> <span class='ocrx_word' id='word_1_65' title='bbox 1175 916 1230 963; x_wconf 89' lang='lat' dir='ltr'><strong>et</strong></span> <span class='ocrx_word' id='word_1_66' title='bbox 1267 923 1455 963; x_wconf 87' lang='lat' dir='ltr'><strong>verum</strong></span> <span class='ocrx_word' id='word_1_67' title='bbox 1497 908 1612 963; x_wconf 88' lang='lat' dir='ltr'><strong>ﬁeri</strong></span> <span class='ocrx_word' id='word_1_68' title='bbox 1654 923 1831 978; x_wconf 87' lang='lat' dir='ltr'><strong>posse.</strong></span> <span class='ocrx_word' id='word_1_69' title='bbox 1861 907 1946 963; x_wconf 82' lang='lat' dir='ltr'><strong>An</strong></span> 
     </span>
    </p>
   </div>
   <div class='ocr_carea' id='block_1_10' title="bbox 374 1001 1947 1076">
    <p class='ocr_par' dir='ltr' id='par_1_10' title="bbox 374 1001 1947 1076">
     <span class='ocr_line' id='line_1_10' title="bbox 374 1001 1947 1076; baseline -0.004 -15"><span class='ocrx_word' id='word_1_70' title='bbox 374 1008 519 1062; x_wconf 91' lang='lat' dir='ltr'><strong>illius</strong></span> <span class='ocrx_word' id='word_1_71' title='bbox 546 1007 785 1076; x_wconf 89' lang='lat' dir='ltr'><strong>potentia</strong></span> <span class='ocrx_word' id='word_1_72' title='bbox 817 1006 870 1059; x_wconf 90' lang='lat' dir='ltr'><strong>in</strong></span> <span class='ocrx_word' id='word_1_73' title='bbox 900 1005 1005 1059; x_wconf 87' lang='lat' dir='ltr'><strong>hoc</strong></span> <span class='ocrx_word' id='word_1_74' title='bbox 1035 1003 1301 1071; x_wconf 84' lang='lat' dir='ltr'><strong>impotens</strong></span> <span class='ocrx_word' id='word_1_75' title='bbox 1326 1008 1428 1066; x_wconf 91' lang='lat' dir='ltr'><strong>est,</strong></span> <span class='ocrx_word' id='word_1_76' title='bbox 1458 1011 1519 1055; x_wconf 90' lang='lat' dir='ltr'><strong>ut</strong></span> <span class='ocrx_word' id='word_1_77' title='bbox 1553 1001 1655 1055; x_wconf 90' lang='lat' dir='ltr'><strong>hoc</strong></span> <span class='ocrx_word' id='word_1_78' title='bbox 1680 1015 1798 1055; x_wconf 86' lang='lat' dir='ltr'><strong>non</strong></span> <span class='ocrx_word' id='word_1_79' title='bbox 1823 1015 1947 1069; x_wconf 88' lang='lat' dir='ltr'><strong>pos-</strong></span> 
     </span>
    </p>
   </div>
   <div class='ocr_carea' id='block_1_11' title="bbox 373 1089 1947 1164">
    <p class='ocr_par' dir='ltr' id='par_1_11' title="bbox 373 1089 1947 1164">
     <span class='ocr_line' id='line_1_11' title="bbox 373 1089 1947 1164; baseline -0.004 -13"><span class='ocrx_word' id='word_1_80' title='bbox 373 1097 445 1151; x_wconf 90' lang='lat' dir='ltr'><strong>sit</strong></span> <span class='ocrx_word' id='word_1_81' title='bbox 471 1096 735 1164; x_wconf 88' lang='lat' dir='ltr'><strong>perﬁcere</strong></span> <span class='ocrx_word' id='word_1_82' title='bbox 763 1095 817 1147; x_wconf 92' lang='lat' dir='ltr'><strong>in</strong></span> <span class='ocrx_word' id='word_1_83' title='bbox 847 1094 958 1147; x_wconf 88' lang='lat' dir='ltr'><strong>lilio</strong></span> <span class='ocrx_word' id='word_1_84' title='bbox 999 1106 1116 1155; x_wconf 89' lang='lat' dir='ltr'><strong>suo,</strong></span> <span class='ocrx_word' id='word_1_85' title='bbox 1146 1090 1288 1160; x_wconf 92' lang='lat' dir='ltr'><strong>quod</strong></span> <span class='ocrx_word' id='word_1_86' title='bbox 1315 1090 1369 1144; x_wconf 90' lang='lat' dir='ltr'><strong>in</strong></span> <span class='ocrx_word' id='word_1_87' title='bbox 1399 1091 1606 1146; x_wconf 89' lang='lat' dir='ltr'><strong>cunctis</strong></span> <span class='ocrx_word' id='word_1_88' title='bbox 1641 1089 1947 1144; x_wconf 91' lang='lat' dir='ltr'><strong>hominibus</strong></span> 
     </span>
    </p>
   </div>
   <div class='ocr_carea' id='block_1_12' title="bbox 373 1179 1946 1254">
    <p class='ocr_par' dir='ltr' id='par_1_12' title="bbox 373 1179 1946 1254">
     <span class='ocr_line' id='line_1_12' title="bbox 373 1179 1946 1254; baseline -0.004 -14"><span class='ocrx_word' id='word_1_89' title='bbox 373 1185 502 1241; x_wconf 81' lang='lat' dir='ltr'><strong>facit</strong></span> <span class='ocrx_word' id='word_1_90' title='bbox 523 1185 674 1240; x_wconf 86' lang='lat' dir='ltr'><strong>ﬁeri?</strong></span> <span class='ocrx_word' id='word_1_91' title='bbox 696 1185 803 1239; x_wconf 84' lang='lat' dir='ltr'><strong>Aut</strong></span> <span class='ocrx_word' id='word_1_92' title='bbox 831 1193 954 1239; x_wconf 90' lang='lat' dir='ltr'><strong>tuus</strong></span> <span class='ocrx_word' id='word_1_93' title='bbox 976 1191 1131 1254; x_wconf 90' lang='lat' dir='ltr'><strong>pater</strong></span> <span class='ocrx_word' id='word_1_94' title='bbox 1169 1183 1443 1251; x_wconf 89' lang='lat' dir='ltr'><strong>potentior</strong></span> <span class='ocrx_word' id='word_1_95' title='bbox 1476 1189 1560 1235; x_wconf 81' lang='lat' dir='ltr'><strong>est</strong></span> <span class='ocrx_word' id='word_1_96' title='bbox 1596 1179 1707 1235; x_wconf 91' lang='lat' dir='ltr'><strong>Deo</strong></span> <span class='ocrx_word' id='word_1_97' title='bbox 1748 1181 1802 1234; x_wconf 92' lang='lat' dir='ltr'><strong>in</strong></span> <span class='ocrx_word' id='word_1_98' title='bbox 1846 1181 1946 1234; x_wconf 89' lang='lat' dir='ltr'><strong>hac</strong></span> 
     </span>
    </p>
   </div>
   <div class='ocr_carea' id='block_1_13' title="bbox 370 1269 1944 1345">
    <p class='ocr_par' dir='ltr' id='par_1_13' title="bbox 370 1269 1944 1345">
     <span class='ocr_line' id='line_1_13' title="bbox 370 1269 1944 1345; baseline -0.005 -16"><span class='ocrx_word' id='word_1_99' title='bbox 370 1283 545 1344; x_wconf 90' lang='lat' dir='ltr'><strong>parte,</strong></span> <span class='ocrx_word' id='word_1_100' title='bbox 574 1283 629 1329; x_wconf 91' lang='lat' dir='ltr'><strong>et</strong></span> <span class='ocrx_word' id='word_1_101' title='bbox 659 1276 835 1345; x_wconf 87' lang='lat' dir='ltr'><strong>potuit</strong></span> <span class='ocrx_word' id='word_1_102' title='bbox 860 1283 910 1329; x_wconf 90' lang='lat' dir='ltr'><strong>te</strong></span> <span class='ocrx_word' id='word_1_103' title='bbox 938 1272 1213 1343; x_wconf 89' lang='lat' dir='ltr'><strong>proprium</strong></span> <span class='ocrx_word' id='word_1_104' title='bbox 1252 1272 1421 1326; x_wconf 89' lang='lat' dir='ltr'><strong>ﬁlium</strong></span> <span class='ocrx_word' id='word_1_105' title='bbox 1449 1272 1649 1326; x_wconf 89' lang='lat' dir='ltr'><strong>habere</strong></span> <span class='ocrx_word' id='word_1_106' title='bbox 1670 1284 1735 1325; x_wconf 79' lang='lat' dir='ltr'><strong>ex</strong></span> <span class='ocrx_word' id='word_1_107' title='bbox 1764 1269 1944 1322; x_wconf 91' lang='lat' dir='ltr'><strong>anima</strong></span> 
     </span>
    </p>
   </div>
   <div class='ocr_carea' id='block_1_14' title="bbox 371 1358 1946 1436">
    <p class='ocr_par' dir='ltr' id='par_1_14' title="bbox 371 1358 1946 1436">
     <span class='ocr_line' id='line_1_14' title="bbox 371 1358 1946 1436; baseline -0.005 -15"><span class='ocrx_word' id='word_1_108' title='bbox 371 1373 426 1421; x_wconf 90' lang='lat' dir='ltr'><strong>et</strong></span> <span class='ocrx_word' id='word_1_109' title='bbox 450 1380 696 1436; x_wconf 88' lang='lat' dir='ltr'><strong>corpore,</strong></span> <span class='ocrx_word' id='word_1_110' title='bbox 726 1366 892 1436; x_wconf 75' lang='lat'><strong>816</strong></span> <span class='ocrx_word' id='word_1_111' title='bbox 918 1363 1039 1417; x_wconf 88' lang='lat' dir='ltr'><strong>licet</strong></span> <span class='ocrx_word' id='word_1_112' title='bbox 1064 1363 1242 1417; x_wconf 90' lang='lat' dir='ltr'><strong>anima</strong></span> <span class='ocrx_word' id='word_1_113' title='bbox 1273 1362 1487 1416; x_wconf 85' lang='lat' dir='ltr'><strong>aliunde</strong></span> <span class='ocrx_word' id='word_1_114' title='bbox 1511 1361 1583 1415; x_wconf 90' lang='lat' dir='ltr'><strong>sit</strong></span> <span class='ocrx_word' id='word_1_115' title='bbox 1608 1359 1819 1429; x_wconf 84' lang='lat' dir='ltr'><strong>corpori</strong></span> <span class='ocrx_word' id='word_1_116' title='bbox 1846 1358 1946 1413; x_wconf 89' lang='lat' dir='ltr'><strong>im-</strong></span> 
     </span>
    </p>
   </div>
   <div class='ocr_carea' id='block_1_15' title="bbox 376 1450 1946 1522">
    <p class='ocr_par' dir='ltr' id='par_1_15' title="bbox 376 1450 1946 1522">
     <span class='ocr_line' id='line_1_15' title="bbox 376 1450 1946 1522; baseline -0.004 -14"><span class='ocrx_word' id='word_1_117' title='bbox 376 1456 578 1510; x_wconf 85' lang='lat' dir='ltr'><strong>missa?</strong></span> <span class='ocrx_word' id='word_1_118' title='bbox 603 1454 660 1509; x_wconf 90' lang='lat' dir='ltr'><strong>Si</strong></span> <span class='ocrx_word' id='word_1_119' title='bbox 687 1469 816 1509; x_wconf 86' lang='lat' dir='ltr'><strong>vero</strong></span> <span class='ocrx_word' id='word_1_120' title='bbox 848 1452 1025 1508; x_wconf 89' lang='lat' dir='ltr'><strong>nullus</strong></span> <span class='ocrx_word' id='word_1_121' title='bbox 1064 1452 1314 1522; x_wconf 90' lang='lat' dir='ltr'><strong>proprius</strong></span> <span class='ocrx_word' id='word_1_122' title='bbox 1353 1450 1496 1506; x_wconf 87' lang='lat' dir='ltr'><strong>ﬁlius</strong></span> <span class='ocrx_word' id='word_1_123' title='bbox 1525 1457 1581 1505; x_wconf 90' lang='lat' dir='ltr'><strong>et</strong></span> <span class='ocrx_word' id='word_1_124' title='bbox 1605 1464 1768 1505; x_wconf 88' lang='lat' dir='ltr'><strong>verus</strong></span> <span class='ocrx_word' id='word_1_125' title='bbox 1794 1458 1946 1520; x_wconf 88' lang='lat' dir='ltr'><strong>pote-</strong></span> 
     </span>
    </p>
   </div>
   <div class='ocr_carea' id='block_1_16' title="bbox 372 1538 1938 1608">
    <p class='ocr_par' dir='ltr' id='par_1_16' title="bbox 372 1538 1938 1608">
     <span class='ocr_line' id='line_1_16' title="bbox 372 1538 1938 1608; baseline -0.004 -11"><span class='ocrx_word' id='word_1_126' title='bbox 372 1543 444 1597; x_wconf 90' lang='lat' dir='ltr'><strong>rit</strong></span> <span class='ocrx_word' id='word_1_127' title='bbox 469 1557 608 1608; x_wconf 85' lang='lat' dir='ltr'><strong>esse,</strong></span> <span class='ocrx_word' id='word_1_128' title='bbox 649 1542 753 1597; x_wconf 89' lang='lat' dir='ltr'><strong>nisi</strong></span> <span class='ocrx_word' id='word_1_129' title='bbox 796 1557 862 1596; x_wconf 82' lang='lat' dir='ltr'><strong>ex</strong></span> <span class='ocrx_word' id='word_1_130' title='bbox 907 1542 1208 1596; x_wconf 82' lang='lat' dir='ltr'><strong>substantia</strong></span> <span class='ocrx_word' id='word_1_131' title='bbox 1234 1539 1412 1594; x_wconf 87' lang='lat' dir='ltr'><strong>Patris</strong></span> <span class='ocrx_word' id='word_1_132' title='bbox 1447 1547 1591 1594; x_wconf 89' lang='lat' dir='ltr'><strong>totus</strong></span> <span class='ocrx_word' id='word_1_133' title='bbox 1631 1548 1791 1594; x_wconf 86' lang='lat' dir='ltr'><strong>natus</strong></span> <span class='ocrx_word' id='word_1_134' title='bbox 1839 1538 1938 1603; x_wconf 90' lang='lat' dir='ltr'><strong>sit;</strong></span> 
     </span>
    </p>
   </div>
   <div class='ocr_carea' id='block_1_17' title="bbox 373 1630 1941 1705">
    <p class='ocr_par' dir='ltr' id='par_1_17' title="bbox 373 1630 1941 1705">
     <span class='ocr_line' id='line_1_17' title="bbox 373 1630 1941 1705; baseline -0.005 -14"><span class='ocrx_word' id='word_1_135' title='bbox 373 1650 499 1705; x_wconf 77' lang='lat' dir='ltr'><strong>ergo</strong></span> <span class='ocrx_word' id='word_1_136' title='bbox 540 1634 592 1690; x_wconf 90' lang='lat' dir='ltr'><strong>in</strong></span> <span class='ocrx_word' id='word_1_137' title='bbox 638 1635 784 1689; x_wconf 90' lang='lat' dir='ltr'><strong>omni</strong></span> <span class='ocrx_word' id='word_1_138' title='bbox 815 1636 1050 1689; x_wconf 88' lang='lat' dir='ltr'><strong>humano</strong></span> <span class='ocrx_word' id='word_1_139' title='bbox 1078 1632 1255 1687; x_wconf 92' lang='lat' dir='ltr'><strong>nullus</strong></span> <span class='ocrx_word' id='word_1_140' title='bbox 1282 1640 1438 1701; x_wconf 86' lang='lat' dir='ltr'><strong>pater</strong></span> <span class='ocrx_word' id='word_1_141' title='bbox 1465 1632 1626 1686; x_wconf 86' lang='lat' dir='ltr'><strong>habet</strong></span> <span class='ocrx_word' id='word_1_142' title='bbox 1667 1630 1941 1701; x_wconf 86' lang='lat' dir='ltr'><strong>propriqu</strong></span> 
     </span>
    </p>
   </div>
   <div class='ocr_carea' id='block_1_18' title="bbox 376 1722 1938 1790">
    <p class='ocr_par' dir='ltr' id='par_1_18' title="bbox 376 1722 1938 1790">
     <span class='ocr_line' id='line_1_18' title="bbox 376 1722 1938 1790; baseline -0.003 -9"><span class='ocrx_word' id='word_1_143' title='bbox 376 1727 541 1781; x_wconf 90' lang='lat' dir='ltr'><strong>ﬁlium</strong></span> <span class='ocrx_word' id='word_1_144' title='bbox 567 1735 622 1780; x_wconf 91' lang='lat' dir='ltr'><strong>et</strong></span> <span class='ocrx_word' id='word_1_145' title='bbox 644 1740 853 1790; x_wconf 90' lang='lat' dir='ltr'><strong>verum,</strong></span> <span class='ocrx_word' id='word_1_146' title='bbox 876 1724 980 1780; x_wconf 89' lang='lat' dir='ltr'><strong>nisi</strong></span> <span class='ocrx_word' id='word_1_147' title='bbox 1003 1732 1210 1779; x_wconf 86' lang='lat' dir='ltr'><strong>tantum</strong></span> <span class='ocrx_word' id='word_1_148' title='bbox 1242 1724 1309 1778; x_wconf 90' lang='lat' dir='ltr'><strong>de</strong></span> <span class='ocrx_word' id='word_1_149' title='bbox 1330 1737 1494 1777; x_wconf 90' lang='lat' dir='ltr'><strong>carne</strong></span> <span class='ocrx_word' id='word_1_150' title='bbox 1524 1722 1656 1777; x_wconf 88' lang='lat' dir='ltr'><strong>sola.</strong></span> <span class='ocrx_word' id='word_1_151' title='bbox 1691 1722 1938 1787; x_wconf 84' lang='lat' dir='ltr'><strong>Videsne,</strong></span> 
     </span>
    </p>
   </div>
   <div class='ocr_carea' id='block_1_19' title="bbox 2044 544 3627 615">
    <p class='ocr_par' dir='ltr' id='par_1_19' title="bbox 2044 544 3627 615">
     <span class='ocr_line' id='line_1_19' title="bbox 2044 544 3627 615; baseline 0.007 -16"><span class='ocrx_word' id='word_1_152' title='bbox 2044 559 2077 599; x_wconf 88' lang='lat' dir='ltr'><strong>a</strong></span> <span class='ocrx_word' id='word_1_153' title='bbox 2106 544 2202 599; x_wconf 86' lang='lat' dir='ltr'><strong>Dei</strong></span> <span class='ocrx_word' id='word_1_154' title='bbox 2236 544 2374 600; x_wconf 90' lang='lat' dir='ltr'><strong>Filio</strong></span> <span class='ocrx_word' id='word_1_155' title='bbox 2394 554 2702 615; x_wconf 87' lang='lat' dir='ltr'><strong>assumptus</strong></span> <span class='ocrx_word' id='word_1_156' title='bbox 2723 554 2806 601; x_wconf 88' lang='lat' dir='ltr'><strong>est</strong></span> <span class='ocrx_word' id='word_1_157' title='bbox 2840 547 3020 612; x_wconf 91' lang='lat' dir='ltr'><strong>homo,</strong></span> <span class='ocrx_word' id='word_1_158' title='bbox 3059 549 3165 613; x_wconf 89' lang='lat' dir='ltr'><strong>vel,</strong></span> <span class='ocrx_word' id='word_1_159' title='bbox 3196 557 3256 604; x_wconf 91' lang='lat' dir='ltr'><strong>ut</strong></span> <span class='ocrx_word' id='word_1_160' title='bbox 3287 559 3342 605; x_wconf 93' lang='lat' dir='ltr'><strong>tu</strong></span> <span class='ocrx_word' id='word_1_161' title='bbox 3367 552 3472 613; x_wconf 84' lang='lat' dir='ltr'><strong>vis.</strong></span> <span class='ocrx_word' id='word_1_162' title='bbox 3497 555 3627 610; x_wconf 85' lang='lat' dir='ltr'><strong>ado-</strong></span> 
     </span>
    </p>
   </div>
   <div class='ocr_carea' id='block_1_20' title="bbox 2042 635 3631 715">
    <p class='ocr_par' dir='ltr' id='par_1_20' title="bbox 2042 635 3631 715">
     <span class='ocr_line' id='line_1_20' title="bbox 2042 635 3631 715; baseline 0.009 -27"><span class='ocrx_word' id='word_1_163' title='bbox 2042 643 2246 707; x_wconf 84' lang='lat' dir='ltr'><strong>ptatus.</strong></span> <span class='ocrx_word' id='word_1_164' title='bbox 2278 635 2394 690; x_wconf 84' lang='lat' dir='ltr'><strong>Non</strong></span> <span class='ocrx_word' id='word_1_165' title='bbox 2419 651 2549 707; x_wconf 89' lang='lat' dir='ltr'><strong>ergo</strong></span> <span class='ocrx_word' id='word_1_166' title='bbox 2573 637 2750 691; x_wconf 89' lang='lat' dir='ltr'><strong>omnis</strong></span> <span class='ocrx_word' id='word_1_167' title='bbox 2787 638 3082 705; x_wconf 88' lang='lat' dir='ltr'><strong>assumptio</strong></span> <span class='ocrx_word' id='word_1_168' title='bbox 3106 638 3322 708; x_wconf 90' lang='lat' dir='ltr'><strong>adoptio</strong></span> <span class='ocrx_word' id='word_1_169' title='bbox 3342 649 3446 696; x_wconf 87' lang='lat' dir='ltr'><strong>est.</strong></span> <span class='ocrx_word' id='word_1_170' title='bbox 3470 642 3631 715; x_wconf 79' lang='lat' dir='ltr'><strong>Legi-</strong></span> 
     </span>
    </p>
   </div>
   <div class='ocr_carea' id='block_1_21' title="bbox 2042 724 3626 802">
    <p class='ocr_par' dir='ltr' id='par_1_21' title="bbox 2042 724 3626 802">
     <span class='ocr_line' id='line_1_21' title="bbox 2042 724 3626 802; baseline 0.006 -22"><span class='ocrx_word' id='word_1_171' title='bbox 2042 732 2134 780; x_wconf 86' lang='lat' dir='ltr'><strong>tur</strong></span> <span class='ocrx_word' id='word_1_172' title='bbox 2174 726 2227 780; x_wconf 93' lang='lat' dir='ltr'><strong>in</strong></span> <span class='ocrx_word' id='word_1_173' title='bbox 2274 726 2565 797; x_wconf 83' lang='lat' dir='ltr'><strong>Evangelio</strong></span> <span class='ocrx_word' id='word_1_174' title='bbox 2604 727 2670 781; x_wconf 90' lang='lat' dir='ltr'><strong>de</strong></span> <span class='ocrx_word' id='word_1_175' title='bbox 2709 724 2948 793; x_wconf 88' lang='lat' dir='ltr'><strong>Christo,</strong></span> <span class='ocrx_word' id='word_1_176' title='bbox 3000 729 3145 797; x_wconf 90' lang='lat' dir='ltr'><strong>quod</strong></span> <span class='ocrx_word' id='word_1_177' title='bbox 3183 734 3464 802; x_wconf 72' lang='lat' dir='ltr'><strong>assumpsit</strong></span> <span class='ocrx_word' id='word_1_178' title='bbox 3506 749 3626 789; x_wconf 74' lang='lat' dir='ltr'><strong>eum</strong></span> 
     </span>
    </p>
   </div>
   <div class='ocr_carea' id='block_1_22' title="bbox 2043 814 3621 894">
    <p class='ocr_par' dir='ltr' id='par_1_22' title="bbox 2043 814 3621 894">
     <span class='ocr_line' id='line_1_22' title="bbox 2043 814 3621 894; baseline 0.006 -25"><span class='ocrx_word' id='word_1_179' title='bbox 2043 814 2304 881; x_wconf 76' lang='lat' dir='ltr'><strong>diabolus,</strong></span> <span class='ocrx_word' id='word_1_180' title='bbox 2336 825 2385 869; x_wconf 88' lang='lat' dir='ltr'><strong>et</strong></span> <span class='ocrx_word' id='word_1_181' title='bbox 2411 817 2594 871; x_wconf 77' lang='lat' dir='ltr'><strong>statuit</strong></span> <span class='ocrx_word' id='word_1_182' title='bbox 2637 833 2793 886; x_wconf 88' lang='lat' dir='ltr'><strong>super</strong></span> <span class='ocrx_word' id='word_1_183' title='bbox 2815 818 3157 886; x_wconf 82' lang='lat' dir='ltr'><strong>pinnaculum</strong></span> <span class='ocrx_word' id='word_1_184' title='bbox 3201 822 3378 894; x_wconf 82' lang='lat' dir='ltr'><strong>templi</strong></span> <span class='ocrx_word' id='word_1_185' title='bbox 3404 823 3621 894; x_wconf 69' lang='lat' dir='ltr'><strong>(Matth.</strong></span> 
     </span>
    </p>
   </div>
   <div class='ocr_carea' id='block_1_23' title="bbox 2044 908 3627 984">
    <p class='ocr_par' dir='ltr' id='par_1_23' title="bbox 2044 908 3627 984">
     <span class='ocr_line' id='line_1_23' title="bbox 2044 908 3627 984; baseline 0.007 -21"><span class='ocrx_word' id='word_1_186' title='bbox 2044 922 2120 972; x_wconf 82' lang='lat' dir='ltr'><strong>tv,</strong></span> <span class='ocrx_word' id='word_1_187' title='bbox 2149 908 2226 981; x_wconf 77' lang='lat'><strong>5).</strong></span> <span class='ocrx_word' id='word_1_188' title='bbox 2257 909 2315 963; x_wconf 90' lang='lat' dir='ltr'><strong>In</strong></span> <span class='ocrx_word' id='word_1_189' title='bbox 2351 924 2455 978; x_wconf 89' lang='lat' dir='ltr'><strong>qua</strong></span> <span class='ocrx_word' id='word_1_190' title='bbox 2499 910 2867 979; x_wconf 88' lang='lat' dir='ltr'><strong>assumptione</strong></span> <span class='ocrx_word' id='word_1_191' title='bbox 2895 911 3096 967; x_wconf 88' lang='lat' dir='ltr'><strong>diaboli</strong></span> <span class='ocrx_word' id='word_1_192' title='bbox 3134 913 3278 969; x_wconf 90' lang='lat' dir='ltr'><strong>nulla</strong></span> <span class='ocrx_word' id='word_1_193' title='bbox 3304 923 3482 984; x_wconf 79' lang='lat' dir='ltr'><strong>potest</strong></span> <span class='ocrx_word' id='word_1_194' title='bbox 3501 931 3627 973; x_wconf 89' lang='lat' dir='ltr'><strong>esse</strong></span> 
     </span>
    </p>
   </div>
   <div class='ocr_carea' id='block_1_24' title="bbox 2046 995 3627 1074">
    <p class='ocr_par' dir='ltr' id='par_1_24' title="bbox 2046 995 3627 1074">
     <span class='ocr_line' id='line_1_24' title="bbox 2046 995 3627 1074; baseline 0.008 -25"><span class='ocrx_word' id='word_1_195' title='bbox 2046 995 2286 1065; x_wconf 87' lang='lat' dir='ltr'><strong>adoptio,</strong></span> <span class='ocrx_word' id='word_1_196' title='bbox 2316 997 2409 1051; x_wconf 87' lang='lat' dir='ltr'><strong>sed</strong></span> <span class='ocrx_word' id='word_1_197' title='bbox 2432 1012 2599 1066; x_wconf 82' lang='lat' dir='ltr'><strong>prava</strong></span> <span class='ocrx_word' id='word_1_198' title='bbox 2635 998 2880 1053; x_wconf 87' lang='lat' dir='ltr'><strong>tentatio.</strong></span> <span class='ocrx_word' id='word_1_199' title='bbox 2909 999 3169 1057; x_wconf 88' lang='lat' dir='ltr'><strong>Placitum</strong></span> <span class='ocrx_word' id='word_1_200' title='bbox 3203 1016 3349 1066; x_wconf 89' lang='lat' dir='ltr'><strong>vero,</strong></span> <span class='ocrx_word' id='word_1_201' title='bbox 3378 1007 3501 1074; x_wconf 88' lang='lat' dir='ltr'><strong>quis</strong></span> <span class='ocrx_word' id='word_1_202' title='bbox 3528 1021 3627 1061; x_wconf 89' lang='lat' dir='ltr'><strong>ne-</strong></span> 
     </span>
    </p>
   </div>
   <div class='ocr_carea' id='block_1_25' title="bbox 2046 1085 3625 1166">
    <p class='ocr_par' dir='ltr' id='par_1_25' title="bbox 2046 1085 3625 1166">
     <span class='ocr_line' id='line_1_25' title="bbox 2046 1085 3625 1166; baseline 0.01 -28"><span class='ocrx_word' id='word_1_203' title='bbox 2046 1085 2170 1151; x_wconf 87' lang='lat' dir='ltr'><strong>scit,</strong></span> <span class='ocrx_word' id='word_1_204' title='bbox 2196 1086 2251 1138; x_wconf 93' lang='lat' dir='ltr'><strong>in</strong></span> <span class='ocrx_word' id='word_1_205' title='bbox 2280 1087 2467 1141; x_wconf 90' lang='lat' dir='ltr'><strong>multis</strong></span> <span class='ocrx_word' id='word_1_206' title='bbox 2509 1088 2670 1144; x_wconf 86' lang='lat' dir='ltr'><strong>rebus</strong></span> <span class='ocrx_word' id='word_1_207' title='bbox 2705 1104 2825 1144; x_wconf 89' lang='lat' dir='ltr'><strong>esse</strong></span> <span class='ocrx_word' id='word_1_208' title='bbox 2872 1105 3053 1160; x_wconf 87' lang='lat' dir='ltr'><strong>posse,</strong></span> <span class='ocrx_word' id='word_1_209' title='bbox 3098 1108 3201 1150; x_wconf 90' lang='lat' dir='ltr'><strong>nec</strong></span> <span class='ocrx_word' id='word_1_210' title='bbox 3241 1094 3296 1149; x_wconf 89' lang='lat' dir='ltr'><strong>in</strong></span> <span class='ocrx_word' id='word_1_211' title='bbox 3335 1096 3625 1166; x_wconf 82' lang='lat' dir='ltr'><strong>adoptione</strong></span> 
     </span>
    </p>
   </div>
   <div class='ocr_carea' id='block_1_26' title="bbox 2045 1174 3623 1256">
    <p class='ocr_par' dir='ltr' id='par_1_26' title="bbox 2045 1174 3623 1256">
     <span class='ocr_line' id='line_1_26' title="bbox 2045 1174 3623 1256; baseline 0.009 -27"><span class='ocrx_word' id='word_1_212' title='bbox 2045 1174 2194 1229; x_wconf 84' lang='lat' dir='ltr'><strong>sola?</strong></span> <span class='ocrx_word' id='word_1_213' title='bbox 2221 1174 2481 1232; x_wconf 86' lang='lat' dir='ltr'><strong>Similiter</strong></span> <span class='ocrx_word' id='word_1_214' title='bbox 2507 1184 2562 1231; x_wconf 90' lang='lat' dir='ltr'><strong>et</strong></span> <span class='ocrx_word' id='word_1_215' title='bbox 2588 1178 2892 1248; x_wconf 86' lang='lat' dir='ltr'><strong>applicatio.</strong></span> <span class='ocrx_word' id='word_1_216' title='bbox 2934 1181 3066 1236; x_wconf 83' lang='lat' dir='ltr'><strong>Nam</strong></span> <span class='ocrx_word' id='word_1_217' title='bbox 3096 1183 3294 1252; x_wconf 59' lang='lat' dir='ltr'><strong>sapius</strong></span> <span class='ocrx_word' id='word_1_218' title='bbox 3333 1184 3528 1256; x_wconf 75' lang='lat' dir='ltr'><strong>legitur</strong></span> <span class='ocrx_word' id='word_1_219' title='bbox 3567 1188 3623 1242; x_wconf 91' lang='lat' dir='ltr'><strong>in</strong></span> 
     </span>
    </p>
   </div>
   <div class='ocr_carea' id='block_1_27' title="bbox 2045 1266 3625 1338">
    <p class='ocr_par' dir='ltr' id='par_1_27' title="bbox 2045 1266 3625 1338">
     <span class='ocr_line' id='line_1_27' title="bbox 2045 1266 3625 1338; baseline 0.01 -18"><span class='ocrx_word' id='word_1_220' title='bbox 2045 1266 2287 1321; x_wconf 88' lang='lat' dir='ltr'><strong>historiis</strong></span> <span class='ocrx_word' id='word_1_221' title='bbox 2316 1284 2329 1320; x_wconf 90' lang='lat'><strong>:</strong></span> <span class='ocrx_word' id='word_1_222' title='bbox 2362 1268 2430 1323; x_wconf 87' lang='lat' dir='ltr'><strong>Et</strong></span> <span class='ocrx_word' id='word_1_223' title='bbox 2449 1269 2705 1338; x_wconf 84' lang='lat' dir='ltr'><strong>applicuit</strong></span> <span class='ocrx_word' id='word_1_224' title='bbox 2724 1272 2832 1326; x_wconf 78' lang='lat' dir='ltr'><strong>dux</strong></span> <span class='ocrx_word' id='word_1_225' title='bbox 2854 1272 2942 1328; x_wconf 90' lang='lat' dir='ltr'><strong>ille</strong></span> <span class='ocrx_word' id='word_1_226' title='bbox 2968 1274 3051 1328; x_wconf 90' lang='lat' dir='ltr'><strong>vel</strong></span> <span class='ocrx_word' id='word_1_227' title='bbox 3070 1274 3157 1330; x_wconf 91' lang='lat' dir='ltr'><strong>ille</strong></span> <span class='ocrx_word' id='word_1_228' title='bbox 3182 1284 3359 1331; x_wconf 89' lang='lat' dir='ltr'><strong>castra</strong></span> <span class='ocrx_word' id='word_1_229' title='bbox 3387 1279 3454 1333; x_wconf 89' lang='lat' dir='ltr'><strong>ad</strong></span> <span class='ocrx_word' id='word_1_230' title='bbox 3482 1279 3625 1336; x_wconf 88' lang='lat' dir='ltr'><strong>hanc</strong></span> 
     </span>
    </p>
   </div>
   <div class='ocr_carea' id='block_1_28' title="bbox 2044 1356 3625 1441">
    <p class='ocr_par' dir='ltr' id='par_1_28' title="bbox 2044 1356 3625 1441">
     <span class='ocr_line' id='line_1_28' title="bbox 2044 1356 3625 1441; baseline 0.011 -32"><span class='ocrx_word' id='word_1_231' title='bbox 2044 1356 2131 1411; x_wconf 91' lang='lat' dir='ltr'><strong>vel</strong></span> <span class='ocrx_word' id='word_1_232' title='bbox 2157 1358 2223 1411; x_wconf 92' lang='lat' dir='ltr'><strong>ad</strong></span> <span class='ocrx_word' id='word_1_233' title='bbox 2251 1357 2397 1412; x_wconf 85' lang='lat' dir='ltr'><strong>illam</strong></span> <span class='ocrx_word' id='word_1_234' title='bbox 2425 1359 2718 1415; x_wconf 86' lang='lat' dir='ltr'><strong>civitatem.</strong></span> <span class='ocrx_word' id='word_1_235' title='bbox 2737 1361 2792 1416; x_wconf 92' lang='lat' dir='ltr'><strong>Si</strong></span> <span class='ocrx_word' id='word_1_236' title='bbox 2814 1365 3102 1433; x_wconf 90' lang='lat' dir='ltr'><strong>applicatio</strong></span> <span class='ocrx_word' id='word_1_237' title='bbox 3128 1374 3213 1421; x_wconf 87' lang='lat' dir='ltr'><strong>est</strong></span> <span class='ocrx_word' id='word_1_238' title='bbox 3232 1369 3469 1438; x_wconf 75' lang='lat' dir='ltr'><strong>adoptio,</strong></span> <span class='ocrx_word' id='word_1_239' title='bbox 3491 1386 3625 1441; x_wconf 79' lang='lat' dir='ltr'><strong>ergo</strong></span> 
     </span>
    </p>
   </div>
   <div class='ocr_carea' id='block_1_29' title="bbox 2043 1445 3625 1530">
    <p class='ocr_par' dir='ltr' id='par_1_29' title="bbox 2043 1445 3625 1530">
     <span class='ocr_line' id='line_1_29' title="bbox 2043 1445 3625 1530; baseline 0.013 -33"><span class='ocrx_word' id='word_1_240' title='bbox 2043 1445 2318 1515; x_wconf 84' lang='lat' dir='ltr'><strong>adoptavit</strong></span> <span class='ocrx_word' id='word_1_241' title='bbox 2344 1447 2617 1504; x_wconf 89' lang='lat' dir='ltr'><strong>civitatem</strong></span> <span class='ocrx_word' id='word_1_242' title='bbox 2647 1451 2751 1506; x_wconf 83' lang='lat' dir='ltr'><strong>sibi</strong></span> <span class='ocrx_word' id='word_1_243' title='bbox 2779 1452 2833 1506; x_wconf 91' lang='lat' dir='ltr'><strong>in</strong></span> <span class='ocrx_word' id='word_1_244' title='bbox 2859 1453 3050 1522; x_wconf 90' lang='lat' dir='ltr'><strong>ﬁlium,</strong></span> <span class='ocrx_word' id='word_1_245' title='bbox 3079 1470 3240 1525; x_wconf 89' lang='lat' dir='ltr'><strong>quam</strong></span> <span class='ocrx_word' id='word_1_246' title='bbox 3275 1460 3446 1530; x_wconf 84' lang='lat' dir='ltr'><strong>magis</strong></span> <span class='ocrx_word' id='word_1_247' title='bbox 3473 1464 3625 1518; x_wconf 85' lang='lat' dir='ltr'><strong>venit</strong></span> 
     </span>
    </p>
   </div>
   <div class='ocr_carea' id='block_1_30' title="bbox 2038 1533 2334 1589">
    <p class='ocr_par' dir='ltr' id='par_1_30' title="bbox 2038 1533 2334 1589">
     <span class='ocr_line' id='line_1_30' title="bbox 2038 1533 2334 1589; baseline 0.003 -1"><span class='ocrx_word' id='word_1_248' title='bbox 2038 1533 2334 1589; x_wconf 88' lang='lat' dir='ltr'><strong>debellare.</strong></span> 
     </span>
    </p>
   </div>
   <div class='ocr_carea' id='block_1_31' title="bbox 2111 1621 3624 1709">
    <p class='ocr_par' dir='ltr' id='par_1_31' title="bbox 2111 1621 3624 1709">
     <span class='ocr_line' id='line_1_31' title="bbox 2111 1621 3624 1709; baseline 0.015 -33"><span class='ocrx_word' id='word_1_249' title='bbox 2111 1621 2202 1677; x_wconf 88' lang='lat' dir='ltr'><strong>IX.</strong></span> <span class='ocrx_word' id='word_1_250' title='bbox 2230 1623 2370 1680; x_wconf 85' lang='lat' dir='ltr'><strong>Ecce</strong></span> <span class='ocrx_word' id='word_1_251' title='bbox 2397 1633 2453 1680; x_wconf 87' lang='lat' dir='ltr'><strong>et</strong></span> <span class='ocrx_word' id='word_1_252' title='bbox 2476 1627 2568 1682; x_wconf 88' lang='lat' dir='ltr'><strong>hic</strong></span> <span class='ocrx_word' id='word_1_253' title='bbox 2588 1642 2734 1685; x_wconf 54' lang='lat' dir='ltr'><strong>caeca</strong></span> <span class='ocrx_word' id='word_1_254' title='bbox 2760 1630 2988 1709; x_wconf 74' lang='lat' dir='ltr'><strong>stultitia</strong></span> <span class='ocrx_word' id='word_1_255' title='bbox 3013 1641 3105 1689; x_wconf 86' lang='lat' dir='ltr'><strong>tua</strong></span> <span class='ocrx_word' id='word_1_256' title='bbox 3136 1642 3189 1691; x_wconf 84' lang='lat' dir='ltr'><strong>et</strong></span> <span class='ocrx_word' id='word_1_257' title='bbox 3210 1636 3424 1694; x_wconf 88' lang='lat' dir='ltr'><strong>indocta</strong></span> <span class='ocrx_word' id='word_1_258' title='bbox 3454 1649 3624 1698; x_wconf 80' lang='lat' dir='ltr'><strong>teme-</strong></span> 
     </span>
    </p>
   </div>
   <div class='ocr_carea' id='block_1_32' title="bbox 2038 1714 3622 1794">
    <p class='ocr_par' dir='ltr' id='par_1_32' title="bbox 2038 1714 3622 1794">
     <span class='ocr_line' id='line_1_32' title="bbox 2038 1714 3622 1794; baseline 0.011 -26"><span class='ocrx_word' id='word_1_259' title='bbox 2038 1714 2177 1770; x_wconf 84' lang='lat' dir='ltr'><strong>ritas</strong></span> <span class='ocrx_word' id='word_1_260' title='bbox 2222 1725 2464 1787; x_wconf 88' lang='lat' dir='ltr'><strong>apparet,</strong></span> <span class='ocrx_word' id='word_1_261' title='bbox 2510 1734 2615 1788; x_wconf 91' lang='lat' dir='ltr'><strong>qua</strong></span> <span class='ocrx_word' id='word_1_262' title='bbox 2647 1722 2751 1775; x_wconf 90' lang='lat' dir='ltr'><strong>non</strong></span> <span class='ocrx_word' id='word_1_263' title='bbox 2780 1721 3055 1793; x_wconf 79' lang='lat' dir='ltr'><strong>intelligis,</strong></span> <span class='ocrx_word' id='word_1_264' title='bbox 3087 1740 3250 1794; x_wconf 88' lang='lat' dir='ltr'><strong>quam</strong></span> <span class='ocrx_word' id='word_1_265' title='bbox 3292 1728 3517 1785; x_wconf 87' lang='lat' dir='ltr'><strong>adversa</strong></span> <span class='ocrx_word' id='word_1_266' title='bbox 3563 1742 3622 1786; x_wconf 88' lang='lat' dir='ltr'><strong>et</strong></span> 
     </span>
    </p>
   </div>
   <div class='ocr_carea' id='block_1_33' title="bbox 369 1791 3624 1888">
    <p class='ocr_par' dir='ltr' id='par_1_33' title="bbox 369 1791 3624 1888">
     <span class='ocr_line' id='line_1_33' title="bbox 369 1791 3624 1888; baseline 0.005 -16"><span class='ocrx_word' id='word_1_267' title='bbox 369 1819 424 1872; x_wconf 93' lang='lat' dir='ltr'><strong>in</strong></span> <span class='ocrx_word' id='word_1_268' title='bbox 449 1824 704 1888; x_wconf 84' lang='lat' dir='ltr'><strong>quantam</strong></span> <span class='ocrx_word' id='word_1_269' title='bbox 733 1816 1014 1870; x_wconf 88' lang='lat' dir='ltr'><strong>stultitiam</strong></span> <span class='ocrx_word' id='word_1_270' title='bbox 1041 1815 1142 1870; x_wconf 89' lang='lat' dir='ltr'><strong>iste</strong></span> <span class='ocrx_word' id='word_1_271' title='bbox 1170 1823 1294 1868; x_wconf 90' lang='lat' dir='ltr'><strong>tuus</strong></span> <span class='ocrx_word' id='word_1_272' title='bbox 1323 1826 1517 1870; x_wconf 82' lang='lat' dir='ltr'><strong>sensus</strong></span> <span class='ocrx_word' id='word_1_273' title='bbox 1543 1810 1860 1877; x_wconf 84' lang='lat' dir='ltr'><strong>devolvitur,</strong></span> <span class='ocrx_word' id='word_1_274' title='bbox 1887 1819 1939 1864; x_wconf 91' lang='lat' dir='ltr'><strong>et</strong></span> <span class='ocrx_word' id='word_1_275' title='bbox 1973 1791 2014 1853; x_wconf 72' lang='grc' dir='ltr'><strong>Β</strong></span> <span class='ocrx_word' id='word_1_276' title='bbox 2040 1809 2312 1861; x_wconf 65' lang='lat' dir='ltr'><strong>contraria</strong></span> <span class='ocrx_word' id='word_1_277' title='bbox 2351 1808 2501 1862; x_wconf 78' lang='lat' dir='ltr'><strong>omni</strong></span> <span class='ocrx_word' id='word_1_278' title='bbox 2549 1811 2743 1866; x_wconf 69' lang='grc' dir='ltr'><strong>ι’ἱὶῑίοῐιί</strong></span> <span class='ocrx_word' id='word_1_279' title='bbox 2779 1812 2934 1880; x_wconf 75' lang='grc' dir='ltr'><strong>Ροιιίε</strong></span> <span class='ocrx_word' id='word_1_280' title='bbox 2974 1822 3030 1869; x_wconf 59' lang='lat' dir='ltr'><strong>ei</strong></span> <span class='ocrx_word' id='word_1_281' title='bbox 3067 1815 3374 1884; x_wconf 65' lang='lat' dir='ltr'><strong>conﬁrmas,</strong></span> <span class='ocrx_word' id='word_1_282' title='bbox 3421 1821 3624 1877; x_wconf 72' lang='lat' dir='ltr'><strong>addere</strong></span> 
     </span>
    </p>
   </div>
   <div class='ocr_carea' id='block_1_34' title="bbox 370 1898 1941 1976">
    <p class='ocr_par' dir='ltr' id='par_1_34' title="bbox 370 1898 1941 1976">
     <span class='ocr_line' id='line_1_34' title="bbox 370 1898 1941 1976; baseline -0.005 -15"><span class='ocrx_word' id='word_1_283' title='bbox 370 1920 531 1976; x_wconf 87' lang='lat' dir='ltr'><strong>quam</strong></span> <span class='ocrx_word' id='word_1_284' title='bbox 557 1905 825 1961; x_wconf 89' lang='lat' dir='ltr'><strong>contraria</strong></span> <span class='ocrx_word' id='word_1_285' title='bbox 852 1905 998 1960; x_wconf 90' lang='lat' dir='ltr'><strong>omni</strong></span> <span class='ocrx_word' id='word_1_286' title='bbox 1027 1903 1221 1958; x_wconf 86' lang='lat' dir='ltr'><strong>rationi</strong></span> <span class='ocrx_word' id='word_1_287' title='bbox 1249 1910 1304 1957; x_wconf 87' lang='lat' dir='ltr'><strong>et</strong></span> <span class='ocrx_word' id='word_1_288' title='bbox 1323 1902 1469 1956; x_wconf 91' lang='lat' dir='ltr'><strong>omni</strong></span> <span class='ocrx_word' id='word_1_289' title='bbox 1501 1902 1735 1956; x_wconf 88' lang='lat' dir='ltr'><strong>humano</strong></span> <span class='ocrx_word' id='word_1_290' title='bbox 1759 1898 1941 1971; x_wconf 89' lang='lat' dir='ltr'><strong>generi</strong></span> 
     </span>
    </p>
   </div>
   <div class='ocr_carea' id='block_1_35' title="bbox 373 1993 1940 2068">
    <p class='ocr_par' dir='ltr' id='par_1_35' title="bbox 373 1993 1940 2068">
     <span class='ocr_line' id='line_1_35' title="bbox 373 1993 1940 2068; baseline -0.004 -15"><span class='ocrx_word' id='word_1_291' title='bbox 373 2000 600 2055; x_wconf 80' lang='lat' dir='ltr'><strong>asseris?</strong></span> <span class='ocrx_word' id='word_1_292' title='bbox 635 1999 734 2053; x_wconf 88' lang='lat' dir='ltr'><strong>Tui</strong></span> <span class='ocrx_word' id='word_1_293' title='bbox 769 1997 933 2068; x_wconf 81' lang='lat' dir='ltr'><strong>igitur</strong></span> <span class='ocrx_word' id='word_1_294' title='bbox 959 1996 1129 2066; x_wconf 88' lang='lat' dir='ltr'><strong>ipsius</strong></span> <span class='ocrx_word' id='word_1_295' title='bbox 1154 2002 1313 2049; x_wconf 90' lang='lat' dir='ltr'><strong>utens</strong></span> <span class='ocrx_word' id='word_1_296' title='bbox 1337 1993 1584 2063; x_wconf 78' lang='lat' dir='ltr'><strong>exemplo</strong></span> <span class='ocrx_word' id='word_1_297' title='bbox 1611 2002 1666 2048; x_wconf 91' lang='lat' dir='ltr'><strong>et</strong></span> <span class='ocrx_word' id='word_1_298' title='bbox 1712 1993 1940 2062; x_wconf 87' lang='lat' dir='ltr'><strong>teipsum</strong></span> 
     </span>
    </p>
   </div>
   <div class='ocr_carea' id='block_1_36' title="bbox 372 2083 1939 2157">
    <p class='ocr_par' dir='ltr' id='par_1_36' title="bbox 372 2083 1939 2157">
     <span class='ocr_line' id='line_1_36' title="bbox 372 2083 1939 2157; baseline -0.006 -11"><span class='ocrx_word' id='word_1_299' title='bbox 372 2090 741 2154; x_wconf 82' lang='lat' dir='ltr'><strong>considerans,</strong></span> <span class='ocrx_word' id='word_1_300' title='bbox 779 2087 1163 2157; x_wconf 86' lang='lat' dir='ltr'><strong>proprietatem</strong></span> <span class='ocrx_word' id='word_1_301' title='bbox 1206 2084 1323 2150; x_wconf 92' lang='lat' dir='ltr'><strong>ﬁlii,</strong></span> <span class='ocrx_word' id='word_1_302' title='bbox 1356 2098 1521 2153; x_wconf 88' lang='lat' dir='ltr'><strong>quam</strong></span> <span class='ocrx_word' id='word_1_303' title='bbox 1559 2084 1613 2138; x_wconf 92' lang='lat' dir='ltr'><strong>in</strong></span> <span class='ocrx_word' id='word_1_304' title='bbox 1639 2091 1692 2137; x_wconf 90' lang='lat' dir='ltr'><strong>te</strong></span> <span class='ocrx_word' id='word_1_305' title='bbox 1721 2083 1939 2149; x_wconf 87' lang='lat' dir='ltr'><strong>asseris,</strong></span> 
     </span>
    </p>
   </div>
   <div class='ocr_carea' id='block_1_37' title="bbox 371 2176 1941 2249">
    <p class='ocr_par' dir='ltr' id='par_1_37' title="bbox 371 2176 1941 2249">
     <span class='ocr_line' id='line_1_37' title="bbox 371 2176 1941 2249; baseline -0.004 -12"><span class='ocrx_word' id='word_1_306' title='bbox 371 2195 636 2249; x_wconf 85' lang='lat' dir='ltr'><strong>cognosce</strong></span> <span class='ocrx_word' id='word_1_307' title='bbox 679 2180 734 2233; x_wconf 90' lang='lat' dir='ltr'><strong>in</strong></span> <span class='ocrx_word' id='word_1_308' title='bbox 780 2178 917 2233; x_wconf 88' lang='lat' dir='ltr'><strong>Filio</strong></span> <span class='ocrx_word' id='word_1_309' title='bbox 956 2178 1052 2233; x_wconf 90' lang='lat' dir='ltr'><strong>Dei</strong></span> <span class='ocrx_word' id='word_1_310' title='bbox 1098 2178 1217 2233; x_wconf 85' lang='lat' dir='ltr'><strong>ﬁeri</strong></span> <span class='ocrx_word' id='word_1_311' title='bbox 1257 2191 1456 2247; x_wconf 86' lang='lat' dir='ltr'><strong>posse:</strong></span> <span class='ocrx_word' id='word_1_312' title='bbox 1485 2183 1540 2231; x_wconf 91' lang='lat' dir='ltr'><strong>et</strong></span> <span class='ocrx_word' id='word_1_313' title='bbox 1581 2177 1672 2246; x_wconf 89' lang='lat' dir='ltr'><strong>qui</strong></span> <span class='ocrx_word' id='word_1_314' title='bbox 1713 2176 1941 2246; x_wconf 89' lang='lat' dir='ltr'><strong>teipsum</strong></span> 
     </span>
    </p>
   </div>
   <div class='ocr_carea' id='block_1_38' title="bbox 371 2265 1942 2337">
    <p class='ocr_par' dir='ltr' id='par_1_38' title="bbox 371 2265 1942 2337">
     <span class='ocr_line' id='line_1_38' title="bbox 371 2265 1942 2337; baseline -0.003 -12"><span class='ocrx_word' id='word_1_315' title='bbox 371 2270 610 2326; x_wconf 84' lang='lat' dir='ltr'><strong>dividere</strong></span> <span class='ocrx_word' id='word_1_316' title='bbox 641 2284 748 2323; x_wconf 91' lang='lat' dir='ltr'><strong>non</strong></span> <span class='ocrx_word' id='word_1_317' title='bbox 774 2268 857 2323; x_wconf 84' lang='lat' dir='ltr'><strong>vis</strong></span> <span class='ocrx_word' id='word_1_318' title='bbox 885 2276 1109 2337; x_wconf 86' lang='lat' dir='ltr'><strong>propter</strong></span> <span class='ocrx_word' id='word_1_319' title='bbox 1144 2267 1378 2321; x_wconf 84' lang='lat' dir='ltr'><strong>animam</strong></span> <span class='ocrx_word' id='word_1_320' title='bbox 1406 2275 1462 2321; x_wconf 90' lang='lat' dir='ltr'><strong>et</strong></span> <span class='ocrx_word' id='word_1_321' title='bbox 1486 2280 1703 2322; x_wconf 85' lang='lat' dir='ltr'><strong>carnem</strong></span> <span class='ocrx_word' id='word_1_322' title='bbox 1732 2266 1786 2319; x_wconf 93' lang='lat' dir='ltr'><strong>in</strong></span> <span class='ocrx_word' id='word_1_323' title='bbox 1808 2265 1942 2321; x_wconf 91' lang='lat' dir='ltr'><strong>duos</strong></span> 
     </span>
    </p>
   </div>
   <div class='ocr_carea' id='block_1_39' title="bbox 369 2356 1941 2429">
    <p class='ocr_par' dir='ltr' id='par_1_39' title="bbox 369 2356 1941 2429">
     <span class='ocr_line' id='line_1_39' title="bbox 369 2356 1941 2429; baseline -0.004 -13"><span class='ocrx_word' id='word_1_324' title='bbox 369 2361 530 2426; x_wconf 84' lang='lat' dir='ltr'><strong>ﬁlios,</strong></span> <span class='ocrx_word' id='word_1_325' title='bbox 571 2360 846 2429; x_wconf 89' lang='lat' dir='ltr'><strong>proprium</strong></span> <span class='ocrx_word' id='word_1_326' title='bbox 891 2357 1098 2413; x_wconf 86' lang='lat' dir='ltr'><strong>scilicet</strong></span> <span class='ocrx_word' id='word_1_327' title='bbox 1142 2368 1197 2412; x_wconf 89' lang='lat' dir='ltr'><strong>et</strong></span> <span class='ocrx_word' id='word_1_328' title='bbox 1244 2357 1686 2427; x_wconf 79' lang='lat' dir='ltr'><strong>adoptivumzea</strong></span> <span class='ocrx_word' id='word_1_329' title='bbox 1734 2356 1941 2410; x_wconf 85' lang='lat' dir='ltr'><strong>ratione</strong></span> 
     </span>
    </p>
   </div>
   <div class='ocr_carea' id='block_1_40' title="bbox 371 2446 1941 2515">
    <p class='ocr_par' dir='ltr' id='par_1_40' title="bbox 371 2446 1941 2515">
     <span class='ocr_line' id='line_1_40' title="bbox 371 2446 1941 2515; baseline -0.004 -9"><span class='ocrx_word' id='word_1_330' title='bbox 371 2468 472 2506; x_wconf 87' lang='lat' dir='ltr'><strong>nec</strong></span> <span class='ocrx_word' id='word_1_331' title='bbox 496 2451 773 2506; x_wconf 86' lang='lat' dir='ltr'><strong>Christum</strong></span> <span class='ocrx_word' id='word_1_332' title='bbox 809 2450 1049 2504; x_wconf 88' lang='lat' dir='ltr'><strong>dividere</strong></span> <span class='ocrx_word' id='word_1_333' title='bbox 1078 2456 1251 2503; x_wconf 89' lang='lat' dir='ltr'><strong>tentes</strong></span> <span class='ocrx_word' id='word_1_334' title='bbox 1292 2448 1347 2501; x_wconf 90' lang='lat' dir='ltr'><strong>in</strong></span> <span class='ocrx_word' id='word_1_335' title='bbox 1381 2449 1518 2502; x_wconf 88' lang='lat' dir='ltr'><strong>duos</strong></span> <span class='ocrx_word' id='word_1_336' title='bbox 1549 2446 1687 2501; x_wconf 91' lang='lat' dir='ltr'><strong>ﬁlios</strong></span> <span class='ocrx_word' id='word_1_337' title='bbox 1721 2454 1941 2515; x_wconf 84' lang='lat' dir='ltr'><strong>propter</strong></span> 
     </span>
    </p>
   </div>
   <div class='ocr_carea' id='block_1_41' title="bbox 366 2538 1940 2610">
    <p class='ocr_par' dir='ltr' id='par_1_41' title="bbox 366 2538 1940 2610">
     <span class='ocr_line' id='line_1_41' title="bbox 366 2538 1940 2610; baseline -0.001 -16"><span class='ocrx_word' id='word_1_338' title='bbox 366 2541 617 2610; x_wconf 81' lang='lat' dir='ltr'><strong>perfectae</strong></span> <span class='ocrx_word' id='word_1_339' title='bbox 662 2540 959 2594; x_wconf 82' lang='lat' dir='ltr'><strong>divinitatis</strong></span> <span class='ocrx_word' id='word_1_340' title='bbox 1002 2547 1057 2593; x_wconf 90' lang='lat' dir='ltr'><strong>et</strong></span> <span class='ocrx_word' id='word_1_341' title='bbox 1095 2538 1348 2608; x_wconf 60' lang='lat' dir='ltr'><strong>perfectae</strong></span> <span class='ocrx_word' id='word_1_342' title='bbox 1388 2539 1740 2593; x_wconf 86' lang='lat' dir='ltr'><strong>humanitatis</strong></span> <span class='ocrx_word' id='word_1_343' title='bbox 1783 2547 1940 2593; x_wconf 89' lang='lat' dir='ltr'><strong>natu-</strong></span> 
     </span>
    </p>
   </div>
   <div class='ocr_carea' id='block_1_42' title="bbox 368 2627 1897 2700">
    <p class='ocr_par' dir='ltr' id='par_1_42' title="bbox 368 2627 1897 2700">
     <span class='ocr_line' id='line_1_42' title="bbox 368 2627 1897 2700; baseline -0.002 -15"><span class='ocrx_word' id='word_1_344' title='bbox 368 2648 504 2697; x_wconf 83' lang='lat' dir='ltr'><strong>ram,</strong></span> <span class='ocrx_word' id='word_1_345' title='bbox 533 2631 658 2700; x_wconf 89' lang='lat' dir='ltr'><strong>quia</strong></span> <span class='ocrx_word' id='word_1_346' title='bbox 683 2645 823 2685; x_wconf 91' lang='lat' dir='ltr'><strong>unus</strong></span> <span class='ocrx_word' id='word_1_347' title='bbox 845 2637 929 2684; x_wconf 90' lang='lat' dir='ltr'><strong>est</strong></span> <span class='ocrx_word' id='word_1_348' title='bbox 958 2629 1220 2684; x_wconf 85' lang='lat' dir='ltr'><strong>mediator</strong></span> <span class='ocrx_word' id='word_1_349' title='bbox 1243 2636 1425 2682; x_wconf 87' lang='lat' dir='ltr'><strong>noster</strong></span> <span class='ocrx_word' id='word_1_350' title='bbox 1451 2627 1610 2682; x_wconf 79' lang='lat' dir='ltr'><strong>lesus</strong></span> <span class='ocrx_word' id='word_1_351' title='bbox 1629 2627 1897 2684; x_wconf 90' lang='lat' dir='ltr'><strong>Christus.</strong></span> 
     </span>
    </p>
   </div>
   <div class='ocr_carea' id='block_1_43' title="bbox 438 2718 1934 2791">
    <p class='ocr_par' dir='ltr' id='par_1_43' title="bbox 438 2718 1934 2791">
     <span class='ocr_line' id='line_1_43' title="bbox 438 2718 1934 2791; baseline -0.003 -14"><span class='ocrx_word' id='word_1_352' title='bbox 438 2722 566 2777; x_wconf 82' lang='lat' dir='ltr'><strong>Vill.</strong></span> <span class='ocrx_word' id='word_1_353' title='bbox 599 2722 855 2791; x_wconf 89' lang='lat' dir='ltr'><strong>Sequitur</strong></span> <span class='ocrx_word' id='word_1_354' title='bbox 876 2722 931 2775; x_wconf 93' lang='lat' dir='ltr'><strong>in</strong></span> <span class='ocrx_word' id='word_1_355' title='bbox 958 2727 1105 2775; x_wconf 82' lang='lat' dir='ltr'><strong>textu</strong></span> <span class='ocrx_word' id='word_1_356' title='bbox 1136 2718 1297 2774; x_wconf 89' lang='lat' dir='ltr'><strong>libelli</strong></span> <span class='ocrx_word' id='word_1_357' title='bbox 1323 2720 1436 2774; x_wconf 89' lang='lat' dir='ltr'><strong>tui:</strong></span> <span class='ocrx_word' id='word_1_358' title='bbox 1470 2736 1488 2769; x_wconf 74' lang='grc' dir='ltr'><strong><em>ι</em></strong></span> <span class='ocrx_word' id='word_1_359' title='bbox 1518 2718 1702 2789; x_wconf 83' lang='lat' dir='ltr'><strong>Igitur,</strong></span> <span class='ocrx_word' id='word_1_360' title='bbox 1735 2718 1934 2788; x_wconf 87' lang='lat' dir='ltr'><strong>inquis,</strong></span> 
     </span>
    </p>
   </div>
   <div class='ocr_carea' id='block_1_44' title="bbox 368 2809 1934 2883">
    <p class='ocr_par' dir='ltr' id='par_1_44' title="bbox 368 2809 1934 2883">
     <span class='ocr_line' id='line_1_44' title="bbox 368 2809 1934 2883; baseline -0.004 -14"><span class='ocrx_word' id='word_1_361' title='bbox 368 2816 411 2869; x_wconf 87' lang='lat' dir='ltr'><strong>si</strong></span> <span class='ocrx_word' id='word_1_362' title='bbox 458 2813 759 2883; x_wconf 87' lang='lat' dir='ltr'><strong>adoptionis</strong></span> <span class='ocrx_word' id='word_1_363' title='bbox 784 2826 981 2867; x_wconf 89' lang='lat' dir='ltr'><strong>nomen</strong></span> <span class='ocrx_word' id='word_1_364' title='bbox 1012 2812 1066 2865; x_wconf 91' lang='lat' dir='ltr'><strong>in</strong></span> <span class='ocrx_word' id='word_1_365' title='bbox 1107 2809 1325 2865; x_wconf 88' lang='lat' dir='ltr'><strong>Christo</strong></span> <span class='ocrx_word' id='word_1_366' title='bbox 1372 2809 1600 2865; x_wconf 89' lang='lat' dir='ltr'><strong>Domino</strong></span> <span class='ocrx_word' id='word_1_367' title='bbox 1639 2809 1934 2864; x_wconf 90' lang='lat' dir='ltr'><strong>secundum</strong></span> 
     </span>
    </p>
   </div>
   <div class='ocr_carea' id='block_1_45' title="bbox 346 2900 1936 2973">
    <p class='ocr_par' dir='ltr' id='par_1_45' title="bbox 346 2900 1936 2973">
     <span class='ocr_line' id='line_1_45' title="bbox 346 2900 1936 2973; baseline -0.003 -13"><span class='ocrx_word' id='word_1_368' title='bbox 346 2920 584 2961; x_wconf 44' lang='lat' dir='ltr'><strong>‘caruem</strong></span> <span class='ocrx_word' id='word_1_369' title='bbox 621 2903 766 2959; x_wconf 88' lang='lat' dir='ltr'><strong>claro</strong></span> <span class='ocrx_word' id='word_1_370' title='bbox 792 2910 1084 2973; x_wconf 88' lang='lat' dir='ltr'><strong>apertoque</strong></span> <span class='ocrx_word' id='word_1_371' title='bbox 1112 2915 1363 2957; x_wconf 90' lang='lat' dir='ltr'><strong>sermone</strong></span> <span class='ocrx_word' id='word_1_372' title='bbox 1402 2901 1457 2955; x_wconf 92' lang='lat' dir='ltr'><strong>in</strong></span> <span class='ocrx_word' id='word_1_373' title='bbox 1485 2908 1715 2971; x_wconf 90' lang='lat' dir='ltr'><strong>utroque</strong></span> <span class='ocrx_word' id='word_1_374' title='bbox 1749 2900 1936 2956; x_wconf 87' lang='lat' dir='ltr'><strong>Testa-</strong></span> 
     </span>
    </p>
   </div>
   <div class='ocr_carea' id='block_1_46' title="bbox 366 2990 1934 3062">
    <p class='ocr_par' dir='ltr' id='par_1_46' title="bbox 366 2990 1934 3062">
     <span class='ocr_line' id='line_1_46' title="bbox 366 2990 1934 3062; baseline 0.003 -17"><span class='ocrx_word' id='word_1_375' title='bbox 366 3003 569 3059; x_wconf 86' lang='lat' dir='ltr'><strong>mento,</strong></span> <span class='ocrx_word' id='word_1_376' title='bbox 605 3000 665 3048; x_wconf 92' lang='lat' dir='ltr'><strong>ut</strong></span> <span class='ocrx_word' id='word_1_377' title='bbox 689 3008 783 3048; x_wconf 89' lang='lat' dir='ltr'><strong>vos</strong></span> <span class='ocrx_word' id='word_1_378' title='bbox 825 2992 1170 3059; x_wconf 81' lang='lat' dir='ltr'><strong>contenditis,</strong></span> <span class='ocrx_word' id='word_1_379' title='bbox 1209 2990 1450 3060; x_wconf 87' lang='lat' dir='ltr'><strong>reperire</strong></span> <span class='ocrx_word' id='word_1_380' title='bbox 1484 2992 1798 3062; x_wconf 87' lang='lat' dir='ltr'><strong>nequimus;</strong></span> <span class='ocrx_word' id='word_1_381' title='bbox 1830 3008 1934 3049; x_wconf 67' lang='lat' dir='ltr'><strong>ca-</strong></span> 
     </span>
    </p>
   </div>
   <div class='ocr_carea' id='block_1_47' title="bbox 361 3084 1925 3154">
    <p class='ocr_par' dir='ltr' id='par_1_47' title="bbox 361 3084 1925 3154">
     <span class='ocr_line' id='line_1_47' title="bbox 361 3084 1925 3154; baseline -0.001 -14"><span class='ocrx_word' id='word_1_382' title='bbox 361 3094 475 3140; x_wconf 83' lang='lat' dir='ltr'><strong>tera</strong></span> <span class='ocrx_word' id='word_1_383' title='bbox 506 3092 681 3139; x_wconf 91' lang='lat' dir='ltr'><strong>tamen</strong></span> <span class='ocrx_word' id='word_1_384' title='bbox 703 3084 906 3150; x_wconf 90' lang='lat' dir='ltr'><strong>omnia,</strong></span> <span class='ocrx_word' id='word_1_385' title='bbox 929 3099 1049 3154; x_wconf 81' lang='lat' dir='ltr'><strong>quae</strong></span> <span class='ocrx_word' id='word_1_386' title='bbox 1071 3084 1373 3153; x_wconf 89' lang='lat' dir='ltr'><strong>adoptionis</strong></span> <span class='ocrx_word' id='word_1_387' title='bbox 1393 3085 1559 3141; x_wconf 88' lang='lat' dir='ltr'><strong>verbo</strong></span> <span class='ocrx_word' id='word_1_388' title='bbox 1584 3084 1925 3148; x_wconf 90' lang='lat' dir='ltr'><strong>conveniunt,</strong></span> 
     </span>
    </p>
   </div>
   <div class='ocr_carea' id='block_1_48' title="bbox 339 3176 1931 3247">
    <p class='ocr_par' dir='ltr' id='par_1_48' title="bbox 339 3176 1931 3247">
     <span class='ocr_line' id='line_1_48' title="bbox 339 3176 1931 3247; baseline 0.001 -14"><span class='ocrx_word' id='word_1_389' title='bbox 339 3180 414 3233; x_wconf 76' lang='lat' dir='ltr'><strong>“in</strong></span> <span class='ocrx_word' id='word_1_390' title='bbox 449 3176 650 3233; x_wconf 78' lang='lat' dir='ltr'><strong>divinis</strong></span> <span class='ocrx_word' id='word_1_391' title='bbox 700 3176 853 3232; x_wconf 91' lang='lat' dir='ltr'><strong>libris</strong></span> <span class='ocrx_word' id='word_1_392' title='bbox 893 3178 1186 3247; x_wconf 30' lang='lat' dir='ltr'><strong>perspicue.</strong></span> <span class='ocrx_word' id='word_1_393' title='bbox 1214 3184 1376 3247; x_wconf 71' lang='lat' dir='ltr'><strong>atque</strong></span> <span class='ocrx_word' id='word_1_394' title='bbox 1423 3176 1707 3233; x_wconf 78' lang='lat' dir='ltr'><strong>manifeste</strong></span> <span class='ocrx_word' id='word_1_395' title='bbox 1748 3178 1931 3234; x_wconf 87' lang='lat' dir='ltr'><strong>multis</strong></span> 
     </span>
    </p>
   </div>
   <div class='ocr_carea' id='block_1_49' title="bbox 360 3266 1932 3337">
    <p class='ocr_par' dir='ltr' id='par_1_49' title="bbox 360 3266 1932 3337">
     <span class='ocr_line' id='line_1_49' title="bbox 360 3266 1932 3337; baseline 0 -14"><span class='ocrx_word' id='word_1_396' title='bbox 360 3269 536 3323; x_wconf 89' lang='lat' dir='ltr'><strong>modis</strong></span> <span class='ocrx_word' id='word_1_397' title='bbox 562 3268 921 3337; x_wconf 87' lang='lat' dir='ltr'><strong>reperiuntur.</strong></span> <span class='ocrx_word' id='word_1_398' title='bbox 947 3266 1080 3321; x_wconf 85' lang='lat' dir='ltr'><strong>Nam</strong></span> <span class='ocrx_word' id='word_1_399' title='bbox 1112 3268 1261 3337; x_wconf 90' lang='lat' dir='ltr'><strong>quid,</strong></span> <span class='ocrx_word' id='word_1_400' title='bbox 1283 3283 1463 3336; x_wconf 64' lang='lat' dir='ltr'><strong>quaeso</strong></span> <span class='ocrx_word' id='word_1_401' title='bbox 1480 3308 1494 3332; x_wconf 93' lang='lat'><strong>,</strong></span> <span class='ocrx_word' id='word_1_402' title='bbox 1518 3277 1601 3324; x_wconf 90' lang='lat' dir='ltr'><strong>est</strong></span> <span class='ocrx_word' id='word_1_403' title='bbox 1624 3268 1844 3324; x_wconf 88' lang='lat' dir='ltr'><strong>cuilibet</strong></span> <span class='ocrx_word' id='word_1_404' title='bbox 1870 3269 1932 3323; x_wconf 87' lang='lat' dir='ltr'><strong>ﬁ-</strong></span> 
     </span>
    </p>
   </div>
   <div class='ocr_carea' id='block_1_50' title="bbox 358 3358 1926 3430">
    <p class='ocr_par' dir='ltr' id='par_1_50' title="bbox 358 3358 1926 3430">
     <span class='ocr_line' id='line_1_50' title="bbox 358 3358 1926 3430; baseline 0.002 -17"><span class='ocrx_word' id='word_1_405' title='bbox 358 3360 431 3413; x_wconf 91' lang='lat' dir='ltr'><strong>lio</strong></span> <span class='ocrx_word' id='word_1_406' title='bbox 473 3359 706 3427; x_wconf 80' lang='lat' dir='ltr'><strong>adoptio,</strong></span> <span class='ocrx_word' id='word_1_407' title='bbox 739 3358 841 3411; x_wconf 89' lang='lat' dir='ltr'><strong>nisi</strong></span> <span class='ocrx_word' id='word_1_408' title='bbox 880 3358 1107 3424; x_wconf 90' lang='lat' dir='ltr'><strong>electio,</strong></span> <span class='ocrx_word' id='word_1_409' title='bbox 1152 3360 1256 3414; x_wconf 90' lang='lat' dir='ltr'><strong>nisi</strong></span> <span class='ocrx_word' id='word_1_410' title='bbox 1289 3360 1481 3430; x_wconf 82' lang='lat' dir='ltr'><strong>gratia,</strong></span> <span class='ocrx_word' id='word_1_411' title='bbox 1524 3361 1629 3415; x_wconf 90' lang='lat' dir='ltr'><strong>nisi</strong></span> <span class='ocrx_word' id='word_1_412' title='bbox 1656 3362 1926 3426; x_wconf 86' lang='lat' dir='ltr'><strong>voluntas,</strong></span> 
     </span>
    </p>
   </div>
   <div class='ocr_carea' id='block_1_51' title="bbox 358 3448 1931 3522">
    <p class='ocr_par' dir='ltr' id='par_1_51' title="bbox 358 3448 1931 3522">
     <span class='ocr_line' id='line_1_51' title="bbox 358 3448 1931 3522; baseline 0.002 -18"><span class='ocrx_word' id='word_1_413' title='bbox 358 3450 463 3505; x_wconf 89' lang='lat' dir='ltr'><strong>nisi</strong></span> <span class='ocrx_word' id='word_1_414' title='bbox 493 3449 806 3517; x_wconf 87' lang='lat' dir='ltr'><strong>assumptio,</strong></span> <span class='ocrx_word' id='word_1_415' title='bbox 834 3448 937 3502; x_wconf 90' lang='lat' dir='ltr'><strong>nisi</strong></span> <span class='ocrx_word' id='word_1_416' title='bbox 968 3449 1261 3518; x_wconf 88' lang='lat' dir='ltr'><strong>susceptio,</strong></span> <span class='ocrx_word' id='word_1_417' title='bbox 1288 3449 1391 3504; x_wconf 90' lang='lat' dir='ltr'><strong>nisi</strong></span> <span class='ocrx_word' id='word_1_418' title='bbox 1419 3450 1674 3519; x_wconf 91' lang='lat' dir='ltr'><strong>placitum</strong></span> <span class='ocrx_word' id='word_1_419' title='bbox 1707 3467 1803 3507; x_wconf 91' lang='lat' dir='ltr'><strong>seu</strong></span> <span class='ocrx_word' id='word_1_420' title='bbox 1836 3467 1931 3522; x_wconf 90' lang='lat' dir='ltr'><strong>ap-</strong></span> 
     </span>
    </p>
   </div>
   <div class='ocr_carea' id='block_1_52' title="bbox 354 3536 1930 3609">
    <p class='ocr_par' dir='ltr' id='par_1_52' title="bbox 354 3536 1930 3609">
     <span class='ocr_line' id='line_1_52' title="bbox 354 3536 1930 3609; baseline 0.003 -18"><span class='ocrx_word' id='word_1_421' title='bbox 354 3538 609 3609; x_wconf 87' lang='lat' dir='ltr'><strong>plicatio?</strong></span> <span class='ocrx_word' id='word_1_422' title='bbox 634 3536 762 3603; x_wconf 64' lang='lat' dir='ltr'><strong>Quae</strong></span> <span class='ocrx_word' id='word_1_423' title='bbox 790 3537 1040 3592; x_wconf 83' lang='lat' dir='ltr'><strong>universa</strong></span> <span class='ocrx_word' id='word_1_424' title='bbox 1078 3537 1223 3592; x_wconf 92' lang='lat' dir='ltr'><strong>nullo</strong></span> <span class='ocrx_word' id='word_1_425' title='bbox 1264 3539 1422 3593; x_wconf 91' lang='lat' dir='ltr'><strong>modo</strong></span> <span class='ocrx_word' id='word_1_426' title='bbox 1463 3540 1680 3609; x_wconf 90' lang='lat' dir='ltr'><strong>proprio</strong></span> <span class='ocrx_word' id='word_1_427' title='bbox 1706 3556 1771 3596; x_wconf 90' lang='lat' dir='ltr'><strong>ac</strong></span> <span class='ocrx_word' id='word_1_428' title='bbox 1798 3556 1930 3597; x_wconf 86' lang='lat' dir='ltr'><strong>vero</strong></span> 
     </span>
    </p>
   </div>
   <div class='ocr_carea' id='block_1_53' title="bbox 356 3628 1926 3698">
    <p class='ocr_par' dir='ltr' id='par_1_53' title="bbox 356 3628 1926 3698">
     <span class='ocr_line' id='line_1_53' title="bbox 356 3628 1926 3698; baseline 0.003 -15"><span class='ocrx_word' id='word_1_429' title='bbox 356 3629 469 3684; x_wconf 87' lang='lat' dir='ltr'><strong>ﬁlio</strong></span> <span class='ocrx_word' id='word_1_430' title='bbox 497 3628 781 3683; x_wconf 85' lang='lat' dir='ltr'><strong>convenire</strong></span> <span class='ocrx_word' id='word_1_431' title='bbox 817 3636 1037 3697; x_wconf 88' lang='lat' dir='ltr'><strong>queunt.</strong></span> <span class='ocrx_word' id='word_1_432' title='bbox 1069 3628 1126 3682; x_wconf 92' lang='lat' dir='ltr'><strong>Si</strong></span> <span class='ocrx_word' id='word_1_433' title='bbox 1167 3629 1289 3698; x_wconf 92' lang='lat' dir='ltr'><strong>quis</strong></span> <span class='ocrx_word' id='word_1_434' title='bbox 1332 3643 1461 3684; x_wconf 86' lang='lat' dir='ltr'><strong>vero</strong></span> <span class='ocrx_word' id='word_1_435' title='bbox 1507 3631 1561 3684; x_wconf 95' lang='lat' dir='ltr'><strong>in</strong></span> <span class='ocrx_word' id='word_1_436' title='bbox 1591 3630 1792 3687; x_wconf 88' lang='lat' dir='ltr'><strong>Christi</strong></span> <span class='ocrx_word' id='word_1_437' title='bbox 1822 3633 1926 3687; x_wconf 87' lang='lat' dir='ltr'><strong>hu-</strong></span> 
     </span>
    </p>
   </div>
   <div class='ocr_carea' id='block_1_54' title="bbox 355 3718 1928 3793">
    <p class='ocr_par' dir='ltr' id='par_1_54' title="bbox 355 3718 1928 3793">
     <span class='ocr_line' id='line_1_54' title="bbox 355 3718 1928 3793; baseline 0.003 -18"><span class='ocrx_word' id='word_1_438' title='bbox 355 3720 671 3775; x_wconf 89' lang='lat' dir='ltr'><strong>manitatem</strong></span> <span class='ocrx_word' id='word_1_439' title='bbox 721 3718 1020 3789; x_wconf 89' lang='lat' dir='ltr'><strong>adoptionis</strong></span> <span class='ocrx_word' id='word_1_440' title='bbox 1075 3720 1301 3789; x_wconf 76' lang='lat' dir='ltr'><strong>gratiam</strong></span> <span class='ocrx_word' id='word_1_441' title='bbox 1347 3736 1542 3793; x_wconf 83' lang='lat' dir='ltr'><strong>negare</strong></span> <span class='ocrx_word' id='word_1_442' title='bbox 1587 3722 1718 3788; x_wconf 91' lang='lat' dir='ltr'><strong>vult,</strong></span> <span class='ocrx_word' id='word_1_443' title='bbox 1767 3725 1928 3780; x_wconf 89' lang='lat' dir='ltr'><strong>simul</strong></span> 
     </span>
    </p>
   </div>
   <div class='ocr_carea' id='block_1_55' title="bbox 355 3808 1925 3885">
    <p class='ocr_par' dir='ltr' id='par_1_55' title="bbox 355 3808 1925 3885">
     <span class='ocr_line' id='line_1_55' title="bbox 355 3808 1925 3885; baseline 0.003 -19"><span class='ocrx_word' id='word_1_444' title='bbox 355 3817 571 3875; x_wconf 87' lang='lat' dir='ltr'><strong>cuncta,</strong></span> <span class='ocrx_word' id='word_1_445' title='bbox 608 3824 726 3879; x_wconf 69' lang='lat' dir='ltr'><strong>qute</strong></span> <span class='ocrx_word' id='word_1_446' title='bbox 764 3810 935 3865; x_wconf 90' lang='lat' dir='ltr'><strong>dictas</strong></span> <span class='ocrx_word' id='word_1_447' title='bbox 960 3808 1168 3882; x_wconf 53' lang='grc' dir='ltr'><strong>[ἔποπα</strong></span> <span class='ocrx_word' id='word_1_448' title='bbox 1197 3810 1340 3865; x_wconf 86' lang='lat' dir='ltr'><strong>dicta</strong></span> <span class='ocrx_word' id='word_1_449' title='bbox 1385 3811 1532 3885; x_wconf 89' lang='lat' dir='ltr'><strong>sunt]</strong></span> <span class='ocrx_word' id='word_1_450' title='bbox 1568 3828 1691 3869; x_wconf 90' lang='lat' dir='ltr'><strong>cum</strong></span> <span class='ocrx_word' id='word_1_451' title='bbox 1735 3815 1925 3870; x_wconf 88' lang='lat' dir='ltr'><strong>eadem</strong></span> 
     </span>
    </p>
   </div>
   <div class='ocr_carea' id='block_1_56' title="bbox 356 3901 1923 3975">
    <p class='ocr_par' dir='ltr' id='par_1_56' title="bbox 356 3901 1923 3975">
     <span class='ocr_line' id='line_1_56' title="bbox 356 3901 1923 3975; baseline 0.003 -20"><span class='ocrx_word' id='word_1_452' title='bbox 356 3901 642 3971; x_wconf 89' lang='lat' dir='ltr'><strong>adoptione</strong></span> <span class='ocrx_word' id='word_1_453' title='bbox 667 3901 721 3955; x_wconf 91' lang='lat' dir='ltr'><strong>in</strong></span> <span class='ocrx_word' id='word_1_454' title='bbox 752 3914 818 3955; x_wconf 90' lang='lat' dir='ltr'><strong>eo</strong></span> <span class='ocrx_word' id='word_1_455' title='bbox 845 3915 1039 3971; x_wconf 84' lang='lat' dir='ltr'><strong>negare</strong></span> <span class='ocrx_word' id='word_1_456' title='bbox 1074 3901 1303 3956; x_wconf 89' lang='lat' dir='ltr'><strong>studeat.</strong></span> <span class='ocrx_word' id='word_1_457' title='bbox 1330 3920 1348 3954; x_wconf 75' lang='grc' dir='ltr'><strong><em>ι</em></strong></span> <span class='ocrx_word' id='word_1_458' title='bbox 1369 3902 1507 3969; x_wconf 86' lang='lat' dir='ltr'><strong>Quid</strong></span> <span class='ocrx_word' id='word_1_459' title='bbox 1530 3905 1745 3970; x_wconf 90' lang='lat' dir='ltr'><strong>horum,</strong></span> <span class='ocrx_word' id='word_1_460' title='bbox 1773 3920 1923 3975; x_wconf 86' lang='lat' dir='ltr'><strong>rogo,</strong></span> 
     </span>
    </p>
   </div>
   <div class='ocr_carea' id='block_1_57' title="bbox 353 3992 1926 4064">
    <p class='ocr_par' dir='ltr' id='par_1_57' title="bbox 353 3992 1926 4064">
     <span class='ocr_line' id='line_1_57' title="bbox 353 3992 1926 4064; baseline 0 -15"><span class='ocrx_word' id='word_1_461' title='bbox 353 4009 474 4064; x_wconf 63' lang='lat' dir='ltr'><strong>quae</strong></span> <span class='ocrx_word' id='word_1_462' title='bbox 515 3992 866 4064; x_wconf 88' lang='lat' dir='ltr'><strong>proposuisti,</strong></span> <span class='ocrx_word' id='word_1_463' title='bbox 894 3993 947 4046; x_wconf 91' lang='lat' dir='ltr'><strong>in</strong></span> <span class='ocrx_word' id='word_1_464' title='bbox 993 3993 1208 4063; x_wconf 90' lang='lat' dir='ltr'><strong>proprio</strong></span> <span class='ocrx_word' id='word_1_465' title='bbox 1256 3993 1367 4047; x_wconf 89' lang='lat' dir='ltr'><strong>ﬁlio</strong></span> <span class='ocrx_word' id='word_1_466' title='bbox 1411 3992 1527 4049; x_wconf 90' lang='lat' dir='ltr'><strong>ﬁeri</strong></span> <span class='ocrx_word' id='word_1_467' title='bbox 1573 4010 1679 4050; x_wconf 91' lang='lat' dir='ltr'><strong>non</strong></span> <span class='ocrx_word' id='word_1_468' title='bbox 1716 3996 1926 4064; x_wconf 89' lang='lat' dir='ltr'><strong>potest?</strong></span> 
     </span>
    </p>
   </div>
   <div class='ocr_carea' id='block_1_58' title="bbox 353 4081 1926 4157">
    <p class='ocr_par' dir='ltr' id='par_1_58' title="bbox 353 4081 1926 4157">
     <span class='ocr_line' id='line_1_58' title="bbox 353 4081 1926 4157; baseline 0.003 -19"><span class='ocrx_word' id='word_1_469' title='bbox 353 4084 605 4154; x_wconf 76' lang='lat' dir='ltr'><strong>Nunquid</strong></span> <span class='ocrx_word' id='word_1_470' title='bbox 640 4100 746 4139; x_wconf 92' lang='lat' dir='ltr'><strong>non</strong></span> <span class='ocrx_word' id='word_1_471' title='bbox 790 4083 959 4139; x_wconf 87' lang='lat' dir='ltr'><strong>David</strong></span> <span class='ocrx_word' id='word_1_472' title='bbox 991 4099 1085 4138; x_wconf 78' lang='lat' dir='ltr'><strong>rex</strong></span> <span class='ocrx_word' id='word_1_473' title='bbox 1127 4081 1331 4152; x_wconf 85' lang='lat' dir='ltr'><strong>majore</strong></span> <span class='ocrx_word' id='word_1_474' title='bbox 1361 4086 1531 4154; x_wconf 88' lang='lat' dir='ltr'><strong>gratia</strong></span> <span class='ocrx_word' id='word_1_475' title='bbox 1577 4086 1739 4157; x_wconf 83' lang='lat' dir='ltr'><strong>elegit</strong></span> <span class='ocrx_word' id='word_1_476' title='bbox 1773 4086 1926 4143; x_wconf 76' lang='lat' dir='ltr'><strong>salo-</strong></span> 
     </span>
    </p>
   </div>
   <div class='ocr_carea' id='block_1_59' title="bbox 350 4174 1925 4245">
    <p class='ocr_par' dir='ltr' id='par_1_59' title="bbox 350 4174 1925 4245">
     <span class='ocr_line' id='line_1_59' title="bbox 350 4174 1925 4245; baseline 0.004 -16"><span class='ocrx_word' id='word_1_477' title='bbox 350 4190 565 4230; x_wconf 90' lang='lat' dir='ltr'><strong>monem</strong></span> <span class='ocrx_word' id='word_1_478' title='bbox 594 4176 871 4245; x_wconf 87' lang='lat' dir='ltr'><strong>proprium</strong></span> <span class='ocrx_word' id='word_1_479' title='bbox 914 4174 1080 4229; x_wconf 88' lang='lat' dir='ltr'><strong>ﬁlium</strong></span> <span class='ocrx_word' id='word_1_480' title='bbox 1118 4190 1274 4230; x_wconf 91' lang='lat' dir='ltr'><strong>suum</strong></span> <span class='ocrx_word' id='word_1_481' title='bbox 1315 4191 1680 4233; x_wconf 88' lang='lat' dir='ltr'><strong>successorem</strong></span> <span class='ocrx_word' id='word_1_482' title='bbox 1709 4180 1810 4235; x_wconf 88' lang='lat' dir='ltr'><strong>sibi</strong></span> <span class='ocrx_word' id='word_1_483' title='bbox 1839 4195 1925 4237; x_wconf 91' lang='lat' dir='ltr'><strong>re-</strong></span> 
     </span>
    </p>
   </div>
   <div class='ocr_carea' id='block_1_60' title="bbox 350 4262 1923 4338">
    <p class='ocr_par' dir='ltr' id='par_1_60' title="bbox 350 4262 1923 4338">
     <span class='ocr_line' id='line_1_60' title="bbox 350 4262 1923 4338; baseline 0.004 -19"><span class='ocrx_word' id='word_1_484' title='bbox 350 4266 461 4338; x_wconf 86' lang='lat' dir='ltr'><strong>gni,</strong></span> <span class='ocrx_word' id='word_1_485' title='bbox 498 4281 659 4335; x_wconf 89' lang='lat' dir='ltr'><strong>quam</strong></span> <span class='ocrx_word' id='word_1_486' title='bbox 705 4264 839 4319; x_wconf 87' lang='lat' dir='ltr'><strong>alios</strong></span> <span class='ocrx_word' id='word_1_487' title='bbox 864 4262 1003 4318; x_wconf 86' lang='lat' dir='ltr'><strong>ﬁlios</strong></span> <span class='ocrx_word' id='word_1_488' title='bbox 1049 4265 1312 4333; x_wconf 89' lang='lat' dir='ltr'><strong>proprios,</strong></span> <span class='ocrx_word' id='word_1_489' title='bbox 1341 4281 1479 4335; x_wconf 88' lang='lat' dir='ltr'><strong>quos</strong></span> <span class='ocrx_word' id='word_1_490' title='bbox 1521 4267 1741 4322; x_wconf 76' lang='lat' dir='ltr'><strong>habuit?</strong></span> <span class='ocrx_word' id='word_1_491' title='bbox 1784 4269 1923 4325; x_wconf 89' lang='lat' dir='ltr'><strong>Ecce</strong></span> 
     </span>
    </p>
   </div>
   <div class='ocr_carea' id='block_1_61' title="bbox 348 4351 1923 4426">
    <p class='ocr_par' dir='ltr' id='par_1_61' title="bbox 348 4351 1923 4426">
     <span class='ocr_line' id='line_1_61' title="bbox 348 4351 1923 4426; baseline 0.001 -17"><span class='ocrx_word' id='word_1_492' title='bbox 348 4354 522 4423; x_wconf 90' lang='lat' dir='ltr'><strong>major</strong></span> <span class='ocrx_word' id='word_1_493' title='bbox 561 4353 733 4424; x_wconf 90' lang='lat' dir='ltr'><strong>gratia</strong></span> <span class='ocrx_word' id='word_1_494' title='bbox 762 4351 952 4421; x_wconf 90' lang='lat' dir='ltr'><strong>patris,</strong></span> <span class='ocrx_word' id='word_1_495' title='bbox 987 4353 1159 4421; x_wconf 86' lang='lat' dir='ltr'><strong>major</strong></span> <span class='ocrx_word' id='word_1_496' title='bbox 1197 4353 1465 4419; x_wconf 83' lang='lat' dir='ltr'><strong>voluntas,</strong></span> <span class='ocrx_word' id='word_1_497' title='bbox 1508 4356 1789 4426; x_wconf 86' lang='lat' dir='ltr'><strong>majorque</strong></span> <span class='ocrx_word' id='word_1_498' title='bbox 1813 4359 1923 4414; x_wconf 81' lang='lat' dir='ltr'><strong>cle-</strong></span> 
     </span>
    </p>
   </div>
   <div class='ocr_carea' id='block_1_62' title="bbox 348 4440 1919 4511">
    <p class='ocr_par' dir='ltr' id='par_1_62' title="bbox 348 4440 1919 4511">
     <span class='ocr_line' id='line_1_62' title="bbox 348 4440 1919 4511; baseline 0.003 -10"><span class='ocrx_word' id='word_1_499' title='bbox 348 4446 457 4501; x_wconf 91' lang='lat' dir='ltr'><strong>ctio</strong></span> <span class='ocrx_word' id='word_1_500' title='bbox 495 4445 551 4500; x_wconf 88' lang='lat' dir='ltr'><strong>in</strong></span> <span class='ocrx_word' id='word_1_501' title='bbox 587 4458 654 4499; x_wconf 90' lang='lat' dir='ltr'><strong>eo</strong></span> <span class='ocrx_word' id='word_1_502' title='bbox 689 4440 814 4503; x_wconf 81' lang='lat' dir='ltr'><strong>fuit.</strong></span> <span class='ocrx_word' id='word_1_503' title='bbox 844 4457 1006 4511; x_wconf 90' lang='lat' dir='ltr'><strong>quam</strong></span> <span class='ocrx_word' id='word_1_504' title='bbox 1047 4443 1100 4497; x_wconf 92' lang='lat' dir='ltr'><strong>in</strong></span> <span class='ocrx_word' id='word_1_505' title='bbox 1141 4443 1260 4498; x_wconf 91' lang='lat' dir='ltr'><strong>aliis</strong></span> <span class='ocrx_word' id='word_1_506' title='bbox 1296 4444 1421 4498; x_wconf 87' lang='lat' dir='ltr'><strong>ﬁliis</strong></span> <span class='ocrx_word' id='word_1_507' title='bbox 1451 4445 1586 4511; x_wconf 89' lang='lat' dir='ltr'><strong>suis,</strong></span> <span class='ocrx_word' id='word_1_508' title='bbox 1614 4447 1740 4502; x_wconf 90' lang='lat' dir='ltr'><strong>licet</strong></span> <span class='ocrx_word' id='word_1_509' title='bbox 1765 4459 1821 4504; x_wconf 90' lang='lat' dir='ltr'><strong>et</strong></span> <span class='ocrx_word' id='word_1_510' title='bbox 1844 4450 1919 4505; x_wconf 90' lang='lat' dir='ltr'><strong>illi</strong></span> 
     </span>
    </p>
   </div>
   <div class='ocr_carea' id='block_1_63' title="bbox 344 4514 1999 4608">
    <p class='ocr_par' dir='ltr' id='par_1_63' title="bbox 344 4514 1999 4608">
     <span class='ocr_line' id='line_1_63' title="bbox 344 4514 1999 4608; baseline -0.005 -5"><span class='ocrx_word' id='word_1_511' title='bbox 344 4534 547 4604; x_wconf 67' lang='lat' dir='ltr'><strong>Proprii</strong></span> <span class='ocrx_word' id='word_1_512' title='bbox 575 4539 758 4591; x_wconf 90' lang='lat' dir='ltr'><strong>essent</strong></span> <span class='ocrx_word' id='word_1_513' title='bbox 781 4532 895 4587; x_wconf 84' lang='lat' dir='ltr'><strong>ﬁlii.</strong></span> <span class='ocrx_word' id='word_1_514' title='bbox 927 4531 1033 4587; x_wconf 90' lang='lat' dir='ltr'><strong>Sed</strong></span> <span class='ocrx_word' id='word_1_515' title='bbox 1062 4549 1160 4588; x_wconf 86' lang='lat' dir='ltr'><strong>nec</strong></span> <span class='ocrx_word' id='word_1_516' title='bbox 1187 4533 1364 4588; x_wconf 90' lang='lat' dir='ltr'><strong>omnis</strong></span> <span class='ocrx_word' id='word_1_517' title='bbox 1399 4538 1696 4605; x_wconf 87' lang='lat' dir='ltr'><strong>assumptio</strong></span> <span class='ocrx_word' id='word_1_518' title='bbox 1740 4548 1917 4608; x_wconf 86' lang='lat' dir='ltr'><strong>potest</strong></span> <span class='ocrx_word' id='word_1_519' title='bbox 1949 4514 1999 4576; x_wconf 72' lang='grc' dir='ltr'><strong>θ</strong></span> 
     </span>
    </p>
   </div>
   <div class='ocr_carea' id='block_1_64' title="bbox 346 4623 1914 4694">
    <p class='ocr_par' dir='ltr' id='par_1_64' title="bbox 346 4623 1914 4694">
     <span class='ocr_line' id='line_1_64' title="bbox 346 4623 1914 4694; baseline 0.008 -19"><span class='ocrx_word' id='word_1_520' title='bbox 346 4633 466 4677; x_wconf 88' lang='lat' dir='ltr'><strong>esse</strong></span> <span class='ocrx_word' id='word_1_521' title='bbox 499 4624 739 4694; x_wconf 88' lang='lat' dir='ltr'><strong>adoptio;</strong></span> <span class='ocrx_word' id='word_1_522' title='bbox 768 4623 1059 4692; x_wconf 90' lang='lat' dir='ltr'><strong>assumpsit</strong></span> <span class='ocrx_word' id='word_1_523' title='bbox 1079 4624 1225 4679; x_wconf 89' lang='lat' dir='ltr'><strong>enim</strong></span> <span class='ocrx_word' id='word_1_524' title='bbox 1263 4623 1357 4679; x_wconf 88' lang='lat' dir='ltr'><strong>Dei</strong></span> <span class='ocrx_word' id='word_1_525' title='bbox 1398 4624 1565 4681; x_wconf 85' lang='lat' dir='ltr'><strong>Filius</strong></span> <span class='ocrx_word' id='word_1_526' title='bbox 1589 4641 1810 4683; x_wconf 88' lang='lat' dir='ltr'><strong>carnem</strong></span> <span class='ocrx_word' id='word_1_527' title='bbox 1846 4644 1914 4687; x_wconf 81' lang='lat' dir='ltr'><strong>ex</strong></span> 
     </span>
    </p>
   </div>
   <div class='ocr_carea' id='block_1_65' title="bbox 346 4711 1912 4783">
    <p class='ocr_par' dir='ltr' id='par_1_65' title="bbox 346 4711 1912 4783">
     <span class='ocr_line' id='line_1_65' title="bbox 346 4711 1912 4783; baseline 0.006 -19"><span class='ocrx_word' id='word_1_528' title='bbox 346 4718 503 4764; x_wconf 89' lang='lat' dir='ltr'><strong>utero</strong></span> <span class='ocrx_word' id='word_1_529' title='bbox 547 4711 795 4781; x_wconf 78' lang='lat' dir='ltr'><strong>virginali</strong></span> <span class='ocrx_word' id='word_1_530' title='bbox 840 4712 896 4767; x_wconf 93' lang='lat' dir='ltr'><strong>in</strong></span> <span class='ocrx_word' id='word_1_531' title='bbox 937 4713 1196 4768; x_wconf 89' lang='lat' dir='ltr'><strong>unitatem</strong></span> <span class='ocrx_word' id='word_1_532' title='bbox 1250 4729 1361 4769; x_wconf 77' lang='lat' dir='ltr'><strong>sua:</strong></span> <span class='ocrx_word' id='word_1_533' title='bbox 1394 4728 1659 4783; x_wconf 71' lang='lat' dir='ltr'><strong>personte,</strong></span> <span class='ocrx_word' id='word_1_534' title='bbox 1702 4732 1809 4773; x_wconf 87' lang='lat' dir='ltr'><strong>non</strong></span> <span class='ocrx_word' id='word_1_535' title='bbox 1858 4720 1912 4773; x_wconf 86' lang='lat' dir='ltr'><strong>in</strong></span> 
     </span>
    </p>
   </div>
   <div class='ocr_carea' id='block_1_66' title="bbox 348 4803 1915 4875">
    <p class='ocr_par' dir='ltr' id='par_1_66' title="bbox 348 4803 1915 4875">
     <span class='ocr_line' id='line_1_66' title="bbox 348 4803 1915 4875; baseline 0.005 -18"><span class='ocrx_word' id='word_1_536' title='bbox 348 4812 568 4857; x_wconf 89' lang='lat' dir='ltr'><strong>carnem</strong></span> <span class='ocrx_word' id='word_1_537' title='bbox 590 4809 845 4867; x_wconf 87' lang='lat' dir='ltr'><strong>mutatus,</strong></span> <span class='ocrx_word' id='word_1_538' title='bbox 874 4803 969 4858; x_wconf 86' lang='lat' dir='ltr'><strong>sed</strong></span> <span class='ocrx_word' id='word_1_539' title='bbox 1008 4810 1069 4858; x_wconf 91' lang='lat' dir='ltr'><strong>ut</strong></span> <span class='ocrx_word' id='word_1_540' title='bbox 1092 4813 1236 4859; x_wconf 83' lang='lat' dir='ltr'><strong>esset</strong></span> <span class='ocrx_word' id='word_1_541' title='bbox 1258 4806 1511 4875; x_wconf 89' lang='lat' dir='ltr'><strong>proprius</strong></span> <span class='ocrx_word' id='word_1_542' title='bbox 1548 4806 1717 4863; x_wconf 89' lang='lat' dir='ltr'><strong>Filius</strong></span> <span class='ocrx_word' id='word_1_543' title='bbox 1739 4809 1835 4865; x_wconf 91' lang='lat' dir='ltr'><strong>Dei</strong></span> <span class='ocrx_word' id='word_1_544' title='bbox 1858 4810 1915 4864; x_wconf 91' lang='lat' dir='ltr'><strong>in</strong></span> 
     </span>
    </p>
   </div>
   <div class='ocr_carea' id='block_1_67' title="bbox 346 4891 1912 4962">
    <p class='ocr_par' dir='ltr' id='par_1_67' title="bbox 346 4891 1912 4962">
     <span class='ocr_line' id='line_1_67' title="bbox 346 4891 1912 4962; baseline 0.006 -14"><span class='ocrx_word' id='word_1_545' title='bbox 346 4891 554 4951; x_wconf 82' lang='lat' dir='ltr'><strong>duabus</strong></span> <span class='ocrx_word' id='word_1_546' title='bbox 590 4893 927 4962; x_wconf 87' lang='lat' dir='ltr'><strong>substantiis,</strong></span> <span class='ocrx_word' id='word_1_547' title='bbox 967 4895 1063 4950; x_wconf 90' lang='lat' dir='ltr'><strong>Dei</strong></span> <span class='ocrx_word' id='word_1_548' title='bbox 1106 4899 1311 4954; x_wconf 88' lang='lat' dir='ltr'><strong>scilicet</strong></span> <span class='ocrx_word' id='word_1_549' title='bbox 1339 4908 1394 4953; x_wconf 88' lang='lat' dir='ltr'><strong>et</strong></span> <span class='ocrx_word' id='word_1_550' title='bbox 1432 4899 1702 4962; x_wconf 87' lang='lat' dir='ltr'><strong>hominis;</strong></span> <span class='ocrx_word' id='word_1_551' title='bbox 1749 4903 1912 4959; x_wconf 82' lang='lat' dir='ltr'><strong>veluti</strong></span> 
     </span>
    </p>
   </div>
   <div class='ocr_carea' id='block_1_68' title="bbox 347 4982 1913 5059">
    <p class='ocr_par' dir='ltr' id='par_1_68' title="bbox 347 4982 1913 5059">
     <span class='ocr_line' id='line_1_68' title="bbox 347 4982 1913 5059; baseline 0.006 -19"><span class='ocrx_word' id='word_1_552' title='bbox 347 4993 475 5040; x_wconf 85' lang='lat' dir='ltr'><strong>ante</strong></span> <span class='ocrx_word' id='word_1_553' title='bbox 509 4982 613 5039; x_wconf 78' lang='lat' dir='ltr'><strong>fuit</strong></span> <span class='ocrx_word' id='word_1_554' title='bbox 638 4984 696 5039; x_wconf 91' lang='lat' dir='ltr'><strong>iu</strong></span> <span class='ocrx_word' id='word_1_555' title='bbox 741 4998 849 5039; x_wconf 86' lang='lat' dir='ltr'><strong>una</strong></span> <span class='ocrx_word' id='word_1_556' title='bbox 892 4992 1085 5041; x_wconf 87' lang='lat' dir='ltr'><strong>natura</strong></span> <span class='ocrx_word' id='word_1_557' title='bbox 1128 4990 1377 5059; x_wconf 88' lang='lat' dir='ltr'><strong>proprius</strong></span> <span class='ocrx_word' id='word_1_558' title='bbox 1419 4990 1515 5045; x_wconf 90' lang='lat' dir='ltr'><strong>Dei</strong></span> <span class='ocrx_word' id='word_1_559' title='bbox 1562 4991 1728 5048; x_wconf 87' lang='lat' dir='ltr'><strong>Filius</strong></span> <span class='ocrx_word' id='word_1_560' title='bbox 1779 4994 1913 5049; x_wconf 90' lang='lat' dir='ltr'><strong>nihil</strong></span> 
     </span>
    </p>
   </div>
   <div class='ocr_carea' id='block_1_69' title="bbox 347 5077 1913 5153">
    <p class='ocr_par' dir='ltr' id='par_1_69' title="bbox 347 5077 1913 5153">
     <span class='ocr_line' id='line_1_69' title="bbox 347 5077 1913 5153; baseline 0.006 -22"><span class='ocrx_word' id='word_1_561' title='bbox 347 5077 601 5134; x_wconf 87' lang='lat' dir='ltr'><strong>amittens</strong></span> <span class='ocrx_word' id='word_1_562' title='bbox 623 5077 767 5149; x_wconf 90' lang='lat' dir='ltr'><strong>quod</strong></span> <span class='ocrx_word' id='word_1_563' title='bbox 794 5083 934 5142; x_wconf 90' lang='lat' dir='ltr'><strong>erat,</strong></span> <span class='ocrx_word' id='word_1_564' title='bbox 961 5080 1208 5147; x_wconf 88' lang='lat' dir='ltr'><strong>quamvis</strong></span> <span class='ocrx_word' id='word_1_565' title='bbox 1229 5083 1609 5150; x_wconf 86' lang='lat' dir='ltr'><strong>assumpsisset</strong></span> <span class='ocrx_word' id='word_1_566' title='bbox 1635 5086 1780 5153; x_wconf 92' lang='lat' dir='ltr'><strong>quod</strong></span> <span class='ocrx_word' id='word_1_567' title='bbox 1808 5100 1913 5141; x_wconf 88' lang='lat' dir='ltr'><strong>non</strong></span> 
     </span>
    </p>
   </div>
   <div class='ocr_carea' id='block_1_70' title="bbox 345 5168 1911 5247">
    <p class='ocr_par' dir='ltr' id='par_1_70' title="bbox 345 5168 1911 5247">
     <span class='ocr_line' id='line_1_70' title="bbox 345 5168 1911 5247; baseline 0.008 -24"><span class='ocrx_word' id='word_1_568' title='bbox 345 5178 481 5236; x_wconf 90' lang='lat' dir='ltr'><strong>erat,</strong></span> <span class='ocrx_word' id='word_1_569' title='bbox 511 5186 619 5227; x_wconf 90' lang='lat' dir='ltr'><strong>non</strong></span> <span class='ocrx_word' id='word_1_570' title='bbox 643 5170 959 5226; x_wconf 90' lang='lat' dir='ltr'><strong>divisionem</strong></span> <span class='ocrx_word' id='word_1_571' title='bbox 980 5168 1183 5226; x_wconf 81' lang='lat' dir='ltr'><strong>faciens</strong></span> <span class='ocrx_word' id='word_1_572' title='bbox 1204 5173 1258 5227; x_wconf 91' lang='lat' dir='ltr'><strong>in</strong></span> <span class='ocrx_word' id='word_1_573' title='bbox 1296 5189 1540 5244; x_wconf 71' lang='lat' dir='ltr'><strong>personae</strong></span> <span class='ocrx_word' id='word_1_574' title='bbox 1559 5184 1911 5247; x_wconf 77' lang='lat' dir='ltr'><strong>proprietate,</strong></span> 
     </span>
    </p>
   </div>
   <div class='ocr_carea' id='block_1_71' title="bbox 346 5262 1913 5337">
    <p class='ocr_par' dir='ltr' id='par_1_71' title="bbox 346 5262 1913 5337">
     <span class='ocr_line' id='line_1_71' title="bbox 346 5262 1913 5337; baseline 0.008 -24"><span class='ocrx_word' id='word_1_575' title='bbox 346 5274 448 5315; x_wconf 90' lang='lat' dir='ltr'><strong>nec</strong></span> <span class='ocrx_word' id='word_1_576' title='bbox 485 5263 911 5318; x_wconf 88' lang='lat' dir='ltr'><strong>commistionem</strong></span> <span class='ocrx_word' id='word_1_577' title='bbox 954 5262 1010 5316; x_wconf 92' lang='lat' dir='ltr'><strong>in</strong></span> <span class='ocrx_word' id='word_1_578' title='bbox 1051 5269 1366 5319; x_wconf 88' lang='lat' dir='ltr'><strong>naturarum</strong></span> <span class='ocrx_word' id='word_1_579' title='bbox 1412 5266 1806 5337; x_wconf 83' lang='lat' dir='ltr'><strong>conjunctione.</strong></span> <span class='ocrx_word' id='word_1_580' title='bbox 1855 5269 1913 5325; x_wconf 89' lang='lat' dir='ltr'><strong>Si</strong></span> 
     </span>
    </p>
   </div>
   <div class='ocr_carea' id='block_1_72' title="bbox 346 5354 1914 5428">
    <p class='ocr_par' dir='ltr' id='par_1_72' title="bbox 346 5354 1914 5428">
     <span class='ocr_line' id='line_1_72' title="bbox 346 5354 1914 5428; baseline 0.008 -24"><span class='ocrx_word' id='word_1_581' title='bbox 346 5358 527 5405; x_wconf 90' lang='lat' dir='ltr'><strong>autem</strong></span> <span class='ocrx_word' id='word_1_582' title='bbox 552 5361 772 5422; x_wconf 87' lang='lat' dir='ltr'><strong>propter</strong></span> <span class='ocrx_word' id='word_1_583' title='bbox 797 5354 1217 5424; x_wconf 90' lang='lat' dir='ltr'><strong>assumptionem</strong></span> <span class='ocrx_word' id='word_1_584' title='bbox 1240 5356 1324 5411; x_wconf 88' lang='lat' dir='ltr'><strong>vel</strong></span> <span class='ocrx_word' id='word_1_585' title='bbox 1342 5359 1737 5428; x_wconf 90' lang='lat' dir='ltr'><strong>susceptionem</strong></span> <span class='ocrx_word' id='word_1_586' title='bbox 1763 5360 1914 5416; x_wconf 90' lang='lat' dir='ltr'><strong>Chri-</strong></span> 
     </span>
    </p>
   </div>
   <div class='ocr_carea' id='block_1_73' title="bbox 345 5442 1908 5519">
    <p class='ocr_par' dir='ltr' id='par_1_73' title="bbox 345 5442 1908 5519">
     <span class='ocr_line' id='line_1_73' title="bbox 345 5442 1908 5519; baseline 0.008 -27"><span class='ocrx_word' id='word_1_587' title='bbox 345 5446 462 5493; x_wconf 88' lang='lat' dir='ltr'><strong>stus</strong></span> <span class='ocrx_word' id='word_1_588' title='bbox 504 5442 783 5510; x_wconf 85' lang='lat' dir='ltr'><strong>adoptivus</strong></span> <span class='ocrx_word' id='word_1_589' title='bbox 812 5452 894 5499; x_wconf 90' lang='lat' dir='ltr'><strong>est</strong></span> <span class='ocrx_word' id='word_1_590' title='bbox 934 5444 1097 5512; x_wconf 88' lang='lat' dir='ltr'><strong>ﬁlius,</strong></span> <span class='ocrx_word' id='word_1_591' title='bbox 1126 5445 1218 5516; x_wconf 88' lang='lat' dir='ltr'><strong>qui</strong></span> <span class='ocrx_word' id='word_1_592' title='bbox 1262 5461 1327 5502; x_wconf 82' lang='lat' dir='ltr'><strong>ex</strong></span> <span class='ocrx_word' id='word_1_593' title='bbox 1358 5446 1580 5519; x_wconf 73' lang='lat' dir='ltr'><strong>Virgine</strong></span> <span class='ocrx_word' id='word_1_594' title='bbox 1607 5458 1768 5504; x_wconf 87' lang='lat' dir='ltr'><strong>natus</strong></span> <span class='ocrx_word' id='word_1_595' title='bbox 1804 5458 1908 5517; x_wconf 90' lang='lat' dir='ltr'><strong>est,</strong></span> 
     </span>
    </p>
   </div>
   <div class='ocr_carea' id='block_1_74' title="bbox 345 5525 1909 5606">
    <p class='ocr_par' dir='ltr' id='par_1_74' title="bbox 345 5525 1909 5606">
     <span class='ocr_line' id='line_1_74' title="bbox 345 5525 1909 5606; baseline 0.008 -25"><span class='ocrx_word' id='word_1_596' title='bbox 345 5525 497 5595; x_wconf 88' lang='lat' dir='ltr'><strong>cujus</strong></span> <span class='ocrx_word' id='word_1_597' title='bbox 522 5543 764 5598; x_wconf 65' lang='lat' dir='ltr'><strong>personae</strong></span> <span class='ocrx_word' id='word_1_598' title='bbox 787 5532 840 5585; x_wconf 91' lang='lat' dir='ltr'><strong>in</strong></span> <span class='ocrx_word' id='word_1_599' title='bbox 874 5542 1061 5588; x_wconf 89' lang='lat' dir='ltr'><strong>sancta</strong></span> <span class='ocrx_word' id='word_1_600' title='bbox 1092 5533 1357 5591; x_wconf 87' lang='lat' dir='ltr'><strong>Trinitate</strong></span> <span class='ocrx_word' id='word_1_601' title='bbox 1381 5536 1663 5606; x_wconf 89' lang='lat' dir='ltr'><strong>adoptivus</strong></span> <span class='ocrx_word' id='word_1_602' title='bbox 1688 5552 1808 5593; x_wconf 88' lang='lat' dir='ltr'><strong>esse</strong></span> <span class='ocrx_word' id='word_1_603' title='bbox 1831 5538 1909 5595; x_wconf 90' lang='lat' dir='ltr'><strong>di-</strong></span> 
     </span>
    </p>
   </div>
   <div class='ocr_carea' id='block_1_75' title="bbox 344 5615 1910 5698">
    <p class='ocr_par' dir='ltr' id='par_1_75' title="bbox 344 5615 1910 5698">
     <span class='ocr_line' id='line_1_75' title="bbox 344 5615 1910 5698; baseline 0.009 -28"><span class='ocrx_word' id='word_1_604' title='bbox 344 5615 547 5672; x_wconf 90' lang='lat' dir='ltr'><strong>cendus</strong></span> <span class='ocrx_word' id='word_1_605' title='bbox 570 5618 688 5673; x_wconf 79' lang='lat' dir='ltr'><strong>est?</strong></span> <span class='ocrx_word' id='word_1_606' title='bbox 715 5616 911 5689; x_wconf 88' lang='lat' dir='ltr'><strong>Utique</strong></span> <span class='ocrx_word' id='word_1_607' title='bbox 944 5624 1164 5679; x_wconf 85' lang='lat' dir='ltr'><strong>omnino</strong></span> <span class='ocrx_word' id='word_1_608' title='bbox 1199 5624 1323 5680; x_wconf 84' lang='lat' dir='ltr'><strong>Filii</strong></span> <span class='ocrx_word' id='word_1_609' title='bbox 1360 5641 1625 5695; x_wconf 68' lang='lat' dir='ltr'><strong>personae.</strong></span> <span class='ocrx_word' id='word_1_610' title='bbox 1669 5629 1788 5698; x_wconf 88' lang='lat' dir='ltr'><strong>Ipse</strong></span> <span class='ocrx_word' id='word_1_611' title='bbox 1822 5644 1910 5684; x_wconf 85' lang='lat' dir='ltr'><strong>as-</strong></span> 
     </span>
    </p>
   </div>
   <div class='ocr_carea' id='block_1_76' title="bbox 344 5707 1907 5787">
    <p class='ocr_par' dir='ltr' id='par_1_76' title="bbox 344 5707 1907 5787">
     <span class='ocr_line' id='line_1_76' title="bbox 344 5707 1907 5787; baseline 0.01 -24"><span class='ocrx_word' id='word_1_612' title='bbox 344 5707 574 5777; x_wconf 85' lang='lat' dir='ltr'><strong>sumpsit</strong></span> <span class='ocrx_word' id='word_1_613' title='bbox 598 5707 890 5777; x_wconf 89' lang='lat' dir='ltr'><strong>hominem,</strong></span> <span class='ocrx_word' id='word_1_614' title='bbox 921 5709 1007 5766; x_wconf 88' lang='lat' dir='ltr'><strong>vel</strong></span> <span class='ocrx_word' id='word_1_615' title='bbox 1034 5715 1286 5783; x_wconf 89' lang='lat' dir='ltr'><strong>suscepit.</strong></span> <span class='ocrx_word' id='word_1_616' title='bbox 1312 5713 1466 5782; x_wconf 85' lang='lat' dir='ltr'><strong>Quod</strong></span> <span class='ocrx_word' id='word_1_617' title='bbox 1491 5717 1537 5773; x_wconf 91' lang='lat' dir='ltr'><strong>si</strong></span> <span class='ocrx_word' id='word_1_618' title='bbox 1565 5719 1639 5774; x_wconf 91' lang='lat' dir='ltr'><strong>ita</strong></span> <span class='ocrx_word' id='word_1_619' title='bbox 1683 5728 1787 5787; x_wconf 90' lang='lat' dir='ltr'><strong>est,</strong></span> <span class='ocrx_word' id='word_1_620' title='bbox 1806 5735 1907 5779; x_wconf 88' lang='lat' dir='ltr'><strong>ne-</strong></span> 
     </span>
    </p>
   </div>
   <div class='ocr_carea' id='block_1_77' title="bbox 2046 1893 3619 1975">
    <p class='ocr_par' dir='ltr' id='par_1_77' title="bbox 2046 1893 3619 1975">
     <span class='ocr_line' id='line_1_77' title="bbox 2046 1893 3619 1975; baseline 0.013 -27"><span class='ocrx_word' id='word_1_621' title='bbox 2046 1893 2253 1967; x_wconf 85' lang='lat' dir='ltr'><strong>[Forte,</strong></span> <span class='ocrx_word' id='word_1_622' title='bbox 2300 1896 2522 1971; x_wconf 90' lang='lat' dir='ltr'><strong>addens]</strong></span> <span class='ocrx_word' id='word_1_623' title='bbox 2553 1900 2759 1957; x_wconf 89' lang='lat' dir='ltr'><strong>etiam:</strong></span> <span class='ocrx_word' id='word_1_624' title='bbox 2789 1901 2861 1957; x_wconf 88' lang='lat' dir='ltr'><strong>Ut</strong></span> <span class='ocrx_word' id='word_1_625' title='bbox 2893 1914 3102 1975; x_wconf 81' lang='lat' dir='ltr'><strong>propter</strong></span> <span class='ocrx_word' id='word_1_626' title='bbox 3141 1924 3329 1964; x_wconf 78' lang='lat' dir='ltr'><strong>nomen</strong></span> <span class='ocrx_word' id='word_1_627' title='bbox 3369 1913 3499 1966; x_wconf 78' lang='lat' dir='ltr'><strong>servi</strong></span> <span class='ocrx_word' id='word_1_628' title='bbox 3548 1915 3619 1967; x_wconf 90' lang='lat' dir='ltr'><strong>sit</strong></span> 
     </span>
    </p>
   </div>
   <div class='ocr_carea' id='block_1_78' title="bbox 2036 1990 3623 2076">
    <p class='ocr_par' dir='ltr' id='par_1_78' title="bbox 2036 1990 3623 2076">
     <span class='ocr_line' id='line_1_78' title="bbox 2036 1990 3623 2076; baseline 0.014 -36"><span class='ocrx_word' id='word_1_629' title='bbox 2036 2005 2244 2059; x_wconf 76' lang='lat' dir='ltr'><strong>quoque</strong></span> <span class='ocrx_word' id='word_1_630' title='bbox 2269 1990 2580 2061; x_wconf 78' lang='lat' dir='ltr'><strong>adoptivus;</strong></span> <span class='ocrx_word' id='word_1_631' title='bbox 2608 2008 2716 2049; x_wconf 91' lang='lat' dir='ltr'><strong>non</strong></span> <span class='ocrx_word' id='word_1_632' title='bbox 2741 1995 3044 2068; x_wconf 79' lang='lat' dir='ltr'><strong>intelligens</strong></span> <span class='ocrx_word' id='word_1_633' title='bbox 3072 2001 3215 2070; x_wconf 89' lang='lat' dir='ltr'><strong>apud</strong></span> <span class='ocrx_word' id='word_1_634' title='bbox 3251 2003 3484 2072; x_wconf 87' lang='lat' dir='ltr'><strong>priorem</strong></span> <span class='ocrx_word' id='word_1_635' title='bbox 3523 2021 3623 2076; x_wconf 92' lang='lat' dir='ltr'><strong>po-</strong></span> 
     </span>
    </p>
   </div>
   <div class='ocr_carea' id='block_1_79' title="bbox 2040 2078 3623 2166">
    <p class='ocr_par' dir='ltr' id='par_1_79' title="bbox 2040 2078 3623 2166">
     <span class='ocr_line' id='line_1_79' title="bbox 2040 2078 3623 2166; baseline 0.013 -35"><span class='ocrx_word' id='word_1_636' title='bbox 2040 2078 2247 2147; x_wconf 86' lang='lat' dir='ltr'><strong>pulum,</strong></span> <span class='ocrx_word' id='word_1_637' title='bbox 2271 2081 2367 2149; x_wconf 90' lang='lat' dir='ltr'><strong>qui</strong></span> <span class='ocrx_word' id='word_1_638' title='bbox 2397 2084 2533 2138; x_wconf 90' lang='lat' dir='ltr'><strong>dura</strong></span> <span class='ocrx_word' id='word_1_639' title='bbox 2573 2082 2709 2154; x_wconf 87' lang='lat' dir='ltr'><strong>legis</strong></span> <span class='ocrx_word' id='word_1_640' title='bbox 2748 2084 3007 2143; x_wconf 84' lang='lat' dir='ltr'><strong>servitute</strong></span> <span class='ocrx_word' id='word_1_641' title='bbox 3053 2088 3325 2159; x_wconf 86' lang='lat' dir='ltr'><strong>subjectus</strong></span> <span class='ocrx_word' id='word_1_642' title='bbox 3364 2104 3465 2161; x_wconf 90' lang='lat' dir='ltr'><strong>est,</strong></span> <span class='ocrx_word' id='word_1_643' title='bbox 3493 2111 3623 2166; x_wconf 82' lang='lat' dir='ltr'><strong>pro-</strong></span> 
     </span>
    </p>
   </div>
   <div class='ocr_carea' id='block_1_80' title="bbox 2039 2173 3621 2256">
    <p class='ocr_par' dir='ltr' id='par_1_80' title="bbox 2039 2173 3621 2256">
     <span class='ocr_line' id='line_1_80' title="bbox 2039 2173 3621 2256; baseline 0.014 -34"><span class='ocrx_word' id='word_1_644' title='bbox 2039 2176 2161 2237; x_wconf 87' lang='lat' dir='ltr'><strong>pter</strong></span> <span class='ocrx_word' id='word_1_645' title='bbox 2188 2183 2445 2241; x_wconf 82' lang='lat' dir='ltr'><strong>magnurn</strong></span> <span class='ocrx_word' id='word_1_646' title='bbox 2470 2173 2788 2232; x_wconf 86' lang='lat' dir='ltr'><strong>humilitatis</strong></span> <span class='ocrx_word' id='word_1_647' title='bbox 2810 2190 3229 2248; x_wconf 84' lang='lat' dir='ltr'><strong>sacramentum,</strong></span> <span class='ocrx_word' id='word_1_648' title='bbox 3259 2184 3621 2256; x_wconf 87' lang='lat' dir='ltr'><strong>dispensatio-</strong></span> 
     </span>
    </p>
   </div>
   <div class='ocr_carea' id='block_1_81' title="bbox 2040 2265 3621 2347">
    <p class='ocr_par' dir='ltr' id='par_1_81' title="bbox 2040 2265 3621 2347">
     <span class='ocr_line' id='line_1_81' title="bbox 2040 2265 3621 2347; baseline 0.016 -35"><span class='ocrx_word' id='word_1_649' title='bbox 2040 2273 2272 2329; x_wconf 86' lang='lat' dir='ltr'><strong>nemque</strong></span> <span class='ocrx_word' id='word_1_650' title='bbox 2300 2276 2442 2319; x_wconf 83' lang='lat' dir='ltr'><strong>verae</strong></span> <span class='ocrx_word' id='word_1_651' title='bbox 2478 2265 2851 2336; x_wconf 84' lang='lat' dir='ltr'><strong>humanitatis,</strong></span> <span class='ocrx_word' id='word_1_652' title='bbox 2892 2285 3103 2328; x_wconf 88' lang='lat' dir='ltr'><strong>servum</strong></span> <span class='ocrx_word' id='word_1_653' title='bbox 3147 2290 3177 2329; x_wconf 93' lang='lat' dir='ltr'><strong>a</strong></span> <span class='ocrx_word' id='word_1_654' title='bbox 3203 2279 3479 2347; x_wconf 87' lang='lat' dir='ltr'><strong>prophetis</strong></span> <span class='ocrx_word' id='word_1_655' title='bbox 3518 2298 3621 2337; x_wconf 93' lang='lat' dir='ltr'><strong>no-</strong></span> 
     </span>
    </p>
   </div>
   <div class='ocr_carea' id='block_1_82' title="bbox 2040 2349 3623 2435">
    <p class='ocr_par' dir='ltr' id='par_1_82' title="bbox 2040 2349 3623 2435">
     <span class='ocr_line' id='line_1_82' title="bbox 2040 2349 3623 2435; baseline 0.017 -34"><span class='ocrx_word' id='word_1_656' title='bbox 2040 2349 2235 2404; x_wconf 88' lang='lat' dir='ltr'><strong>minari</strong></span> <span class='ocrx_word' id='word_1_657' title='bbox 2271 2350 2562 2409; x_wconf 88' lang='lat' dir='ltr'><strong>Christum.</strong></span> <span class='ocrx_word' id='word_1_658' title='bbox 2602 2357 2884 2427; x_wconf 86' lang='lat' dir='ltr'><strong>Aliquibus</strong></span> <span class='ocrx_word' id='word_1_659' title='bbox 2928 2361 2982 2415; x_wconf 94' lang='lat' dir='ltr'><strong>in</strong></span> <span class='ocrx_word' id='word_1_660' title='bbox 3022 2362 3154 2418; x_wconf 92' lang='lat' dir='ltr'><strong>locis</strong></span> <span class='ocrx_word' id='word_1_661' title='bbox 3198 2365 3440 2435; x_wconf 82' lang='lat' dir='ltr'><strong>legimus.</strong></span> <span class='ocrx_word' id='word_1_662' title='bbox 3472 2369 3623 2427; x_wconf 77' lang='lat' dir='ltr'><strong>Inter</strong></span> 
     </span>
    </p>
   </div>
   <div class='ocr_carea' id='block_1_83' title="bbox 2038 2438 3622 2525">
    <p class='ocr_par' dir='ltr' id='par_1_83' title="bbox 2038 2438 3622 2525">
     <span class='ocr_line' id='line_1_83' title="bbox 2038 2438 3622 2525; baseline 0.016 -33"><span class='ocrx_word' id='word_1_663' title='bbox 2038 2438 2180 2494; x_wconf 90' lang='lat' dir='ltr'><strong>ﬁlios</strong></span> <span class='ocrx_word' id='word_1_664' title='bbox 2212 2440 2475 2509; x_wconf 84' lang='lat' dir='ltr'><strong>siquidem</strong></span> <span class='ocrx_word' id='word_1_665' title='bbox 2503 2446 2707 2514; x_wconf 74' lang='lat' dir='ltr'><strong>gratim,</strong></span> <span class='ocrx_word' id='word_1_666' title='bbox 2736 2448 2790 2502; x_wconf 93' lang='lat' dir='ltr'><strong>id</strong></span> <span class='ocrx_word' id='word_1_667' title='bbox 2823 2457 2926 2515; x_wconf 85' lang='lat' dir='ltr'><strong>est,</strong></span> <span class='ocrx_word' id='word_1_668' title='bbox 2973 2451 3027 2504; x_wconf 91' lang='lat' dir='ltr'><strong>in</strong></span> <span class='ocrx_word' id='word_1_669' title='bbox 3060 2468 3199 2509; x_wconf 89' lang='lat' dir='ltr'><strong>novo</strong></span> <span class='ocrx_word' id='word_1_670' title='bbox 3225 2458 3419 2525; x_wconf 78' lang='lat' dir='ltr'><strong>populo</strong></span> <span class='ocrx_word' id='word_1_671' title='bbox 3446 2460 3622 2518; x_wconf 80' lang='lat' dir='ltr'><strong>Filius</strong></span> 
     </span>
    </p>
   </div>
   <div class='ocr_carea' id='block_1_84' title="bbox 2037 2530 3621 2623">
    <p class='ocr_par' dir='ltr' id='par_1_84' title="bbox 2037 2530 3621 2623">
     <span class='ocr_line' id='line_1_84' title="bbox 2037 2530 3621 2623; baseline 0.016 -38"><span class='ocrx_word' id='word_1_672' title='bbox 2037 2530 2235 2601; x_wconf 81' lang='lat' dir='ltr'><strong>ubique</strong></span> <span class='ocrx_word' id='word_1_673' title='bbox 2258 2534 2585 2591; x_wconf 85' lang='lat' dir='ltr'><strong>nominatur.</strong></span> <span class='ocrx_word' id='word_1_674' title='bbox 2613 2538 2743 2605; x_wconf 61' lang='lat' dir='ltr'><strong>Quae</strong></span> <span class='ocrx_word' id='word_1_675' title='bbox 2768 2543 3027 2598; x_wconf 88' lang='lat' dir='ltr'><strong>vocabula</strong></span> <span class='ocrx_word' id='word_1_676' title='bbox 3068 2544 3123 2599; x_wconf 93' lang='lat' dir='ltr'><strong>in</strong></span> <span class='ocrx_word' id='word_1_677' title='bbox 3166 2547 3302 2604; x_wconf 90' lang='lat' dir='ltr'><strong>Isaia</strong></span> <span class='ocrx_word' id='word_1_678' title='bbox 3348 2554 3621 2623; x_wconf 85' lang='lat' dir='ltr'><strong>propheta</strong></span> 
     </span>
    </p>
   </div>
   <div class='ocr_carea' id='block_1_85' title="bbox 2036 2623 3617 2707">
    <p class='ocr_par' dir='ltr' id='par_1_85' title="bbox 2036 2623 3617 2707">
     <span class='ocr_line' id='line_1_85' title="bbox 2036 2623 3617 2707; baseline 0.013 -31"><span class='ocrx_word' id='word_1_679' title='bbox 2036 2623 2319 2681; x_wconf 81' lang='lat' dir='ltr'><strong>manifeste</strong></span> <span class='ocrx_word' id='word_1_680' title='bbox 2364 2627 2597 2696; x_wconf 88' lang='lat' dir='ltr'><strong>quodam</strong></span> <span class='ocrx_word' id='word_1_681' title='bbox 2643 2630 2697 2684; x_wconf 92' lang='lat' dir='ltr'><strong>in</strong></span> <span class='ocrx_word' id='word_1_682' title='bbox 2741 2630 2858 2688; x_wconf 92' lang='lat' dir='ltr'><strong>loco</strong></span> <span class='ocrx_word' id='word_1_683' title='bbox 2900 2635 3321 2707; x_wconf 83' lang='lat' dir='ltr'><strong>distinguuntur,</strong></span> <span class='ocrx_word' id='word_1_684' title='bbox 3349 2642 3443 2697; x_wconf 88' lang='lat' dir='ltr'><strong>ubi</strong></span> <span class='ocrx_word' id='word_1_685' title='bbox 3491 2645 3617 2699; x_wconf 58' lang='lat' dir='ltr'><strong>aits</strong></span> 
     </span>
    </p>
   </div>
   <div class='ocr_carea' id='block_1_86' title="bbox 2035 2712 3618 2792">
    <p class='ocr_par' dir='ltr' id='par_1_86' title="bbox 2035 2712 3618 2792">
     <span class='ocr_line' id='line_1_86' title="bbox 2035 2712 3618 2792; baseline 0.014 -24"><span class='ocrx_word' id='word_1_686' title='bbox 2035 2712 2296 2771; x_wconf 75' lang='lat' dir='ltr'><strong>Parvulas</strong></span> <span class='ocrx_word' id='word_1_687' title='bbox 2335 2728 2490 2774; x_wconf 83' lang='lat' dir='ltr'><strong>natus</strong></span> <span class='ocrx_word' id='word_1_688' title='bbox 2526 2730 2602 2775; x_wconf 83' lang='lat' dir='ltr'><strong>est</strong></span> <span class='ocrx_word' id='word_1_689' title='bbox 2642 2724 2809 2789; x_wconf 81' lang='lat' dir='ltr'><strong>nobis,</strong></span> <span class='ocrx_word' id='word_1_690' title='bbox 2849 2735 2897 2779; x_wconf 89' lang='lat' dir='ltr'><strong>et</strong></span> <span class='ocrx_word' id='word_1_691' title='bbox 2935 2724 2984 2778; x_wconf 85' lang='lat' dir='ltr'><em>F</em></span> <span class='ocrx_word' id='word_1_692' title='bbox 2986 2726 3108 2783; x_wconf 81' lang='lat' dir='ltr'><strong>ilius</strong></span> <span class='ocrx_word' id='word_1_693' title='bbox 3148 2730 3306 2784; x_wconf 81' lang='lat' dir='ltr'><strong>datus</strong></span> <span class='ocrx_word' id='word_1_694' title='bbox 3347 2742 3423 2787; x_wconf 87' lang='lat' dir='ltr'><strong>est</strong></span> <span class='ocrx_word' id='word_1_695' title='bbox 3465 2736 3618 2792; x_wconf 83' lang='lat' dir='ltr'><strong>nobis</strong></span> 
     </span>
    </p>
   </div>
   <div class='ocr_carea' id='block_1_87' title="bbox 2034 2802 3615 2895">
    <p class='ocr_par' dir='ltr' id='par_1_87' title="bbox 2034 2802 3615 2895">
     <span class='ocr_line' id='line_1_87' title="bbox 2034 2802 3615 2895; baseline 0.015 -39"><span class='ocrx_word' id='word_1_696' title='bbox 2034 2802 2189 2876; x_wconf 86' lang='lat' dir='ltr'><strong>(Isai.</strong></span> <span class='ocrx_word' id='word_1_697' title='bbox 2220 2821 2299 2872; x_wconf 73' lang='lat' dir='ltr'><strong>IX,</strong></span> <span class='ocrx_word' id='word_1_698' title='bbox 2325 2806 2401 2879; x_wconf 87' lang='lat'><strong>6).</strong></span> <span class='ocrx_word' id='word_1_699' title='bbox 2426 2807 2534 2874; x_wconf 85' lang='lat' dir='ltr'><strong>Qui</strong></span> <span class='ocrx_word' id='word_1_700' title='bbox 2563 2809 2663 2866; x_wconf 81' lang='lat' dir='ltr'><strong>fuit</strong></span> <span class='ocrx_word' id='word_1_701' title='bbox 2685 2814 2943 2882; x_wconf 89' lang='lat' dir='ltr'><strong>parvulus</strong></span> <span class='ocrx_word' id='word_1_702' title='bbox 2964 2817 3048 2872; x_wconf 90' lang='lat' dir='ltr'><strong>vel</strong></span> <span class='ocrx_word' id='word_1_703' title='bbox 3077 2832 3272 2875; x_wconf 89' lang='lat' dir='ltr'><strong>servus</strong></span> <span class='ocrx_word' id='word_1_704' title='bbox 3286 2823 3424 2892; x_wconf 91' lang='lat' dir='ltr'><strong>apud</strong></span> <span class='ocrx_word' id='word_1_705' title='bbox 3448 2839 3615 2895; x_wconf 84' lang='lat' dir='ltr'><strong>syna-</strong></span> 
     </span>
    </p>
   </div>
   <div class='ocr_carea' id='block_1_88' title="bbox 2031 2899 3618 2981">
    <p class='ocr_par' dir='ltr' id='par_1_88' title="bbox 2031 2899 3618 2981">
     <span class='ocr_line' id='line_1_88' title="bbox 2031 2899 3618 2981; baseline 0.013 -30"><span class='ocrx_word' id='word_1_706' title='bbox 2031 2912 2226 2968; x_wconf 85' lang='lat' dir='ltr'><strong>gogam</strong></span> <span class='ocrx_word' id='word_1_707' title='bbox 2266 2899 2322 2954; x_wconf 91' lang='lat' dir='ltr'><strong>in</strong></span> <span class='ocrx_word' id='word_1_708' title='bbox 2361 2902 2552 2957; x_wconf 89' lang='lat' dir='ltr'><strong>umbra</strong></span> <span class='ocrx_word' id='word_1_709' title='bbox 2595 2905 2939 2973; x_wconf 86' lang='lat' dir='ltr'><strong>servientem,</strong></span> <span class='ocrx_word' id='word_1_710' title='bbox 2984 2912 3133 2980; x_wconf 86' lang='lat' dir='ltr'><strong>apud</strong></span> <span class='ocrx_word' id='word_1_711' title='bbox 3154 2911 3511 2981; x_wconf 86' lang='lat' dir='ltr'><strong>Christianos,</strong></span> <span class='ocrx_word' id='word_1_712' title='bbox 3554 2917 3618 2971; x_wconf 84' lang='lat' dir='ltr'><strong>in</strong></span> 
     </span>
    </p>
   </div>
   <div class='ocr_carea' id='block_1_89' title="bbox 2033 2990 3617 3069">
    <p class='ocr_par' dir='ltr' id='par_1_89' title="bbox 2033 2990 3617 3069">
     <span class='ocr_line' id='line_1_89' title="bbox 2033 2990 3617 3069; baseline 0.011 -24"><span class='ocrx_word' id='word_1_713' title='bbox 2033 2990 2155 3046; x_wconf 91' lang='lat' dir='ltr'><strong>luce</strong></span> <span class='ocrx_word' id='word_1_714' title='bbox 2197 2992 2465 3050; x_wconf 88' lang='lat' dir='ltr'><strong>libertatis</strong></span> <span class='ocrx_word' id='word_1_715' title='bbox 2496 2996 2757 3063; x_wconf 89' lang='lat' dir='ltr'><strong>viventes,</strong></span> <span class='ocrx_word' id='word_1_716' title='bbox 2794 2998 2962 3055; x_wconf 86' lang='lat' dir='ltr'><strong>Filius</strong></span> <span class='ocrx_word' id='word_1_717' title='bbox 3004 3010 3107 3057; x_wconf 90' lang='lat' dir='ltr'><strong>est.</strong></span> <span class='ocrx_word' id='word_1_718' title='bbox 3133 3002 3306 3069; x_wconf 88' lang='lat' dir='ltr'><strong>Quam</strong></span> <span class='ocrx_word' id='word_1_719' title='bbox 3335 3006 3617 3062; x_wconf 85' lang='lat' dir='ltr'><strong>discretio-</strong></span> 
     </span>
    </p>
   </div>
   <div class='ocr_carea' id='block_1_90' title="bbox 2028 3084 3620 3169">
    <p class='ocr_par' dir='ltr' id='par_1_90' title="bbox 2028 3084 3620 3169">
     <span class='ocr_line' id='line_1_90' title="bbox 2028 3084 3620 3169; baseline 0.012 -33"><span class='ocrx_word' id='word_1_720' title='bbox 2028 3097 2158 3138; x_wconf 89' lang='lat' dir='ltr'><strong>nem</strong></span> <span class='ocrx_word' id='word_1_721' title='bbox 2188 3084 2285 3139; x_wconf 85' lang='lat' dir='ltr'><strong>ﬁlii</strong></span> <span class='ocrx_word' id='word_1_722' title='bbox 2312 3093 2370 3140; x_wconf 91' lang='lat' dir='ltr'><strong>et</strong></span> <span class='ocrx_word' id='word_1_723' title='bbox 2395 3088 2535 3142; x_wconf 90' lang='lat' dir='ltr'><strong>servi</strong></span> <span class='ocrx_word' id='word_1_724' title='bbox 2561 3088 2676 3158; x_wconf 88' lang='lat' dir='ltr'><strong>ipse</strong></span> <span class='ocrx_word' id='word_1_725' title='bbox 2704 3105 2917 3161; x_wconf 83' lang='lat' dir='ltr'><strong>quoque</strong></span> <span class='ocrx_word' id='word_1_726' title='bbox 2947 3093 3205 3150; x_wconf 87' lang='lat' dir='ltr'><strong>Dominus</strong></span> <span class='ocrx_word' id='word_1_727' title='bbox 3240 3096 3294 3151; x_wconf 90' lang='lat' dir='ltr'><strong>in</strong></span> <span class='ocrx_word' id='word_1_728' title='bbox 3321 3097 3620 3169; x_wconf 76' lang='lat' dir='ltr'><strong>Evangelia</strong></span> 
     </span>
    </p>
   </div>
   <div class='ocr_carea' id='block_1_91' title="bbox 2035 3172 3612 3245">
    <p class='ocr_par' dir='ltr' id='par_1_91' title="bbox 2035 3172 3612 3245">
     <span class='ocr_line' id='line_1_91' title="bbox 2035 3172 3612 3245; baseline 0.01 -17"><span class='ocrx_word' id='word_1_729' title='bbox 2035 3172 2319 3245; x_wconf 86' lang='lat' dir='ltr'><strong>designare</strong></span> <span class='ocrx_word' id='word_1_730' title='bbox 2345 3176 2573 3242; x_wconf 89' lang='lat' dir='ltr'><strong>videtur,</strong></span> <span class='ocrx_word' id='word_1_731' title='bbox 2595 3176 2686 3231; x_wconf 89' lang='lat' dir='ltr'><strong>ubi</strong></span> <span class='ocrx_word' id='word_1_732' title='bbox 2707 3179 2784 3233; x_wconf 88' lang='lat' dir='ltr'><strong>ait</strong></span> <span class='ocrx_word' id='word_1_733' title='bbox 2811 3198 2824 3232; x_wconf 89' lang='lat'><strong>:</strong></span> <span class='ocrx_word' id='word_1_734' title='bbox 2854 3178 3044 3237; x_wconf 82' lang='lat' dir='ltr'><strong>Servus</strong></span> <span class='ocrx_word' id='word_1_735' title='bbox 3066 3198 3170 3238; x_wconf 80' lang='lat' dir='ltr'><strong>non</strong></span> <span class='ocrx_word' id='word_1_736' title='bbox 3188 3196 3358 3241; x_wconf 79' lang='lat' dir='ltr'><strong>manet</strong></span> <span class='ocrx_word' id='word_1_737' title='bbox 3380 3188 3433 3241; x_wconf 78' lang='lat' dir='ltr'><strong>in</strong></span> <span class='ocrx_word' id='word_1_738' title='bbox 3452 3188 3612 3243; x_wconf 85' lang='lat' dir='ltr'><strong>domo</strong></span> 
     </span>
    </p>
   </div>
   <div class='ocr_carea' id='block_1_92' title="bbox 2031 3265 3614 3351">
    <p class='ocr_par' dir='ltr' id='par_1_92' title="bbox 2031 3265 3614 3351">
     <span class='ocr_line' id='line_1_92' title="bbox 2031 3265 3614 3351; baseline 0.013 -35"><span class='ocrx_word' id='word_1_739' title='bbox 2031 3265 2091 3317; x_wconf 78' lang='lat' dir='ltr'><strong>in</strong></span> <span class='ocrx_word' id='word_1_740' title='bbox 2116 3274 2392 3331; x_wconf 62' lang='lat' dir='ltr'><strong>externum,</strong></span> <span class='ocrx_word' id='word_1_741' title='bbox 2416 3266 2591 3323; x_wconf 88' lang='lat' dir='ltr'><strong>Filius</strong></span> <span class='ocrx_word' id='word_1_742' title='bbox 2616 3280 2791 3325; x_wconf 78' lang='lat' dir='ltr'><strong>autem</strong></span> <span class='ocrx_word' id='word_1_743' title='bbox 2813 3284 2986 3328; x_wconf 77' lang='lat' dir='ltr'><strong>manet</strong></span> <span class='ocrx_word' id='word_1_744' title='bbox 3010 3275 3065 3329; x_wconf 74' lang='lat' dir='ltr'><strong>in</strong></span> <span class='ocrx_word' id='word_1_745' title='bbox 3084 3286 3353 3333; x_wconf 67' lang='lat' dir='ltr'><strong>internum.</strong></span> <span class='ocrx_word' id='word_1_746' title='bbox 3380 3279 3614 3351; x_wconf 70' lang='lat' dir='ltr'><strong>Moxque</strong></span> 
     </span>
    </p>
   </div>
   <div class='ocr_carea' id='block_1_93' title="bbox 2030 3356 3614 3435">
    <p class='ocr_par' dir='ltr' id='par_1_93' title="bbox 2030 3356 3614 3435">
     <span class='ocr_line' id='line_1_93' title="bbox 2030 3356 3614 3435; baseline 0.011 -27"><span class='ocrx_word' id='word_1_747' title='bbox 2030 3356 2302 3426; x_wconf 85' lang='lat' dir='ltr'><strong>subjungit</strong></span> <span class='ocrx_word' id='word_1_748' title='bbox 2321 3357 2506 3412; x_wconf 88' lang='lat' dir='ltr'><strong>dicens</strong></span> <span class='ocrx_word' id='word_1_749' title='bbox 2536 3376 2548 3411; x_wconf 91' lang='lat'>:</span> <span class='ocrx_word' id='word_1_750' title='bbox 2582 3358 2645 3414; x_wconf 87' lang='lat' dir='ltr'><strong>Si</strong></span> <span class='ocrx_word' id='word_1_751' title='bbox 2680 3359 2852 3416; x_wconf 82' lang='lat' dir='ltr'><strong>Filius</strong></span> <span class='ocrx_word' id='word_1_752' title='bbox 2873 3378 2958 3417; x_wconf 81' lang='lat' dir='ltr'><strong>vos</strong></span> <span class='ocrx_word' id='word_1_753' title='bbox 2990 3363 3304 3435; x_wconf 78' lang='lat' dir='ltr'><strong>liberaverit,</strong></span> <span class='ocrx_word' id='word_1_754' title='bbox 3327 3386 3439 3425; x_wconf 76' lang='lat' dir='ltr'><strong>aere</strong></span> <span class='ocrx_word' id='word_1_755' title='bbox 3457 3370 3614 3426; x_wconf 82' lang='lat' dir='ltr'><strong>liberi</strong></span> 
     </span>
    </p>
   </div>
   <div class='ocr_carea' id='block_1_94' title="bbox 2030 3445 3613 3527">
    <p class='ocr_par' dir='ltr' id='par_1_94' title="bbox 2030 3445 3613 3527">
     <span class='ocr_line' id='line_1_94' title="bbox 2030 3445 3613 3527; baseline 0.012 -28"><span class='ocrx_word' id='word_1_756' title='bbox 2030 3446 2175 3499; x_wconf 81' lang='lat' dir='ltr'><strong>eritis</strong></span> <span class='ocrx_word' id='word_1_757' title='bbox 2217 3445 2397 3518; x_wconf 83' lang='lat' dir='ltr'><strong>(Joan.</strong></span> <span class='ocrx_word' id='word_1_758' title='bbox 2438 3463 2561 3514; x_wconf 77' lang='lat' dir='ltr'><strong>Vill,</strong></span> <span class='ocrx_word' id='word_1_759' title='bbox 2600 3449 2686 3515; x_wconf 77' lang='lat'><strong>55,</strong></span> <span class='ocrx_word' id='word_1_760' title='bbox 2716 3451 2825 3523; x_wconf 79' lang='lat'><strong>56).</strong></span> <span class='ocrx_word' id='word_1_761' title='bbox 2855 3453 2957 3520; x_wconf 85' lang='lat' dir='ltr'><strong>Qui</strong></span> <span class='ocrx_word' id='word_1_762' title='bbox 2987 3457 3127 3527; x_wconf 90' lang='lat' dir='ltr'><strong>apud</strong></span> <span class='ocrx_word' id='word_1_763' title='bbox 3159 3458 3402 3516; x_wconf 89' lang='lat' dir='ltr'><strong>inﬁdeles</strong></span> <span class='ocrx_word' id='word_1_764' title='bbox 3438 3461 3613 3518; x_wconf 84' lang='lat' dir='ltr'><strong>Filius</strong></span> 
     </span>
    </p>
   </div>
   <div class='ocr_carea' id='block_1_95' title="bbox 2028 3533 3615 3617">
    <p class='ocr_par' dir='ltr' id='par_1_95' title="bbox 2028 3533 3615 3617">
     <span class='ocr_line' id='line_1_95' title="bbox 2028 3533 3615 3617; baseline 0.011 -28"><span class='ocrx_word' id='word_1_765' title='bbox 2028 3543 2114 3589; x_wconf 88' lang='lat' dir='ltr'><strong>est</strong></span> <span class='ocrx_word' id='word_1_766' title='bbox 2156 3533 2295 3591; x_wconf 82' lang='lat' dir='ltr'><strong>fabri</strong></span> <span class='ocrx_word' id='word_1_767' title='bbox 2339 3543 2392 3590; x_wconf 91' lang='lat' dir='ltr'><strong>et</strong></span> <span class='ocrx_word' id='word_1_768' title='bbox 2432 3552 2621 3593; x_wconf 88' lang='lat' dir='ltr'><strong>servus</strong></span> <span class='ocrx_word' id='word_1_769' title='bbox 2652 3557 2665 3592; x_wconf 86' lang='lat'><strong>:</strong></span> <span class='ocrx_word' id='word_1_770' title='bbox 2697 3542 2851 3611; x_wconf 28' lang='lat' dir='ltr'><strong>apud.</strong></span> <span class='ocrx_word' id='word_1_771' title='bbox 2879 3541 3063 3599; x_wconf 88' lang='lat' dir='ltr'><strong>ﬁdeles</strong></span> <span class='ocrx_word' id='word_1_772' title='bbox 3102 3545 3270 3603; x_wconf 83' lang='lat' dir='ltr'><strong>Filius</strong></span> <span class='ocrx_word' id='word_1_773' title='bbox 3295 3556 3378 3604; x_wconf 88' lang='lat' dir='ltr'><strong>est</strong></span> <span class='ocrx_word' id='word_1_774' title='bbox 3401 3550 3515 3617; x_wconf 89' lang='lat' dir='ltr'><strong>Dei,</strong></span> <span class='ocrx_word' id='word_1_775' title='bbox 3553 3561 3615 3608; x_wconf 88' lang='lat' dir='ltr'><strong>ct</strong></span> 
     </span>
    </p>
   </div>
   <div class='ocr_carea' id='block_1_96' title="bbox 2030 3624 2368 3682">
    <p class='ocr_par' dir='ltr' id='par_1_96' title="bbox 2030 3624 2368 3682">
     <span class='ocr_line' id='line_1_96' title="bbox 2030 3624 2368 3682; baseline 0.006 -4"><span class='ocrx_word' id='word_1_776' title='bbox 2030 3624 2171 3680; x_wconf 89' lang='lat' dir='ltr'><strong>Deus</strong></span> <span class='ocrx_word' id='word_1_777' title='bbox 2191 3640 2368 3682; x_wconf 86' lang='lat' dir='ltr'><strong>verus.</strong></span> 
     </span>
    </p>
   </div>
   <div class='ocr_carea' id='block_1_97' title="bbox 2100 3736 3613 3821">
    <p class='ocr_par' dir='ltr' id='par_1_97' title="bbox 2100 3736 3613 3821">
     <span class='ocr_line' id='line_1_97' title="bbox 2100 3736 3613 3821; baseline 0.015 -31"><span class='ocrx_word' id='word_1_778' title='bbox 2100 3736 2168 3791; x_wconf 85' lang='lat' dir='ltr'><strong>X.</strong></span> <span class='ocrx_word' id='word_1_779' title='bbox 2209 3737 2421 3806; x_wconf 89' lang='lat' dir='ltr'><strong>Nescio,</strong></span> <span class='ocrx_word' id='word_1_780' title='bbox 2466 3756 2571 3811; x_wconf 89' lang='lat' dir='ltr'><strong>qua</strong></span> <span class='ocrx_word' id='word_1_781' title='bbox 2598 3742 2773 3800; x_wconf 79' lang='lat' dir='ltr'><strong>fronte</strong></span> <span class='ocrx_word' id='word_1_782' title='bbox 2802 3749 3136 3805; x_wconf 89' lang='lat' dir='ltr'><strong>sacerdotem</strong></span> <span class='ocrx_word' id='word_1_783' title='bbox 3162 3751 3382 3821; x_wconf 90' lang='lat' dir='ltr'><strong>Christi,</strong></span> <span class='ocrx_word' id='word_1_784' title='bbox 3412 3771 3446 3811; x_wconf 94' lang='lat' dir='ltr'><strong>o</strong></span> <span class='ocrx_word' id='word_1_785' title='bbox 3468 3772 3613 3814; x_wconf 83' lang='lat' dir='ltr'><strong>nove</strong></span> 
     </span>
    </p>
   </div>
   <div class='ocr_carea' id='block_1_98' title="bbox 2029 3831 3609 3905">
    <p class='ocr_par' dir='ltr' id='par_1_98' title="bbox 2029 3831 3609 3905">
     <span class='ocr_line' id='line_1_98' title="bbox 2029 3831 3609 3905; baseline 0.013 -20"><span class='ocrx_word' id='word_1_786' title='bbox 2029 3831 2234 3896; x_wconf 89' lang='lat' dir='ltr'><strong>doctor,</strong></span> <span class='ocrx_word' id='word_1_787' title='bbox 2289 3842 2341 3888; x_wconf 90' lang='lat' dir='ltr'><strong>te</strong></span> <span class='ocrx_word' id='word_1_788' title='bbox 2394 3835 2700 3891; x_wconf 88' lang='lat' dir='ltr'><strong>conﬁtearis</strong></span> <span class='ocrx_word' id='word_1_789' title='bbox 2744 3854 2885 3905; x_wconf 91' lang='lat' dir='ltr'><strong>esse,</strong></span> <span class='ocrx_word' id='word_1_790' title='bbox 2935 3842 3059 3896; x_wconf 91' lang='lat' dir='ltr'><strong>dum</strong></span> <span class='ocrx_word' id='word_1_791' title='bbox 3105 3843 3381 3901; x_wconf 88' lang='lat' dir='ltr'><strong>Christum</strong></span> <span class='ocrx_word' id='word_1_792' title='bbox 3432 3847 3609 3905; x_wconf 86' lang='lat' dir='ltr'><strong>Deum</strong></span> 
     </span>
    </p>
   </div>
   <div class='ocr_carea' id='block_1_99' title="bbox 2028 3922 3612 4009">
    <p class='ocr_par' dir='ltr' id='par_1_99' title="bbox 2028 3922 3612 4009">
     <span class='ocr_line' id='line_1_99' title="bbox 2028 3922 3612 4009; baseline 0.012 -32"><span class='ocrx_word' id='word_1_793' title='bbox 2028 3922 2278 3993; x_wconf 85' lang='lat' dir='ltr'><strong>denegas.</strong></span> <span class='ocrx_word' id='word_1_794' title='bbox 2303 3922 2470 3979; x_wconf 63' lang='lat' dir='ltr'><strong>Judaei</strong></span> <span class='ocrx_word' id='word_1_795' title='bbox 2489 3925 2807 3983; x_wconf 88' lang='lat' dir='ltr'><strong>claudebant</strong></span> <span class='ocrx_word' id='word_1_796' title='bbox 2831 3945 2991 3987; x_wconf 91' lang='lat' dir='ltr'><strong>aures</strong></span> <span class='ocrx_word' id='word_1_797' title='bbox 3008 3936 3269 4003; x_wconf 85' lang='lat' dir='ltr'><strong>corporis,</strong></span> <span class='ocrx_word' id='word_1_798' title='bbox 3300 3951 3368 3992; x_wconf 86' lang='lat' dir='ltr'><strong>ne</strong></span> <span class='ocrx_word' id='word_1_799' title='bbox 3390 3947 3612 4009; x_wconf 90' lang='lat' dir='ltr'><strong>aposto-</strong></span> 
     </span>
    </p>
   </div>
   <div class='ocr_carea' id='block_1_100' title="bbox 2025 4012 3609 4094">
    <p class='ocr_par' dir='ltr' id='par_1_100' title="bbox 2025 4012 3609 4094">
     <span class='ocr_line' id='line_1_100' title="bbox 2025 4012 3609 4094; baseline 0.014 -28"><span class='ocrx_word' id='word_1_800' title='bbox 2025 4012 2136 4067; x_wconf 90' lang='lat' dir='ltr'><strong>lum</strong></span> <span class='ocrx_word' id='word_1_801' title='bbox 2168 4014 2330 4084; x_wconf 77' lang='lat'><strong>817</strong></span> <span class='ocrx_word' id='word_1_802' title='bbox 2358 4014 2578 4070; x_wconf 84' lang='lat' dir='ltr'><strong>Paulum</strong></span> <span class='ocrx_word' id='word_1_803' title='bbox 2611 4018 2989 4087; x_wconf 75' lang='lat' dir='ltr'><strong>prmdicantem</strong></span> <span class='ocrx_word' id='word_1_804' title='bbox 3023 4026 3290 4094; x_wconf 90' lang='lat' dir='ltr'><strong>audirent,</strong></span> <span class='ocrx_word' id='word_1_805' title='bbox 3323 4028 3609 4088; x_wconf 78' lang='lat' dir='ltr'><strong>Christum</strong></span> 
     </span>
    </p>
   </div>
   <div class='ocr_carea' id='block_1_101' title="bbox 2024 4103 3609 4193">
    <p class='ocr_par' dir='ltr' id='par_1_101' title="bbox 2024 4103 3609 4193">
     <span class='ocr_line' id='line_1_101' title="bbox 2024 4103 3609 4193; baseline 0.014 -35"><span class='ocrx_word' id='word_1_806' title='bbox 2024 4103 2193 4159; x_wconf 91' lang='lat' dir='ltr'><strong>Deum</strong></span> <span class='ocrx_word' id='word_1_807' title='bbox 2218 4118 2341 4161; x_wconf 87' lang='lat' dir='ltr'><strong>esse</strong></span> <span class='ocrx_word' id='word_1_808' title='bbox 2370 4124 2383 4160; x_wconf 89' lang='lat'>:</span> <span class='ocrx_word' id='word_1_809' title='bbox 2410 4106 2491 4161; x_wconf 91' lang='lat' dir='ltr'><strong>Tu</strong></span> <span class='ocrx_word' id='word_1_810' title='bbox 2525 4107 2729 4165; x_wconf 89' lang='lat' dir='ltr'><strong>claudis</strong></span> <span class='ocrx_word' id='word_1_811' title='bbox 2755 4112 2939 4168; x_wconf 91' lang='lat' dir='ltr'><strong>oculos</strong></span> <span class='ocrx_word' id='word_1_812' title='bbox 2983 4116 3178 4182; x_wconf 88' lang='lat' dir='ltr'><strong>cordis,</strong></span> <span class='ocrx_word' id='word_1_813' title='bbox 3226 4134 3296 4174; x_wconf 91' lang='lat' dir='ltr'><strong>ne</strong></span> <span class='ocrx_word' id='word_1_814' title='bbox 3336 4120 3609 4193; x_wconf 83' lang='lat' dir='ltr'><strong>intelligas</strong></span> 
     </span>
    </p>
   </div>
   <div class='ocr_carea' id='block_1_102' title="bbox 2023 4197 3609 4284">
    <p class='ocr_par' dir='ltr' id='par_1_102' title="bbox 2023 4197 3609 4284">
     <span class='ocr_line' id='line_1_102' title="bbox 2023 4197 3609 4284; baseline 0.015 -35"><span class='ocrx_word' id='word_1_815' title='bbox 2023 4197 2269 4252; x_wconf 91' lang='lat' dir='ltr'><strong>eumdem</strong></span> <span class='ocrx_word' id='word_1_816' title='bbox 2294 4198 2462 4254; x_wconf 90' lang='lat' dir='ltr'><strong>Deum</strong></span> <span class='ocrx_word' id='word_1_817' title='bbox 2487 4214 2626 4257; x_wconf 75' lang='lat' dir='ltr'><strong>esse&quot;.</strong></span> <span class='ocrx_word' id='word_1_818' title='bbox 2668 4202 2745 4259; x_wconf 88' lang='lat' dir='ltr'><strong>De</strong></span> <span class='ocrx_word' id='word_1_819' title='bbox 2778 4220 2886 4275; x_wconf 91' lang='lat' dir='ltr'><strong>quo</strong></span> <span class='ocrx_word' id='word_1_820' title='bbox 2916 4206 3029 4277; x_wconf 90' lang='lat' dir='ltr'><strong>ipse</strong></span> <span class='ocrx_word' id='word_1_821' title='bbox 3055 4218 3303 4284; x_wconf 82' lang='lat' dir='ltr'><strong>egregius</strong></span> <span class='ocrx_word' id='word_1_822' title='bbox 3342 4217 3609 4284; x_wconf 51' lang='lat' dir='ltr'><strong>pradica-</strong></span> 
     </span>
    </p>
   </div>
   <div class='ocr_carea' id='block_1_103' title="bbox 2023 4289 3602 4376">
    <p class='ocr_par' dir='ltr' id='par_1_103' title="bbox 2023 4289 3602 4376">
     <span class='ocr_line' id='line_1_103' title="bbox 2023 4289 3602 4376; baseline 0.013 -35"><span class='ocrx_word' id='word_1_823' title='bbox 2023 4295 2110 4342; x_wconf 89' lang='lat' dir='ltr'><strong>tor</strong></span> <span class='ocrx_word' id='word_1_824' title='bbox 2137 4289 2212 4342; x_wconf 92' lang='lat' dir='ltr'><strong>ait</strong></span> <span class='ocrx_word' id='word_1_825' title='bbox 2235 4307 2247 4343; x_wconf 88' lang='lat'>:</span> <span class='ocrx_word' id='word_1_826' title='bbox 2276 4290 2389 4345; x_wconf 85' lang='lat' dir='ltr'><strong>Nos</strong></span> <span class='ocrx_word' id='word_1_827' title='bbox 2414 4302 2587 4347; x_wconf 87' lang='lat' dir='ltr'><strong>autem</strong></span> <span class='ocrx_word' id='word_1_828' title='bbox 2605 4296 2954 4365; x_wconf 64' lang='lat' dir='ltr'><strong>praedicamus</strong></span> <span class='ocrx_word' id='word_1_829' title='bbox 2980 4299 3243 4357; x_wconf 83' lang='lat' dir='ltr'><strong>Christum</strong></span> <span class='ocrx_word' id='word_1_830' title='bbox 3266 4307 3602 4376; x_wconf 67' lang='lat' dir='ltr'><strong>cruciﬁxum,</strong></span> 
     </span>
    </p>
   </div>
   <div class='ocr_carea' id='block_1_104' title="bbox 2022 4379 3604 4463">
    <p class='ocr_par' dir='ltr' id='par_1_104' title="bbox 2022 4379 3604 4463">
     <span class='ocr_line' id='line_1_104' title="bbox 2022 4379 3604 4463; baseline 0.013 -30"><span class='ocrx_word' id='word_1_831' title='bbox 2022 4379 2236 4435; x_wconf 82' lang='lat' dir='ltr'><strong>Domini</strong></span> <span class='ocrx_word' id='word_1_832' title='bbox 2275 4381 2439 4453; x_wconf 82' lang='lat' dir='ltr'><strong>[Leg..</strong></span> <span class='ocrx_word' id='word_1_833' title='bbox 2464 4384 2563 4439; x_wconf 88' lang='lat' dir='ltr'><strong>Dei</strong></span> <span class='ocrx_word' id='word_1_834' title='bbox 2601 4388 2685 4440; x_wconf 82' lang='lat' dir='ltr'><strong>hic</strong></span> <span class='ocrx_word' id='word_1_835' title='bbox 2721 4398 2769 4442; x_wconf 87' lang='lat' dir='ltr'><strong>et</strong></span> <span class='ocrx_word' id='word_1_836' title='bbox 2813 4390 2979 4463; x_wconf 78' lang='lat' dir='ltr'><strong>infra]</strong></span> <span class='ocrx_word' id='word_1_837' title='bbox 3010 4393 3247 4449; x_wconf 84' lang='lat' dir='ltr'><strong>virtutem</strong></span> <span class='ocrx_word' id='word_1_838' title='bbox 3289 4406 3337 4451; x_wconf 88' lang='lat' dir='ltr'><strong>et</strong></span> <span class='ocrx_word' id='word_1_839' title='bbox 3382 4398 3604 4454; x_wconf 73' lang='lat' dir='ltr'><strong>Domini</strong></span> 
     </span>
    </p>
   </div>
   <div class='ocr_carea' id='block_1_105' title="bbox 2023 4470 3606 4555">
    <p class='ocr_par' dir='ltr' id='par_1_105' title="bbox 2023 4470 3606 4555">
     <span class='ocr_line' id='line_1_105' title="bbox 2023 4470 3606 4555; baseline 0.015 -33"><span class='ocrx_word' id='word_1_840' title='bbox 2023 4470 2332 4540; x_wconf 84' lang='lat' dir='ltr'><strong>sapientiam</strong></span> <span class='ocrx_word' id='word_1_841' title='bbox 2362 4471 2415 4543; x_wconf 90' lang='grc' dir='ltr'><strong>(Ι</strong></span> <span class='ocrx_word' id='word_1_842' title='bbox 2442 4470 2564 4527; x_wconf 87' lang='lat' dir='ltr'><strong>Cor.</strong></span> <span class='ocrx_word' id='word_1_843' title='bbox 2593 4490 2633 4540; x_wconf 82' lang='grc' dir='ltr'><strong>ι,</strong></span> <span class='ocrx_word' id='word_1_844' title='bbox 2658 4474 2747 4541; x_wconf 75' lang='lat'><strong>23,</strong></span> <span class='ocrx_word' id='word_1_845' title='bbox 2773 4475 2885 4549; x_wconf 69' lang='grc'><strong>24).</strong></span> <span class='ocrx_word' id='word_1_846' title='bbox 2904 4478 2971 4534; x_wconf 89' lang='lat' dir='ltr'><strong>Et</strong></span> <span class='ocrx_word' id='word_1_847' title='bbox 2999 4482 3216 4550; x_wconf 89' lang='lat' dir='ltr'><strong>quidem</strong></span> <span class='ocrx_word' id='word_1_848' title='bbox 3254 4487 3514 4555; x_wconf 89' lang='lat' dir='ltr'><strong>sapientia</strong></span> <span class='ocrx_word' id='word_1_849' title='bbox 3544 4499 3606 4545; x_wconf 89' lang='lat' dir='ltr'><strong>et</strong></span> 
     </span>
    </p>
   </div>
   <div class='ocr_carea' id='block_1_106' title="bbox 2024 4554 3604 4647">
    <p class='ocr_par' dir='ltr' id='par_1_106' title="bbox 2024 4554 3604 4647">
     <span class='ocr_line' id='line_1_106' title="bbox 2024 4554 3604 4647; baseline 0.015 -34"><span class='ocrx_word' id='word_1_850' title='bbox 2024 4554 2195 4616; x_wconf 87' lang='lat' dir='ltr'><strong>virtus</strong></span> <span class='ocrx_word' id='word_1_851' title='bbox 2230 4560 2346 4627; x_wconf 90' lang='lat' dir='ltr'><strong>Dei,</strong></span> <span class='ocrx_word' id='word_1_852' title='bbox 2379 4560 2609 4618; x_wconf 90' lang='lat' dir='ltr'><strong>Domino</strong></span> <span class='ocrx_word' id='word_1_853' title='bbox 2646 4566 2829 4635; x_wconf 90' lang='lat' dir='ltr'><strong>utique</strong></span> <span class='ocrx_word' id='word_1_854' title='bbox 2858 4567 3056 4640; x_wconf 84' lang='lat' dir='ltr'><strong>[Locus</strong></span> <span class='ocrx_word' id='word_1_855' title='bbox 3097 4554 3401 4647; x_wconf 80' lang='lat' dir='ltr'><strong>corruptus.</strong></span> <span class='ocrx_word' id='word_1_856' title='bbox 3432 4576 3604 4636; x_wconf 84' lang='lat' dir='ltr'><strong>Forte</strong></span> 
     </span>
    </p>
   </div>
   <div class='ocr_carea' id='block_1_107' title="bbox 2022 4647 3603 4726">
    <p class='ocr_par' dir='ltr' id='par_1_107' title="bbox 2022 4647 3603 4726">
     <span class='ocr_line' id='line_1_107' title="bbox 2022 4647 3603 4726; baseline 0.018 -27"><span class='ocrx_word' id='word_1_857' title='bbox 2022 4647 2121 4718; x_wconf 82' lang='lat' dir='ltr'><strong>leg.</strong></span> <span class='ocrx_word' id='word_1_858' title='bbox 2146 4662 2167 4701; x_wconf 90' lang='lat'><strong><em>:</em></strong></span> <span class='ocrx_word' id='word_1_859' title='bbox 2190 4649 2259 4704; x_wconf 88' lang='lat' dir='ltr'><strong>Et</strong></span> <span class='ocrx_word' id='word_1_860' title='bbox 2281 4650 2407 4721; x_wconf 87' lang='lat' dir='ltr'><strong>quid</strong></span> <span class='ocrx_word' id='word_1_861' title='bbox 2430 4660 2512 4707; x_wconf 91' lang='lat' dir='ltr'><strong>est</strong></span> <span class='ocrx_word' id='word_1_862' title='bbox 2536 4654 2794 4724; x_wconf 88' lang='lat' dir='ltr'><strong>sapientia</strong></span> <span class='ocrx_word' id='word_1_863' title='bbox 2819 4666 2873 4711; x_wconf 83' lang='lat' dir='ltr'><strong>et</strong></span> <span class='ocrx_word' id='word_1_864' title='bbox 2895 4658 3068 4717; x_wconf 89' lang='lat' dir='ltr'><strong>virtus</strong></span> <span class='ocrx_word' id='word_1_865' title='bbox 3094 4663 3189 4719; x_wconf 90' lang='lat' dir='ltr'><strong>Dei</strong></span> <span class='ocrx_word' id='word_1_866' title='bbox 3216 4667 3470 4724; x_wconf 89' lang='lat' dir='ltr'><strong>Dominus</strong></span> <span class='ocrx_word' id='word_1_867' title='bbox 3490 4672 3603 4726; x_wconf 90' lang='lat' dir='ltr'><strong>uti-</strong></span> 
     </span>
    </p>
   </div>
   <div class='ocr_carea' id='block_1_108' title="bbox 2021 4741 3604 4831">
    <p class='ocr_par' dir='ltr' id='par_1_108' title="bbox 2021 4741 3604 4831">
     <span class='ocr_line' id='line_1_108' title="bbox 2021 4741 3604 4831; baseline 0.017 -38"><span class='ocrx_word' id='word_1_868' title='bbox 2021 4741 2169 4815; x_wconf 87' lang='lat' dir='ltr'><strong>que].</strong></span> <span class='ocrx_word' id='word_1_869' title='bbox 2198 4742 2311 4797; x_wconf 89' lang='lat' dir='ltr'><strong>Nos</strong></span> <span class='ocrx_word' id='word_1_870' title='bbox 2337 4761 2459 4814; x_wconf 87' lang='lat' dir='ltr'><strong>ergo</strong></span> <span class='ocrx_word' id='word_1_871' title='bbox 2486 4749 2833 4816; x_wconf 70' lang='lat' dir='ltr'><strong>pra’dt&#39;camus</strong></span> <span class='ocrx_word' id='word_1_872' title='bbox 2872 4751 3138 4811; x_wconf 83' lang='lat' dir='ltr'><strong>Christum</strong></span> <span class='ocrx_word' id='word_1_873' title='bbox 3162 4762 3490 4831; x_wconf 72' lang='lat' dir='ltr'><strong>cruciﬁxum,</strong></span> <span class='ocrx_word' id='word_1_874' title='bbox 3516 4766 3604 4820; x_wconf 88' lang='lat' dir='ltr'><strong>in-</strong></span> 
     </span>
    </p>
   </div>
   <div class='ocr_carea' id='block_1_109' title="bbox 2020 4831 3599 4917">
    <p class='ocr_par' dir='ltr' id='par_1_109' title="bbox 2020 4831 3599 4917">
     <span class='ocr_line' id='line_1_109' title="bbox 2020 4831 3599 4917; baseline 0.016 -32"><span class='ocrx_word' id='word_1_875' title='bbox 2020 4832 2156 4902; x_wconf 91' lang='lat' dir='ltr'><strong>quit,</strong></span> <span class='ocrx_word' id='word_1_876' title='bbox 2182 4831 2220 4887; x_wconf 75' lang='grc'><strong>,1</strong></span> <span class='ocrx_word' id='word_1_877' title='bbox 2222 4834 2384 4889; x_wconf 67' lang='lat' dir='ltr'><strong>aditis</strong></span> <span class='ocrx_word' id='word_1_878' title='bbox 2403 4836 2612 4906; x_wconf 85' lang='lat' dir='ltr'><strong>quidem</strong></span> <span class='ocrx_word' id='word_1_879' title='bbox 2634 4842 2967 4910; x_wconf 75' lang='lat' dir='ltr'><strong>scandalum,</strong></span> <span class='ocrx_word' id='word_1_880' title='bbox 3001 4849 3236 4917; x_wconf 82' lang='lat' dir='ltr'><strong>gentibus</strong></span> <span class='ocrx_word' id='word_1_881' title='bbox 3256 4864 3425 4907; x_wconf 86' lang='lat' dir='ltr'><strong>autem</strong></span> <span class='ocrx_word' id='word_1_882' title='bbox 3458 4857 3599 4910; x_wconf 82' lang='lat' dir='ltr'><strong>stul-</strong></span> 
     </span>
    </p>
   </div>
   <div class='ocr_carea' id='block_1_110' title="bbox 2021 4922 3603 5014">
    <p class='ocr_par' dir='ltr' id='par_1_110' title="bbox 2021 4922 3603 5014">
     <span class='ocr_line' id='line_1_110' title="bbox 2021 4922 3603 5014; baseline 0.018 -37"><span class='ocrx_word' id='word_1_883' title='bbox 2021 4923 2208 4977; x_wconf 82' lang='lat' dir='ltr'><strong>titiam.</strong></span> <span class='ocrx_word' id='word_1_884' title='bbox 2233 4922 2377 4980; x_wconf 79' lang='lat' dir='ltr'><strong>Crux</strong></span> <span class='ocrx_word' id='word_1_885' title='bbox 2407 4927 2553 4981; x_wconf 90' lang='lat' dir='ltr'><strong>enim</strong></span> <span class='ocrx_word' id='word_1_886' title='bbox 2584 4928 2821 4998; x_wconf 91' lang='lat' dir='ltr'><strong>Domini,</strong></span> <span class='ocrx_word' id='word_1_887' title='bbox 2847 4948 2966 5003; x_wconf 74' lang='lat' dir='ltr'><strong>qua:</strong></span> <span class='ocrx_word' id='word_1_888' title='bbox 2988 4939 3214 4995; x_wconf 90' lang='lat' dir='ltr'><strong>stultitia</strong></span> <span class='ocrx_word' id='word_1_889' title='bbox 3242 4944 3508 5014; x_wconf 89' lang='lat' dir='ltr'><strong>gentibus,</strong></span> <span class='ocrx_word' id='word_1_890' title='bbox 3543 4956 3603 5005; x_wconf 91' lang='lat' dir='ltr'><strong>et</strong></span> 
     </span>
    </p>
   </div>
   <div class='ocr_carea' id='block_1_111' title="bbox 2019 5009 3604 5106">
    <p class='ocr_par' dir='ltr' id='par_1_111' title="bbox 2019 5009 3604 5106">
     <span class='ocr_line' id='line_1_111' title="bbox 2019 5009 3604 5106; baseline 0.018 -42"><span class='ocrx_word' id='word_1_891' title='bbox 2019 5009 2217 5067; x_wconf 58' lang='lat' dir='ltr'><strong>ludatis</strong></span> <span class='ocrx_word' id='word_1_892' title='bbox 2262 5015 2574 5070; x_wconf 89' lang='lat' dir='ltr'><strong>scandalum</strong></span> <span class='ocrx_word' id='word_1_893' title='bbox 2622 5017 2743 5084; x_wconf 82' lang='lat' dir='ltr'><strong>fuit,</strong></span> <span class='ocrx_word' id='word_1_894' title='bbox 2790 5022 2887 5076; x_wconf 91' lang='lat' dir='ltr'><strong>tibi</strong></span> <span class='ocrx_word' id='word_1_895' title='bbox 2924 5032 3214 5099; x_wconf 87' lang='lat' dir='ltr'><strong>utrumque</strong></span> <span class='ocrx_word' id='word_1_896' title='bbox 3246 5009 3366 5088; x_wconf 27' lang='lat' dir='ltr'><strong>test.</strong></span> <span class='ocrx_word' id='word_1_897' title='bbox 3408 5009 3604 5106; x_wconf 84' lang='lat' dir='ltr'><strong>Neque</strong></span> 
     </span>
    </p>
   </div>
   <div class='ocr_carea' id='block_1_112' title="bbox 2018 5100 3603 5185">
    <p class='ocr_par' dir='ltr' id='par_1_112' title="bbox 2018 5100 3603 5185">
     <span class='ocr_line' id='line_1_112' title="bbox 2018 5100 3603 5185; baseline 0.017 -30"><span class='ocrx_word' id='word_1_898' title='bbox 2018 5100 2161 5156; x_wconf 86' lang='lat' dir='ltr'><strong>enim</strong></span> <span class='ocrx_word' id='word_1_899' title='bbox 2191 5107 2284 5154; x_wconf 89' lang='lat' dir='ltr'><strong>aut</strong></span> <span class='ocrx_word' id='word_1_900' title='bbox 2312 5103 2541 5159; x_wconf 89' lang='lat' dir='ltr'><strong>stultitia</strong></span> <span class='ocrx_word' id='word_1_901' title='bbox 2565 5105 2673 5161; x_wconf 89' lang='lat' dir='ltr'><strong>ulla</strong></span> <span class='ocrx_word' id='word_1_902' title='bbox 2711 5109 2884 5178; x_wconf 90' lang='lat' dir='ltr'><strong>major</strong></span> <span class='ocrx_word' id='word_1_903' title='bbox 2904 5121 3016 5179; x_wconf 90' lang='lat' dir='ltr'><strong>est,</strong></span> <span class='ocrx_word' id='word_1_904' title='bbox 3046 5132 3209 5185; x_wconf 90' lang='lat' dir='ltr'><strong>quam</strong></span> <span class='ocrx_word' id='word_1_905' title='bbox 3239 5136 3345 5176; x_wconf 91' lang='lat' dir='ltr'><strong>non</strong></span> <span class='ocrx_word' id='word_1_906' title='bbox 3372 5100 3603 5182; x_wconf 76' lang='lat' dir='ltr'><strong>credere</strong></span> 
     </span>
    </p>
   </div>
   <div class='ocr_carea' id='block_1_113' title="bbox 2016 5190 3602 5285">
    <p class='ocr_par' dir='ltr' id='par_1_113' title="bbox 2016 5190 3602 5285">
     <span class='ocr_line' id='line_1_113' title="bbox 2016 5190 3602 5285; baseline 0.02 -42"><span class='ocrx_word' id='word_1_907' title='bbox 2016 5190 2392 5247; x_wconf 87' lang='lat' dir='ltr'><strong>veritati:aut</strong></span> <span class='ocrx_word' id='word_1_908' title='bbox 2430 5193 2605 5264; x_wconf 86' lang='lat' dir='ltr'><strong>majus</strong></span> <span class='ocrx_word' id='word_1_909' title='bbox 2649 5198 2982 5268; x_wconf 88' lang='lat' dir='ltr'><strong>scandalum,</strong></span> <span class='ocrx_word' id='word_1_910' title='bbox 3012 5220 3171 5275; x_wconf 89' lang='lat' dir='ltr'><strong>quam</strong></span> <span class='ocrx_word' id='word_1_911' title='bbox 3217 5212 3402 5268; x_wconf 91' lang='lat' dir='ltr'><strong>audire</strong></span> <span class='ocrx_word' id='word_1_912' title='bbox 3447 5221 3602 5285; x_wconf 92' lang='lat' dir='ltr'><strong>quod</strong></span> 
     </span>
    </p>
   </div>
   <div class='ocr_carea' id='block_1_114' title="bbox 2015 5284 3605 5370">
    <p class='ocr_par' dir='ltr' id='par_1_114' title="bbox 2015 5284 3605 5370">
     <span class='ocr_line' id='line_1_114' title="bbox 2015 5284 3605 5370; baseline 0.018 -35"><span class='ocrx_word' id='word_1_913' title='bbox 2015 5293 2203 5336; x_wconf 82' lang='lat' dir='ltr'><strong>verum</strong></span> <span class='ocrx_word' id='word_1_914' title='bbox 2246 5291 2329 5337; x_wconf 91' lang='lat' dir='ltr'><strong>est</strong></span> <span class='ocrx_word' id='word_1_915' title='bbox 2356 5284 2515 5340; x_wconf 91' lang='lat' dir='ltr'><strong>nolle.</strong></span> <span class='ocrx_word' id='word_1_916' title='bbox 2556 5285 2795 5344; x_wconf 86' lang='lat' dir='ltr'><strong>Stultitia</strong></span> <span class='ocrx_word' id='word_1_917' title='bbox 2821 5291 2938 5347; x_wconf 90' lang='lat' dir='ltr'><strong>visa</strong></span> <span class='ocrx_word' id='word_1_918' title='bbox 2983 5304 3065 5351; x_wconf 91' lang='lat' dir='ltr'><strong>est</strong></span> <span class='ocrx_word' id='word_1_919' title='bbox 3106 5302 3370 5370; x_wconf 90' lang='lat' dir='ltr'><strong>gentibus,</strong></span> <span class='ocrx_word' id='word_1_920' title='bbox 3409 5284 3605 5363; x_wconf 84' lang='lat' dir='ltr'><strong>Domi-</strong></span> 
     </span>
    </p>
   </div>
   <div class='ocr_carea' id='block_1_115' title="bbox 2015 5371 3603 5457">
    <p class='ocr_par' dir='ltr' id='par_1_115' title="bbox 2015 5371 3603 5457">
     <span class='ocr_line' id='line_1_115' title="bbox 2015 5371 3603 5457; baseline 0.018 -33"><span class='ocrx_word' id='word_1_921' title='bbox 2015 5383 2146 5457; x_wconf 80' lang='lat' dir='ltr'><strong>num</strong></span> <span class='ocrx_word' id='word_1_922' title='bbox 2166 5371 2446 5457; x_wconf 9' lang='lat' dir='ltr'><strong>rcruciﬁgi;</strong></span> <span class='ocrx_word' id='word_1_923' title='bbox 2477 5383 2533 5431; x_wconf 91' lang='lat' dir='ltr'><strong>et</strong></span> <span class='ocrx_word' id='word_1_924' title='bbox 2557 5375 2776 5445; x_wconf 75' lang='lat' dir='ltr'><strong>Judzeis,</strong></span> <span class='ocrx_word' id='word_1_925' title='bbox 2812 5380 2909 5438; x_wconf 90' lang='lat' dir='ltr'><strong>Dei</strong></span> <span class='ocrx_word' id='word_1_926' title='bbox 2939 5383 3133 5442; x_wconf 89' lang='lat' dir='ltr'><strong>Filium</strong></span> <span class='ocrx_word' id='word_1_927' title='bbox 3164 5392 3325 5457; x_wconf 89' lang='lat' dir='ltr'><strong>mori,</strong></span> <span class='ocrx_word' id='word_1_928' title='bbox 3364 5396 3603 5451; x_wconf 86' lang='lat' dir='ltr'><strong>scanda—</strong></span> 
     </span>
    </p>
   </div>
   <div class='ocr_carea' id='block_1_116' title="bbox 2011 5456 3600 5553">
    <p class='ocr_par' dir='ltr' id='par_1_116' title="bbox 2011 5456 3600 5553">
     <span class='ocr_line' id='line_1_116' title="bbox 2011 5456 3600 5553; baseline 0.02 -43"><span class='ocrx_word' id='word_1_929' title='bbox 2011 5456 2122 5512; x_wconf 89' lang='lat' dir='ltr'><strong>lum</strong></span> <span class='ocrx_word' id='word_1_930' title='bbox 2149 5456 2269 5553; x_wconf 75' lang='lat' dir='ltr'><strong>fuit.</strong></span> <span class='ocrx_word' id='word_1_931' title='bbox 2300 5460 2408 5519; x_wconf 90' lang='lat' dir='ltr'><strong>Par</strong></span> <span class='ocrx_word' id='word_1_932' title='bbox 2449 5464 2589 5522; x_wconf 81' lang='lat' dir='ltr'><strong>forte</strong></span> <span class='ocrx_word' id='word_1_933' title='bbox 2619 5469 2792 5525; x_wconf 88' lang='lat' dir='ltr'><strong>videri</strong></span> <span class='ocrx_word' id='word_1_934' title='bbox 2832 5476 3094 5544; x_wconf 90' lang='lat' dir='ltr'><strong>potuisset</strong></span> <span class='ocrx_word' id='word_1_935' title='bbox 3119 5486 3175 5533; x_wconf 89' lang='lat' dir='ltr'><strong>et</strong></span> <span class='ocrx_word' id='word_1_936' title='bbox 3218 5482 3467 5553; x_wconf 89' lang='lat' dir='ltr'><strong>impietas</strong></span> <span class='ocrx_word' id='word_1_937' title='bbox 3499 5495 3600 5542; x_wconf 92' lang='lat' dir='ltr'><strong>tua</strong></span> 
     </span>
    </p>
   </div>
   <div class='ocr_carea' id='block_1_117' title="bbox 2011 5545 3599 5635">
    <p class='ocr_par' dir='ltr' id='par_1_117' title="bbox 2011 5545 3599 5635">
     <span class='ocr_line' id='line_1_117' title="bbox 2011 5545 3599 5635; baseline 0.022 -37"><span class='ocrx_word' id='word_1_938' title='bbox 2011 5559 2136 5600; x_wconf 89' lang='lat' dir='ltr'><strong>cum</strong></span> <span class='ocrx_word' id='word_1_939' title='bbox 2179 5545 2396 5615; x_wconf 59' lang='lat' dir='ltr'><strong>ludatis,</strong></span> <span class='ocrx_word' id='word_1_940' title='bbox 2443 5554 2549 5609; x_wconf 91' lang='lat' dir='ltr'><strong>nisi</strong></span> <span class='ocrx_word' id='word_1_941' title='bbox 2595 5559 2741 5627; x_wconf 89' lang='lat' dir='ltr'><strong>quod</strong></span> <span class='ocrx_word' id='word_1_942' title='bbox 2785 5560 2842 5615; x_wconf 91' lang='lat' dir='ltr'><strong>in</strong></span> <span class='ocrx_word' id='word_1_943' title='bbox 2887 5563 2990 5619; x_wconf 91' lang='lat' dir='ltr'><strong>hoc</strong></span> <span class='ocrx_word' id='word_1_944' title='bbox 3036 5565 3206 5635; x_wconf 80' lang='lat' dir='ltr'><strong>majus</strong></span> <span class='ocrx_word' id='word_1_945' title='bbox 3252 5545 3337 5625; x_wconf 71' lang='lat' dir='ltr'><strong>est</strong></span> <span class='ocrx_word' id='word_1_946' title='bbox 3379 5573 3599 5632; x_wconf 84' lang='lat' dir='ltr'><strong>crimen</strong></span> 
     </span>
    </p>
   </div>
   <div class='ocr_carea' id='block_1_118' title="bbox 2010 5643 3600 5733">
    <p class='ocr_par' dir='ltr' id='par_1_118' title="bbox 2010 5643 3600 5733">
     <span class='ocr_line' id='line_1_118' title="bbox 2010 5643 3600 5733; baseline 0.02 -44"><span class='ocrx_word' id='word_1_947' title='bbox 2010 5643 2181 5733; x_wconf 77' lang='lat' dir='ltr'><strong>tuum,</strong></span> <span class='ocrx_word' id='word_1_948' title='bbox 2224 5643 2367 5708; x_wconf 90' lang='lat' dir='ltr'><strong>quod</strong></span> <span class='ocrx_word' id='word_1_949' title='bbox 2412 5643 2487 5698; x_wconf 93' lang='lat' dir='ltr'><strong>illi</strong></span> <span class='ocrx_word' id='word_1_950' title='bbox 2519 5661 2643 5702; x_wconf 89' lang='lat' dir='ltr'><strong>eum</strong></span> <span class='ocrx_word' id='word_1_951' title='bbox 2690 5653 2959 5721; x_wconf 87' lang='lat' dir='ltr'><strong>negabant</strong></span> <span class='ocrx_word' id='word_1_952' title='bbox 2996 5656 3163 5712; x_wconf 87' lang='lat' dir='ltr'><strong>Deum</strong></span> <span class='ocrx_word' id='word_1_953' title='bbox 3208 5673 3349 5727; x_wconf 81' lang='lat' dir='ltr'><strong>esse,</strong></span> <span class='ocrx_word' id='word_1_954' title='bbox 3396 5663 3452 5716; x_wconf 92' lang='lat' dir='ltr'><strong>in</strong></span> <span class='ocrx_word' id='word_1_955' title='bbox 3478 5679 3600 5733; x_wconf 87' lang='lat' dir='ltr'><strong>quo</strong></span> 
     </span>
    </p>
   </div>
   <div class='ocr_carea' id='block_1_119' title="bbox 2008 5727 3597 5825">
    <p class='ocr_par' dir='ltr' id='par_1_119' title="bbox 2008 5727 3597 5825">
     <span class='ocr_line' id='line_1_119' title="bbox 2008 5727 3597 5825; baseline 0.021 -43"><span class='ocrx_word' id='word_1_956' title='bbox 2008 5727 2183 5785; x_wconf 91' lang='lat' dir='ltr'><strong>adhuc</strong></span> <span class='ocrx_word' id='word_1_957' title='bbox 2207 5734 2388 5801; x_wconf 91' lang='lat' dir='ltr'><strong>passio</strong></span> <span class='ocrx_word' id='word_1_958' title='bbox 2414 5739 2732 5797; x_wconf 89' lang='lat' dir='ltr'><strong>ostendebat</strong></span> <span class='ocrx_word' id='word_1_959' title='bbox 2758 5744 3031 5802; x_wconf 91' lang='lat' dir='ltr'><strong>hominem</strong></span> <span class='ocrx_word' id='word_1_960' title='bbox 3068 5767 3080 5803; x_wconf 93' lang='lat'><strong>:</strong></span> <span class='ocrx_word' id='word_1_961' title='bbox 3112 5756 3168 5805; x_wconf 91' lang='lat' dir='ltr'><strong>tu</strong></span> <span class='ocrx_word' id='word_1_962' title='bbox 3197 5765 3319 5807; x_wconf 89' lang='lat' dir='ltr'><strong>eum</strong></span> <span class='ocrx_word' id='word_1_963' title='bbox 3351 5727 3597 5825; x_wconf 69' lang='lat' dir='ltr'><strong>denegas</strong></span> 
     </span>
    </p>
   </div>
  </div>
