3906 6186
814 252 819 257 ’
891 291 1305 351 DOGMATICA.
1339 321 1407 330 -
1455 287 1614 342 ADV.
1658 281 1952 341 FELICEM
1992 280 2171 337 unm
2215 280 2319 336 vn.
2361 310 2422 319 —
2468 278 2592 332 LIB.
2640 278 2724 332 ιιι.

3324 272 3428 329 170

174 413 357 476 Deum,
405 423 572 479 quem
613 407 728 477 iam
766 405 1093 463 resurrectio
1134 403 1385 475 probavit
1436 402 1628 456 Deum.
1675 398 1754 454 Ac
1783 403 1831 461 Α
1860 394 2131 460 nobilitas,
2175 402 2401 453 veritas,
2449 400 2503 447 et
2529 391 2782 463 dignitas,
2819 405 2925 445 non
2955 389 3256 459 adoptionis
3283 405 3434 447 com-

172 519 263 575 per
303 503 411 557 hoc
443 501 520 556 illi
559 515 688 555 eum
727 498 1189 570 persequebantur
1230 495 1283 549 in
1328 501 1497 559 terra,
1543 502 1595 548 tu
1632 507 1755 547 eum

172 593 514 667 persequeris
539 598 597 647 et
623 591 678 645 in
700 589 857 655 caelo,
888 588 1073 643 nolens
1096 586 1244 641 illum
1270 586 1438 640 Deum
1463 584 1758 656 praedicare

172 695 487 757 regnantem
511 684 569 739 in
595 681 760 747 coelo,
787 681 940 751 cujus
972 678 1274 734 ministerio
1302 676 1541 748 iungeris
1575 676 1630 730 in
1657 675 1758 730 Ec-

172 778 352 833 etesia.

236 866 324 921 XI.
356 865 494 920 Post
519 864 716 919 horum
753 863 940 933 itaque
967 859 1431 917 enumerationem
1458 859 1761 924 nominum,

173 958 362 1028 quibus
383 955 668 1011 Christum
705 954 896 1009 niteris
933 952 1259 1008 conﬁrmare
1286 951 1594 1021 adoptivum
1618 965 1760 1013 esse,

173 1047 320 1102 addis
364 1054 425 1100 et
456 1047 563 1100 hoc
598 1063 611 1097 :
645 1062 664 1095 ‹
701 1042 959 1113 Quisquis
1005 1042 1453 1111 unumquodlibet
1496 1041 1763 1112 denegare

174 1136 496 1200 decreverit,
549 1134 677 1207 quia
723 1149 891 1188 unum
930 1133 1135 1202 absque
1181 1132 1287 1187 alio
1337 1140 1486 1187 stare
1530 1132 1760 1201 nequit:

174 1229 295 1297 quin
346 1227 559 1297 potius,
615 1225 927 1296 quicunque
975 1223 1063 1280 ille
1112 1232 1217 1289 est,
1264 1223 1491 1279 rationis
1535 1222 1765 1277 veritate

172 1319 476 1383 convictus,
508 1316 642 1371 velit
677 1315 834 1380 nolit,
860 1324 1156 1387 negaturus
1179 1323 1264 1370 est
1291 1330 1414 1369 eum
1444 1329 1634 1369 verum
1668 1314 1764 1368 ho—

174 1410 395 1464 minem.
427 1428 446 1459 ι
494 1405 606 1462 Nos
633 1421 766 1463 vero
789 1420 977 1461 verum
1015 1405 1290 1460 hominem
1318 1420 1439 1460 esse
1465 1403 1761 1469 Christum,

172 1509 224 1554 et
248 1513 442 1553 veram
465 1511 688 1552 carnem
728 1496 796 1551 de
836 1495 1045 1566 virgine
1079 1495 1459 1566 assumpsisse,
1499 1494 1766 1550 veraciter

172 1601 224 1646 et
271 1589 605 1645 ﬁducialiter
640 1587 982 1643 conﬁtemur.
1028 1585 1136 1641 Sed
1176 1594 1231 1641 et
1272 1586 1397 1651 hoc,
1446 1586 1590 1655 quod
1639 1584 1759 1640 ais:

178 1699 197 1732 ι
231 1680 331 1748 Qui
363 1695 536 1733 unum
565 1679 759 1734 horum
784 1679 1050 1749 denegare
1077 1677 1375 1743 contendit,
1405 1677 1549 1747 quod
1569 1685 1764 1731 extera

345 1786 454 1825 non
503 1769 738 1840 possint;
778 1789 798 1820 ι
835 1745 1138 1823 nullatenus
1161 1782 1349 1822 verum
1378 1745 1461 1822 est
1493 1785 1505 1820 :
1535 1767 1761 1832 scilicet,
1797 1745 1839 1804 Β

175 1864 313 1935 quod
345 1871 573 1939 propter
599 1861 1025 1931 assumptionem
1056 1861 1363 1917 necessario
1392 1861 1463 1917 sit
1483 1862 1765 1931 adoptivus

176 1957 265 2011 Dei
294 1956 483 2011 Patris
500 1954 668 2010 Filius
710 1955 873 2009 homo
899 1954 963 2009 de
986 1954 1194 2024 virgine
1215 1962 1395 2019 natus,
1440 1954 1583 2009 sicut
1609 1967 1767 2022 supe-

178 2050 285 2103 rius
310 2048 691 2118 probavimus.
738 2046 808 2100 Et
852 2046 896 2101 si
938 2047 1041 2101 hoc
1067 2061 1233 2100 unum
1271 2061 1393 2101 esse
1436 2061 1542 2100 non
1568 2054 1762 2114 potest,

176 2142 393 2197 omnino
452 2139 750 2195 secundum
797 2147 944 2193 nam
990 2140 1315 2194 sententiam
1360 2146 1416 2193 et
1447 2138 1550 2193 alia
1585 2138 1765 2193 omnia

179 2234 487 2305 abiicienda
507 2241 652 2297 sunt,
680 2232 805 2301 quia
845 2232 947 2286 hoc
967 2246 1132 2286 unum
1155 2231 1272 2285 sine
1298 2230 1460 2285 dubio
1488 2237 1632 2284 stare
1659 2243 1766 2283 non

179 2335 368 2395 potest,
400 2324 555 2394 quod
600 2332 817 2392 pr0pter
840 2322 1263 2391 assumptionem
1298 2320 1477 2376 carnis
1502 2319 1575 2374 sit
1605 2319 1769 2387 adop«

184 2420 317 2473 tivus
338 2416 600 2472 Christus
628 2415 722 2470 Dei
746 2414 926 2470 Patris
953 2413 1142 2469 Filius.

246 2511 359 2566 ΠΙ.
390 2511 544 2565 Dicis
575 2528 589 2563 :
630 2529 649 2560 ι
680 2508 835 2577 Quod
860 2524 1054 2565 nomen
1077 2508 1381 2578 adoptionis
1407 2506 1591 2562 electae
1616 2520 1768 2561 crea—

184 2611 311 2657 turae
331 2602 428 2668 sit,
457 2612 517 2657 et
544 2617 651 2656 non
677 2602 941 2671 reprobus.
975 2622 992 2654 ι
1026 2602 1095 2656 Et
1121 2602 1225 2657 hoc
1250 2615 1412 2671 quam
1442 2614 1633 2653 verum
1674 2598 1765 2661 sit,

181 2696 354 2751 sciens
386 2695 623 2765 quisque
651 2693 918 2764 intelligit,
944 2702 1172 2763 possunt
1199 2693 1343 2748 enim
1366 2699 1420 2748 et
1437 2690 1563 2746 mali
1604 2689 1769 2760 adop-

182 2792 314 2845 tivos
341 2791 548 2845 habere
574 2788 737 2851 ﬁlios,
760 2788 900 2843 sicut
922 2795 977 2843 et
999 2786 1125 2841 boni
1159 2805 1171 2841 :
1203 2788 1376 2842 ethoc
1402 2798 1599 2841 nomen
1619 2796 1768 2839 com-

182 2897 337 2936 mune
366 2890 462 2936 est
488 2881 641 2935 bonis
668 2888 726 2935 et
755 2879 934 2946 malis,
961 2879 1089 2950 quia
1114 2879 1168 2934 in
1197 2879 1443 2949 utrisque
1473 2876 1765 2933 invenitur.

182 2971 311 3027 Nam
343 2972 440 3041 qui
474 2971 598 3041 legit
624 2971 883 3026 historias
908 2969 1215 3035 saeculares,
1246 2970 1481 3025 inveniet
1506 2977 1563 3025 et
1591 2970 1644 3024 in
1672 2983 1770 3039 pa-

180 3067 331 3136 ganis
368 3065 514 3119 hanc
541 3063 988 3120 consuetudinem
1033 3063 1335 3133 adoptionis
1355 3078 1475 3118 esse
1504 3081 1517 3115 :
1552 3078 1651 3119 nec
1674 3077 1768 3117 ne—
1796 3102 1844 3166 ο

181 3171 328 3210 cesse
360 3164 449 3210 est
482 3170 703 3224 semper
730 3155 929 3224 ubique
966 3169 1084 3209 esse
1132 3153 1493 3224 adoptionem,
1529 3153 1619 3208 ubi
1646 3169 1770 3224 gra-

187 3248 255 3301 tia
293 3256 397 3302 est.
430 3246 645 3301 Dicitur
694 3247 746 3300 in
788 3254 1076 3315 conspectu
1121 3245 1359 3300 custodis
1404 3244 1641 3300 carceris
1678 3243 1770 3300 Jo-

190 3338 310 3407 teph
339 3338 621 3392 invenisse
648 3336 880 3407 gratiam
931 3335 1104 3408 (Gen.
1142 3351 1331 3401 xxxix,
1359 3336 1423 3390 21
1453 3337 1473 3407 )
1502 3354 1514 3388 :
1551 3351 1656 3390 non
1690 3345 1769 3390 ta-

192 3443 302 3483 men
326 3428 737 3500 intelligendum
763 3435 846 3481 est
872 3442 996 3480 eum
1020 3426 1121 3480 sibi
1149 3426 1431 3496 adoptasse
1459 3427 1511 3481 in
1540 3426 1766 3492 Filium;

194 3518 279 3572 sed
318 3529 373 3574 et
402 3519 461 3573 in
492 3518 682 3572 multis
710 3518 843 3571 locis
874 3516 1034 3571 aliter
1075 3516 1310 3570 inveniet
1335 3517 1564 3586 gratiam
1593 3518 1768 3571 nomi-

196 3612 322 3675 nari,
361 3626 465 3666 nec
490 3626 712 3681 semper
738 3610 805 3665 ad
836 3609 1179 3679 adoptionem
1211 3609 1591 3679 pertinentem,
1633 3611 1774 3666 sicut

197 3711 247 3755 ει
268 3703 588 3757 electionem
614 3712 672 3757 et
702 3701 1146 3771 assumptionem,
1184 3708 1239 3755 et
1280 3709 1479 3754 caetera
1532 3701 1771 3765 nomina,

198 3806 306 3860 qua:
332 3794 674 3848 contentiose
714 3792 1074 3861 congregasti,
1121 3798 1179 3844 ut
1205 3790 1504 3845 aﬁirmares
1532 3805 1777 3847 necessa-

200 3880 274 3934 rio
308 3890 528 3952 propter
558 3882 677 3937 hme
719 3882 937 3935 nomina
964 3880 1243 3936 Christum
1276 3895 1397 3936 esse
1430 3882 1772 3953 adoptivum;

196 3973 333 4040 quod
349 3973 573 4027 omnino
599 3986 789 4026 verum
817 3987 923 4025 non
942 3986 1062 4026 esse
1084 3972 1354 4044 intelligit,
1377 3973 1469 4043 qui
1497 3973 1779 4043 diligenter

196 4076 395 4126 sacras,
422 4064 539 4117 sive
568 4061 859 4117 saeculares
886 4061 1015 4133 legit
1042 4062 1267 4119 litteras.

262 4153 400 4208 Xlll.
446 4153 594 4207 Dicis
630 4162 686 4208 et
724 4168 854 4207 vere
884 4152 1020 4208 dicis
1050 4168 1064 4207 :
1100 4172 1117 4203 ι
1148 4154 1397 4210 Christus
1429 4155 1631 4211 veritas
1673 4163 1777 4220 est,

192 4241 404 4311 iustitia
430 4253 536 4306 est,
564 4245 789 4314 aequitas
819 4252 923 4309 est,
946 4245 1119 4314 pietas
1141 4253 1245 4309 est,
1273 4245 1643 4302 misericordia
1673 4255 1777 4311 est;

198 4351 300 4390 non
332 4334 457 4388 vult
481 4334 548 4387 de
574 4350 629 4389 se
655 4337 881 4391 credere
905 4338 987 4391 vel
1015 4337 1333 4406 przedicarc,
1356 4354 1517 4409 quam
1543 4338 1616 4403 id,
1639 4339 1782 4408 quod

1858 484 2041 539 munio
2067 498 2191 538 cum
2222 481 2453 545 caeteris,
2482 480 2568 535 vel
2610 479 3023 548 nuncupationis
3067 478 3329 548 lragtlitas
3353 483 3435 535 in-

1860 584 1944 631 ter
1961 582 2186 631 caeteros
2213 592 2226 626 :
2260 573 2385 642 quia
2415 571 2618 625 nullum
2644 570 2955 641 ﬁgmentum
2988 568 3356 638 appellationis
3382 572 3436 624 in

1858 665 2096 731 Christo,
2126 666 2219 735 qui
2248 672 2335 719 est
2359 664 2578 729 veritas,
2628 672 2684 717 et
2711 662 2764 715 in
2803 676 2910 731 quo
2941 661 3116 715 omnis
3152 669 3236 715 est
3270 660 3441 729 pleni-

1860 758 1988 814 tudo
2014 756 2329 819 divinitatis,
2358 754 2474 810 ﬁeri
2493 754 2698 825 potuit,
2728 751 2985 821 Apostolo
3008 758 3319 814 attestante,
3347 748 3438 818 qui

1862 851 1939 906 ait
1966 869 1979 905 :
2004 851 2101 906 Dei
2133 851 2270 905 enim
2301 847 2349 900 F
2352 847 2475 903 ilius
2518 847 2674 902 Iesus
2704 845 2943 901 Christus
2982 845 3070 915 qui
3101 845 3156 898 in
3180 841 3319 899 vobis
3347 859 3441 913 per

1863 959 1956 997 nos
1996 940 2314 1013 praedicatus
2331 948 2424 1003 est,
2454 955 2548 1009 per
2568 955 2649 991 me
2676 936 2763 1009 [...
2791 953 2895 990 non
2927 936 3027 1005 fuit
3054 934 3176 1005 Est]
3202 945 3248 989 et
3290 934 3436 998 Non,

1862 1031 1952 1086 sed
1980 1030 2074 1085 Est
2100 1031 2158 1085 in
2194 1029 2287 1083 illo
2313 1029 2431 1099 fuit.
2471 1028 2734 1099 Quotquot
2771 1028 2907 1082 enim
2934 1027 3303 1097 promissiones
3341 1025 3441 1082 Dei

1862 1135 2005 1191 sunt,
2027 1124 2083 1176 in
2107 1122 2199 1177 illo
2228 1121 2322 1176 Est
2342 1121 2427 1193 (II
2451 1118 2574 1175 Cor.
2599 1137 2640 1186 ι,
2674 1120 2762 1185 19,
2785 1119 2899 1191 20).

1932 1235 2102 1306 818
2126 1233 2265 1288 XIV.
2298 1232 2424 1287 Hmc
2457 1239 2541 1286 est
2565 1246 2798 1301 namque
2826 1246 3035 1286 summa
3065 1231 3445 1301 disputationis

1865 1333 2094 1389 nostra;
2139 1338 2266 1377 nam
2295 1338 2394 1393 ego
2423 1322 2563 1385 dico,
2595 1333 2651 1377 et
2678 1338 2783 1377 non
2812 1320 2956 1376 solus
2983 1336 3104 1392 ego,
3132 1323 3227 1377 sed
3251 1331 3306 1377 et
3333 1332 3442 1378 tota

1864 1417 2193 1473 unanimitas
2216 1415 2497 1471 catholica:
2534 1414 2789 1469 Ecclesia:
2819 1416 2908 1484 pia
2938 1416 3253 1471 credulitate
3282 1426 3447 1472 testa-

1866 1517 1976 1574 tur,
2000 1506 2170 1562 Deum
2200 1522 2319 1563 esse
2356 1505 2629 1562 Christum
2656 1512 2712 1560 et
2730 1505 2932 1561 Filium
2962 1506 3055 1561 Dei
3084 1522 3289 1571 verum,
3337 1510 3446 1563 imo

1864 1616 2053 1657 verum
2077 1600 2268 1664 Deum,
2299 1600 2390 1670 qui
2412 1609 2573 1653 natus
2592 1607 2674 1653 est
2701 1597 2767 1653 de
2795 1598 2999 1669 Spiritu
3039 1608 3226 1654 sancto
3253 1608 3308 1654 et
3335 1600 3448 1653 Ma-

1866 1695 1949 1748 ria
1972 1693 2182 1764 virgine
2214 1707 2229 1745 :
2260 1701 2317 1746 tu
2346 1691 2482 1747 dicis
2510 1690 2761 1746 eumdem
2790 1705 2909 1745 esse
2938 1692 3247 1761 adoptivum
3277 1690 3446 1746 ﬁlium

1867 1792 1924 1838 et
1944 1782 2368 1851 nuncupativum
2392 1781 2584 1836 Deum.
2612 1779 2727 1835 Hoc
2751 1795 2879 1851 ergo
2923 1796 2954 1834 a
2992 1788 3046 1836 te
3090 1782 3276 1837 audire
3306 1782 3451 1837 desi-

1866 1876 2015 1939 dero,
2049 1874 2094 1929 si
2121 1874 2271 1928 illum
2299 1873 2392 1942 qui
2419 1870 2712 1927 cruciﬁxus
2755 1879 2857 1936 est,
2891 1880 2946 1926 et
2978 1880 3226 1928 mortuus
3250 1883 3354 1940 est,
3396 1882 3454 1930 et

1867 1969 1952 2024 die
1983 1968 2142 2023 tertio
2183 1965 2501 2031 resurrexit,
2548 1964 2716 2019 Deum
2750 1965 2977 2020 adorare
3005 1965 3191 2021 volunt
3218 1966 3237 2039 [
3264 1964 3447 2032 Forte,

1868 2057 2085 2112 adorari
2115 2056 2247 2111 velis
2273 2055 2340 2128 ]?
2376 2055 2435 2110 Si
2471 2055 2807 2112 adorandum
2851 2071 2976 2111 eum
3005 2072 3126 2112 esse
3156 2058 3308 2119 dicis,
3342 2059 3452 2113 uti-

1866 2162 1973 2217 que
2017 2155 2413 2218 consequenter
2441 2147 2609 2202 Deum
2655 2164 2797 2214 esse,
2840 2163 2999 2218 quem
3031 2150 3358 2213 adoraveris,
3392 2160 3454 2205 ut

1870 2238 2093 2293 fatearis
2114 2252 2337 2293 necesse
2358 2246 2462 2303 est,
2500 2253 2568 2293 ne
2599 2247 2653 2294 te
2685 2240 3050 2295 testimonium
3080 2241 3208 2296 illud
3234 2243 3455 2297 damnet

1868 2329 2129 2395 divinum,
2178 2343 2285 2399 quo
2322 2328 2569 2384 diabolus
2616 2330 2836 2387 territus
2872 2333 3100 2387 recessit
3141 2347 3171 2386 a
3215 2332 3449 2398 Christo,

1870 2422 2091 2477 audiens
2118 2422 2187 2477 ab
2228 2437 2293 2478 eo
2325 2440 2337 2476 :
2375 2419 2516 2477 Vade
2552 2432 2709 2489 retro,
2743 2421 3011 2488 Satanas;
3043 2424 3291 2494 scriptum
3330 2433 3405 2477 est
3434 2440 3453 2477 :

1868 2513 2151 2567 Dominum
2187 2513 2357 2568 Deum
2410 2521 2558 2567 tuum
2601 2513 2866 2579 adorabis,
2913 2524 2961 2569 et
2993 2514 3074 2567 illi
3114 2515 3211 2569 soli
3263 2515 3454 2569 servies

1870 2601 2089 2676 (Marc.
2138 2618 2255 2667 vnt,
2287 2601 2416 2673 '53).
2450 2601 2509 2657 Si
2538 2611 2720 2657 autem
2758 2617 2867 2658 non
2913 2604 3249 2658 adorandum
3284 2603 3453 2660 Deum

1870 2698 2124 2763 aestimes,
2153 2697 2245 2768 qui
2272 2696 2565 2752 cruciﬁxus
2590 2704 2704 2763 est,
2732 2712 2862 2768 ergo
2895 2697 3172 2768 culpandae
3200 2707 3327 2753 sunt
3355 2713 3455 2752 an-

1870 2789 2053 2861 gelicae
2092 2796 2409 2859 potestates,
2437 2788 2529 2857 qui
2572 2788 2820 2842 eumdem
2870 2788 2926 2842 in
2974 2788 3171 2844 throno
3215 2796 3454 2859 paterna:

1872 2880 2171 2951 maiestatis
2217 2880 2490 2935 sedentem
2548 2879 2803 2934 adorare'
2830 2878 3149 2949 probantur,
3196 2879 3455 2949 Apostolo

1872 2981 2185 3037 attestaute,
2217 2971 2307 3041 qui
2334 2970 2409 3024 ait
2442 2984 2455 3023 :
2487 2968 2618 3023 Cum
2659 2970 2942 3023 introducit
2968 2971 3367 3041 primogenitum
3395 2972 3452 3026 in
3480 2976 3499 2984 ’“

1873 3065 2047 3120 orbem
2085 3075 2259 3129 teme,
2288 3063 2433 3129 dicit
2477 3077 2494 3113 :
2533 3061 2601 3116 Et
2648 3061 2866 3116 adorent
2906 3078 3024 3115 eum
3070 3079 3247 3117 omnes
3286 3064 3459 3134 angeli

1873 3154 1973 3209 Dei
2020 3153 2224 3226 (Hebr.
2280 3168 2317 3216 ι,
2365 3151 2466 3223 6).
2500 3151 2613 3205 Hoc
2642 3165 2772 3206 vero
2820 3150 2887 3205 de
2936 3158 3187 3220 suscepto
3240 3152 3461 3208 homine

1872 3247 2076 3302 dictum
2108 3259 2244 3309 esse,
2274 3242 2509 3299 Joannes
2537 3250 2804 3298 tractator
2827 3241 3066 3311 ejusdem
3102 3243 3340 3314 epistolae
3378 3243 3461 3297 ali-

1873 3342 2056 3396 ﬁrmat
2099 3340 2153 3395 in
2197 3339 2462 3403 homiliis,
2500 3354 2636 3410 quas
2664 3339 2717 3393 in
2740 3338 2987 3393 eamdem
3030 3338 3335 3407 epistolam,
3366 3338 3460 3393 ubi

1872 3432 1989 3486 itth
2018 3427 2217 3501 legitur
2245 3429 2533 3494 sententia,
2577 3429 2879 3498 composuit
2906 3441 2954 3481 α.
2992 3448 3010 3478 ι
3050 3429 3271 3496 Quoties
3291 3429 3459 3494 enim,

1875 3522 2069 3593 inquit,
2100 3537 2296 3594 magna
2338 3521 2581 3590 qumdam
2613 3528 2668 3575 et
2693 3520 2884 3575 altiora
2928 3521 3169 3575 dicturus
3195 3528 3294 3583 est,
3322 3535 3451 3590 prm-

1875 3615 2037 3670 struit
2066 3614 2156 3669 illa
2198 3614 2456 3684 primum,
2494 3609 2705 3667 etfacit
2748 3611 2837 3665 illa
2873 3610 3258 3681 susceptibilia.
3293 3610 3463 3682 Supe-

1875 3709 1988 3763 rius
2014 3707 2157 3762 cnim
2181 3706 2396 3761 dixerat
2433 3704 2561 3773 quia
2604 3718 2709 3759 non
2744 3718 2841 3773 per
2878 3702 3169 3773 prophetas
3198 3703 3353 3757 nobis
3381 3703 3464 3756 lo-

1877 3807 2034 3855 cutus
2059 3806 2164 3861 est,
2198 3797 2292 3851 sed
2316 3811 2415 3865 per
2435 3794 2603 3857 illum,
2635 3792 2756 3865 [et]
2798 3794 2924 3862 quia
2958 3793 3126 3848 Filius
3164 3793 3354 3847 melior
3383 3802 3469 3848 est

1880 3888 2108 3959 angelis,
2137 3886 2279 3956 quod
2303 3901 2369 3938 ex
2403 3885 2519 3954 ipso
2547 3891 2957 3954 argumentatus
2982 3892 3065 3938 est
3089 3883 3307 3936 nomine
3332 3900 3345 3935 :
3379 3882 3467 3937 hic

1880 3987 2058 4033 autem
2095 3976 2208 4047 jam
2240 3989 2303 4029 ex
2332 3973 2434 4027 alia
2464 3987 2524 4027 re
2551 3971 2665 4025 vult
2697 3980 3015 4041 argumenta
3051 3971 3337 4025 deducere.
3387 3971 3467 4026 Ex

1880 4084 1986 4139 qua
2016 4068 2153 4124 ista?
2189 4065 2268 4121 Ex
2310 4064 2626 4119 adoratione
2650 4062 2919 4117 videlicet.
2960 4061 3097 4117 Nam
3144 4071 3293 4117 tanto
3339 4078 3467 4118 eum

1881 4162 2161 4219 meliorem
2189 4160 2545 4223 demonstrat,
2577 4163 2780 4225 quanto
2810 4154 3097 4211 Dominum
3140 4155 3311 4211 servis
3334 4172 3465 4212 con-

1883 4263 1992 4310 stat
2029 4266 2152 4306 esse
2188 4249 2486 4305 meliorem.
2517 4247 2797 4315 Quomodo
2831 4247 2875 4302 si
2915 4247 3037 4317 quis
3080 4247 3134 4301 in
3179 4249 3470 4318 quamdam

1884 4344 2102 4398 domum
2143 4338 2447 4395 introducat
2474 4338 2732 4407 aliquem,
2764 4347 2819 4393 et
2852 4336 3141 4393 confestim
3185 4352 3373 4394 omnes
3409 4337 3465 4392 il—

199 4436 298 4481 est.
330 4446 350 4478 ι
383 4424 445 4480 Si
476 4426 672 4481 veritas
705 4436 787 4481 est
811 4426 1081 4491 Christus,
1111 4428 1315 4483 nullum
1344 4430 1530 4499 utique
1555 4428 1781 4499 ﬁgmeu-
1817 4455 1863 4513 υ
1886 4434 1992 4489 lius
2038 4433 2229 4488 domus
2270 4430 2543 4503 principes
2589 4427 2836 4497 [Cltrgs.,
2883 4429 3133 4500 princeps
3157 4427 3176 4502 ]
3196 4428 3385 4498 jubeat
3413 4436 3470 4482 ut

202 4526 311 4571 tum
335 4527 423 4574 est
449 4516 504 4571 in
531 4532 624 4583 eo;
662 4527 716 4575 et
739 4520 783 4573 si
815 4519 1017 4573 nullum
1040 4520 1353 4589 ﬁgmentum
1376 4530 1459 4576 est
1485 4522 1538 4575 in
1560 4536 1647 4587 eo,
1681 4522 1783 4575 uti-

203 4623 305 4677 que
324 4622 489 4663 verus
528 4617 612 4662 est
647 4608 810 4672 ﬁlius,
860 4616 917 4662 et
955 4609 1239 4678 adoptivus
1282 4610 1387 4665 dici
1426 4626 1533 4665 non
1561 4620 1778 4682 potest:

203 4701 324 4769 quia
349 4701 603 4755 videlicet
632 4702 850 4769 adoptio
874 4703 1117 4769 quaedam
1152 4710 1238 4757 est
1262 4703 1552 4760 voluntatis
1575 4705 1783 4774 signiﬁ-

204 4791 365 4855 catio,
392 4806 500 4845 non
543 4791 842 4846 nativitatis
882 4791 1104 4846 veritas.
1148 4791 1274 4846 Vult
1311 4792 1455 4847 enim
1480 4778 1694 4849 habere
1729 4795 1785 4849 in

207 4885 438 4949 nomine,
483 4883 577 4954 qui
608 4887 833 4954 adoptat
878 4883 981 4939 sibi
1018 4883 1184 4939 ﬁlium
1214 4900 1277 4939 ex
1318 4884 1560 4956 quolibet
1586 4886 1784 4951 alieno,

209 4973 349 5029 illum
376 4990 543 5045 quem
586 4989 696 5030 non
743 4974 907 5029 habet
946 4976 1223 5046 proprium
1261 4975 1313 5030 in
1361 4987 1573 5031 natura.
1625 4976 1786 5033 Juxta

208 5063 545 5120 Psalmistam
574 5080 728 5129 vero,
778 5067 969 5120 veritas
1000 5066 1064 5121 de
1107 5077 1251 5120 terra
1303 5075 1420 5120 orta
1464 5077 1538 5121 est
1588 5066 1787 5139 (Psal.

208 5173 424 5220 lIXltY,
476 5157 607 5228 l2):
642 5172 803 5212 verus
843 5158 1028 5226 utique
1070 5157 1240 5213 Filius
1274 5157 1389 5222 Dei,
1430 5158 1523 5230 qui
1546 5159 1611 5215 de
1640 5167 1786 5214 terra

208 5258 401 5304 nostra:
441 5259 674 5315 naturas,
706 5248 761 5303 id
787 5257 893 5313 est,
924 5249 991 5303 de
1020 5249 1268 5321 virginali
1316 5266 1483 5306 carne
1503 5259 1654 5306 ortus
1682 5259 1785 5316 est,

207 5351 263 5396 et
280 5351 434 5398 natus
482 5358 649 5397 verus
688 5341 855 5403 Deus,
902 5349 957 5395 et
1004 5356 1165 5397 verus
1217 5343 1398 5397 homo.
1458 5341 1571 5397 Hoc
1623 5343 1788 5415 igitur

208 5431 348 5501 quod
374 5440 476 5493 est,
509 5431 563 5486 id
596 5438 702 5496 est,
725 5430 932 5485 veritas
960 5430 1027 5486 de
1055 5446 1119 5485 eo
1147 5431 1438 5486 credimus.
1469 5430 1659 5486 Decuit
1686 5432 1784 5487 ita-

208 5540 312 5594 que
332 5532 387 5580 et
410 5539 537 5578 vere
565 5524 788 5589 decuit,
814 5533 876 5578 ut
900 5524 954 5579 in
980 5523 1073 5578 Dei
1106 5522 1241 5580 Filio
1273 5523 1619 5595 proprietatis
1647 5533 1792 5580 esset

283 5649 308 5680 ι
335 5636 391 5693 S.
427 5636 588 5694 Joan.
632 5637 940 5709 Chrysost.,
960 5639 1134 5709 _hom.
1164 5637 1292 5709 r3kin
1321 5635 1492 5709 Epist.
1514 5636 1596 5709 ad
1622 5634 1785 5692 Hebr.

212 5723 248 5762 n
310 5710 355 5775 l,
382 5726 444 5765 ex
475 5706 929 5780 interpretatione
957 5707 1175 5763 Mutiani
1205 5706 1544 5763 Sebolastiei.

526 5802 810 5861 PATBOL.
856 5799 955 5861 CI.

1887 4540 2077 4580 omnes
2105 4523 2251 4578 illum
2296 4522 2451 4593 proni
2498 4521 2660 4577 simul
2708 4522 2976 4575 adorent:
3010 4521 3083 4575 ita
3112 4531 3167 4574 et
3195 4520 3470 4577 Christum

1889 4616 2183 4672 secundum
2224 4629 2444 4669 carnem
2482 4611 2646 4682 jussit
2683 4627 2713 4665 a
2757 4611 2970 4666 cunctis
3013 4609 3219 4680 angelis
3256 4610 3472 4664 adorari

1891 4709 2075 4762 dicens
2107 4725 2119 4759 :
2150 4706 2215 4759 Et
2250 4706 2469 4759 adorent
2508 4721 2626 4757 eum
2671 4720 2847 4757 omnes
2892 4700 3066 4773 angeli
3112 4702 3229 4757 Dei.
3268 4723 3286 4756 ›
3319 4703 3388 4758 Ει
3416 4704 3472 4759 in

1892 4801 2139 4871 sequenti
2201 4798 2426 4852 alterius
2481 4794 2715 4851 homilia:
2770 4794 2889 4849 loco
2942 4794 3193 4849 eumdem
3246 4796 3473 4866 replicat

1893 4908 2110 4948 sensum
2136 4890 2322 4945 dicens
2350 4890 2377 4928 δ
2406 4906 2418 4941 :
2464 4906 2482 4938 ‹
2516 4886 2725 4941 Revera
2767 4901 3019 4958 magnum
3048 4896 3101 4942 et
3132 4887 3378 4942 mirabile
3418 4896 3474 4942 et

1891 4992 2109 5054 stupore
2135 4980 2351 5052 plenum
2388 4987 2492 5043 est,
2523 4992 2742 5032 carnem
2767 4984 3006 5032 nostram
3037 4991 3251 5033 sursum
3286 4978 3474 5031 sedere

1890 5084 1945 5127 et
1970 5071 2185 5127 adorari
2215 5070 2283 5125 ab
2326 5069 2531 5140 angelis
2558 5075 2614 5123 et
2635 5067 2996 5139 archangelis,
3023 5077 3077 5123 et
3103 5066 3384 5123 cherubim
3420 5077 3476 5122 et

1890 5165 2183 5235 seraphim.
2225 5162 2339 5218 Hoc
2380 5162 2575 5233 smpius
2604 5162 2658 5216 in
2700 5171 2879 5217 mente
2923 5175 3145 5215 versans
3192 5173 3472 5214 excessum

1891 5257 2088 5327 patior,
2113 5264 2168 5309 et
2192 5254 2399 5324 majora
2428 5255 2495 5310 de
2520 5255 2979 5326 generehumano
3006 5253 3273 5323 imaginor
3304 5271 3316 5307 :
3352 5269 3471 5308 ma-

1890 5347 2010 5417 jora
2036 5345 2231 5416 quippe
2250 5344 2407 5399 video
2426 5353 2481 5400 et
2506 5343 2652 5399 clara
2675 5343 2917 5407 exordia,
2945 5341 3169 5396 multam
3190 5342 3299 5396 Deo
3324 5340 3476 5399 festi-

1898 5438 2169 5493 nationem
2200 5434 2452 5508 [Chrgs.,
2479 5435 2706 5490 multum
2729 5433 2841 5490 Deo
2868 5431 3155 5490 festinante
3183 5431 3204 5506 ]
3242 5448 3342 5506 pro
3383 5448 3481 5487 na-

1898 5537 2019 5584 tura
2046 5535 2250 5583 nostra.
2291 5547 2310 5580 ι

1971 5637 2179 5704 ιιιιίειιι,
2202 5636 2350 5695 hom.
2375 5637 2430 5705 5,
2452 5651 2603 5693 num.
2630 5637 2681 5693 l.
