3906 6186
448 290 536 343 i7!

1286 284 1346 337 Β.
1388 284 1450 339 ιτ.
1492 284 1715 340 ΑιΒιΝι
1757 282 1888 339 SEU
1928 280 2202 338 ALCL'INI
2240 279 2525 337 OPERUM
2563 278 2743 333 PARS
2782 279 2865 334 lli.

3594 286 3691 340 172

512 398 628 455 XV.
668 397 824 453 Disce
867 395 1029 467 igitur
1069 395 1137 451 ab
1174 394 1376 464 angelis
1427 395 1685 458 feliciter,
1737 391 2007 449 Christum
2042 401 2087 459 Α
2113 391 2453 456 confunditis,
2495 401 2555 446 ut
2591 390 2732 457 inter
2768 393 2936 449 Deum
2971 402 3029 449 et
3055 396 3353 464 hominem,
3397 399 3539 456 inter
3569 402 3694 459 Ver—

446 491 669 544 credere
690 488 876 549 Deum,
904 494 959 539 et
977 485 1223 549 adorare,
1252 500 1318 539 ne
1341 501 1463 539 cum
1492 484 1706 539 diabolo
1731 482 2020 538 infeliciter

447 580 694 635 dubitare
736 579 976 649 incipias,
1008 577 1092 631 vel
1111 618 1127 641 ,
1157 578 1298 645 quod
1324 576 1476 647 pejus
1515 586 1619 642 est,
1644 592 1767 630 eum
1801 591 2017 645 negare,

449 672 501 728 in
530 687 638 741 quo
660 670 746 724 ille
782 669 1064 723 dubitabat
1093 686 1106 720 :
1139 668 1226 720 ille
1268 668 1443 721 dixit:
1476 668 1537 721 Si
1582 664 1754 721 Filius
1793 666 1889 721 Dei
1934 682 2019 730 es;

451 760 507 818 tu
537 763 670 818 dicis
697 776 712 815 :
740 759 909 814 Filius
951 758 1049 812 Dei
1094 774 1196 811 non
1225 766 1298 811 est
1329 770 1346 807 :
1375 756 1516 826 quod
1560 756 1646 811 ille
1675 756 2025 827 interrogavit

450 854 780 917 dubitanter,
808 860 867 906 tu
912 864 1075 918 negas
1102 849 1382 903 instanter.
1424 846 1591 902 Nemo
1632 848 1809 902 adhuc
1834 847 2023 903 inven-

450 955 539 1001 tus
566 954 650 1000 est
672 952 867 1015 pra-ter
891 941 1049 1010 hujus
1074 924 1532 1001 sectae-auctores,
1571 938 1663 1006 qui
1692 938 2025 1007 impietatem

446 1037 770 1092 d'iabolicam
800 1033 1000 1089 fuerint
1031 1030 1386 1102 supergressi,
1416 1030 1558 1099 quod
1596 1028 1683 1084 ille
1715 1029 1768 1084 in
1802 1028 2026 1084 Domino

449 1132 734 1190 confessus
761 1139 846 1187 est
871 1145 991 1185 esse
1035 1144 1218 1200 posse,
1262 1143 1360 1184 vos
1402 1143 1509 1182 non
1536 1126 1754 1182 creditis
1780 1140 1900 1182 esse
1935 1140 2028 1196 po-

459 1222 639 1278 tuisse.
668 1220 738 1276 At
777 1222 823 1277 si
863 1221 950 1276 ille
974 1219 1321 1276 validissimis
1346 1232 1516 1275 sacra
1553 1216 1848 1287 Scriptum
1874 1216 2028 1272 testi-

454 1315 648 1372 moniis
683 1313 928 1384 repulsus
955 1312 1252 1393 discederet
1280 1325 1311 1364 a
1339 1309 1575 1374 Christo,
1607 1316 1788 1363 tamen
1829 1307 2031 1365 mansit

455 1408 510 1462 in
539 1422 605 1462 eo
634 1420 804 1475 usque
828 1404 895 1460 ad
923 1404 1092 1473 ipsam
1121 1417 1341 1457 crucem
1369 1401 1544 1456 omnis
1572 1400 1807 1470 suspicio
1832 1399 2030 1454 divini-

456 1495 586 1550 tatis
613 1495 761 1565 ejus;
794 1509 894 1549 nec
923 1503 1051 1547 tunc
1068 1490 1284 1562 quidem
1310 1490 1521 1560 opinari
1552 1505 1674 1545 eum
1703 1489 1897 1544 Filium
1936 1490 2030 1545 Dei

457 1586 638 1649 desiit,
675 1592 959 1654 postquam
1008 1590 1215 1637 tantum
1252 1582 1306 1636 in
1354 1596 1418 1635 eo
1454 1580 1891 1651 persecutoribus
1920 1581 2032 1635 suis

462 1674 620 1729 licere
646 1672 914 1742 cognovit.
944 1670 1050 1726 Sed
1066 1670 1289 1727 callidus
1315 1671 1500 1742 utique
1524 1671 1691 1724 hostis
1718 1671 1860 1724 inter
1889 1670 2032 1739 ipsas

2121 484 2246 539 bum
2267 494 2322 539 et
2348 501 2587 550 carnem,
2610 486 2752 541 inter
2789 496 3093 544 creatorem
3118 498 3176 544 et
3205 501 3535 559 creaturam,
3563 496 3696 552 inter

2122 575 2503 645 suscipientem
2531 585 2587 629 et
2618 584 2926 645 susceptum
2955 576 3155 632 nullam
3188 594 3309 635 esse
3346 581 3695 640 differentiam

2123 666 2397 722 astruatis.
2439 688 2457 719 ι
2490 666 2644 734 Quod
2682 668 2818 723 dicis
2846 670 3089 740 geminas
3116 688 3213 729 nos
3255 684 3476 732 naturas
3511 678 3565 733 in
3591 681 3696 735 sin-

2124 756 2463 826 gularitatem
2519 758 2679 812 unius
2731 774 2971 828 persona:
3022 760 3381 828 confundere,
3432 782 3499 821 ex
3551 780 3699 840 parte

2123 846 2338 915 quidem
2382 863 2567 902 verum
2607 848 2775 914 dicis;
2806 866 2874 905 ex
2900 860 3055 920 parte
3092 868 3224 908 vero
3251 856 3408 912 solito
3435 869 3525 916 tuo
3555 876 3699 918 more

2126 931 2262 990 falso
2289 934 2652 991 calumniaris.
2702 938 2809 995 Nos
2836 956 3071 1011 namque
3098 944 3235 1001 duas
3260 955 3479 1005 naturas
3518 951 3573 1006 in
3600 969 3701 1011 una

2126 1024 2328 1082 Christi
2355 1043 2607 1098 persona,
2633 1046 2762 1097 non,
2794 1040 2854 1086 ut
2875 1040 2929 1086 tu
2961 1034 3117 1101 dicis,
3149 1052 3275 1093 cum
3303 1039 3543 1112 Eutyche
3574 1060 3702 1100 con-

2128 1115 2295 1183 fusas,
2336 1119 2429 1173 sed
2474 1135 2594 1174 eum
2644 1120 2882 1177 Ecclesia
2928 1125 3196 1181 catholica
3240 1130 3321 1185 sic
3366 1131 3704 1191 ineﬂ'abiliter

2129 1204 2444 1273 conjunctas
2501 1209 2773 1265 credimus
2829 1221 2885 1266 et
2932 1214 3293 1283 confitemur,
3349 1229 3408 1274 ut
3457 1235 3706 1283 manente

2128 1297 2409 1368 utriusque
2440 1308 2647 1355 natum:
2675 1304 3024 1372 proprietate,
3066 1316 3123 1362 et
3149 1317 3209 1363 ut
3233 1309 3307 1364 ita
3331 1311 3529 1380 dicam,
3560 1317 3705 1374 salva

2132 1386 2441 1458 integritate
2469 1392 2769 1458 ambarum,
2801 1403 2857 1449 et
2879 1395 3059 1450 divina
3091 1399 3362 1465 humanis,
3394 1412 3451 1457 et
3476 1406 3705 1467 humana

2132 1479 2324 1535 divinis
2360 1484 2795 1555 communicent;
2826 1498 3074 1558 essetque
3107 1491 3159 1546 in
3185 1492 3287 1548 hac
3314 1505 3501 1551 sancta
3526 1506 3579 1553 et
3609 1501 3705 1557 mi-

2135 1570 2289 1625 rabili
2317 1572 2693 1642 conjunctione
2729 1592 2836 1631 non
2864 1579 3082 1636 deitatis
3118 1586 3430 1650 conversio,
3482 1588 3577 1643 sed
3604 1590 3705 1647 lm-

2136 1659 2409 1716 niauitatis
2450 1663 2742 1720 exaltatio:
2776 1668 2829 1722 id
2858 1677 2958 1733 est,
2998 1687 3105 1726 non
3149 1673 3290 1730 Deus
3325 1691 3616 1736 conversus
3651 1682 3705 1736 in

459 1778 672 1835 quoque
701 1776 988 1831 corporeus
1016 1761 1295 1833 passiones
1322 1760 1631 1815 omnimodo
1658 1760 1938 1831 pervenire
1959 1761 2024 1815 ad
2058 1745 2102 1803 Β
2130 1751 2431 1818 hominem.
2459 1755 2554 1810 sed
2594 1757 2754 1811 homo
2791 1759 3122 1830 gloriﬁcatus
3151 1765 3204 1819 ίη
3252 1766 3418 1822 Deum
3444 1786 3459 1835 ς
3506 1786 3603 1826 nec
3627 1772 3706 1827 di-

456 1853 554 1907 Dei
584 1852 931 1925 agnitionem,
961 1852 1125 1907 etiam
1163 1851 1217 1904 in
1247 1850 1363 1920 ipso
1401 1850 1591 1905 mortis
1632 1850 1880 1915 articulo,
1909 1860 2030 1906 tcu-

459 1944 595 1999 tavit
628 1945 811 2001 dicens
851 1959 945 2013 per
995 1959 1110 2007 eos,
1158 1944 1248 2012 qui
1296 1943 1714 1997 cruciﬁxerant:
1752 1942 1812 1998 Si
1859 1942 2032 1997 Filius

463 2034 557 2089 Dei
599 2046 709 2099 est,
744 2034 1020 2090 descendat
1071 2051 1208 2089 nunc
1256 2034 1320 2087 de
1373 2050 1544 2098 cruce,
1593 2044 1640 2086 et
1693 2034 1950 2087 credimus
1985 2036 2032 2088 ei

459 2126 674 2198 (Matth.
723 2142 890 2190 xxvii,
940 2125 1070 2195 42):
1105 2125 1327 2188 scilicet,
1379 2133 1440 2178 ut
1477 2132 1655 2179 motus
1698 2124 2036 2179 contumeliis

469 2214 749 2272 verborum
792 2218 1055 2271 Dominus
1092 2216 1368 2275 desereret
1412 2223 1807 2269 sacramentum
1847 2214 2037 2269 salutis

464 2310 730 2370 humanae,
773 2308 900 2361 dum
927 2307 1252 2361 irasceretur
1280 2304 1350 2359 ob
1376 2304 1647 2375 injuriam.
1697 2304 1804 2359 Sed
1842 2320 2034 2376 magna

465 2398 558 2453 Dei
603 2396 898 2453 Salvatoris
918 2396 1087 2451 nostri
1116 2395 1373 2466 patientia
1402 2392 1657 2465 triu'mphi
1683 2393 2038 2465 dispensatio-

463 2505 585 2545 nem
620 2497 676 2543 et
711 2486 1095 2557 redemptionis
1134 2494 1331 2539 nostrm
1374 2485 1689 2553 mysterium
1739 2487 1806 2539 ad
1854 2501 2034 2541 resur-

464 2580 716 2635 rectionis
744 2578 969 2650 gloriam
998 2577 1326 2640 reservavit,
1360 2575 1550 2643 majori
1588 2576 1853 2646 siquidem
1876 2579 2038 2632 mira-

458 2673 581 2729 culo
643 2678 888 2726 mortuus
942 2670 1009 2725 de
1069 2668 1314 2738 sepulcro
1371 2667 1669 2722 resurrexit
1718 2668 1785 2721 ad
1832 2670 2032 2735 vitam,

459 2780 623 2836 quam
653 2764 807 2818 vivus
828 2760 1197 2818 descendisset
1217 2761 1283 2833 de
1308 2773 1489 2813 cruce.

528 2856 667 2912 XVI.
715 2852 973 2924 Sequitur
1017 2864 1231 2921 quoque
1270 2850 1325 2904 in
1370 2848 1609 2919 Epistola
1642 2857 1775 2903 tua:
1817 2867 1835 2900 ι
1888 2849 2039 2905 Sicut

459 2963 543 3013 ea,
569 2945 768 3016 inquis,
804 2957 923 3015 qua?
950 2942 1015 2997 de
1055 2940 1144 2995 illo
1183 2939 1362 3003 celsa,
1407 2948 1568 3009 atque
1612 2938 1843 3011 gloriosa
1890 2948 2035 3005 sunt,

459 3039 728 3094 credimus
762 3043 817 3090 et
855 3033 1217 3089 collaudanius
1240 3072 1254 3095 ,
1310 3032 1384 3086 ita
1427 3030 1783 3085 humilitatem
1831 3031 1949 3101 ejus
1985 3039 2040 3085 et

456 3132 637 3187 omnia
694 3129 911 3199 indigna
937 3168 953 3192 ,
1011 3141 1129 3197 qua:
1184 3133 1404 3195 propter
1455 3140 1554 3178 nos
1616 3097 2109 3191 misericordier

459 3223 733 3293 suscipere
760 3219 950 3284 voluit,
996 3217 1272 3287 despicere
1320 3215 1464 3271 nullo
1499 3215 1659 3270 modo
1701 3214 1977 3270 debemus.
2012 3236 2030 3268 ι

461 3312 605 3368 Dicis
632 3311 813 3380 itaque
846 3308 1023 3371 illum,
1051 3308 1142 3377 qui
1173 3322 1269 3362 nos
1307 3305 1542 3372 creavit,
1582 3321 1704 3361 cum
1742 3321 1850 3361 non
1890 3321 2038 3361 esse-

460 3418 604 3469 mus,
642 3402 757 3456 tnec
809 3399 1025 3469 indigna
1071 3398 1252 3454 omnia
1296 3397 1407 3468 pati
1458 3412 1558 3466 pro
1609 3397 1781 3453 nobis.
1825 3396 2037 3453 Scimus

461 3494 582 3566 quis
640 3493 729 3548 ille
783 3501 898 3556 est,
956 3490 1047 3561 qui
1108 3506 1206 3544 nos
1267 3491 1500 3554 creavit,
1558 3490 1809 3560 proprius
1868 3490 2037 3546 Filius

461 3584 575 3639 Dei.
611 3580 888 3649 Quomodo
914 3587 1091 3650 potest
1132 3578 1298 3649 819
1335 3587 1623 3650 utrumque
1664 3593 1782 3634 esse
1823 3596 2033 3642 verum,

462 3684 523 3730 ut
555 3674 641 3730 ille
669 3674 761 3743 qui
804 3672 1060 3737 condidit,
1098 3670 1214 3726 btet:
1251 3669 1467 3740 indigna
1518 3685 1710 3740 passus
1754 3679 1900 3726 esset
1937 3687 2036 3741 pro

461 3766 636 3831 nobis,
681 3765 725 3821 si
753 3763 842 3819 ille
869 3763 960 3833 qui
982 3762 1207 3827 creavit,
1256 3769 1339 3817 est
1364 3761 1614 3833 proprius
1643 3761 1809 3817 Filius
1833 3762 1951 3828 Dei,
1983 3771 2038 3817 et

462 3857 547 3912 ille
578 3857 670 3927 qui
705 3870 896 3925 passus
922 3861 1035 3918 est,
1083 3852 1363 3922 adoptivus
1403 3852 1508 3907 sit?
1544 3851 1858 3907 Nullatenus
1893 3851 2033 3907 divi-

460 3950 587 4003 dere
618 3948 851 4018 poteris,
895 3946 1033 4002 sicut
1078 3946 1189 4015 ipsa
1232 3945 1614 4014 consequentia
1650 3944 1914 4000 sermonis
1955 3945 2031 3999 tui

463 4046 712 4102 testatur,
755 4044 1054 4091 creatorem
1092 4033 1160 4088 ab
1197 4049 1263 4089 eo
1305 4035 1396 4105 qui
1437 4034 1550 4089 hzec
1585 4049 1776 4104 passus
1810 4041 1893 4088 est
1935 4049 2034 4104 pro

461 4125 633 4180 nobis.
662 4124 733 4179 At
756 4125 800 4179 si
839 4140 976 4179 unus
996 4130 1078 4178 est
1113 4124 1166 4178 in
1194 4138 1422 4193 persona
1441 4163 1457 4188 ,
1488 4139 1627 4177 unus
1661 4131 1743 4179 est
1774 4124 1937 4179 etiam
1978 4123 2029 4177 in

461 4217 790 4287 proprietate
832 4216 923 4269 filii
950 4233 961 4268 :
992 4216 1116 4284 quia
1145 4215 1348 4285 proprii
1391 4215 1484 4269 lilii
1516 4224 1568 4270 et
1606 4214 1862 4286 adoptivi,
1895 4216 2033 4271 sicut

460 4323 600 4378 Stepe
614 4307 813 4363 dictum
826 4315 929 4372 est,
942 4308 1058 4363 duae
1069 4316 1193 4363 sunt
1206 4324 1466 4378 personas.
1483 4310 1625 4367 Deus
1638 4311 1800 4380 igitur
1810 4311 2036 4365 ethomo

458 4396 549 4465 (Illi
570 4403 874 4465 assumptus
895 4403 998 4460 est,
1031 4411 1135 4450 una
1158 4412 1382 4465 persona
1403 4415 1416 4463 ;
1444 4408 1497 4452 et
1518 4416 1738 4456 necesse
1760 4410 1844 4456 est
1870 4417 2032 4456 unam

459 4502 578 4543 esse
617 4486 1001 4558 proprietatem
1037 4486 1090 4539 in
1140 4501 1245 4540 una
1288 4502 1537 4556 persona,
1567 4496 1625 4542 ut
1669 4498 1776 4543 tota
1804 4506 2033 4559 persona

458 4578 705 4648 proprius
718 4578 789 4634 sit
799 4576 960 4642 ﬁlius,
974 4576 1057 4631 vel
1071 4584 1182 4632 tota
1199 4578 1496 4647 adoptivus.
1514 4577 1629 4633 Una
1640 4594 1867 4649 persona
1882 4589 1933 4636 te
1946 4598 2035 4638 co-

460 4667 535 4736 git
554 4684 715 4724 unam
740 4669 981 4725 conﬁteri
996 4669 1381 4741 pr0prietatem
1404 4668 1497 4724 ﬁlii
1513 4670 1565 4724 in
1580 4670 1786 4726 duabus
1804 4674 2030 4728 naturis.

530 4754 689 4811 XVll.
731 4758 893 4815 Ponis
918 4756 1104 4832 itaque
1152 4759 1316 4815 verba
1356 4760 1596 4831 epistola:
1639 4771 1838 4818 nostra;
1866 4776 1917 4830 ι,
1942 4765 2034 4821 ubi

461 4853 583 4918 post
626 4850 1031 4906 convenientem
1081 4853 1345 4909 sermonis
1390 4853 1558 4907 nostri
1602 4854 2033 4912 exhortationem

461 4936 734 4993 diximus:
762 4956 780 4988 ι
806 4937 851 4992 Ο
893 4941 1112 5010 quantis
1158 4950 1466 4997 sanctorum
1509 4941 1728 4998 Patrum
1772 4944 2032 5015 exemplis

460 5028 603 5085 hanc
637 5028 797 5085 tidem
833 5030 1061 5100 probare
1105 5032 1393 5101 possimus,
1423 5034 1567 5105 quod
1603 5035 1853 5094 Christus
1875 5036 2034 5095 Jesus

461 5136 622 5177 verus
643 5129 725 5177 est
750 5119 846 5174 Dei
874 5118 1049 5176 Patris
1064 5120 1249 5188 Filius,
1279 5133 1334 5179 et
1354 5140 1476 5180 mox
1502 5143 1532 5180 a
1553 5130 1901 5200 conceptione
1924 5132 2033 5187 vir-

462 5209 652 5281 ginalis
685 5209 826 5266 uteri
852 5224 1014 5264 verus
1039 5220 1326 5282 conceptus
1352 5222 1436 5268 est
1468 5216 1629 5283 Deus,
1658 5233 1820 5275 verus
1858 5229 1912 5276 et
1938 5236 2032 5276 na~

463 5307 550 5353 tus
576 5297 715 5353 Deus
741 5317 755 5365 ;
793 5320 810 5352 ι
840 5308 895 5356 et
922 5299 989 5354 ad
1024 5299 1140 5355 haec
1166 5300 1443 5371 respondit
1482 5303 1818 5381 [respondes]
1848 5326 1860 5360 :
1896 5327 1913 5359 ι
1941 5308 2034 5365 liae

462 5394 586 5438 sunt
642 5390 920 5445 sententia:
960 5388 1293 5445 credulitatis
1344 5400 1538 5448 vestrae
1590 5396 1656 5451 de
1704 5399 1930 5468 geminis
1980 5400 2035 5455 in

460 5474 676 5533 Christo
715 5480 942 5544 naturis,
973 5495 1110 5549 quas
1138 5480 1209 5533 ita
1243 5481 1295 5535 in
1337 5482 1763 5555 singularitatem
1792 5503 2035 5558 personae

466 5586 738 5720 “1‘23;
747 5588 1026 5709 epistolam
1071 5589 1281 5646 Alcuini
1327 5594 1393 5648 ad
1436 5594 1690 5665 Felicem,
1718 5615 1898 5670 supra,
1926 5600 2029 5655 col.

2060 4450 2111 4509 D

2132 1843 2251 1896 vina
2279 1853 2473 1901 natura
2497 1849 2768 1907 amisisset
2799 1868 2920 1909 esse
2956 1857 3099 1925 quod
3126 1867 3267 1924 erat,
3310 1861 3365 1916 id
3392 1871 3496 1927 est,
3540 1864 3706 1932 Deus,

2132 1935 2227 1988 sed
2255 1936 2488 1991 humana
2519 1948 2709 1996 natura
2750 1944 3011 2014 inciperet
3050 1962 3170 2004 esse
3216 1952 3359 2020 quod
3397 1968 3500 2009 non
3547 1966 3705 2010 erat:

2131 2025 2336 2095 sicque,
2371 2036 2430 2082 ut
2473 2045 2612 2101 smpe
2640 2034 2895 2101 diximus,
2939 2047 2994 2092 et
3035 2054 3248 2110 semper
3271 2030 3533 2111 dicemus,
3574 2064 3712 2105 unus

2134 2113 2205 2167 sit
2229 2114 2476 2173 Christus
2499 2135 2563 2174 ex
2603 2122 2808 2179 duabus
2838 2129 3048 2183 naturis
3084 2131 3407 2191 mirabiliter
3445 2145 3499 2192 et
3528 2138 3712 2195 inetia-

2134 2204 2317 2261 biliter
2337 2210 2524 2276 unitis,
2556 2220 2699 2269 totus
2738 2232 2877 2273 unus
2903 2228 2958 2274 et
2986 2235 3148 2277 verus
3174 2224 3340 2281 Filius
3363 2226 3479 2283 Dei.
3508 2230 3587 2286 Ac
3622 2248 3712 2303 per

2136 2296 2238 2351 hoc
2265 2298 2319 2352 in
2341 2300 2548 2356 duabus
2571 2306 2778 2361 naturis
2799 2323 2936 2363 unus
2961 2326 3120 2367 verus
3146 2312 3288 2370 Deus
3315 2324 3370 2370 et
3408 2320 3713 2378 nominatur

2134 2395 2190 2440 et
2212 2403 2339 2443 vere
2366 2397 2449 2444 est
2473 2405 2488 2443 :
2517 2393 2643 2461 quia
2672 2395 2921 2452 videlicet
2943 2409 2998 2453 et
3037 2400 3180 2457 Deus
3207 2406 3551 2476 omnipotens
3582 2427 3714 2466 nuu-

2136 2496 2295 2550 quam
2317 2482 2383 2538 de
2404 2498 2462 2539 se
2491 2485 2692 2557 aliquid
2715 2489 2828 2543 vult
2855 2491 2957 2545 dici
2998 2496 3141 2564 quod
3166 2512 3271 2551 non
3295 2500 3365 2553 sit
3394 2518 3407 2553 :
3437 2502 3541 2559 hoc
3569 2505 3715 2559 enim

2137 2585 2167 2623 a
2209 2570 2314 2627 ﬁde
2364 2574 2625 2631 catholica
2671 2580 2889 2635 omnino
2928 2582 3160 2639 alienum
3196 2597 3309 2653 est;
3353 2591 3446 2645 sed
3495 2592 3605 2659 ita,
3658 2603 3715 2648 ut

2136 2659 2393 2727 diximus,
2448 2663 2539 2719 Dei
2589 2665 2755 2723 Filius
2800 2669 3069 2729 hominem
3116 2680 3427 2749 assumpsit,
3470 2690 3531 2736 ut
3578 2685 3716 2739 nihil

2138 2750 2405 2806 amisisset
2430 2755 2570 2822 quod
2603 2755 2820 2825 habuit,
2863 2769 3070 2819 etcum
3116 2769 3456 2839 susceptione
3479 2772 3717 2830 hominis

2139 2837 2239 2895 fuit
2264 2856 2424 2898 verus
2472 2843 2641 2901 Filius
2682 2847 2796 2913 Dei,
2829 2850 2969 2907 sicut
3015 2868 3227 2926 semper
3271 2837 3383 2925 est;
3424 2876 3524 2917 nec
3550 2863 3718 2919 etiam

2140 2932 2404 2989 minorata
2431 2944 2512 2991 est
2539 2938 2792 2996 divinitas
2816 2952 3038 3014 propter
3060 2947 3353 3016 hominem,
3381 2967 3481 3011 nec
3508 2964 3718 3011 mutata

2141 3022 2197 3076 in
2227 3023 2529 3092 hominem;
2568 3027 2707 3084 sicut
2744 3046 2843 3086 nec
2890 3034 3050 3090 homo
3076 3051 3107 3090 a
3137 3046 3328 3094 natura
3368 3042 3719 3101 humanitatis

2141 3116 2383 3181 recessit,
2415 3125 2474 3172 ut
2502 3133 2610 3173 non
2637 3131 2780 3177 esset
2802 3124 2980 3189 homo,
3017 3129 3111 3182 sed
3137 3137 3328 3185 natura
3364 3132 3719 3190 humanitatis

2140 3208 2524 3277 proprietatem
2547 3219 2752 3268 natura:
2778 3217 3033 3279 servavit,
3065 3227 3121 3272 et
3145 3221 3441 3279 substantia
3469 3224 3719 3281 divinita-

2141 3297 2212 3352 tis
2237 3299 2625 3368 proprietatem
2646 3303 2941 3360 divinitatis
2962 3322 3069 3362 non
3095 3311 3294 3365 amisit.
3327 3312 3524 3368 Tamen
3556 3316 3723 3372 homo

2137 3387 2280 3444 Deus
2320 3397 2405 3446 est
2433 3390 2698 3459 Christus,
2732 3402 2787 3448 et
2830 3394 2971 3453 Deus
2994 3398 3154 3454 homo
3198 3402 3389 3466 factus,
3420 3412 3477 3457 ut
3516 3405 3587 3459 sit
3627 3422 3722 3462 ve-

2136 3494 2278 3545 rum,
2304 3480 2446 3549 quod
2474 3481 2662 3537 beatus
2689 3486 3015 3556 evangelista
3041 3488 3119 3542 ait
3147 3507 3158 3543 :
3206 3489 3424 3546 Verbum
3449 3510 3573 3549 caro
3602 3497 3725 3566 {ac-

2137 3578 2247 3622 tum
2288 3570 2482 3625 est:in
2523 3572 2685 3628 Verbi
2732 3576 2948 3632 nomine
3001 3578 3167 3634 Deum
3213 3580 3522 3653 designans,
3575 3596 3633 3641 et
3668 3588 3726 3642 in

2138 3659 2316 3714 carnis
2342 3661 2555 3717 nomine
2579 3662 2851 3719 hominem
2877 3667 3271 3736 demonstrans,
3306 3675 3372 3730 de
3399 3690 3505 3746 quo
3525 3676 3727 3734 beatus

2138 3748 2494 3824 Hieronymus
2517 3762 2707 3809 contra
2725 3755 3065 3814 Jovinianum
3090 3762 3164 3816 ait
3187 3763 3213 3802 b
3240 3780 3253 3815 :
3289 3782 3307 3814 ι
3334 3765 3567 3823 Verbum
3590 3783 3727 3824 caro

2139 3836 2339 3894 factum
2365 3850 2467 3905 est,
2492 3851 2552 3896 ut
2579 3860 2679 3899 nos
2705 3846 2770 3900 de
2789 3863 2952 3903 carne
2975 3853 3328 3910 transiremus
3356 3856 3410 3911 in
3436 3857 3677 3914 Verbum
3711 3880 3727 3916 :

2137 3949 2237 3988 nec
2276 3935 2508 3991 Verbum
2532 3937 2691 3994 desiit
2716 3955 2837 3995 esse
2868 3945 3011 4013 quod
3037 3945 3213 4002 fuerat
3242 3962 3257 4000 :
3289 3965 3389 4007 nec
3413 3953 3579 4010 homo
3599 3971 3728 4025 per-

2138 4023 2272 4078 didit
2299 4039 2418 4079 esse
2441 4027 2584 4094 quod
2611 4035 2768 4083 natus
2788 4038 2888 4085 est.
2919 4030 3099 4088 Gloria
3129 4045 3286 4091 aucta
3313 4047 3427 4104 est,
3457 4058 3566 4098 non
3597 4023 3727 4100 inu-

2138 4120 2251 4167 tata
2281 4122 2365 4169 est
2392 4124 2603 4170 natura.
2642 4138 2661 4170 ι
2699 4118 2765 4175 Et
2785 4120 2974 4177 beatus
2998 4122 3328 4195 Augustinus
3359 4129 3412 4183 in
3442 4130 3587 4189 libro
3610 4134 3729 4189 En-

2136 4204 2396 4260 chiridion
2437 4219 2459 4246 ο
2489 4223 2503 4261 :
2538 4227 2556 4259 ι
2602 4210 2675 4265 De
2714 4228 2821 4282 quo
2868 4214 3196 4284 mediatore,
3247 4220 3444 4291 inquit,
3497 4224 3728 4300 longum

2136 4301 2237 4357 est,
2269 4302 2327 4348 ut
2352 4305 2554 4366 quanta
2590 4299 2807 4369 dignum
2846 4313 2949 4369 est,
2984 4313 3131 4361 tanta
3160 4308 3434 4373 dicantur,
3467 4299 3732 4384 quamvis

2139 4385 2207 4439 ab
2244 4385 2460 4441 homine
2497 4387 2601 4443 dici
2644 4390 2803 4462 digna
2843 4409 2949 4448 non
2983 4397 3211 4465 possint.
3267 4399 3398 4467 Quis
3443 4405 3589 4459 enim
3616 4406 3733 4463 hoc

2138 4477 2308 4532 solum
2336 4482 2753 4549 congruentibus
2782 4486 3012 4554 explicet
3050 4488 3250 4553 verbis,
3295 4493 3439 4562 quod
3475 4493 3728 4559 Verbum

2135 4585 2260 4624 caro
2280 4570 2484 4626 factum
2505 4582 2607 4638 est,
2636 4583 2694 4629 ut
2727 4576 2995 4632 habitaret
3028 4579 3080 4633 in
3110 4580 3266 4637 nobis
3291 4583 3481 4652 (Joan.
3512 4602 3556 4651 ι,
3586 4587 3655 4641 14
3679 4587 3729 4659 ),

2134 4667 2189 4712 ιιι
2228 4661 2569 4717 crederemus
2598 4662 2652 4717 in
2700 4662 2793 4718 Dei
2838 4664 3015 4722 Patris
3056 4671 3440 4740 omnipotentis
3492 4675 3731 4731 unicum

2133 4748 2329 4806 Filium
2365 4760 2552 4807 natum
2593 4753 2661 4809 de
2700 4753 2905 4825 Spiritu
2936 4768 3126 4814 sancto
3164 4768 3220 4815 et
3259 4761 3426 4817 Maria
3462 4763 3681 4836 virgine
3703 4768 3735 4822 ?

2132 4839 2315 4912 Itaque
2369 4840 2601 4898 Verbum
2654 4859 2782 4901 caro
2835 4845 3037 4903 factum
3083 4860 3196 4916 est,
3251 4853 3319 4907 ad
3374 4853 3731 4912 divinitatem

2135 4931 2315 5004 [Aug..
2357 4946 2389 4985 a
2416 4932 2715 5007 divinitate]
2745 4937 2963 5006 quidem
2994 4954 3157 4996 carne
3184 4950 3451 5012 suscepta,
3479 4945 3578 5001 sed
3605 4960 3730 5002 non

2134 5033 2189 5087 in
2217 5047 2437 5088 carnem
2464 5033 2748 5091 divinitate
2794 5046 3022 5093 mutata.
3061 5039 3290 5097 Carnem
3318 5057 3482 5112 porro
3504 5045 3598 5101 hic
3624 5046 3734 5102 de-

2134 5124 2325 5180 bemus
2368 5124 2640 5180 hominem
2696 5128 2961 5197 accipere,
3010 5145 3041 5184 a
3093 5141 3247 5200 parte
3291 5142 3459 5189 totum
3507 5136 3702 5207 signiﬁ

2133 5222 2292 5269 caute
2327 5213 2627 5278 locutione,
2656 5215 2795 5270 sicut
2827 5216 3030 5272 dictum
3066 5228 3149 5274 est
3177 5238 3189 5273 :
3224 5220 3487 5287 Quoniam
3516 5241 3621 5278 κου·
3673 5250 3736 5281 ,ι

2138 5304 2376 5373 operibus
2401 5302 2528 5373 legis
2541 5305 2924 5374 justiﬁcabitur
2946 5310 3113 5365 omnis
3134 5328 3258 5365 caro
3280 5312 3455 5381 (Rom.
3482 5331 3522 5372 ι’
3599 5317 3733 5388 10),

2139 5394 2192 5450 id
2217 5403 2329 5462 est,
2360 5395 2536 5452 omnis
2562 5398 2741 5452 homo.
2787 5396 2922 5453 Nam
2960 5400 3093 5456 nihil
3128 5411 3335 5460 uatum
3375 5406 3430 5460 hl
3471 5422 3631 5462 eunte
3665 5410 3731 5465 in

2137 5486 2227 5542 illa
2257 5490 2596 5561 susceptione
2639 5491 2723 5549 fas
2750 5501 2834 5549 est
2861 5494 3040 5551 dicere
3068 5495 3320 5564 defuisse,
3367 5514 3415 5554 υ
3447 5527 3463 5556 ι
3502 5514 3734 5561 natura

2211 5603 2239 5641 ι)
2269 5600 2654 5675 S.Hier.,libr.
2679 5622 2716 5661 ιι
2739 5606 2995 5662 adversus
3010 5606 3368 5675 Iovinianum.
3453 5629 3546 5668 im.
3574 5613 3673 5670 29.

2212 5682 2237 5711 ⁸
2265 5673 2322 5727 S.
2342 5674 2501 5746 Aug.,
2525 5676 2798 5731 Enchirid.
2831 5692 2948 5747 cap.
2972 5677 3059 5733 54.
