3906 6186
344 320 449 379 173

1050 322 1467 381 DOGMATICA.
1507 355 1579 364 —
1614 324 1773 380 ADV.
1815 323 2107 380 FELICEM
2145 323 2327 380 LIBRI
2364 322 2473 381 Vll.
2507 354 2577 364 —
2609 323 2738 381 LIB.
2778 326 2867 383 lV.

3508 336 3611 392 17h

336 436 410 491 ab
439 433 595 490 omni
616 443 838 505 peccatt
866 449 1007 489 nexu
1034 436 1346 492 omnimodo
1371 435 1555 493 libera:
1580 454 1591 490 :
1617 452 1725 491 non
1754 436 1929 506 qualis
1957 440 2004 495 Α
2032 438 2249 507 sumpsit
2278 454 2373 491 nos
2392 478 2406 502 ,
2443 446 2491 490 et
2518 437 2661 492 dedit
2696 439 2842 494 nobis
2879 456 3088 494 sensum
3107 482 3121 505 ,
3154 451 3210 497 ut
3238 459 3614 514 cognoscam

338 530 408 583 de
438 535 671 598 utroque
715 542 847 583 sexu
880 528 1119 582 nascitur
1159 543 1256 598 per
1288 527 1784 597 concupiscentiam
1813 542 1932 582 car-

335 619 450 685 nis,
490 634 616 674 cum
638 618 966 689 obligatione
1003 620 1217 684 delicti,
1258 617 1410 686 cujus
1436 628 1618 673 reatus
1644 633 1933 689 regenera—

336 712 489 767 tione
514 710 770 776 diluitur;
823 712 916 765 sed
946 709 1160 779 qualem
1198 710 1266 765 de
1292 710 1501 780 virgine
1528 711 1677 765 nasci
1717 718 1932 782 θροηθ-

332 803 452 867 bat,
481 815 641 871 quem
665 800 798 855 ﬁdes
815 801 983 872 820
1003 800 1213 864 matris,
1244 815 1350 854 non
1365 800 1529 855 libido
1551 809 1891 869 conceperat.
1906 820 1924 851 ι

330 894 418 950 1Πί
446 894 613 963 igitur
636 893 866 956 homini,
893 892 985 961 qui
1010 907 1077 946 ex
1104 892 1314 962 virgine
1349 900 1509 948 natus
1536 901 1643 958 est,
1670 892 1929 963 singulari

331 999 564 1038 munere
592 999 704 1053 pra:
733 983 949 1038 caeteris
973 984 1178 1039 sanctis
1205 983 1390 1037 datum
1418 994 1522 1049 est,
1553 993 1614 1039 ut
1637 986 1822 1039 statim
1861 1000 1929 1039 ex

329 1091 446 1146 quo
495 1075 549 1129 in
598 1083 754 1129 utero
794 1074 1020 1141 virginis
1058 1074 1259 1144 incepit
1304 1074 1467 1131 homo
1511 1074 1649 1140 ﬁeri,
1690 1084 1833 1131 esset
1875 1084 1930 1132 et

330 1164 501 1219 Deus.
538 1162 688 1219 Unde
721 1171 780 1217 et
810 1164 999 1219 eadem
1038 1163 1270 1235 gloriosa
1304 1178 1521 1235 semper
1559 1165 1714 1235 virgo
1760 1165 1929 1219 Maria

328 1270 443 1309 non
470 1255 644 1309 solum
690 1254 950 1320 hominis,
980 1256 1074 1311 sed
1108 1267 1164 1311 et
1189 1256 1285 1311 Dei
1327 1258 1563 1328 genitrix
1612 1266 1759 1313 recte
1804 1273 1927 1313 cre-

326 1346 509 1401 denda
529 1354 614 1401 est
638 1354 693 1401 et
716 1345 1042 1401 conﬁtenda.

404 1436 588 1492 XVIII.
608 1436 754 1492 inter
780 1437 883 1493 alia
905 1453 1120 1508 quoque
1145 1438 1453 1494 testimonia
1482 1456 1605 1511 quae
1631 1456 1928 1512 congregas

325 1527 402 1584 de
427 1538 619 1584 sancta
645 1526 950 1599 Scriptura,
978 1539 1035 1583 tu
1061 1545 1202 1600 saepe
1223 1530 1368 1586 dicte
1387 1529 1560 1596 Felix,
1587 1532 1742 1601 ponis
1762 1547 1927 1586 evan-

324 1622 559 1692 gelicam
604 1622 933 1677 sententiam
966 1630 1022 1677 et
1051 1622 1435 1693 apostolicam,
1467 1624 1664 1694 quibus
1688 1624 1927 1679 maxime

323 1718 445 1765 tota
473 1708 629 1764 malae
672 1708 1011 1765 credulitatis
1034 1718 1139 1765 tua:
1173 1710 1473 1766 destruitur
1510 1712 1797 1782 impietas,
1831 1714 1922 1768 ubi

325 1800 446 1871 ipse
496 1798 751 1855 Salvator
791 1799 967 1855 oculis
1015 1800 1240 1856 elevatis
1293 1802 1361 1856 ad
1414 1800 1632 1856 Patrem
1676 1803 1753 1857 ait
1791 1818 1806 1856 :
1852 1802 1921 1857 Ut
1954 1787 1999 1845 Β

323 1901 645 1964 cognoscant
691 1902 743 1946 te
780 1890 953 1947 solum
996 1908 1175 1947 verum
1214 1891 1419 1959 Deum,
1465 1903 1514 1947 et
1542 1910 1698 1964 quem
1734 1894 1923 1949 misisti

320 1982 512 2039 Iesum
552 1982 820 2038 Christum
849 1983 869 2053 (
896 1983 1057 2039 Joun.
1108 2000 1246 2049 xvn,
1274 1986 1309 2040 5
1338 1983 1357 2057 )
1392 2004 1404 2039 :
1434 1993 1598 2056 atque
1636 1988 1832 2041 iterum
1856 1986 1925 2042 de

321 2072 554 2145 epistola
605 2072 751 2128 beati
783 2070 1008 2128 Joannis
1038 2074 1406 2146 evangelistm,
1444 2076 1538 2131 ubi
1568 2074 1646 2131 ait
1674 2094 1687 2130 :
1720 2075 1790 2131 Et
1838 2092 1926 2130 as-

2030 544 2206 581 verum
2230 527 2417 593 Deum,
2443 538 2489 582 et
2512 530 2676 584 simus
2702 531 2759 584 in
2781 547 2898 586 vero
2914 529 3055 586 Filio
3072 534 3187 603 ejus
3211 534 3341 591 Jesu
3366 536 3570 594 Christo
3592 561 3610 593 ;

2028 617 2112 671 hic
2137 627 2213 672 est
2239 636 2392 673 verus
2417 619 2559 676 Deus
2586 630 2634 675 et
2665 623 2771 676 vita
2810 632 3006 678 aeterna
3051 624 3113 696 (Ι
3141 626 3301 682 Joan.
3324 644 3377 693 v,
3407 629 3517 701 20).
3552 634 3614 688 Si

2031 708 2198 779 igitur
2219 708 2384 776 Deus,
2410 712 2709 767 secundum
2747 714 2890 783 quod
2916 715 3136 785 angelus
3162 717 3410 786 praedixit
3445 719 3617 775 beatae

2029 801 2213 855 Maria:
2250 801 2470 872 virgini,
2515 818 2713 858 nomen
2742 812 2828 859 est
2854 805 3206 861 humanitatis
3251 818 3541 879 assumpta:
3586 824 3616 863 a

2028 880 2126 948 Dei
2156 892 2325 958 Filio;
2374 901 2428 949 et
2468 892 2720 951 Christus
2757 900 2987 967 propter
3026 898 3227 969 regiam
3273 899 3618 970 dignitatem;

2028 999 2155 1040 vere
2193 985 2416 1040 omnino
2457 985 2652 1057 (juxta
2677 989 3048 1044 testimonium
3090 990 3332 1061 ejusdem
3377 1006 3614 1062 evange-

2029 1073 2184 1139 listte,
2236 1075 2349 1131 sive
2378 1075 2433 1130 in
2463 1076 2756 1146 Evangelio
2803 1078 2919 1147 ipsa
2945 1079 3186 1135 Veritate
3217 1080 3431 1136 dicente
3453 1122 3468 1146 ,
3501 1083 3617 1136 sive

2029 1167 2082 1221 in
2112 1167 2336 1238 epistola
2367 1182 2464 1222 sua
2492 1168 2510 1236 )
2543 1168 2682 1223 idem
2722 1169 2869 1239 ipse,
2917 1170 3009 1240 qui
3035 1171 3237 1226 dicitur
3257 1170 3415 1227 Iesus
3454 1172 3615 1227 Chri-

2029 1266 2164 1323 stus,
2192 1273 2356 1314 verus
2398 1267 2482 1313 est
2516 1259 2678 1325 Deus,
2711 1267 2767 1314 et
2792 1274 2953 1314 verus
2992 1260 3163 1315 Filius
3198 1260 3313 1316 Dei.
3342 1261 3448 1315 Aut
3485 1277 3614 1334 ergo

2030 1351 2145 1405 haec
2172 1351 2391 1405 nomina
2422 1349 2654 1405 tollenda
2676 1360 2803 1405 sunt
2844 1352 2911 1405 ab
2937 1352 3270 1406 humanitate
3315 1351 3436 1406 Filii
3468 1353 3563 1407 Dei
3595 1370 3609 1406 :

2028 1454 2141 1509 aut,
2190 1444 2236 1500 si
2284 1446 2399 1499 haec
2444 1445 2665 1499 nomina
2706 1445 2848 1499 illius
2897 1444 3118 1517 [Supple
3148 1460 3166 1497 :
3195 1448 3416 1516 propria
3462 1455 3612 1512 sunt,

2026 1535 2104 1590 uel
2133 1536 2303 1590 simile
2345 1534 2528 1607 quid],
2560 1536 2653 1606 qui
2701 1522 2860 1591 natus
2901 1545 3079 1592 estex
3123 1538 3360 1608 virgine;
3406 1553 3538 1610 ergo
3558 1548 3615 1593 et

2027 1625 2116 1680 ille
2144 1627 2326 1690 homo,
2347 1626 2440 1696 qui
2464 1634 2625 1681 natus
2652 1633 2736 1681 est
2761 1642 2829 1681 ex
2856 1627 3082 1697 virgine,
3115 1636 3172 1681 et
3196 1628 3281 1683 his
3307 1628 3615 1683 nominibus

2025 1725 2269 1781 vocatur,
2317 1732 2479 1771 verus
2521 1726 2606 1772 est
2647 1716 2791 1772 Deus
2836 1726 2892 1772 et
2916 1733 3077 1773 verus
3123 1718 3294 1773 Filius
3340 1718 3454 1773 Dei.
3507 1718 3612 1774 Sed

2025 1808 2151 1878 quia
2174 1806 2241 1862 de
2278 1807 2383 1862 hac
2407 1807 2523 1876 ipsa
2569 1808 2869 1876 qnmstione
2901 1808 3054 1878 plura
3082 1809 3337 1864 videntur
3366 1824 3487 1865 esse
3527 1810 3600 1864 di-

2026 1895 2215 1961 cenda,
2254 1897 2540 1965 praesentis
2577 1896 2740 1952 libelli
2767 1897 2856 1952 hic
2894 1898 3185 1952 terminum
3212 1912 3417 1967 ponere
3450 1912 3608 1953 cura-

2026 1984 2224 2049 vimus,
2258 1992 2405 2039 utea
2432 2002 2553 2054 qum
2573 1993 2893 2055 sequuntur.
2923 1986 3202 2056 sequentis
3234 1986 3400 2042 libelli
3423 1986 3613 2057 dispu-

2028 2075 2216 2129 tationi
2245 2085 2549 2131 serventur.

1630 2311 1867 2373 LIBER
1909 2311 2301 2386 QUARTUS.

390 2500 436 2554 I.
476 2498 737 2570 Sequitur
782 2498 837 2552 In
878 2498 1059 2554 libello
1086 2498 1295 2569 praefati
1339 2499 1578 2555 doctoris
1616 2499 1915 2571 pessimum
2017 2509 2237 2564 teterna,
2265 2510 2321 2553 ut
2348 2512 2659 2572 cognoscant
2689 2513 2739 2558 te
2764 2504 2935 2559 solum
2958 2523 3136 2563 verum
3164 2507 3358 2578 Deum,
3383 2522 3434 2568 et
3459 2530 3608 2587 quem

322 2601 378 2648 et
402 2607 436 2647 a
457 2590 657 2647 saeculo
690 2591 948 2646 inauditae
982 2590 1331 2662 blasphemia:
1359 2601 1763 2662 argumentum,
1809 2607 1918 2663 quo
2015 2590 2207 2644 misisti
2247 2590 2431 2645 Jesum
2463 2590 2729 2647 Christum
2769 2593 2975 2665 (Joan.
3028 2613 3159 2665 xvn,
3193 2599 3270 2672 3)
3311 2619 3324 2654 :
3373 2602 3443 2657 Et
3469 2606 3610 2677 quod

322 2684 546 2740 omnino
569 2680 777 2738 Christi
800 2682 897 2737 Dei
917 2683 1236 2754 impiissima
1266 2684 1573 2739 temeritate
1596 2685 1923 2741 contradicit
2018 2681 2164 2736 idem
2206 2683 2538 2754 evangelista
2568 2684 2644 2739 ait
2676 2702 2688 2737 :
2716 2683 2787 2739 Ut
2812 2702 3188 2758 cognoscamus
3211 2709 3388 2748 verum
3418 2694 3610 2763 Deum,

321 2777 623 2841 divinitati,
671 2776 817 2847 quod
855 2776 1042 2831 multis
1077 2784 1394 2832 sanctorum
1417 2777 1641 2833 Patrum
1672 2778 1918 2833 testimo-
2021 2783 2069 2829 et
2095 2775 2259 2829 simus
2281 2775 2337 2829 in
2366 2793 2485 2830 vero
2508 2774 2650 2830 Filio
2663 2776 3140 2847 ejusJesuChristo
3164 2781 3218 2854 (Ι
3240 2783 3470 2851 Joan.v,
3493 2785 3611 2859 20),

320 2871 438 2928 niis
476 2870 863 2926 destruendum
901 2884 1022 2925 esse
1068 2869 1437 2925 necessarium
1480 2870 1716 2925 videtur.
1767 2868 1918 2937 Qua-

323 2970 549 3034 propter
579 2960 842 3017 lectorem
886 2960 1137 3025 obsecro,
1176 2974 1245 3014 ne
1270 2973 1356 3013 me
1388 2958 1687 3030 longiorem
1730 2959 1787 3013 in
1814 2959 1919 3014 hac

322 3052 472 3110 serie
506 3050 891 3122 disputationis
938 3051 1314 3121 reprehendat.
1371 3048 1616 3120 Simplici
1668 3065 1919 3105 sermone

325 3144 475 3217 apud
505 3143 785 3200 auditores
812 3143 933 3216 pios
970 3142 1106 3197 ﬁdes
1142 3156 1269 3196 vera
1295 3139 1532 3210 proferri
1558 3148 1775 3211 potest;
1823 3141 1919 3196 sed

321 3237 626 3311 impietatis
662 3237 894 3293 assertio
923 3234 1156 3306 plurima
1203 3232 1634 3289 testimoniorum
1677 3232 1917 3288 auctori-

321 3336 440 3384 tate
463 3326 719 3383 diluenda
747 3344 760 3379 :
790 3334 1059 3397 quatenus
1100 3325 1146 3380 si
1171 3332 1372 3380 nostra:
1397 3324 1682 3396 parvitatis
1727 3339 1920 3379 sensus

321 3418 764 3491 contemptibiles
792 3419 1007 3484 habeat,
1038 3417 1231 3473 saltem
1269 3417 1587 3473 multimoda
1624 3416 1921 3473 catholico-

322 3526 449 3565 rum
478 3509 762 3565 doctorum
800 3509 1126 3565 auctoritate
1150 3508 1421 3575 vincatur,
1447 3516 1614 3578 utque
1636 3506 1730 3561 Dei
1757 3505 1917 3562 Chri-

330 3601 403 3656 sti
424 3600 665 3656 donante
689 3606 748 3653 et
764 3599 1058 3654 miserante
1086 3598 1373 3655 clementia
1403 3599 1726 3670 corrigatur.

393 3690 462 3746 Π.
504 3690 669 3746 Ponit
689 3692 872 3762 itaque
897 3690 1206 3762 hujusmodi
1238 3691 1441 3746 verba:
1475 3708 1494 3740 ι
1532 3689 1780 3745 Secundo
1824 3704 1921 3742 au-

325 3794 440 3840 tem
478 3787 662 3852 modo,
707 3785 801 3851 ait,
834 3786 1194 3857 nuncupative
1223 3786 1367 3842 Deus
1395 3785 1619 3851 dicitur,
1665 3785 1805 3840 sicut
1831 3801 1921 3840 su-

325 3878 512 3948 perius
540 3878 749 3932 dictum
773 3886 855 3933 est
885 3877 953 3933 de
980 3878 1184 3933 sanctis
1220 3877 1685 3948 pnedicatoribus,
1718 3878 1784 3933 de
1804 3878 1922 3949 qui-

300 3967 431 4021 ‘bls
458 3966 712 4021 Salvator
737 3965 939 4022 Iudaeis
967 3967 1045 4022 ait
1071 3986 1082 4019 :
1111 3964 1170 4021 Si
1192 3967 1328 4020 enim
1372 3966 1491 4021 illos
1520 3965 1656 4020 dixit
1682 3965 1828 4031 deos,
1851 3967 1921 4020 ad

328 4076 459 4132 quos
499 4057 599 4114 Dei
630 4075 802 4114 sermo
828 4058 1001 4129 [actus
1025 4058 1206 4130 (Joan.
1234 4075 1290 4123 x,
1317 4058 1409 4130 55)
1437 4076 1452 4122 ;
1481 4058 1571 4129 qui
1604 4066 1783 4112 tamen
1812 4073 1921 4112 non

329 4158 524 4205 natura
559 4158 619 4205 ut
648 4150 812 4214 Deus,
856 4150 951 4205 sed
980 4165 1079 4221 per
1112 4149 1206 4205 Dei
1235 4149 1465 4220 gratiam
1494 4148 1563 4203 ab
1589 4162 1674 4214 eo,
1712 4147 1804 4216 qui
1834 4162 1923 4201 ve-

331 4256 432 4296 rus
455 4249 539 4295 est
562 4240 730 4305 Deus,
775 4240 1008 4295 deiﬁcati
1053 4240 1127 4295 dii
1169 4248 1297 4295 sunt
1339 4239 1437 4295 sub
1486 4239 1576 4294 illo
1612 4239 1789 4294 vocati
1823 4252 1837 4291 :
1868 4238 1920 4292 in

332 4334 442 4389 hoc
463 4335 659 4404 quippe
684 4331 875 4388 ordine
900 4329 995 4385 Dei
1029 4329 1199 4386 Filius
1226 4330 1487 4386 Dominus
1508 4338 1562 4384 et
1594 4328 1924 4399 Redemptor

330 4435 521 4481 noster
537 4426 695 4496 juxta
737 4422 1151 4485 humanitatem,
1182 4422 1321 4477 sicut
1356 4421 1409 4475 in
1439 4428 1652 4485 natura,
1690 4423 1765 4474 ita
1790 4418 1921 4473 etin

326 4519 574 4581 nomine,
598 4514 849 4587 quamvis
876 4513 1226 4569 excellentius
1251 4511 1464 4567 cunctis
1502 4510 1724 4571 electus,
1754 4508 1927 4579 veris:

327 4613 474 4667 sime
496 4619 678 4665 tamen
700 4623 823 4664 cum
853 4607 958 4662 illis
988 4604 1375 4670 communicat,
1401 4604 1541 4659 sicut
1568 4610 1622 4657 et
1646 4602 1699 4656 in
1729 4607 1924 4656 cattera

326 4701 519 4755 nuntia
561 4698 582 4770 [
610 4697 757 4769 Leg.,
787 4698 842 4751 in
868 4695 1081 4752 caeteris
1105 4693 1392 4766 omnibus]
1415 4734 1429 4757 ,
1466 4693 1517 4748 id
1544 4702 1629 4748 est
1654 4732 1669 4755 ,
1702 4691 1755 4745 in
1784 4705 1926 4759 pra:-

326 4791 721 4855 destinatione,
746 4789 802 4843 in
832 4787 1119 4851 electione,
1154 4785 1206 4839 in
1240 4784 1435 4855 gratia,
1480 4785 1536 4838 in
1565 4782 1925 4852 susceptione,

326 4884 386 4938 in
417 4882 790 4952 assumptione
838 4878 1073 4933 nominis
1125 4878 1288 4939 servi,
1341 4884 1504 4946 atque
1546 4871 1926 4943 applicatione,

325 4988 429 5028 seu
453 4982 656 5027 caetera
679 4970 766 5025 his
795 4968 1014 5033 similia,
1044 4974 1107 5021 ut
1128 4966 1271 5021 idem
1294 4965 1386 5035 qui
1412 4963 1775 5019 essentialiter
1801 4977 1926 5017 cum

325 5063 499 5119 Patre
526 5070 582 5118 et
602 5061 807 5133 Spiritu
834 5069 1025 5117 sancto
1063 5061 1119 5115 in
1147 5058 1359 5113 unitate
1392 5056 1612 5113 deitatis
1648 5071 1811 5111 verus
1845 5062 1930 5110 est

326 5154 500 5219 Deus,
525 5154 641 5225 ipse
666 5153 721 5208 in
743 5152 917 5209 forma
942 5150 1303 5207 humanitatis
1342 5164 1466 5204 cum
1490 5149 1678 5204 eiectis
1700 5147 1813 5203 suis
1830 5162 1929 5217 per

326 5246 648 5317 adoptionis
694 5246 920 5316 gratiam
963 5242 1441 5307 deificatustieret,
1488 5251 1543 5297 et
1569 5241 1928 5323 nuncnpative

328 5339 502 5395 Deus.
542 5359 562 5391 ι
590 5337 764 5405 Quem
808 5336 968 5406 paulo
1014 5345 1139 5391 ante
1177 5334 1492 5405 evangelico
1536 5333 1846 5388 testimonio
1876 5339 1931 5386 et

327 5430 509 5501 ipsius
528 5427 877 5498 evangelista;
907 5426 1290 5481 testiﬁcatione
1310 5425 1491 5479 dixisti
1512 5440 1699 5479 verum
1727 5422 1925 5477 Deum:

315 5504 612 5590 iquomodo
675 5532 822 5572 nunc
876 5517 1013 5571 dicis
1078 5516 1502 5588 nuncupativum
1564 5515 1769 5570 Deum?
1825 5514 1933 5569 Aut

325 5609 653 5664 auctoritati
690 5606 1013 5677 evangelica:
1042 5608 1206 5662 etiam
1231 5616 1287 5660 et
1311 5607 1478 5676 ipsius
1500 5607 1752 5661 veritatis
1782 5607 1935 5660 testi-

331 5702 606 5768 ﬁcationi,
638 5714 802 5761 quam
827 5699 1082 5767 posuisti,
1124 5698 1213 5752 ubi
1246 5698 1359 5751 ait:
1395 5696 1521 5751 Πανί
1552 5708 1625 5751 est
1663 5700 1798 5752 enim
1831 5700 1932 5752 vita

1943 3098 1993 3162 Ο

2024 2866 2335 2920 consentire
2374 2866 2571 2932 habes;
2613 2866 2693 2921 vel
2735 2874 2881 2921 tuam
2921 2872 3244 2927 sententiam
3291 2874 3615 2933 confirmare

2024 2954 2130 3010 alio
2166 2954 2480 3027 [Quercet.,
2536 2956 2717 3031 aliud]
2759 2958 2964 3028 majore
2998 2961 3240 3030 quolibet
3282 2966 3609 3033 testimonio,

2024 3062 2187 3117 quam
2216 3046 2385 3116 ipsius
2414 3048 2680 3110 veritatis,
2731 3049 2815 3102 vel
2848 3050 2982 3104 tanti
3011 3053 3258 3121 apostoli,
3307 3064 3362 3110 et
3386 3073 3615 3130 evange-

2024 3140 2181 3204 listze,
2227 3140 2319 3209 qui
2343 3154 2507 3210 super
2529 3148 2721 3209 pectus
2747 3140 2958 3196 Domini
2996 3144 3240 3199 recubuit
3275 3166 3287 3199 :
3319 3148 3404 3203 vel
3435 3150 3481 3205 si
3509 3152 3615 3208 hoc

2024 3244 2132 3283 non
2159 3244 2323 3285 ausus
2352 3245 2412 3286 es
2452 3229 2652 3294 facere,
2694 3231 2804 3285 imo
2845 3233 2972 3302 quia
3001 3249 3108 3289 non
3133 3244 3309 3305 potes,
3359 3249 3528 3297 restat
3556 3256 3615 3298 ut

2028 3328 2175 3374 tuam
2212 3320 2537 3375 sententiam
2577 3319 2843 3377 damnans
2889 3323 3049 3379 radas
3076 3325 3143 3380 de
3180 3328 3341 3384 corde
3378 3337 3472 3386 tuo
3511 3333 3616 3389 hoc

2025 3427 2218 3467 nomen
2247 3412 2301 3467 in
2333 3409 2549 3468 Christo
2579 3415 2958 3484 nuncupatim:
2996 3416 3226 3476 Deitatis
3265 3424 3408 3492 quod
3453 3423 3616 3483 homo

2026 3503 2201 3573 tinxit,
2228 3522 2336 3563 non
2361 3506 2531 3572 Deus;
2565 3507 2709 3577 quod
2737 3507 2974 3565 humana
3005 3509 3266 3579 inventio,
3295 3529 3404 3570 non
3433 3514 3613 3571 divina

2026 3598 2321 3654 auctoritas
2344 3600 2667 3670 composuit.

2096 3690 2180 3744 lll.
2221 3691 2381 3762 82],
2428 3691 2584 3747 Dicat
2606 3691 2799 3749 beatus
2827 3693 3136 3764 Apostolus,
3167 3697 3296 3766 quid
3325 3697 3452 3753 inde
3487 3691 3612 3755 se'n—

2028 3781 2149 3847 tiat,
2177 3781 2262 3835 vel
2292 3782 2359 3837 de
2383 3797 2490 3852 quo
2516 3783 2745 3839 dixisset
2784 3784 2933 3850 illud,
2967 3786 3111 3856 quod
3142 3794 3197 3841 et
3238 3794 3295 3842 tu
3336 3791 3566 3860 posuisti
3598 3807 3613 3847 :

2030 3870 2135 3937 Qui
2152 3879 2227 3925 est
2252 3887 2411 3941 super
2435 3872 2611 3926 omnia
2636 3872 2779 3928 Deus
2806 3874 3103 3929 benedictus
3126 3877 3182 3929 in
3209 3877 3405 3932 saecula
3431 3879 3609 3950 (Rom.

2029 3981 2103 4029 Ix,
2148 3964 2224 4038 5).
2258 3964 2397 4019 Dicit
2421 3964 2607 4034 itaque
2635 3964 2856 4038 Christo
2900 3967 2955 4020 in
2997 3982 3057 4021 se
3105 3967 3399 4037 loquente:
3448 3969 3615 4042 Opta-

2030 4055 2149 4109 bam
2190 4070 2282 4125 ego
2324 4054 2431 4124 ipse
2459 4054 2739 4111 anathema
2778 4070 2891 4108 esse
2932 4072 2965 4108 a
2993 4054 3203 4111 Christo
3231 4073 3326 4127 pro
3360 4058 3614 4128 fratribus

2029 4144 2178 4208 meis,
2221 4144 2312 4215 qui
2356 4153 2478 4198 sunt
2517 4145 2727 4214 cognati
2774 4145 2876 4197 mei
2925 4145 3213 4199 secundum
3260 4164 3493 4213 carnem,
3523 4151 3614 4221 qui

2026 4247 2150 4292 sunt
2189 4236 2470 4302 Israelitte,
2497 4253 2718 4307 quorum
2750 4237 2963 4307 adoptio
2988 4248 3061 4292 est
3086 4237 3319 4307 ﬁliorum
3348 4251 3397 4294 et
3422 4241 3614 4312 gloria,

2031 4337 2078 4382 et.
2106 4337 2491 4391 testamentum,
2515 4337 2562 4381 et
2590 4327 2870 4399 legislatio,
2903 4338 2949 4382 et
2974 4328 3297 4399 obsequium,
3326 4341 3374 4384 et
3399 4333 3619 4402 promis-

2031 4421 2130 4484 sio,
2175 4436 2399 4492 quorum
2444 4429 2641 4490 patres,
2688 4437 2754 4474 ea:
2800 4421 2988 4491 quibus
3040 4419 3280 4476 Christus
3331 4422 3616 4479 secundum

2030 4528 2260 4577 carnem,
2290 4514 2380 4585 qui
2408 4523 2483 4567 est
2521 4529 2679 4584 super
2712 4514 2887 4567 omnia
2914 4513 3057 4567 Deus
3099 4512 3397 4569 benedictus
3426 4515 3482 4570 in
3510 4532 3613 4571 ste-

2033 4603 2152 4657 cula
2180 4602 2363 4676 (Rom.
2398 4619 2476 4667 lx,
2526 4604 2559 4657 5
2600 4613 2647 4657 et
2677 4603 2833 4674 seq.).
2882 4602 3125 4673 lntellige
3174 4605 3616 4675 consequentiam

2032 4694 2300 4751 sermonis
2345 4694 2645 4764 apostolici.
2679 4693 2755 4747 De
2792 4692 3047 4747 lsraelitis
3091 4682 3532 4765 testatur,’quasi
3560 4711 3620 4752 se

2034 4800 2295 4841 excusare
2321 4785 2523 4846 volens,
2572 4785 2714 4853 quod
2755 4800 2861 4837 non
2893 4792 3117 4855 propter
3158 4785 3414 4842 invidiam
3443 4787 3616 4858 legem

2032 4873 2247 4929 illorum
2274 4889 2382 4928 non
2409 4880 2651 4928 servaret
2683 4890 2695 4925 :
2729 4873 2826 4928 sed
2851 4873 2978 4928 dum
3005 4875 3291 4931 veritatem
3321 4876 3616 4932 intellexis-

2035 4972 2134 5026 set,
2166 4964 2382 5020 veritati
2432 4962 2651 5018 obedire
2696 4962 2900 5018 mallet.
2937 4962 3080 5020 Dicit
3126 4964 3339 5019 illorum
3386 4966 3619 5035 promis-

2026 5056 2228 5120 siones,
2261 5055 2314 5110 id
2342 5062 2445 5119 est,
2476 5054 2867 5116 lsraelitarum.
2898 5071 3128 5124 quorum
3157 5055 3482 5126 patriarchae
3518 5072 3617 5125 pa-

2026 5157 2136 5204 tres
2163 5156 2341 5211 erant,
2369 5161 2435 5202 ex
2481 5148 2697 5218 quibus,
2742 5148 2794 5201 id
2827 5156 2931 5211 est,
2980 5146 3327 5217 patriarchis,
3367 5145 3619 5206 Christus

2028 5237 2324 5293 secundum
2349 5252 2572 5292 carnem
2601 5245 2759 5291 natus
2786 5245 2892 5302 est,
2923 5251 3083 5306 quem
3112 5236 3277 5290 etiam
3303 5251 3467 5307 super
3498 5254 3616 5306 om-

2032 5330 2118 5383 nia
2144 5330 2310 5383 Deum
2340 5329 2679 5386 benedictum
2707 5329 2761 5383 in
2791 5327 2986 5383 saecula
3013 5326 3295 5384 nominare
3321 5343 3431 5384 non
3461 5328 3619 5384 dubi-

2036 5420 2170 5475 tavit
2198 5435 2211 5472 :
2258 5419 2446 5483 Deum,
2478 5420 2720 5491 inquam,
2749 5417 3051 5472 nominavit
3076 5417 3402 5475 benedictum
3444 5418 3619 5485 illum,

2037 5514 2130 5583 qui
2161 5521 2320 5567 natus
2365 5521 2450 5567 est
2474 5512 2767 5568 carnaliter
2795 5527 2858 5566 ex
2912 5510 3137 5566 Palmm
3181 5513 3461 5587 progenie,
3511 5529 3620 5570 non

2040 5607 2487 5677 nuncupativum.
2535 5606 2611 5661 De
2659 5621 2765 5676 qua
2818 5605 3087 5661 sententia
3154 5607 3348 5663 beatus
3395 5605 3620 5662 Proclus

2040 5700 2672 5766 Constantinopolitanus
2720 5701 3005 5775 episcopus
3049 5700 3106 5760 in
3147 5700 3375 5779 epistola
3415 5699 3484 5753 ad
3511 5696 3612 5751 Ar-
