3906 6186
251 345 351 401 175

1070 341 1133 398 Β.
1170 340 1235 397 Γ.
1275 338 1499 397 ALBINI
1538 339 1671 396 SEU
1707 334 2302 394 ALCUINIOPERUM
2341 336 2518 393 PARS
2555 338 2639 394 Ill.

3383 338 3486 393 176

248 452 467 510 menius"
488 451 564 507 ita
606 451 686 506 ait
712 463 738 493 ι
762 464 779 506 :
815 469 834 503 ι
879 429 1166 521 Apostolus
1192 449 1332 506 dixit
1372 463 1495 505 eum
1523 446 1812 511 Christum,
1839 447 1887 504 Δ
1914 446 2162 502 eumdem
2189 462 2376 503 verum
2403 446 2575 502 Deum
2603 453 2870 503 monstrat
2912 445 3098 503 dicens
3123 466 3135 501 :
3174 445 3274 501 Hic
3298 457 3375 503 est
3402 465 3492 504 ve-

247 554 306 601 ut
330 543 599 607 ostendat,
630 541 755 612 quia
788 541 1082 595 secundum
1120 540 1403 595 veritatem
1445 538 1588 593 Deus
1636 534 1811 591 factus

246 642 330 691 est
353 635 532 689 homo.
558 632 704 686 Dixit
740 647 864 686 eum
888 631 975 702 qui
1002 640 1098 696 est,
1125 638 1186 685 ut
1212 644 1335 685 eum
1369 629 1485 683 sine
1511 627 1662 682 initio
1690 640 1812 682 esse

247 724 511 780 declaret.
532 722 677 777 Dixit
704 738 828 776 eum
852 738 1007 791 super
1047 721 1240 782 omnia,
1271 727 1332 773 ut
1357 718 1522 774 totius
1550 725 1815 773 creatura:

246 812 831 882 Dominum'prmdicet.
860 811 1007 865 Dixit
1032 825 1156 865 eum
1201 808 1543 872 benedictum,
1586 816 1646 862 ut
1686 800 1816 863 ado-

245 919 428 959 remus
458 918 581 957 eum
621 911 878 972 tanquam
921 901 1341 971 omnipotentem
1382 898 1682 964 humiliter,
1714 913 1815 954 nec

248 1003 306 1049 ut
330 1009 649 1049 conservum
678 992 960 1048 calumniis
987 998 1320 1062 appetamus.
1360 1010 1379 1042 ι
1422 990 1554 1045 Item
1580 988 1814 1060 Cyrillus

246 1086 527 1154 episcopus
556 1081 951 1136 Alexandrinus
975 1081 1040 1135 de
1080 1079 1287 1134 unitate
1311 1093 1557 1148 personae
1595 1086 1650 1132 et
1688 1092 1816 1147 pro-

246 1173 481 1242 prietate
502 1172 557 1225 in
581 1172 786 1225 duabus
812 1169 1018 1224 naturis
1041 1168 1163 1223 Filii
1190 1168 1285 1224 Dei
1315 1169 1344 1209 ιι
1369 1186 1382 1222 :
1418 1186 1444 1221 ς
1480 1168 1630 1225 Unus
1653 1169 1818 1239 igitur
1850 1168 1854 1171 ⁷

246 1271 349 1328 est,
407 1261 603 1331 inquit,
653 1267 710 1315 et
761 1269 888 1314 ante
934 1259 1358 1314 incarnationem
1402 1259 1545 1314 Deus
1602 1257 1813 1329 [Cyril.,

248 1355 393 1409 Deus
432 1350 636 1423 verus],
683 1360 738 1406 et
767 1351 859 1420 qui
904 1350 958 1404 in
996 1351 1333 1405 humanitate
1359 1350 1579 1414 mansit,
1630 1351 1683 1404 in
1710 1364 1817 1419 quo

246 1452 363 1498 erat
388 1441 600 1514 [Cyril.,
627 1442 681 1495 id
706 1441 848 1510 quod
875 1439 1036 1512 erat],
1066 1450 1121 1495 et
1160 1448 1262 1504 est,
1305 1449 1362 1494 et
1388 1440 1513 1495 erit.
1547 1438 1665 1495 Non
1709 1440 1818 1495 dis-

240 1534 513 1590 cernendo
560 1533 725 1605 igitur
769 1547 935 1586 unum
980 1532 1265 1586 Dominum
1311 1530 1493 1586 Iesum
1543 1531 1816 1587 Christum

243 1632 300 1685 in
350 1630 625 1685 hominem
678 1642 941 1692 seorsum,
992 1635 1050 1682 et
1095 1642 1341 1682 seorsum
1386 1626 1442 1680 in
1494 1626 1686 1691 Deum,
1719 1625 1815 1681 sed

246 1739 411 1778 unum
451 1722 808 1790 eamdemque
852 1718 1034 1775 Jesum
1083 1718 1355 1775 Christum
1396 1732 1517 1774 esse
1561 1716 1810 1782 dicimus,

1913 554 2005 592 rus
2041 537 2183 594 Deus
2209 550 2257 594 et
2285 540 2389 594 vita
2428 549 2623 594 aaterna
2660 538 2713 611 (I
2736 538 2899 595 Joan.
2926 556 2980 605 v,
3005 541 3120 613 20).
3144 541 3342 597 Verum
3386 542 3489 598 ho-

1912 628 2113 683 minem
2160 628 2433 685 Christum
2482 630 2850 701 recognoscit,
2905 631 3030 700 quia
3092 630 3312 685 Verbum
3365 648 3491 687 caro

1911 719 2075 790 822
2120 719 2318 788 factum
2360 729 2457 784 est,
2496 731 2541 774 et
2567 719 2816 774 habitavit
2843 721 2900 775 in
2929 720 3109 787 nobis;
3136 721 3493 792 eumdemquo

1911 823 2100 862 verum
2124 807 2290 862 Deum
2312 807 2582 873 ostendit;
2605 807 2732 877 quia
2757 808 2813 861 in
2835 808 3089 879 principio
3110 819 3221 863 erat
3244 807 3492 877 Verbum.

1913 908 1961 953 et
2004 896 2224 953 Verbum
2260 908 2371 952 erat
2405 898 2545 968 apud
2574 898 2760 961 Deum,
2790 908 2838 953 et
2866 898 3007 952 Deus
3035 909 3146 953 erat
3190 898 3429 957 Verbum.
3465 921 3486 955 ι

1914 988 1983 1043 Et
2005 986 2165 1058 paulo
2204 996 2326 1058 post
2363 988 2502 1043 idem
2548 986 2841 1044 Cassianus
2869 989 2922 1043 in
2953 989 3092 1045 libro
3123 992 3282 1047 tertio
3307 993 3373 1048 de
3404 1009 3493 1049 sa-

1916 1085 2192 1133 cramento
2234 1079 2501 1148 passionis
2540 1077 2762 1144 Christi,
2793 1087 2850 1134 et
2892 1080 2958 1135 de
2986 1082 3193 1138 unitate
3231 1083 3350 1138 Filii
3395 1083 3494 1140 Dei

1915 1170 2189 1226 disserens
2230 1172 2308 1226 ait
2350 1189 2363 1225 :
2409 1190 2429 1223 ι
2475 1171 2659 1242 Itaque
2701 1172 2781 1228 sic
2824 1174 2879 1228 in
2925 1189 2984 1230 se
3010 1184 3176 1231 totum
3219 1178 3493 1235 hominem

1915 1275 2077 1316 verus
2103 1260 2247 1317 Deus
2269 1271 2326 1317 et
2361 1278 2602 1319 summus
2627 1265 2852 1334 accepit,
2879 1275 2934 1321 et
2956 1267 3034 1322 sic
3058 1267 3333 1338 plenitudo
3361 1271 3496 1326 divi-

1916 1350 2125 1416 nitatis,
2165 1352 2390 1407 veritate
2432 1352 2627 1408 divina:
2676 1355 3031 1426 humanasque
3068 1359 3387 1415 substantia:
3413 1361 3495 1415 in-

1917 1439 2311 1498 confusibiliter
2352 1451 2720 1512 permanente,
2768 1446 3117 1517 semetipsum
3164 1447 3323 1518 pleno
3363 1464 3496 1518 con-

1912 1531 2092 1603 junxit
2113 1534 2340 1599 homini,
2381 1543 2442 1589 ut
2472 1535 2678 1590 unitate
2713 1536 2964 1607 deinceps
3009 1538 3064 1592 in
3090 1547 3350 1595 aeternum
3381 1554 3496 1595 ma-

1918 1631 2081 1678 nente
2104 1639 2369 1695 personae,
2398 1640 2500 1681 nec
2535 1625 2695 1680 homo
2722 1624 2969 1682 Christus
3006 1643 3037 1681 a
3069 1644 3165 1683 sua
3193 1630 3493 1696 divinitate,

1920 1730 2022 1770 nec
2066 1714 2207 1769 idem
2244 1714 2387 1770 Deus
2433 1715 2685 1772 Christus
2722 1731 2753 1771 a
2797 1732 2895 1773 sua
2938 1720 3108 1789 possit
3164 1721 3496 1780 humanitate

247 1832 349 1870 non
400 1780 1067 1885 ignorantesdiﬁ‘erentias
1109 1817 1447 1877 naturarum,
1488 1807 1583 1863 sed
1612 1822 1707 1863 eas
1734 1780 1817 1861 in-
1847 1780 1893 1839 Β
1921 1800 2151 1875 disiungi
2185 1823 2196 1856 :
2240 1819 2381 1860 unus
2403 1812 2582 1885 tamen
2609 1813 2769 1876 atque
2793 1780 3210 1865 idem-Christus
3232 1819 3287 1865 et
3309 1826 3376 1866 ex
3406 1828 3496 1868 ve-

248 1901 497 1958 confusas
520 1901 661 1964 inter
694 1914 758 1954 se
781 1906 1060 1953 servantes
1088 1896 1302 1968 [Cyril.,
1331 1894 1666 1967 statuentes].
1700 1914 1718 1947 ι
1750 1893 1818 1949 Et

249 2000 366 2062 post
394 2005 563 2062 pauca
601 2000 623 2028 ο
659 2007 672 2043 :
724 2007 742 2040 ι
777 1987 1078 2054 Christum,
1114 1988 1310 2056 inquit,
1357 1986 1526 2042 Deum
1572 2000 1739 2040 unum
1762 1992 1819 2040 et

248 2082 527 2137 Dominum
550 2078 891 2143 conﬁtemur,
915 2092 1023 2131 non
1048 2084 1159 2131 tam
1192 2076 1463 2132 hominem
1491 2090 1613 2131 cum
1641 2075 1819 2130 Verbo

249 2171 617 2235 eosderantes,
651 2184 719 2223 ne
754 2167 1034 2223 divisionis
1060 2167 1305 2236 quaedam
1353 2167 1561 2237 species
1595 2166 1820 2221 induca-

249 2274 362 2331 tur;
387 2264 480 2319 sed
505 2277 670 2317 unum
695 2260 855 2316 etiam
877 2267 933 2314 et
956 2258 1204 2313 eumdem
1227 2257 1533 2324 adorantes,
1562 2257 1688 2327 quia
1711 2272 1819 2313 non

249 2364 330 2412 est
359 2356 591 2411 alienum
621 2367 651 2406 a
687 2350 865 2407 Verbo
910 2364 1107 2421 corpus
1153 2364 1330 2414 suum,
1377 2363 1501 2403 cum
1550 2363 1658 2418 quo
1703 2347 1819 2440 ipse

249 2450 411 2505 etiam
438 2445 638 2501 assidet
654 2441 953 2515 [Ωαει-εεε..
982 2438 1223 2510 adsedet]
1256 2437 1425 2493 Patri.
1463 2437 1574 2493 Nec
1614 2438 1718 2492 hoc
1742 2437 1819 2492 ita

250 2541 497 2602 dicimus,
544 2535 699 2607 quasi
733 2533 941 2587 duobus
988 2530 1113 2585 ﬁliis
1157 2529 1537 2593 assidentibus,
1576 2527 1671 2583 sed
1712 2543 1820 2583 uno

250 2651 371 2692 cum
399 2648 564 2690 carne
597 2646 695 2702 per
734 2630 997 2684 unitatem
1027 2646 1039 2681 :
1080 2627 1207 2697 quia
1250 2627 1295 2682 si
1327 2626 1487 2681 talem
1529 2626 1820 2697 copulatio-

250 2741 373 2783 nem
403 2723 600 2779 factam
628 2735 725 2791 per
760 2717 1136 2783 substantiam,
1176 2723 1270 2770 aut
1314 2715 1469 2785 quasi
1510 2716 1818 2787 impossibi-

249 2824 375 2883 lem,
403 2823 495 2870 aut
519 2812 674 2884 quasi
710 2826 902 2882 parum
924 2810 1174 2865 decoram
1196 2808 1531 2864 voluerimus
1550 2809 1817 2880 accipere,

249 2910 306 2963 in
344 2907 398 2962 id
438 2903 742 2967 incidimus,
781 2909 841 2954 ut
871 2899 1004 2955 duos
1056 2897 1194 2952 lilios
1234 2911 1356 2953 esse
1397 2897 1658 2953 dicamus.
1711 2895 1822 2952 Nec

250 3000 390 3056 enim
424 2995 569 3070 [Leg.
597 3010 662 3049 ex
709 2990 908 3063 Cyrillo
937 3008 956 3046 :
999 2989 1229 3045 Necesse
1273 2996 1356 3044 est
1403 2986 1569 3060 enim]
1618 2987 1821 3043 discer-

252 3104 378 3146 nere
404 3095 461 3143 et
486 3087 692 3142 discere
719 3082 992 3137 hominem
1024 3087 1351 3150 separatum,
1397 3077 1561 3134 fuisse
1587 3077 1700 3133 sola
1722 3076 1819 3131 ﬁlii

251 3175 609 3249 appellatione
629 3173 969 3234 honoratum,
995 3178 1050 3225 et
1077 3184 1267 3223 rursus
1289 3168 1543 3231 Verbum,
1576 3166 1719 3237 quod
1738 3175 1823 3224 est

248 3288 318 3328 ex
341 3271 449 3325 Deo
484 3276 538 3324 et
558 3266 775 3322 nomine
799 3269 854 3341 et
870 3261 1099 3317 veritate
1125 3259 1295 3315 Filius
1314 3258 1412 3315 Dei
1444 3273 1459 3313 :
1491 3259 1585 3314 sed
1615 3259 1820 3314 discer-

250 3377 381 3418 nere
409 3361 463 3414 in
511 3359 644 3414 duos
674 3355 813 3410 ﬁlios
863 3369 972 3409 non
1021 3353 1277 3408 debemus
1324 3366 1491 3406 unum
1536 3349 1823 3405 Dominum

250 3451 435 3507 Iesum
461 3446 752 3501 Christum.
792 3462 811 3495 ι
847 3442 982 3497 Item
1003 3441 1194 3496 beatus
1220 3439 1456 3496 Hilarius
1478 3440 1532 3495 in
1555 3439 1695 3496 libro
1720 3456 1822 3495 no-

251 3559 321 3598 no
357 3539 481 3594 ﬁdei
503 3534 779 3592 catholica:
804 3532 870 3586 τις
910 3550 928 3583 ι
966 3530 1093 3587 Rrec
1136 3532 1317 3601 itaque
1355 3531 1602 3586 humanae
1646 3531 1821 3587 beati-

253 3633 451 3689 tudinis
481 3630 613 3685 ﬁdes
638 3643 766 3683 vera
790 3635 894 3693 est,
924 3625 1091 3681 Deum
1116 3634 1171 3680 et
1197 3626 1470 3681 hominem
1498 3626 1818 3696 praedicare,

252 3723 488 3779 Verbum
517 3728 571 3776 et
596 3733 812 3775 carnem
845 3716 1111 3773 conﬁteri.
1160 3715 1345 3787 Neque
1374 3716 1542 3771 Deum
1584 3716 1819 3783 nescire,

256 3814 401 3885 quod
424 3820 479 3869 et
525 3812 688 3868 homo
734 3810 823 3877 sit,
871 3822 1046 3879 neque
1100 3822 1316 3862 carnem
1365 3808 1636 3879 ignorare,
1679 3810 1824 3880 quod

254 3904 486 3961 Verbum
513 3902 602 3958 sit.
641 3922 659 3953 ι
693 3899 1060 3955 Consentanea
1090 3913 1302 3968 quoque
1325 3898 1648 3971 evangelicis
1676 3900 1826 3955 testi-

252 3996 469 4061 moniis,
522 3991 933 4063 apostolicisque
977 3989 1236 4045 doctrinis
1284 3996 1339 4044 et
1384 3998 1691 4045 sanctorum
1720 3991 1825 4045 Pa-

253 4097 399 4142 trum
423 4070 688 4149 sensibus,
718 4069 908 4136 beatus
924 4080 1217 4135 Cassianus
1235 4078 1443 4149 pl‘ol‘ert
1468 4080 1522 4134 in
1549 4079 1639 4135 illo
1664 4079 1822 4147 libro,

251 4196 412 4253 quem
440 4185 626 4234 contra
654 4173 918 4229 haereticte
941 4171 1221 4241 pravitatis
1248 4178 1455 4226 sectam
1497 4171 1714 4242 scripsit
1757 4182 1781 4211 ο
1805 4187 1818 4225 :

258 4293 274 4323 ι
312 4270 738 4328 Testamentum,
768 4262 960 4332 inquit,
984 4269 1136 4315 vetus
1159 4260 1433 4315 concinuit
1466 4276 1627 4326 novo,
1656 4261 1825 4318 David

251 4360 442 4416 Joanni
472 4354 749 4413 concedat.
802 4371 819 4403 ι
845 4351 920 4406 Et
964 4348 1123 4420 paulo
1168 4358 1327 4419 post:
1364 4368 1383 4400 ε
1422 4349 1592 4416 Quem
1635 4367 1824 4406 verum

1918 1892 2080 1948 ritate
2103 1894 2376 1965 passionis
2402 1895 2668 1961 humanae,
2693 1913 2812 1967 qua:
2840 1906 3021 1954 nostra
3050 1899 3286 1965 fuerant,
3309 1903 3496 1958 redde-

1918 1993 2041 2041 ret:
2085 1994 2142 2043 et
2185 2002 2253 2043 ex
2297 1988 2525 2045 veritate
2570 1988 2933 2060 impassibilis,
2985 1990 3199 2058 divina,
3245 2008 3366 2062 qua:
3398 2009 3495 2049 sua

1918 2075 2153 2141 fuerant,
2183 2077 2476 2132 tribuisset.
2518 2078 2588 2134 Et
2626 2079 2706 2134 sic
2749 2079 3032 2150 utriusque
3079 2090 3284 2137 naturae
3312 2084 3496 2139 incon-

1919 2165 2039 2222 fusa
2065 2167 2268 2223 veritas
2302 2168 2640 2238 perduravit,
2669 2178 2728 2223 ut
2766 2184 2866 2225 nec
2905 2170 3066 2226 homo
3092 2186 3123 2225 a
3154 2171 3264 2228 Deo
3296 2172 3493 2238 divelli,

1919 2271 2021 2312 nec
2062 2255 2207 2312 Deus
2246 2272 2278 2312 a
2306 2266 2557 2329 suscepto
2597 2259 2771 2329 possit
2815 2260 3033 2317 homine
3059 2263 3321 2332 separari.
3361 2284 3380 2316 ι
3422 2265 3498 2321 De

1918 2363 2026 2420 qua
2053 2348 2217 2403 etiam
2238 2349 2445 2405 unitate
2467 2349 2797 2405 clarissimus
2819 2352 3005 2430 doctor
3029 2352 3220 2409 beatus
3239 2353 3351 2426 Aug
3362 2355 3497 2411 usti-

1918 2453 2022 2494 nus
2050 2439 2104 2494 in
2131 2439 2270 2495 libro
2296 2439 2473 2510 primo
2517 2440 2584 2494 de
2630 2448 2817 2496 sancta
2862 2442 3127 2497 Trinitate
3176 2458 3293 2513 cap.
3340 2445 3498 2499 tertio

1919 2526 2129 2583 decimo
2168 2528 2309 2583 inter
2332 2527 2438 2583 alia
2461 2528 2627 2583 multa
2654 2529 2932 2585 catholica
2960 2530 3083 2587 ﬁdei
3112 2532 3496 2588 convenientia

1919 2617 1995 2672 ita
2033 2618 2109 2672 ait
2142 2617 2163 2657 ί
2192 2633 2207 2671 :
2244 2635 2264 2669 ‹
2300 2617 2414 2673 Nisi
2444 2628 2623 2673 tamen
2662 2619 2804 2674 idem
2834 2620 2948 2690 ipse
2974 2630 3119 2677 esset
3147 2621 3288 2678 ﬁlius
3318 2623 3496 2678 homi-

1916 2707 2023 2771 nis,
2068 2716 2287 2779 propter
2331 2707 2559 2763 formam
2601 2709 2763 2775 servi,
2810 2725 2970 2781 quam
3021 2713 3249 2783 accepit,
3291 2715 3382 2783 qui
3411 2724 3499 2771 est

1918 2796 2085 2852 Filius
2112 2799 2204 2854 Dei
2232 2808 2453 2870 propter
2478 2800 2572 2856 Dei
2604 2799 2854 2868 formam,
2888 2803 2942 2858 in
2970 2819 3075 2873 qua
3118 2814 3223 2871 est,
3265 2822 3373 2862 non
3411 2807 3496 2862 di-

1919 2897 2065 2946 ceret
2094 2892 2366 2962 apostolus
2408 2892 2606 2950 Paulus
2642 2894 2709 2950 de
2737 2896 3067 2967 principibus
3091 2897 3250 2969 hujus
3272 2898 3452 2954 saeculi
3479 2917 3493 2953 :

1921 2978 1982 3035 Si
2006 2981 2143 3034 enim
2169 2983 2545 3052 cognovissent,
2579 3000 2845 3056 nunquam
2867 2985 3148 3042 Dominum
3167 2987 3348 3060 gloriae
3372 3006 3495 3045 cru-

1922 3069 2204 3137 ciﬁxissent
2232 3069 2288 3141 (I
2320 3070 2443 3126 Cor.
2470 3088 2544 3137 ιι,
2573 3072 2648 3144 8).
2675 3073 2755 3128 Ex
2791 3072 2961 3130 forma
2988 3077 3135 3131 enim
3161 3079 3300 3133 servi
3321 3079 3501 3136 cruci-

2233 3118 2277 3141 \_
2326 3118 2443 3126 --η
2574 3118 2648 3144 -,.
2675 3118 2755 3128 ....
2791 3118 2961 3130 .ν..,...
2989 3118 3135 3131 sm...
3161 3118 3300 3133 σν...
3322 3118 3489 3136 ...ηπ

1846 3118 1893 3182 c
1926 3156 2064 3213 ﬁxus
2093 3167 2198 3224 est,
2241 3168 2296 3214 et
2340 3169 2523 3217 tamen
2564 3161 2824 3220 Dominus
2865 3166 3049 3237 gloriae
3075 3167 3363 3226 cruciﬁxus
3385 3180 3489 3227 est.

1924 3249 2068 3303 Talis
2089 3250 2233 3304 enim
2265 3259 2385 3306 erat
2429 3251 2517 3306 illa
2556 3255 2848 3324 susceptio,
2875 3271 2995 3325 quae
3025 3256 3193 3313 Deum
3223 3258 3495 3317 hominem

1923 3342 2146 3409 faceret,
2172 3353 2228 3400 et
2269 3345 2540 3401 hominem
2572 3348 2759 3403 Deum.
2808 3369 2827 3401 ι
2860 3348 2992 3405 Item
3034 3353 3090 3407 in
3123 3342 3314 3409 eodem
3358 3353 3497 3410 libro

1923 3448 2042 3503 cap.
2083 3433 2310 3502 septimo
2352 3435 2386 3473 ιε
2408 3452 2420 3487 :
2467 3452 2487 3484 ε
2525 3434 2710 3504 Neque
2733 3437 2876 3491 enim
2917 3439 2997 3493 sic
3032 3442 3240 3512 accepit
3265 3442 3497 3499 formam

1923 3524 2087 3589 servi,
2126 3534 2187 3579 ut
2213 3524 2488 3580 amitteret
2525 3523 2753 3581 formam
2790 3527 2905 3593 Dei,
2943 3529 2997 3583 in
3033 3544 3139 3599 qua
3172 3539 3291 3587 erat
3314 3548 3498 3603 xequa-

1922 3615 1989 3670 lis
2029 3614 2195 3670 Patri.
2232 3634 2249 3668 ι

1993 3716 2080 3772 lV.
2122 3716 2181 3772 Si
2219 3732 2347 3789 ergo
2390 3720 2465 3772 ita
2511 3727 2728 3790 accepta
2774 3729 2858 3775 est
2894 3720 3066 3777 forma
3108 3726 3270 3786 servi,
3303 3734 3360 3780 ut
3388 3742 3497 3782 non

1924 3814 2264 3868 amitteretur
2300 3812 2474 3866 forma
2505 3811 2621 3877 Dei,
2664 3828 2786 3869 cum
2812 3822 2868 3868 et
2910 3815 2965 3869 in
2990 3813 3161 3871 forma
3193 3818 3333 3872 servi
3356 3826 3410 3872 et
3438 3818 3496 3873 in

1925 3903 2097 3959 forma
2126 3903 2218 3958 Dei
2248 3903 2389 3958 idem
2426 3903 2540 3972 ipse
2586 3904 2656 3958 sit
2702 3903 2871 3958 Filius
2912 3907 3221 3976 unigenitus
3259 3908 3354 3963 Dei
3395 3907 3501 3963 Pa-

1926 3996 2024 4050 tris
2055 4013 2067 4048 :
2116 3995 2265 4049 illum
2297 4009 2455 4064 quem
2498 4002 2675 4050 vestra
2708 3995 2984 4049 temeritas
3012 3994 3239 4049 allirmat
3281 3996 3499 4066 adopti-

1924 4100 2074 4151 vum,
2120 4086 2261 4139 hunc
2289 4084 2477 4139 beatus
2503 4083 2832 4153 Augustinus
2860 4097 2968 4137 non
3006 4084 3267 4139 dubitavit
3303 4086 3497 4156 unige-

1925 4175 2099 4230 nitum
2128 4175 2427 4229 nominare.
2457 4173 2559 4230 Ubi
2600 4173 2905 4245 unigenitus
2930 4183 3031 4238 est,
3074 4174 3147 4229 ibi
3176 4174 3350 4230 locum
3387 4192 3498 4232 non

1924 4268 2086 4323 habet
2108 4267 2408 4338 adoptivus.
2438 4266 2549 4322 Nec
2567 4267 2857 4323 secundum
2881 4274 3115 4323 vestram
3141 4269 3500 4326 assertionem

1923 4357 2231 4429 unigenitus
2256 4364 2340 4411 est
2377 4364 2584 4412 tantum
2612 4357 2665 4411 in
2689 4355 2868 4411 divina
2906 4364 3118 4423 natura,
3150 4366 3205 4412 et
3228 4358 3499 4429 primogeo

252 4451 524 4507 hominem
545 4445 675 4501 dicit
696 4441 886 4507 David,
916 4441 1039 4509 quia
1065 4448 1239 4494 mater
1267 4439 1396 4495 Sion
1422 4440 1590 4494 dicit:
1623 4439 1818 4507 Homo,
1850 4459 1898 4519 υ
1925 4448 2073 4503 nitus
2116 4448 2172 4502 in
2215 4447 2486 4513 humana;
2527 4448 2653 4517 quia
2697 4446 2855 4502 beata
2904 4448 3067 4517 Virgo
3116 4448 3344 4504 alterum
3387 4466 3497 4507 non

248 4551 297 4595 et
316 4542 469 4595 homo
500 4545 653 4592 natus
678 4534 733 4588 in
764 4549 844 4596 ea,
873 4530 1118 4586 eumdem
1148 4544 1335 4584 verum
1367 4529 1535 4584 Deum
1566 4530 1740 4586 credit
1765 4541 1819 4587 et

251 4631 527 4702 praedicat,
555 4628 680 4698 quia
732 4626 839 4696 ipse
891 4621 1131 4693 {undavit
1161 4637 1275 4674 eam
1317 4618 1615 4675 Altissimus
1646 4621 1818 4693 (Psal.

251 4732 478 4781 LXXXVI,
518 4714 592 4786 5).
639 4713 807 4781 Quem
839 4724 1024 4766 verum
1070 4708 1342 4769 hominem
1389 4708 1537 4762 novit
1568 4706 1822 4776 Joannes

251 4809 475 4865 audiens
507 4820 627 4860 eum
658 4804 921 4858 dicentem
946 4819 959 4855 :
1002 4798 1249 4865 Quaeritis
1278 4815 1359 4853 me
1384 4799 1616 4853 occidere
1652 4801 1820 4853 homi-

252 4916 388 4965 nem,
416 4896 504 4970 qui
522 4894 782 4950 vcritatcm
811 4890 1011 4945 locutus
1036 4906 1151 4944 sum
1177 4889 1316 4945 vobis
1346 4887 1526 4961 (Joan.
1557 4905 1677 4957 vm,
1702 4890 1814 4962 40);

322 5076 347 5103 ι
385 5062 446 5117 Β.
487 5057 665 5115 Procli
689 5051 911 5126 epistola
938 5058 995 5106 et
1013 5059 1193 5109 textus
1218 5058 1433 5107 exstant
1465 5049 1520 5104 in
1545 5048 1684 5106 Bibl.
1711 5050 1814 5106 PP.

253 5132 708 5271 wifSYICyrillus
729 5194 882 5271 Alex.
912 5191 965 5245 in
1006 5188 1238 5271 Scholiis
1262 5197 1393 5243 tom.
1422 5189 1817 5271 V,”ub_i__tamen

252 5270 403 5327 deest
441 5259 805 5325 testimonium
835 5263 1062 5317 alterum
1094 5268 1212 5382 post
1252 5276 1441 5329 pauca.
1474 5259 1683 5314 Similia
1708 5259 1820 5316 fere

253 5341 415 5382 han
443 5339 674 5382 vaillns
701 5336 736 5382 I-
764 5335 857 5382 cit.
908 5347 1027 5382 can.
1060 5330 1086 5382 1
1134 5367 1147 5382 .

253 5341 415 5396 habet
443 5339 674 5401 Cyrillus
701 5336 736 5389 l.
764 5335 857 5389 cit.
908 5347 1027 5401 cap.
1060 5330 1147 5383 l7.

324 5421 348 5449 ο
386 5408 446 5463 S.
474 5397 639 5477 Cyril.
672 5421 777 5477 non
817 5402 890 5477 ibi
929 5397 1041 5477 post
1084 5414 1277 5477 pauca,
1322 5397 1417 5453 sed
1446 5398 1648 5477 inuenio
1673 5399 1811 5477 1009.

252 5494 446 5552 nempe
496 5467 551 5534 in
600 5476 769 5552 Epist.
802 5474 888 5552 ad
929 5467 1263 5552 Nestorium
1300 5477 1445 5552 tam.
1493 5467 1582 5552 IV
1608 5469 1813 5552 Concil.
1846 5488 1851 5493 '

252 5539 421 5606 Mausi
447 5562 569 5617 pag.
607 5539 733 5608 890,
761 5550 816 5617 et
843 5541 1065 5617 t_om_.__V,
1119 5555 1242 5617 pag.
1272 5539 1422 5617 Δ49η
1472 5547 1537 5617 et
1554 5547 1710 5617 tom.
1748 5539 1816 5604 V,

251 5626 390 5689 part.
414 5608 462 5673 ιί
488 5608 732 5692 (Yperum
759 5610 817 5665 S.
844 5609 1027 5692 Cyrilli
1071 5608 1322 5692 epist..6,
1351 5624 1473 5692 pag:
1504 5608 1594 5673 24,
1620 5609 1819 5692 phique

253 5678 429 5745 iaiucn
474 5678 651 5743 tcitus
695 5680 866 5737 Grzcci
894 5678 1289 5746 interpretatio
1341 5680 1409 5733 ab
1460 5680 1560 5733 hac
1607 5678 1815 5732 Aleuini

1924 4539 2129 4611 genuit,
2156 4539 2260 4594 nisi
2289 4554 2473 4594 verum
2500 4547 2554 4592 et
2581 4541 2723 4593 hunc
2749 4538 3085 4608 unigenitum
3118 4539 3213 4593 Dei
3241 4538 3416 4595 Patris
3440 4550 3497 4595 et

1922 4645 2098 4686 suum.
2145 4630 2277 4685 Item
2335 4628 2722 4699 primogenitus
2773 4628 2827 4682 in
2878 4628 3232 4691 humanitate,
3294 4637 3355 4683 ut
3417 4631 3497 4685 ait

1922 4720 2258 4791 Evangelista
2283 4735 2298 4773 :
2324 4719 2496 4773 Donec
2518 4719 2713 4788 peperit
2737 4717 2906 4786 ﬁlium
2925 4734 3076 4772 suum
3097 4718 3496 4789 primogenitum

1925 4811 2139 4884 (Matth.
2170 4828 2216 4875 ι,
2248 4809 2339 4881 25)
2371 4827 2383 4861 :
2413 4809 2468 4863 in
2499 4807 2681 4863 divina
2719 4822 2848 4863 vero
2890 4807 3188 4871 uativitate,
3233 4809 3372 4864 sicut
3417 4810 3497 4865 ait

1921 4900 2206 4971 Apostolus
2236 4918 2248 4954 :
2284 4898 2671 4968 Primogenitus
2711 4897 2877 4952 omnis
2917 4907 3169 4954 creatum
3190 4897 3409 4969 (Coloss.
3443 4916 3490 4964 ι,

1918 5052 2095 5123 quoad
2120 5053 2284 5123 verba
2313 5049 2506 5123 differt.

1990 5122 2017 5162 ά
2060 5122 2117 5176 S.
2158 5121 2327 5176 Hilar.
2360 5122 2453 5175 lib.
2481 5136 2537 5176 ιι
2558 5121 2624 5175 de
2651 5120 2868 5185 Trinit.,
2903 5135 3052 5174 num.
3084 5121 3135 5175 5.

1996 5204 2019 5232 e
2059 5192 2189 5258 Quis
2217 5192 2289 5246 sit
2322 5191 2478 5255 liber,
2508 5205 2667 5261 quem
2698 5187 2988 5244 Cassianus
3012 5197 3200 5261 contra
3222 5189 3495 5261 haeretica:

1919 5261 2198 5334 pravitatis
2223 5272 2447 5334 sectam,
2484 5259 2577 5334 aut
2601 5259 2667 5314 de
2689 5267 3025 5334 sacramento
3050 5259 3315 5334 passionis
3335 5259 3496 5334 Chri-

1852 5350 1853 5353 ‘
1922 5328 2018 5395 'sti,
2055 5340 2188 5394 etc.,
2236 5332 2473 5401 scripsit,
2523 5331 2731 5401 ignoro.
2754 5328 3008 5401 inlibris
3032 5328 3099 5384 de
3114 5329 3499 5401 Incarnatione

1923 5403 2134 5484 Domini
2158 5402 2258 5457 hos
2305 5398 2634 5471 textus,-qui
2664 5398 2753 5454 hic
2797 5399 3055 5465 citantur,
3101 5399 3335 5469 reperire
3383 5416 3497 5456 non

1921 5483 2120 5595 pmimS.
2151 5541 2230 5596 Au
2273 5581 2287 5595 .
2322 5542 2358 5595 l.
2387 5540 2502 5604 cit.,
2538 5554 2688 5594 num.
2712 5539 2801 5593 26.

1999 5613 2024 5651 ⁸
2060 5611 2205 5665 Idem
2235 5557 2366 5665 ibid.
2397 5625 2514 5665 can.
2557 5609 2611 5665 7.
2645 5625 2791 5664 num.

1999 5613 2024 5651 ⁸
2060 5611 2205 5666 Idem
2237 5608 2366 5665 ibid.
2397 5625 2514 5679 cap.
2557 5609 2611 5671 7,
2645 5625 2791 5664 num.
2833 5608 2897 5662 14
