3906 6186
332 358 439 414 177

1044 363 1459 422 DOGMATICA.
1501 399 1572 409 —
1608 368 1767 425 ADV.
1811 367 2106 427 FELICEM
2146 373 2325 431 LIBRI
2369 375 2475 432 VII.
2511 408 2574 417 —
2610 375 2736 434 LIB.
2778 381 2866 436 IV.

327 477 443 552 15).
472 476 541 533 Et
566 477 684 547 ipse
723 487 808 534 est
836 488 963 534 ante
991 496 1201 547 omnes,
1244 492 1300 538 et
1342 484 1524 539 omnia
1553 485 1609 539 in
1651 485 1745 540 illo
1787 499 1914 541 con-
1941 488 1992 546 Δ
2017 491 2284 556 quomodo
2331 491 2652 549 universalis
2701 492 2942 549 Ecclesia
2977 508 3074 562 per
3123 501 3294 547 totum
3340 491 3598 546 mundum

323 579 498 628 stant.
527 569 838 626 Secundum
864 571 1093 628 formam
1131 575 1277 628 servi
1303 576 1414 647 ipse
1437 584 1522 630 est
1543 585 1703 646 caput
1726 593 1921 649 corpo-

323 666 406 721 ris
436 665 714 721 Ecclesiaa.
771 666 846 720 De
895 668 1164 724 sententia
1189 684 1320 724 vero
1370 671 1608 727 doctoris
1656 672 1916 744 gentium,

324 774 492 828 quam
543 758 762 813 beatum
797 759 1160 830 Augustinum
1199 777 1362 833 supra
1414 765 1728 833 exposuisse
1774 764 1916 818 dixi-

322 865 482 904 mus:
523 849 584 904 Si
611 851 749 903 enim
771 853 1153 921 cognovissent,
1185 870 1454 926 nunquam
1494 854 1781 909 Dominum
1803 855 1917 926 glo—

322 938 420 992 rise
445 937 830 1006 cruciﬁxissent
854 955 874 992 :
904 940 1154 1012 egregius
1199 941 1390 997 doctor
1433 942 1668 1014 Cyrillus
1715 944 1771 998 in
1802 944 1916 1014 epi-

320 1027 461 1082 stola
491 1028 726 1083 secunda
742 1030 810 1084 ad
824 1028 1147 1085 Successum
1163 1033 1239 1086 ait
1260 1045 1284 1073 ο
1315 1054 1326 1087 :
1353 1051 1370 1083 ι
1399 1033 1516 1089 Non
1539 1035 1710 1090 solum
1739 1037 1917 1092 Domi-

320 1133 452 1172 num
492 1119 700 1189 gloriae,
727 1122 821 1176 sed
851 1130 906 1176 et
946 1123 1116 1178 Deum
1145 1139 1308 1194 super
1339 1126 1522 1180 omnia
1568 1128 1913 1184 benedictum

323 1209 380 1263 in
439 1211 639 1264 secula
692 1212 1039 1268 beatissimus
1091 1214 1291 1270 Paulus
1355 1215 1588 1270 atiirmat
1633 1218 1913 1288 proprium

319 1304 474 1358 verbi
514 1319 711 1373 corpus
739 1304 956 1360 aiiixum
979 1307 1033 1360 in
1060 1307 1227 1378 ligno.
1270 1329 1287 1360 ι
1321 1309 1520 1365 Petrus
1555 1325 1770 1380 quoque
1801 1311 1910 1366 Ra-

319 1397 613 1452 vennensis
641 1398 927 1468 episcopus
954 1400 1019 1455 de
1040 1400 1143 1455 hac
1168 1410 1356 1455 sancta
1388 1401 1509 1464 ﬁde,
1553 1404 1696 1471 quod
1729 1401 1908 1468 Jesus,

319 1492 414 1560 qui
460 1506 528 1545 ex
558 1491 784 1563 Virgine
824 1501 984 1548 natus
1027 1502 1132 1559 est,
1170 1509 1330 1549 verus
1376 1495 1446 1550 sit
1492 1494 1658 1560 Deus,
1709 1495 1764 1548 in
1811 1511 1910 1551 suo

321 1600 571 1640 sermone
593 1588 908 1652 contirmat;
939 1587 1015 1640 ait
1042 1588 1187 1642 enim
1217 1588 1361 1643 inter
1385 1589 1490 1643 alia
1528 1589 1818 1644 catholicas
1840 1588 1903 1643 tl-

320 1677 405 1732 dei
449 1679 758 1733 testimonia
789 1679 818 1718 ιι
855 1699 867 1733 :
914 1699 932 1730 ‹
982 1679 1290 1750 Concipies,
1340 1682 1514 1759 inquit
1560 1682 1804 1754 angelus,
1852 1683 1906 1736 in

317 1777 501 1834 utero,
530 1780 587 1826 et
622 1773 804 1840 paries
828 1771 1046 1840 Filium,
1096 1782 1151 1827 et
1176 1775 1396 1829 vocabis
1439 1790 1632 1830 nomen
1663 1773 1780 1843 ejus
1818 1773 1908 1830 Je-

2017 582 2290 635 communi
2317 586 2736 655 consuetudine,
2778 589 2940 643 etiam
2975 597 3029 643 et
3075 604 3189 654 vos,
3217 595 3280 642 ut
3333 601 3488 643 reor.
3543 586 3598 641 in

2016 669 2268 727 omnibus
2287 675 2622 734 orationibus
2649 694 2770 748 quae
2797 678 2851 732 in
2879 680 3166 735 missarum
3195 677 3470 732 solemniis
3507 677 3602 730 de-

2016 767 2324 829 cantantur,
2352 765 2530 822 dicere
2559 769 2729 824 solet:
2770 769 2877 826 Per
2907 769 3089 825 Jesum
3117 767 3382 823 Christum
3417 766 3600 820 Domi-

2017 867 2140 906 num
2167 865 2425 922 nostrum,
2453 859 2542 928 qui
2577 867 2744 912 tecum
2773 860 2891 913 vivit
2916 871 2964 913 et
3014 867 3194 932 regnat
3222 857 3361 912 Deus
3387 857 3442 910 in
3481 856 3601 908 uni-'3

2015 953 2122 1000 tate
2145 945 2374 1016 Spiritus
2398 950 2568 1004 sancti
2591 967 2685 1021 per
2711 952 2886 1004 omnia
2908 951 3102 1006 smcula
3127 949 3461 1006 strculorum.
3490 947 3599 1004 Sed

2015 1047 2070 1094 et
2095 1039 2209 1109 ipse
2230 1040 2305 1094 ait
2332 1041 2590 1111 apostolis
2619 1043 2752 1108 suis,
2789 1044 2881 1113 qui
2918 1059 3110 1113 passus
3143 1051 3227 1098 est
3272 1049 3327 1096 et
3353 1055 3598 1097 resurre-

2013 1129 2130 1184 xit:
2163 1129 2302 1184 Data
2330 1140 2404 1185 est
2450 1133 2578 1185 mihi
2604 1134 2772 1186 omnis
2819 1143 3046 1204 potestas
3071 1134 3126 1186 in
3153 1131 3278 1187 cazlo
3303 1141 3351 1186 et
3374 1132 3430 1186 in
3454 1141 3597 1186 terra

2013 1219 2227 1292 (Matth.
2260 1238 2412 1286 xvm,
2439 1223 2558 1295 i8).
2577 1223 2676 1279 Cui
2703 1223 2826 1280 data
2873 1233 3128 1295 potestas,
3159 1222 3365 1279 nisi.illi
3389 1223 3480 1293 qui
3527 1223 3594 1278 de

2013 1311 2232 1382 Virgine
2278 1321 2438 1368 natus
2489 1314 2608 1368 est?
2643 1329 2767 1368 nam
2803 1315 2942 1369 sicut
2991 1314 3152 1383 paulo
3195 1321 3320 1368 ante
3367 1312 3592 1366 dixisti:

2019 1421 2037 1452 ι
2067 1403 2164 1456 Dei
2188 1403 2358 1458 Filius
2406 1418 2474 1458 ex
2498 1403 2608 1458 Deo
2636 1405 3064 1460 substantialiter
3093 1413 3271 1470 natus,
3298 1403 3598 1460 essentiali-

2011 1502 2096 1548 ter
2121 1494 2309 1548 habuit
2347 1509 2562 1549 omnem
2603 1503 2926 1565 potestatem
2971 1511 3093 1552 cum
3119 1496 3281 1550 Patre
3309 1503 3364 1550 et
3390 1494 3598 1565 Spiritu

2011 1594 2196 1640 sancto
2225 1603 2237 1638 :
2270 1586 2365 1640 sed
2395 1585 2511 1639 haec
2538 1594 2779 1655 potestas
2827 1585 2952 1640 data
2992 1594 3075 1640 est
3099 1585 3236 1640 Filio
3278 1585 3535 1656 Virginis.
3568 1606 3586 1638 ι

2010 1675 2141 1729 Etsi
2170 1691 2385 1730 omnem
2405 1685 2727 1745 potestatem
2770 1676 2952 1742 habet,
2980 1677 3249 1746 quomodo
3269 1685 3447 1746 potest
3475 1691 3595 1732 esse

2009 1774 2069 1820 ut
2107 1781 2217 1820 non
2246 1766 2668 1821 sitomnimodis
2715 1783 2879 1822 verus
2926 1767 3070 1823 Deus
3117 1776 3168 1823 et
3215 1782 3376 1823 verus
3425 1767 3595 1822 Filius

317 1875 460 1924 sum,
493 1861 637 1930 quod
685 1860 949 1917 Hebraice
997 1861 1175 1928 Jesus,
1226 1862 1413 1918 Graece
1464 1870 1661 1941 σωτήρ,
1711 1863 1903 1920 Latine
1936 1867 1982 1925 Β
2010 1855 2138 1911 Dei?
2165 1856 2374 1928 Moyses
2404 1855 2504 1911 fuit
2532 1857 2674 1912 Deus
2697 1859 3115 1927 nuncupativus,
3138 1867 3316 1912 tamen
3336 1874 3444 1913 non
3468 1858 3592 1913 data

317 1949 568 2005 Salvator
606 1952 1015 2023 interpretatur.
1064 1953 1255 2008 Merito
1298 1955 1460 2026 igitur
1492 1957 1700 2028 Virgini
1748 1957 1897 2012 salva

314 2049 441 2094 sunt
467 2042 648 2094 omnia
694 2057 815 2111 qua:
843 2043 1028 2113 genuit
1068 2041 1424 2098 S‘al'vatorem.
1457 2045 1524 2100 Et
1568 2047 1772 2102 vocabis
1804 2067 1903 2104 no-

314 2148 431 2184 men
459 2131 574 2200 ejus
616 2131 797 2186 Jesum
839 2132 992 2204 (Luc.
1018 2150 1070 2199 ι,
1107 2134 1221 2202 3i),
1251 2135 1378 2205 quia
1429 2137 1482 2190 in
1534 2138 1639 2192 hoc
1683 2140 1903 2196 nomine

314 2222 546 2277 Deitatis
583 2225 838 2278 adoratur
865 2231 976 2279 tota
1020 2224 1276 2293 majestas
1313 2245 1324 2279 :
1378 2242 1567 2283 omnes
1608 2229 1700 2298 qui
1747 2247 1897 2285 com-

314 2320 603 2367 morantur
643 2316 696 2366 in
732 2314 905 2378 oculis,
938 2315 1178 2370 universi
1205 2317 1296 2385 qui
1325 2317 1570 2371 habitant
1615 2319 1668 2372 in
1718 2322 1898 2387 terris,

312 2405 492 2460 cuncti
523 2405 694 2474 quiin
741 2405 1009 2475 profundo
1051 2415 1305 2462 tenentur
1343 2407 1561 2474 inferni,
1604 2410 1732 2466 huic
1775 2429 1902 2483 pro-

313 2503 564 2549 sternunt
589 2497 817 2562 nomini,
862 2498 966 2553 hoc
994 2499 1244 2553 adorant.
1291 2499 1430 2555 Audi
1468 2501 1788 2572 Apostolum
1817 2505 1900 2560 di-

315 2595 522 2640 centem
551 2601 566 2639 :
600 2585 667 2640 Ut
693 2589 746 2641 in
774 2589 981 2642 nomine
1005 2588 1136 2642 Jesu
1164 2607 1315 2645 omne
1359 2608 1494 2661 genu
1524 2594 1768 2662 ﬂectatur
1790 2613 1895 2650 co:-

314 2676 544 2740 leslium,
604 2680 932 2732 terrestrium
985 2689 1034 2732 et
1062 2679 1392 2748 infernarum
1419 2682 1644 2754 (Philip.
1677 2701 1742 2750 ll,
1782 2686 1892 2759 10).

313 2765 424 2821 Hoc
473 2781 669 2821 nomen
714 2777 815 2832 est,
865 2770 1007 2839 quod
1043 2771 1189 2826 dedit
1217 2773 1375 2828 cmcis
1412 2773 1608 2839 visum,
1653 2779 1894 2834 auditum

309 2858 511 2924 surdis,
564 2859 770 2914 claudis
820 2875 1064 2926 cursum,
1117 2877 1422 2919 sermonem
1472 2867 1673 2934 mutis,
1726 2870 1895 2924 vitam

311 2953 562 3018 mortuis,
611 2961 889 3022 totamque
934 2953 1130 3009 diaboli
1179 2963 1502 3024 potestatem
1546 2958 1610 3013 de
1659 2959 1896 3016 obsessis

310 3047 627 3116 corporibus
649 3045 821 3100 virtus
862 3044 980 3115 ejus
1019 3047 1252 3102 nominis
1291 3047 1566 3118 etl'ugavit.
1613 3050 1680 3104 Et
1713 3053 1758 3107 si
1798 3069 1896 3108 no-

310 3151 430 3190 men
461 3143 672 3190 tantum
693 3146 798 3201 est,
826 3145 1026 3205 quanta
1051 3140 1322 3206 potestas?
1352 3137 1458 3194 Sed
1497 3141 1619 3210 quis
1650 3151 1734 3197 est
1763 3145 1885 3210 iste,

2012 1948 2156 2002 estei
2181 1949 2358 2003 omnis
2378 1957 2619 2017 potestas
2645 1967 2658 2003 :
2687 1949 2806 2004 ideo
2829 1951 3064 2005 secundo
3090 1951 3359 2020 percussit
3380 1959 3607 2021 petram.

2008 2039 2076 2092 ad
2111 2039 2427 2094 eliciendam
2459 2056 2676 2112 aquam.
2719 2041 2990 2112 Quidquid
3040 2058 3171 2098 vero
3201 2044 3590 2100 miraculorum

2006 2125 2256 2182 Christus
2305 2129 2474 2198 gessit
2515 2130 2570 2183 in
2602 2131 2802 2184 mundo
2832 2171 2846 2195 ,
2912 2131 3038 2186 dum
3063 2132 3262 2187 visibili
3302 2135 3590 2203 prmsentia

2003 2226 2356 2273 conversatus
2378 2228 2461 2273 est
2486 2220 2629 2275 inter
2672 2221 2939 2286 homines,
2969 2223 3189 2293 propria
3216 2223 3418 2278 virtute
3462 2223 3616 2280 fecit,

2002 2316 2062 2362 ut
2083 2316 2272 2378 potens
2293 2317 2348 2364 et
2367 2325 2528 2366 verus
2553 2311 2714 2366 Deus.
2750 2311 3002 2380 Nunquid
3031 2313 3228 2382 aliquis
3275 2322 3584 2368 sanctorum

2002 2416 2100 2470 per
2123 2417 2182 2456 se
2213 2401 2389 2470 potuit
2432 2401 2634 2471 aliquid
2664 2401 2843 2458 facere
2877 2406 3080 2473 absque
3107 2420 3172 2459 eo
3201 2404 3292 2474 qui
3316 2404 3426 2458 ait:
3463 2403 3588 2460 Sine

2001 2507 2082 2544 me
2109 2489 2240 2544 nihil
2264 2493 2476 2561 potestis
2514 2491 2687 2559 facere
2725 2489 2909 2564 (Joan.
2938 2509 3031 2558 xv,
3061 2492 3160 2564 5)?
3199 2494 3294 2548 Dic
3323 2509 3453 2564 ergo
3481 2502 3534 2547 tu
3566 2535 3602 2558 ,.

2002 2578 2146 2633 unde
2170 2578 2226 2633 in
2273 2579 2492 2635 nomine
2520 2579 2646 2635 Jesu
2695 2589 2874 2636 tantas
2913 2582 3137 2637 virtutes
3186 2582 3416 2638 fecerint
3465 2599 3591 2655 apt»

1999 2670 2146 2735 stoli,
2181 2670 2224 2727 si
2249 2670 2365 2740 ipse
2385 2669 2542 2726 Jesus
2567 2686 2673 2726 non
2701 2673 2890 2727 habuit
2926 2675 3201 2744 propriam
3238 2683 3585 2744 potestatem,

1998 2762 2094 2817 sed
2119 2762 2565 2832 nuncupativam?
2589 2763 2686 2818 Dic
2733 2778 2968 2835 quoque,
3003 2779 3153 2836 rogo,
3187 2765 3278 2834 qui
3307 2765 3582 2820 contradi-

1999 2852 2078 2907 cis
2100 2852 2366 2907 divinitati
2400 2853 2548 2919 Jesu,
2578 2863 2632 2908 et
2661 2870 2768 2909 non
2802 2855 2886 2909 vis
2917 2855 2971 2909 in
3010 2869 3076 2910 eo
3116 2863 3440 2925 potestatem
3467 2871 3590 2912 esse

1995 2946 2296 3015 propriam,
2324 2947 2418 3002 sed
2459 2963 2654 3002 munus
2711 2947 3250 3018 alterius,,quomodo
3296 2959 3350 3004 et
3390 2965 3586 3006 nomen

1997 3033 2114 3103 ejus
2144 3045 2348 3090 tantam
2401 3046 2723 3107 potestatem
2755 3037 2962 3103 habuit,
2995 3054 3099 3108 qua
3143 3039 3277 3106 ipse,
3306 3039 3460 3108 cujus
3485 3043 3588 3097 hoc

2001 3145 2198 3184 nomen
2226 3140 2329 3193 est,
2361 3139 2420 3185 ut
2457 3140 2512 3184 tu
2541 3131 2884 3200 blasphemas
2909 3171 2922 3196 ,
2982 3131 3168 3201 eguit?
3197 3131 3476 3198 Quomodo
3533 3136 3588 3188 in

309 3226 398 3296 qui
419 3234 649 3282 vocatur
680 3227 784 3281 hoc
822 3226 1074 3282 nomine?
1099 3227 1251 3283 Dicat
1274 3227 1510 3298 Angelus
1540 3247 1552 3283 :
1587 3229 1656 3284 Et
1693 3231 1891 3300 Filius,
1921 3217 1970 3282 C
2000 3223 2216 3278 nomine
2239 3221 2356 3291 ejus
2387 3223 2658 3277 daemones
2683 3221 2864 3291 ejecti,
2897 3223 3100 3278 debiles
3125 3223 3333 3287 curati,
3384 3227 3585 3281 mortui

309 3317 502 3388 inquit,
533 3317 790 3370 Altissimi
816 3316 1083 3371 vocabitur
1106 3317 1257 3388 (Luc.
1290 3335 1336 3382 ι,
1367 3319 1478 3391 '52).
1513 3321 1738 3388 Videtis,
1763 3326 1891 3395 quia

307 3410 442 3478 quod
473 3409 724 3478 concepit
755 3409 934 3480 Virgo,
965 3424 1071 3463 non
1103 3418 1319 3464 terreno
1363 3413 1622 3481 germine,
1653 3417 1748 3472 sed
1781 3433 1892 3474 caa-

309 3501 422 3555 lesti
461 3510 729 3570 conceptu
763 3501 928 3571 Virgo
962 3501 1192 3569 peperit,
1224 3502 1318 3556 sed
1350 3503 1491 3558 Deus
1528 3508 1765 3577 suscepit
1801 3509 1893 3564 Fi-

309 3590 432 3645 lium
472 3603 520 3644 ε.
561 3591 704 3662 Ergo
750 3591 843 3660 qui
889 3590 957 3646 de
1003 3592 1107 3646 hac
1153 3593 1436 3648 nativitate
1466 3595 1702 3651 humano
1731 3601 1891 3655 modo

309 3681 562 3751 disputat,
591 3681 659 3735 ad
686 3696 905 3735 omnem
930 3682 1100 3736 tendit
1125 3682 1259 3736 tanti
1283 3685 1540 3753 genitoris
1565 3684 1838 3755 injuriam.
1865 3711 1883 3742 ι

371 3773 534 3842 823
563 3773 624 3827 V.
656 3771 919 3843 Intellige,
955 3787 988 3826 ο
1017 3772 1232 3828 indocta
1275 3775 1572 3842 temeritas,
1616 3778 1745 3846 quid
1769 3789 1901 3849 post

309 3872 574 3918 tantorum
605 3863 826 3917 Patrum
867 3864 1172 3918 testimonia
1216 3864 1444 3934 relinqui
1490 3867 1658 3935 possit
1684 3883 1890 3924 nuneu-

309 3957 533 4024 pationis
557 3957 612 4011 in
641 3957 858 4011 Christo
880 3957 961 4012 vel
982 3958 1304 4026 adoptionis.
1333 3959 1474 4014 Dicit
1494 3960 1608 4028 ipsa
1635 3962 1850 4018 Veritas
1873 3983 1884 4016 :

311 4048 456 4114 Quod
485 4050 627 4104 Deus
664 4052 961 4120 conjunxit,
986 4053 1140 4106 homo
1169 4071 1271 4107 non
1295 4065 1497 4124 separet
1523 4055 1738 4126 (Matth.
1773 4076 1884 4122 nx,

309 4139 384 4210 6).
422 4140 566 4194 Deus
593 4141 873 4210 conjunxit
901 4143 1136 4212 seipsum
1166 4144 1418 4198 humana:
1465 4153 1694 4212 natum,
1719 4159 1778 4202 ut
1802 4163 1888 4204 es-

307 4238 391 4284 set
437 4247 573 4286 unus
597 4231 740 4286 Deus
778 4233 836 4290 in
864 4231 1072 4288 duabus
1119 4234 1326 4288 naturis
1354 4275 1368 4297 ,
1422 4243 1477 4288 et
1529 4251 1669 4290 unus
1722 4236 1887 4293 Filius

307 4318 406 4374 Dei
431 4339 445 4373 :
474 4323 590 4390 quis
613 4333 693 4378 est
721 4324 810 4393 qui
837 4324 1007 4394 possit
1044 4339 1297 4392 separare
1335 4324 1477 4393 quod
1503 4323 1660 4380 Jesus
1685 4327 1886 4381 aduna-

303 4411 401 4474 vit,
430 4411 514 4466 vel
539 4412 775 4468 dividere
804 4414 946 4484 quod
988 4414 1129 4468 Deus
1155 4413 1472 4484 conjunxit?
1520 4415 1654 4469 Nam
1682 4415 1728 4470 si
1754 4417 1886 4471 duas

305 4517 562 4574 personas
588 4503 638 4557 in
684 4519 794 4558 uno
820 4503 1036 4559 Christo
1077 4514 1298 4575 propter
1345 4515 1586 4575 apertam
1639 4505 1886 4576 blasphe-

1997 3311 2243 3366 s'uscitati
2270 3311 2431 3365 sunt?
2459 3310 2650 3366 Petrus
2681 3311 2825 3366 enim
2852 3312 3128 3381 apostolus
3151 3312 3345 3367 claudo
3367 3313 3460 3374 illi,
3494 3316 3586 3383 qui

1995 3401 2216 3456 sedebat
2242 3401 2310 3456 ad
2331 3401 2634 3471 speciosam
2671 3410 2883 3471 portam
2919 3402 3123 3472 templi,
3153 3403 3207 3456 in
3245 3404 3472 3468 nomine,
3504 3405 3585 3458 in-

1995 3494 2131 3565 quit,
2164 3493 2293 3547 Jesu
2337 3491 2533 3548 Christi
2570 3511 2724 3564 surge
2774 3503 2821 3547 et
2851 3493 3062 3547 antbula
3111 3495 3245 3563 (Act.
3280 3512 3360 3562 ut,
3392 3495 3468 3566 6).
3520 3497 3586 3550 Et

1993 3586 2187 3640 iterum
2219 3586 2274 3639 in
2305 3586 2525 3641 civitate
2551 3583 2719 3656 Joppe
2749 3585 2815 3639 ad
2863 3601 2986 3640 etim
3025 3585 3117 3654 qui
3142 3587 3210 3640 ab
3267 3587 3424 3643 anuis
3459 3597 3583 3644 octo

1991 3679 2322 3750 paralyticus
2358 3679 2574 3749 jacehat
2617 3679 2670 3732 in
2711 3677 2884 3732 lecto:
2920 3676 3096 3731 Αἰηεα
3119 3719 3133 3742 ,
3184 3688 3336 3732 sanat
3366 3689 3413 3733 te
3439 3720 3454 3742 ,
3507 3680 3582 3734 in-

1991 3771 2128 3840 quit,
2158 3769 2315 3824 Jesus
2338 3769 2602 3834 Christus,
2627 3785 2781 3838 surge
2806 3777 2852 3821 et
2884 3778 3056 3821 sterne
3084 3768 3176 3820 tibi
3210 3768 3346 3834 (Art.
3376 3769 3580 3839 H354).

1991 3861 2190 3916 Paulus
2225 3875 2451 3930 quoque
2474 3860 2542 3913 ad
2597 3859 2847 3927 spiritum
2875 3857 3156 3912 Pitbouis:
3190 3857 3474 3928 Prwcipio,
3501 3861 3582 3913 iu-

1989 3955 2126 4025 quit,
2159 3953 2326 4006 tibiin
2368 3952 2576 4004 nomine
2612 3949 2741 4003 Jesu
2782 3947 2998 4011 Christi,
3031 3949 3114 4002 eri
3141 3950 3205 4001 ab
3237 3965 3318 4002 ea.
3366 3948 3432 4002 Et
3454 3951 3579 4003 exiit

1988 4045 2054 4100 ab
2072 4062 2136 4099 ea
2163 4043 2481 4098 dtemonium
2511 4041 2648 4112 (Act.
2673 4055 2758 4100 xv,
2793 4039 2901 4109 16).
2924 4038 3094 4104 Quam
3122 4038 3277 4109 longe
3307 4054 3435 4110 ergo
3459 4041 3575 4094 lucc

1989 4135 2334 4191 imbecillitas
2361 4147 2390 4186 a
2423 4131 2652 4186 Domino
2678 4128 2861 4194 fuerit,
2888 4130 3013 4184 hinc
3044 4129 3280 4200 intellige
3300 4171 3314 4196 ,
3362 4133 3581 4200 quando

1987 4241 2088 4281 nec
2116 4225 2191 4279 illi
2223 4223 2520 4279 imbecilles
2547 4221 2783 4285 fuerunt,
2812 4221 2904 4292 qui
2933 4220 3057 4274 talia
3089 4237 3187 4292 per
3223 4237 3420 4276 nomen
3457 4223 3575 4295 ejus

1988 4319 2169 4373 facere
2183 4323 2498 4388 potuerunt,
2523 4315 2665 4386 quod
2694 4314 2781 4370 ille
2805 4330 2902 4385 per
2923 4329 3120 4370 nomen
3150 4330 3306 4369 suum
3329 4324 3578 4383 potenter

1985 4411 2114 4468 fecit
2141 4425 2156 4464 :
2185 4409 2447 4481 siquidem
2476 4408 2676 4463 nemini
2713 4407 3078 4477 apostolorum
3118 4414 3238 4477 post
3268 4405 3360 4459 Dei
3394 4420 3575 4460 resur-

1986 4503 2283 4559 rectionem
2310 4502 2396 4556 vel
2422 4503 2694 4556 daemones
2720 4541 2733 4562 ,
2777 4499 2866 4578 vel
2916 4499 3258 4553 inﬁrmitates
3301 4497 3575 4554 obstitisse

306 4595 464 4650 miam
495 4597 684 4651 timeas
730 4596 909 4661 fateri,
943 4605 1123 4650 tamen
1151 4597 1331 4651 omnia
1367 4613 1488 4665 qua:
1510 4598 1718 4653 duabus
1756 4614 1882 4668 pcr-
1916 4582 1962 4640 Ι)
1987 4595 2326 4666 agnovimus.
2384 4591 2634 4662 Nunquid
2665 4591 2719 4645 in
2743 4591 2920 4660 seipso
2958 4589 3205 4643 infirmus
3233 4587 3335 4642 fuit
3358 4629 3372 4653 ,
3421 4588 3576 4659 cujus

303 4689 444 4742 sonis
474 4689 650 4744 inesse
675 4703 898 4744 necesse
929 4697 1034 4754 est,
1058 4689 1111 4742 in
1155 4697 1245 4742 tua
1301 4689 1638 4744 confessione
1688 4690 1884 4746 contir-

304 4795 448 4834 mare
477 4795 583 4834 non
618 4780 834 4834 metuis.
890 4778 1078 4834 Nonne
1124 4779 1228 4833 duo
1260 4787 1416 4844 sunt,
1457 4779 1548 4849 qui
1597 4795 1758 4834 verus
1800 4791 1884 4835 est

304 4871 453 4936 Deus,
481 4881 537 4928 et
569 4874 661 4943 qui
722 4872 1117 4941 nuncupativus
1171 4871 1349 4925 Deus?
1383 4886 1562 4925 nonne
1613 4871 1775 4926 etiam
1828 4881 1883 4926 et

302 4963 403 5018 duo
420 4973 567 5029 sunt,
590 4965 682 5034 qui
702 4964 984 5033 adoptivus
1007 4972 1090 5017 est
1112 4962 1300 5028 Filius,
1323 4971 1377 5017 et
1401 4963 1488 5016 ille
1507 4963 1598 5032 qui
1620 4978 1778 5018 verus
1798 4972 1882 5018 est

303 5051 497 5108 Filius?
530 5054 650 5107 Alia
679 5055 876 5124 quippe
905 5063 988 5108 est
1004 5068 1234 5123 persona
1255 5053 1369 5107 veri
1397 5053 1512 5117 Dei,
1539 5052 1642 5107 alia
1672 5070 1881 5110 nuncu-

301 5143 456 5210 pativi
484 5163 497 5197 :
530 5151 584 5199 et
609 5143 713 5198 alia
750 5153 835 5198 est
858 5159 1084 5214 persona
1111 5143 1228 5197 veri
1252 5143 1370 5196 Filii
1399 5143 1512 5207 Dei,
1546 5143 1714 5198 altera
1744 5145 1878 5199 ado-

299 5237 423 5304 ptivi
456 5237 571 5291 ﬁlii.
605 5237 796 5292 Omnis
837 5237 1017 5307 itaque
1045 5235 1137 5306 qui
1163 5235 1526 5306 evangelicam
1555 5236 1684 5306 legit
1709 5237 1880 5292 histo-

299 5327 450 5392 riam,
479 5328 780 5398 intelligere
805 5335 979 5397 potest
1028 5326 1170 5396 quod
1215 5327 1370 5381 Jesus
1416 5335 1470 5379 ot
1506 5327 1757 5383 Christus
1783 5343 1879 5382 no-

297 5419 437 5472 mina
458 5429 587 5474 sunt
610 5419 962 5474 humanitatis
986 5419 1040 5472 in
1067 5417 1202 5473 Filio
1225 5417 1340 5473 Dei.
1373 5417 1441 5472 Et
1467 5419 1511 5472 si
1535 5415 1693 5472 Jesus
1719 5418 1877 5474 Chri-

295 5519 426 5575 stus,
463 5513 553 5582 qui
583 5521 745 5567 natus
776 5520 861 5567 est
888 5527 953 5565 ex
970 5511 1208 5582 Virgine,
1236 5526 1340 5567 non
1393 5521 1479 5567 est
1502 5528 1662 5567 verus
1689 5512 1832 5568 Deus
1859 5555 1873 5577 ,

361 5661 388 5721 ξ
423 5649 681 5721 Cyrillus,
711 5659 844 5705 tom.
876 5651 940 5714 V,
967 5657 1108 5720 part.
1139 5667 1198 5705 ιι.

363 5719 393 5758 ιδ
428 5718 621 5775 Pctrus
659 5718 1047 5792 Cbrysologus,
1079 5737 1241 5777 serm.
1278 5720 1394 5786 Il'i,
1429 5735 1547 5791 pag.
1581 5718 1703 5785 936,
1741 5727 1872 5774 tom.

298 5788 381 5843 VII
406 5790 536 5847 Bibl.
573 5792 676 5847 I'I’.

1989 4688 2125 4744 ﬁdes
2149 4689 2314 4743 etiam
2342 4701 2438 4756 per
2459 4685 2593 4740 alios
2633 4699 2798 4753 super
2825 4682 3077 4735 universa
3128 4681 3405 4752 regnavit?
3435 4682 3573 4749 Quid

1987 4789 2072 4835 est
2103 4787 2281 4834 autem
2307 4777 2452 4847 quod
2473 4776 2587 4845 ipse
2622 4774 2775 4844 cujus
2805 4772 3058 4842 potestati
3082 4772 3306 4843 derogas
3339 4773 3571 4842 discipu-

1985 4869 2051 4924 lis
2075 4871 2190 4925 suis
2210 4870 2320 4922 ait:
2373 4867 2438 4919 In
2479 4866 2686 4919 nomine
2736 4880 2849 4917 meo
2896 4863 3158 4918 da'monia
3185 4865 3533 4935 ejicite?Nun
3555 4896 3567 4904 -

1982 4963 2110 5032 quid
2169 4961 2238 5015 ad
2294 4966 2615 5028 potestatem
2668 4955 3024 5010 exercendam
3074 4956 3291 5010 nomine
3340 4954 3565 5008 alterius

1983 5053 2152 5122 eguit,
2184 5053 2276 5122 qui
2303 5052 2476 5122 ipsum
2507 5062 2699 5104 nomen
2729 5063 2883 5102 suum
2911 5055 3232 5117 potestatem
3260 5060 3378 5099 esse
3407 5044 3567 5100 fecit?

1985 5143 2090 5199 Sed
2119 5142 2247 5212 quid
2289 5141 2464 5196 adhuc
2495 5141 2793 5196 addicitur?
2838 5139 2992 5203 Ecce,
3025 5137 3221 5208 inquit,
3259 5135 3379 5189 dedi
3426 5138 3567 5193 vobis

1980 5244 2285 5306 potestatem
2329 5232 2568 5287 calcandi
2609 5249 2765 5303 super
2795 5240 3052 5302 serpentes
3087 5239 3136 5283 et
3185 5230 3499 5300 scorpiones,
3523 5242 3569 5286 et

1981 5343 2136 5398 super
2164 5341 2366 5380 omnem
2393 5325 2629 5379 virtutem
2663 5321 2861 5376 inimici
2890 5319 3043 5386 (Luc.
3076 5337 3130 5385 ι,
3166 5319 3274 5391 IS).
3309 5319 3478 5387 Quem
3513 5331 3567 5376 tu

1981 5425 2400 5494 nuncupativum
2425 5423 2594 5477 Deum
2619 5420 2774 5483 dicis,
2799 5418 3086 5487 Apostolus
3112 5419 3357 5474 scribens
3384 5421 3451 5474 ad
3477 5421 3565 5474 Tt:

1984 5529 2121 5584 tum,
2145 5531 2396 5588 magnum
2444 5514 2612 5568 Deum
2659 5511 2940 5566 nominare
2989 5527 3095 5565 non
3125 5511 3434 5567 dubitavit:
3464 5513 3561 5582 Ap.

2057 5667 2077 5693 ο
2124 5653 2288 5716 Edit.,
2343 5671 2359 5698 ι
2389 5650 2502 5704 Non
2533 5658 2804 5721 terrenum
2836 5646 3322 5721 germcu__cst.,.sed
3344 5646 3566 5703 malest:

1987 5727 2146 5797 Virgo
2181 5722 2419 5796 peperit;
2454 5723 2544 5778 sed
2575 5720 2715 5774 Deus
2745 5717 2980 5788 suscepit
3006 5717 3218 5772 Filium.
3255 5737 3274 5772 ι

3502 377 3612 432 178

3681 1433 3706 1448 ν
