3906 6186
224 306 362 365 l79‘

1069 306 1132 361 Β.
1170 305 1234 360 F.
1273 303 1500 360 ALBlNl
1539 300 1670 357 SEU
1710 296 1984 355 ALCUINI
2021 294 2307 353 OPERUM
2345 295 2523 351 PARS
2559 294 2646 351 Ill.

3368 292 3475 355 180

216 423 394 492 paruit
420 422 580 487 enim,
601 419 800 492 inquit,
820 421 993 491 gratia
1025 418 1122 474 Dei
1161 416 1451 474 Saluatoris
1475 424 1638 470 nostri
1684 429 1796 467 om—
1822 417 1872 475 Α
1898 424 2018 466 esse
2045 409 2205 465 desiit
2228 408 2516 463 inﬁrmitas
2562 404 2946 462 imbecillitatis
2975 405 3243 459 humanae.
3302 403 3477 459 Omne

221 516 373 569 nibus
400 512 693 566 hominibus
718 509 959 566 erudiens
988 526 1101 576 nos,
1129 518 1184 564 ut
1224 509 1532 577 abnegantes
1560 504 1797 574 impieta-

225 616 327 660 tem
347 615 395 659 et
422 602 700 659 mcularia
729 602 988 657 desideria
1014 602 1184 656 sobrie
1208 610 1259 655 et
1279 600 1427 669 juste
1460 607 1507 651 et
1545 598 1627 667 pie
1654 596 1798 649 viva-

224 713 342 752 mus
374 697 430 751 in
452 695 548 749 hoc
570 692 785 760 alecula,
813 702 1167 764 exspectantes
1211 692 1414 746 beatam
1445 706 1585 760 spem
1610 699 1659 743 et
1703 690 1800 743 ad-

226 797 431 843 ventum
454 784 636 856 glorise
662 786 836 855 magni
860 783 957 838 Dei
989 782 1278 839 Saluatoris
1308 783 1472 836 nostri
1498 782 1628 836 Jesu
1647 778 1800 834 Chri-

226 879 294 933 sti
318 878 445 950 (Tit.
478 894 537 942 ιι,
569 875 677 949 ll).
705 876 869 946 Cujus
888 876 1170 930 sententiae
1198 889 1416 929 sensum
1446 874 1635 928 beatus
1676 873 1803 927 Hie-

229 983 486 1039 ronymus
529 969 585 1022 in
632 976 805 1023 tractu
831 967 1072 1036 eiusdem
1113 964 1367 1035 Epistolas
1396 965 1469 1019 ita
1508 964 1797 1034 exposuit:

238 1080 255 1111 ι
291 1060 392 1117 Ubi
422 1070 527 1125 est,
557 1060 748 1129 inquit,
779 1059 940 1115 Arius
986 1058 1239 1128 serpens?
1273 1059 1365 1114 ubi
1396 1057 1690 1113 Eunomius
1714 1072 1805 1112 co-

233 1151 418 1206 luber?
452 1152 673 1223 Magnus
685 1152 825 1206 Deus
850 1150 1010 1207 Jesus
1035 1150 1283 1206 Christus
1309 1150 1557 1204 Salvator
1584 1150 1799 1213 dicitur,

233 1259 341 1321 non
364 1244 751 1314 primogenitus
779 1244 957 1298 omnis
1000 1251 1286 1309 creaturae,
1317 1258 1424 1298 non
1446 1242 1681 1298 Verbum
1710 1242 1808 1297 Dei

234 1343 290 1388 et
339 1333 601 1405 sapientia
641 1333 808 1406 825.
838 1334 980 1407 [quae
1007 1343 1136 1390 sunt
1184 1334 1568 1405 appellationes
1614 1333 1809 1388 divinae

234 1428 599 1499 generationis
619 1428 669 1499 α]
695 1443 710 1482 :
742 1429 835 1484 sed
862 1428 1020 1484 Iesus
1039 1438 1096 1484 et
1114 1428 1382 1493 Christus,
1397 1444 1517 1498 quae
1549 1427 1808 1483 vocabula

234 1515 494 1586 assumpti
540 1516 775 1572 hominis
804 1526 948 1572 sunt.
1004 1517 1187 1587 Neque
1218 1532 1348 1572 vero
1403 1516 1567 1571 alium
1618 1515 1809 1572 Jesum

236 1604 533 1670 Christum,
562 1605 725 1661 alium
752 1607 985 1662 Verbum
1028 1606 1279 1672 dicimus,
1306 1614 1365 1661 ut
1419 1622 1563 1662 nova
1587 1606 1811 1662 haeresis

238 1694 627 1762 calumniatur;
660 1696 756 1752 sed
789 1696 1037 1751 eumdem
1070 1704 1125 1751 et
1149 1703 1274 1751 ante
1314 1695 1507 1751 sarcula
1541 1694 1625 1767 [S.
1654 1694 1806 1749 Hier.

1893 514 2022 569 ergo
2045 499 2258 570 penitus
2280 499 2384 556 hoc
2414 497 2722 554 testimonio
2752 494 3047 567 [Quercet.,
3081 492 3474 567 testimonium]

1894 591 2208 662 mysterium
2230 597 2285 643 et
2307 596 2533 658 sumptae
2560 587 2741 642 carnis
2784 594 2840 640 et
2884 585 3139 655 perlecta:
3178 584 3479 639 divinitatis

1895 681 2163 751 exposuit.
2212 680 2407 734 Dicens
2444 678 2589 734 enim
2627 695 2639 730 :
2672 686 2719 731 et
2757 677 2802 731 si
2830 676 3163 746 cognovimus
3213 673 3481 729 Christum

1897 770 2181 828 secundum
2222 785 2431 824 carnem
2458 807 2474 834 ,
2519 774 2918 822 sacramentum
2950 764 3062 819 nati
3092 764 3149 818 in
3174 779 3340 819 carne
3382 762 3482 817 Dei

1900 865 2111 920 locutus
2157 870 2261 918 est.
2292 859 2566 929 Adjiciens
2594 867 2776 913 autem
2807 875 2820 911 :
2871 873 3008 910 nunc
3049 873 3157 910 non
3187 856 3307 926 jam
3336 855 3483 909 novi-

1899 977 2049 1024 mus,
2095 959 2206 1013 vim
2243 956 2501 1026 depositae
2522 953 2856 1009 inﬁrmitatis
2898 952 3054 1007 licuit
3081 950 3280 1024 [Cass.,
3307 950 3487 1019 expli-

1903 1048 2057 1121 cuit].
2088 1047 2166 1102 Ac
2190 1062 2287 1117 per
2304 1048 2411 1101 hoc
2434 1044 2673 1115 cognitio
2693 1044 2838 1098 illius
2868 1041 3070 1115 [Cass.,
3098 1042 3335 1113 cognitio
3366 1038 3480 1110 illa]

1905 1140 2084 1197 carnis
2104 1137 2169 1192 ad
2206 1135 2653 1206 signiﬁcationem
2681 1134 2916 1204 pertinet
2935 1132 3189 1195 hominis,
3219 1129 3487 1201 ignoratio

1906 1237 2087 1284 autem
2110 1227 2176 1282 ad
2202 1227 2462 1281 honorem
2501 1224 2815 1280 divinitatis.
2849 1223 2963 1279 Hoc
2993 1230 3078 1278 est
3096 1222 3237 1277 enim
3262 1222 3442 1275 dicere
3469 1239 3482 1272 :

1906 1316 2235 1388 cognovimus
2284 1311 2550 1367 Christum
2590 1312 2874 1367 secundum
2919 1327 3128 1365 carnem
3153 1350 3170 1376 ,
3213 1309 3486 1378 quandiu,

1907 1408 2052 1479 quod
2095 1405 2391 1460 secundum
2435 1419 2653 1459 carnem
2678 1413 3127 1474 cognosceretur,
3184 1400 3320 1454 fuit:
3349 1415 3488 1452 nunc

1900 1498 2019 1568 jam
2048 1514 2151 1551 non
2175 1498 2409 1551 novimus
2434 1536 2449 1561 ,
2507 1504 2791 1565 postquam
2821 1510 2942 1550 esse
2965 1494 3146 1549 divisit
3173 1491 3370 1565 [Cass.,
3397 1491 3492 1545 de.

1910 1588 2077 1661 sivit].
2108 1589 2310 1643 Natura
2358 1590 2500 1644 enim
2529 1589 2711 1644 carnis
2754 1588 2809 1642 in
2862 1587 3156 1656 spiritalem
3195 1593 3279 1640 est
3316 1592 3493 1638 trans-

1912 1681 2018 1735 lata
2056 1680 2452 1746 substantiam;
2490 1688 2545 1735 et
2569 1680 2696 1735 illud
2719 1679 2861 1749 quod
2892 1678 3066 1732 fuerat
3086 1676 3356 1747 quondam
3389 1673 3491 1734 ho-

238 1786 387 1839 addit
413 1802 432 1840 :
462 1794 515 1841 et
534 1795 658 1857 post
705 1787 941 1859 saecula],
966 1797 1021 1843 ει
1048 1796 1173 1843 ante
1195 1789 1451 1843 mundum
1479 1761 1678 1856 ρι’ροει
1700 1786 1813 1840 Ma.
1843 1785 1888 1843 Β
1909 1769 2097 1859 minis,
2129 1768 2332 1823 factum
2373 1778 2457 1824 est
2492 1777 2666 1825 totum
2704 1767 2819 1822 Dei.
2849 1766 2915 1820 Et
2943 1765 3058 1859 ideo
3079 1765 3197 1859 jam
3226 1779 3329 1817 non
3353 1761 3497 1815 novi-

239 1879 409 1944 riam;
475 1879 583 1933 imo
637 1893 706 1934 ex
756 1878 922 1933 Maria
965 1895 1215 1948 magnum
1279 1879 1446 1934 Deum
1483 1878 1814 1949 appellamus

243 1967 577 2025 Salvatorem
606 1978 851 2025 nostrum
878 1969 1059 2026 Jesum
1104 1969 1398 2036 Christum,
1421 1971 1514 2040 qui
1543 1971 1690 2026 dedit
1730 1987 1816 2027 se-

243 2060 527 2130 metipsum
550 2075 650 2130 pro
682 2061 858 2116 nobis.
892 2080 912 2114 ι

312 2150 402 2206 Vl.
441 2150 575 2219 Quis
607 2160 693 2208 est
718 2167 847 2208 vero
887 2153 978 2222 qui
1000 2151 1340 2223 iudicaturus
1378 2162 1462 2209 est
1515 2154 1773 2208 mundum
1798 2194 1813 2217 ,

246 2242 416 2297 homo
460 2250 670 2298 tantum
711 2244 1019 2310 solitarius,
1050 2246 1133 2300 vel
1166 2245 1311 2301 Deus
1346 2246 1489 2301 ﬁlius
1540 2246 1818 2301 hominis?

246 2330 595 2404 Nequaquam
628 2335 703 2389 ita
752 2335 1096 2391 adversarius
1129 2352 1188 2392 es
1216 2337 1461 2403 veritati,
1516 2346 1578 2392 ut
1620 2337 1821 2393 audeas

245 2425 616 2480 contradicere
671 2425 840 2496 ipsius
887 2427 1146 2482 Veritatis
1191 2428 1514 2489 testimonio,
1548 2443 1668 2497 quae
1702 2428 1814 2482 ait.

248 2511 381 2567 Cum
407 2514 595 2568 sederit
617 2515 760 2583 ﬁlius
787 2516 1011 2570 hominis
1047 2517 1103 2571 in
1143 2517 1264 2571 sede
1290 2519 1577 2587 majestatis
1603 2517 1815 2589 (Matth.

248 2619 362 2668 χιι,
392 2602 505 2669 28).
529 2604 769 2674 itemque
795 2605 1071 2674 apostolus
1095 2606 1295 2660 Paulus
1317 2608 1586 2672 eumdem,
1609 2608 1699 2677 qui
1739 2605 1821 2674 iu-

250 2692 527 2750 dicaturus
548 2703 634 2749 est
651 2697 929 2760 mundum,
956 2696 1124 2752 Deum
1161 2698 1381 2753 omnino
1414 2697 1717 2763 allirmavit,
1742 2697 1823 2753 di-

250 2799 380 2840 cens
406 2785 472 2840 ad
502 2785 807 2841 Romanos:
841 2786 1086 2859 Alioquin
1120 2787 1379 2858 quomodo
1394 2789 1657 2859 judicabit
1681 2788 1822 2843 Deus

252 2878 391 2933 hunc
417 2878 670 2932 mundum
711 2878 887 2949 (Rom.
920 2896 1004 2944 ιιι,
1025 2879 1109 2951 ϐ);
1143 2881 1247 2935 nisi
1273 2880 1432 2946 forte,
1455 2880 1577 2951 quia
1598 2880 1824 2950 Aposto-

252 2966 338 3025 lus
361 2967 417 3023 in
446 2970 549 3024 alia
574 2970 810 3039 Epistola
850 2987 950 3027 nos
990 2971 1411 3028 manifestandos
1439 2982 1565 3027 ante
1588 2973 1823 3028 tribunal

254 3062 457 3119 Christi
488 3060 574 3134 (II
603 3060 725 3119 Cor.
768 3082 823 3132 ν,
852 3066 973 3135 l0);
1014 3066 1068 3121 in
1115 3066 1254 3132 alia,
1302 3076 1427 3122 ante
1467 3067 1701 3122 tribum]
1730 3067 1825 3122 Dei

1918 1876 2034 1913 mus
2060 1857 2326 1913 Christum
2374 1858 2660 1914 secundum
2691 1873 2919 1921 carnem,
2944 1857 3071 1927 quia
3115 1855 3365 1922 absorpta
3397 1866 3495 1921 per

1915 1953 2151 2008 divinam
2197 1952 2533 2022 maiestatem
2582 1952 2897 2008 inﬁrmitate
2936 1966 3217 2023 corporea,
3246 1949 3380 2004 nihil
3409 1964 3499 2004 sa-

1915 2060 2010 2099 cro
2039 2043 2241 2099 resedit
2268 2045 2479 2114 corpori
2506 2058 2575 2098 ex
2618 2058 2726 2114 quo
2754 2042 3095 2098 imbecillitas
3118 2041 3174 2094 in
3206 2055 3271 2095 eo
3314 2037 3501 2094 carnis

1915 2134 2086 2204 possit
2128 2134 2364 2205 agnosci.
2420 2133 2499 2189 Ac
2522 2148 2621 2202 per
2665 2134 2769 2188 hoc
2822 2130 3082 2201 quidquid
3123 2129 3299 2185 fuerat
3347 2127 3503 2199 prius

1918 2227 2231 2281 substantias
2255 2226 2503 2296 duplicis,
2532 2226 2733 2281 factum
2774 2235 2859 2280 est
2893 2224 3108 2278 virtutis
3132 2224 3312 2277 unius.
3360 2221 3500 2277 Cum

1919 2315 2104 2385 utique
2133 2331 2239 2370 non
2266 2316 2337 2370 sit
2355 2315 2576 2370 dubium
2608 2314 2882 2369 Christum
2900 2355 2915 2378 ,
2963 2314 3053 2383 qui
3097 2312 3387 2367 cruciﬁxus
3415 2319 3506 2367 est

1919 2419 1986 2460 ex
2011 2404 2319 2460 inﬁrmitate
2342 2413 2543 2467 nostra,
2580 2412 2751 2459 totum
2788 2404 2967 2459 vivere
3011 2419 3078 2459 ex
3103 2404 3383 2473 majestate
3410 2404 3499 2456 di-

1920 2495 2064 2548 vina.
2095 2515 2113 2546 i
2145 2495 2213 2549 Et
2268 2494 2430 2563 paulo
2458 2501 2582 2564 post
2603 2493 2745 2565 (cap.
2791 2493 2884 2564 5):
2921 2511 2940 2543 ι
2986 2492 3129 2548 Bene
3187 2507 3316 2562 ergo
3355 2491 3504 2561 Apo-

1922 2592 2092 2646 stolus
2127 2592 2350 2646 missum
2374 2606 2434 2646 se
2466 2591 2605 2646 sicut
2631 2606 2662 2645 a
2687 2590 2798 2644 Deo
2822 2590 3003 2654 Patre,
3029 2589 3101 2643 ita
3125 2597 3177 2643 et
3201 2605 3229 2641 a
3262 2588 3372 2641 Deo
3406 2586 3502 2640 Fi-

1923 2687 1995 2742 lio
2023 2688 2323 2758 praedicans
2359 2686 2750 2743 confessionem
2776 2688 2961 2742 statim
3003 2686 3296 2742 Dominicae
3325 2685 3508 2739 incar-

1925 2780 2159 2835 nationis
2178 2778 2423 2848 adjunxit
2457 2780 2676 2836 dicens:
2713 2779 2815 2845 Qui
2843 2780 3111 2834 suscitavit
3140 2795 3260 2832 eum
3297 2795 3328 2830 a
3370 2792 3507 2831 mor-

1926 2870 2028 2924 tuis
2056 2867 2196 2941 (σαι.
2218 2886 2258 2936 ι,
2286 2869 2372 2937 1);
2402 2885 2589 2926 verum
2620 2870 2826 2925 scilicet
2873 2869 3138 2924 incarnati
3164 2867 3259 2923 Dei
3306 2882 3506 2936 corpus

1929 2961 2248 3015 suscitatam
2273 2976 2305 3014 a
2354 2961 2584 3016 mortuis
2612 2960 2812 3015 docens
2855 2958 3009 3028 juxta
3040 2959 3166 3013 illud
3194 2977 3207 3012 :
3255 2958 3323 3012 Et
3349 2959 3394 3012 si
3423 2971 3510 3010 co-

1930 3052 2200 3120 gnovimus
2244 3048 2508 3104 Christum
2538 3050 2821 3105 secundum
2849 3065 3078 3114 carnem,
3105 3049 3239 3103 bene
3266 3047 3504 3103 addens:

257 3150 434 3226 (nam,
465 3169 577 3221 ιιν,
616 3154 739 3227 ίογῖ
772 3155 801 3195 b
828 3155 964 3210 Ama
992 3157 1178 3220 vitam,
1209 3172 1329 3212 ama
1376 3158 1603 3212 salutem
1641 3166 1787 3212 mam
1806 3197 1821 3223 ,
1854 3138 1901 3199 C
1928 3140 2018 3194 sed
2044 3157 2180 3194 nunc
2197 3141 2315 3210 jam
2341 3157 2444 3194 non
2467 3141 2701 3194 novimus
2726 3155 2744 3194 :
2778 3140 2881 3195 hoc
2907 3139 3048 3193 enim
3075 3154 3132 3193 se
3157 3139 3209 3192 in
3234 3153 3300 3194 eo
3345 3152 3508 3192 nosse

259 3261 379 3299 ama
411 3261 535 3301 eum
571 3261 667 3316 per
688 3262 849 3315 quem
871 3248 1179 3318 redemptus
1201 3263 1284 3314 es,
1308 3257 1489 3304 metue
1514 3263 1636 3303 eum
1660 3263 1692 3302 a
1721 3254 1830 3318 quo

255 3336 577 3406 iudicandus
609 3352 687 3391 es.
718 3337 863 3393 Velis
884 3337 1027 3391 enim
1056 3338 1218 3402 nolis,
1247 3328 1673 3393 manilestandus
1702 3346 1829 3393 ante

261 3429 496 3485 tribunal
526 3430 728 3484 Christi
756 3446 845 3496 es;
892 3439 947 3487 et
980 3430 1216 3500 seposita
1263 3431 1556 3499 impietatis
1580 3429 1821 3500 blasphe-

264 3520 394 3582 mia,
416 3533 480 3573 ac
505 3519 792 3573 verborum
814 3519 1108 3574 inﬁdelium
1135 3519 1483 3584 cantilena,si
1509 3519 1654 3574 aliud
1677 3528 1836 3590 putas

265 3606 501 3661 tribunal
531 3607 626 3661 Dei
653 3622 772 3662 esse
799 3624 963 3679 quam
990 3608 1216 3675 Christi,
1237 3610 1425 3664 venias
1448 3618 1574 3665 ante
1602 3610 1836 3664 tribunal

267 3694 492 3761 Christi,
518 3705 571 3749 et
588 3696 828 3752 invenies
854 3706 1083 3767 utroque
1109 3698 1430 3755 documento
1454 3698 1835 3770 inexplicabili,

269 3788 442 3856 ipsum
473 3786 707 3841 tribunal
746 3787 839 3843 Dei
873 3803 993 3844 esse
1038 3789 1180 3857 quod
1204 3789 1428 3852 Christi,
1452 3798 1730 3860 totamque
1783 3790 1837 3844 in

268 3893 377 3931 uno
398 3877 533 3932 Filio
561 3877 688 3932 .lcsu
709 3878 926 3935 Christo
949 3880 1244 3935 divinitatis
1273 3882 1565 3951 potentiam
1588 3892 1643 3939 et
1664 3882 1840 3937 Patris

272 3968 365 4023 Dei
388 3969 742 4037 maiestatem.
768 3971 911 4026 Idem
937 3986 1149 4041 quoque
1173 3972 1429 4041 prmfatus
1444 3975 1680 4045 gentium
1707 3989 1842 4043 prze-

269 4061 477 4117 dicator
501 4062 590 4116 ubi
624 4064 805 4119 carnis
822 4065 1277 4134 dispensationem
1301 4074 1355 4123 et
1379 4083 1564 4123 veram
1585 4068 1840 4123 divinita-

273 4154 344 4209 tis
379 4154 751 4210 celsitudinem
794 4155 1010 4212 Christo
1047 4160 1223 4214 inesse
1274 4161 1516 4216 scribens
1561 4162 1629 4216 ad
1654 4159 1845 4216 Corin—

274 4245 417 4300 tbios
441 4246 713 4300 ostendit:
749 4245 806 4300 Si
837 4264 1164 4314 noveramus,
1192 4251 1306 4316 ait,
1357 4251 1622 4307 Christum
1662 4270 1847 4308 secum-

274 4337 401 4392 dum
422 4354 650 4402 carnem,
682 4337 772 4391 sed
814 4354 950 4392 nunc
980 4339 1089 4404 iam
1127 4358 1230 4394 non
1273 4344 1505 4398 novimus
1526 4344 1613 4415 (11
1636 4344 1759 4399 Cor.
1790 4361 1843 4409 v,

1931 3229 2061 3284 dicit
2091 3229 2386 3284 secundum
2416 3244 2654 3294 carnem,
2683 3229 2825 3299 quod
2851 3229 2976 3283 sita
3005 3229 3233 3283 mortuis
3282 3229 3513 3283 suscita—-

1929 3322 2134 3376 tus:in
2168 3336 2233 3375 eo
2285 3336 2413 3376 vero
2440 3335 2498 3375 se
2525 3335 2650 3375 eum
2686 3319 2801 3389 iam
2852 3336 2958 3374 non
3007 3335 3166 3376 nosse
3214 3320 3509 3375 secundum

1931 3425 2174 3476 carnem,
2202 3411 2345 3480 quod
2374 3419 2621 3466 cessante
2649 3410 2827 3465 carnis
2854 3409 3147 3483 fragilitate
3176 3412 3229 3466 in
3251 3411 3361 3467 sola
3388 3427 3511 3466 eum

1933 3502 2147 3558 noverit
2173 3500 2265 3555 Dei
2291 3515 2411 3555 esse
2446 3500 2667 3556 virtute.
2707 3520 2725 3553 ι

2005 3612 2115 3669 Vll.
2152 3612 2291 3667 Audi
2330 3600 2493 3681 igitur
2517 3611 2647 3681 quid
2694 3611 2835 3666 idem
2882 3612 3155 3680 apostolus
3197 3612 3263 3668 de
3299 3611 3519 3668 Christo

1937 3705 2085 3767 dicit,
2111 3714 2295 3758 utrum
2340 3703 2492 3757 illum
2535 3702 2808 3757 hominem
2837 3702 2917 3756 vel
2947 3703 3108 3757 etiam
3131 3702 3300 3757 Deum
3321 3701 3519 3758 voluis-

1937 3805 2020 3853 set
2045 3795 2268 3864 intelligi
2294 3813 2308 3848 :
2338 3794 2419 3847 An
2449 3796 2880 3864 experimentum,
2905 3795 3097 3863 inquit,
3124 3795 3357 3863 quaeritis
3372 3793 3520 3848 illius

1936 3890 2027 3959 qui
2051 3890 2106 3942 in
2135 3904 2215 3941 me
2236 3886 2465 3957 loquitur
2490 3882 2819 3955 Christus(ll
2838 3882 2961 3937 Cor.
2993 3900 3113 3944 xm,
3136 3884 3229 3956 5)?
3257 3884 3375 3950 Quo
3400 3883 3522 3940 loco

1939 3980 2063 4035 volo
2083 3986 2144 4032 ut
2164 3977 2432 4033 edisseras
2458 3977 2610 4041 mihi,
2632 3992 2667 4030 ο
2691 3975 2836 4030 Felix
2860 3976 2872 4028 !
2904 3976 3044 4030 hunc
3064 3991 3222 4044 quem
3251 3975 3414 4045 825
3439 3977 3525 4031 lo-

1942 4070 2035 4141 qui
2063 4068 2347 4139 Apostolus
2376 4068 2514 4120 intra
2543 4082 2602 4121 se
2647 4064 2795 4129 dicit,
2824 4065 2985 4119 homo
3017 4065 3107 4119 sit
3137 4081 3203 4118 an
3236 4066 3412 4119 Deus?
3461 4067 3523 4121 Si

1944 4166 2125 4223 homo.
2157 4162 2424 4230 quomodo
2449 4162 2501 4214 in
2542 4160 2704 4215 corde
2750 4159 2865 4228 ejus
2905 4175 3099 4228 corpus
3121 4159 3266 4229 loqui
3307 4171 3528 4229 poterat

1947 4253 2202 4309 alterius?
2232 4251 2288 4307 Si
2312 4252 2472 4317 Deus,
2490 4268 2620 4321 ergo
2648 4268 2752 4308 non
2776 4254 2936 4307 homo
2947 4252 3211 4319 Christus,
3240 4252 3332 4308 sed
3349 4253 3522 4308 Deus:

1948 4344 2075 4414 quia
2095 4359 2217 4398 cum
2241 4343 2450 4398 locutus
2477 4343 2530 4396 in
2550 4342 2806 4411 Apostolo
2831 4342 3078 4398 Christus
3102 4344 3187 4404 sit.
3220 4352 3275 4398 et
3306 4344 3451 4413 loqui
3470 4346 3525 4399 in

278 4428 399 4497 16);
439 4430 494 4484 in
519 4430 604 4485 his
628 4428 834 4485 scilicet
853 4430 1194 4499 paucissimis
1217 4433 1394 4486 verbis
1419 4449 1671 4505 magnum
1695 4435 1851 4491 Chri—
1883 4488 1927 4505 η
1952 4449 2017 4489 eo
2042 4450 2148 4489 non
2171 4434 2406 4503 potuerit
2445 4434 2545 4488 nisi
2593 4433 2735 4488 Deus
2763 4453 2774 4487 :
2810 4449 2940 4503 ergo
2994 4433 3204 4489 loeutus
3246 4444 3330 4490 est
3356 4435 3411 4489 in
3459 4450 3526 4490 eo

279 4522 350 4578 sti
375 4522 756 4578 incarnationis
775 4524 1087 4593 mysterium
1117 4488 1670 4594 demonstranszuae
1692 4529 1852 4583 verba
1883 4488 1929 4545 ο
1955 4488 2204 4580 Christus
2236 4525 2397 4578 Deus.
2428 4522 2589 4605 Vides
2614 4522 2793 4591 itaque
2819 4488 2953 4576 nihil
2974 4537 3097 4578 esse
3127 4524 3215 4579 hic
3243 4522 3357 4591 iam
3388 4526 3527 4595 quod

281 4613 471 4669 beatus
493 4614 783 4670 Cassianus
832 4614 1101 4671 catholico
1128 4631 1400 4685 exponens
1436 4631 1595 4672 sensu
1628 4618 1766 4689 (Lib.
1790 4635 1853 4673 ιιι

281 4705 348 4760 de
372 4703 612 4771 Incarn.,
634 4723 752 4778 cap.
783 4708 837 4780 5)
866 4728 878 4763 :
919 4727 937 4760 ι
980 4708 1237 4764 Ascendit
1284 4724 1445 4780 ergo,
1498 4710 1691 4779 inquit,
1716 4726 1853 4780 quo-

284 4792 572 4850 dammodo
591 4798 745 4865 quasi
786 4799 838 4853 in
894 4800 1141 4854 altiorem
1168 4800 1390 4871 gradum
1440 4800 1699 4856 doctrina:
1723 4817 1855 4872 apo-

264 4883 489 4940 stolica:
510 4886 842 4955 praedicatio,
867 4896 922 4942 et
945 4889 1068 4943 licet
1093 4905 1286 4946 sensus
1306 4891 1379 4945 ibi
1398 4892 1450 4945 in
1478 4900 1705 4961 utroque
1724 4907 1856 4947 eon-

289 4975 491 5043 veniat,
519 4985 915 5032 sacramentum
952 4985 1133 5034 tamen
1186 4980 1442 5050 perfectae
1470 4981 1610 5047 ﬁdei,
1643 4989 1859 5037 senten-

291 5066 365 5125 tia
394 5069 731 5139 eXpressiore
758 5066 1074 5131 conﬁrmat,
1101 5071 1284 5126 dicens
1310 5090 1322 5124 :
1358 5072 1424 5126 Et
1458 5075 1503 5128 si
1528 5075 1861 5145 cognovimus

292 5160 573 5215 secundum
598 5176 806 5214 carnem
829 5157 1116 5225 Christum,
1140 5161 1230 5216 sed
1270 5178 1406 5216 nunc
1441 5164 1558 5233 jam
1588 5181 1692 5219 non
1720 5165 1864 5219 novi-

294 5265 442 5313 mus;
469 5247 714 5304 videlicet
752 5248 879 5320 quia
904 5249 1057 5319 prius
1093 5265 1213 5305 eum
1253 5259 1308 5306 et
1353 5251 1623 5307 hominem
1666 5252 1867 5308 scimus

296 5345 353 5392 et
377 5336 566 5402 Deum,
609 5353 752 5394 nunc
802 5347 1012 5396 tantum
1056 5339 1226 5396 Deum
1267 5339 1562 5414 [θωπί-ειη
1607 5352 1867 5400 cunctan—

297 5428 424 5490 dum
453 5427 664 5503 Deum].
709 5431 965 5490 Cessante
989 5432 1300 5489 inﬁrmitate
1326 5434 1504 5489 carnis
1532 5436 1665 5490 nihil
1700 5436 1753 5490 in
1804 5450 1872 5491 eo

294 5515 410 5588 iam
437 5517 708 5582 novimus,
756 5521 860 5576 nisi
886 5523 1139 5578 virtutem
1164 5523 1460 5579 divinitatis
1486 5543 1497 5579 :
1542 5526 1669 5596 quia
1699 5533 1869 5581 totum

302 5607 362 5664 lu
387 5605 496 5662 Deo
516 5605 709 5679 [Cass.,
737 5610 790 5663 in
809 5610 895 5682 eo]
917 5612 1089 5667 virtus
1114 5623 1198 5667 est
1219 5614 1517 5683 maiestatis
1540 5614 1754 5682 divinae,
1779 5615 1871 5671 ubi

378 5733 406 5763 ι
442 5719 570 5777 Haec
602 5723 789 5781 desunt
811 5724 951 5797 apud
971 5722 1373 5796 Hieronymum.

1957 4626 2145 4671 contra
2172 4616 2288 4670 haec
2314 4615 2417 4670 dici
2454 4620 2633 4683 queat.
2659 4613 2770 4668 Nec
2813 4613 3225 4684 disiunctionem
3253 4622 3348 4669 aut
3392 4615 3531 4668 divi—

1958 4707 2165 4762 sionem
2190 4706 2423 4774 aliquam
2454 4705 2593 4759 inter
2619 4704 2893 4758 Christum
2919 4704 3035 4758 ﬁeri
3058 4713 3114 4759 et
3142 4704 3309 4760 Deum
3336 4719 3497 4784 posse
3513 4746 3530 4770 ,

1960 4797 2088 4869 quia
2112 4805 2256 4852 totus
2281 4797 2334 4849 in
2364 4794 2582 4851 Christo
2605 4794 2768 4859 Deus,
2799 4802 2855 4849 et
2876 4802 3020 4851 totus
3043 4796 3099 4849 in
3122 4795 3234 4851 Deo
3256 4796 3529 4853 Christus.

1961 4889 2116 4944 Nulla
2145 4889 2235 4945 hic
2255 4888 2419 4956 recipi
2448 4886 2714 4955 separatio
2736 4886 3093 4956 potest,ana
3117 4887 3360 4941 discissio
3381 4903 3397 4951 ;
3421 4901 3532 4941 una

1957 4988 2167 5033 tantum
2194 4986 2276 5033 est
2295 4977 2546 5046 simplex,
2578 4992 2685 5032 una
2712 4983 2919 5031 tantum
2938 4992 3066 5032 sana
3104 4978 3370 5032 confessio
3396 4978 3535 5034 ado-

1961 5084 2100 5133 rare,
2124 5083 2326 5131 amare,
2354 5067 2529 5123 colere
2550 5066 2819 5122 Christum
2860 5068 3050 5123 Deum.
3078 5067 3380 5124 Concordat
3399 5085 3539 5138 quo—

1963 5177 2065 5232 que
2090 5162 2280 5216 beatus
2307 5160 2664 5231 Hieronymus
2690 5159 3127 5230 prteseriptorum
3162 5162 3407 5215 sensibus
3431 5160 3541 5216 Pa-

1966 5262 2128 5317 trum,
2153 5252 2296 5321 quod
2319 5253 2480 5305 homo
2506 5257 2812 5320 assumptus
2833 5266 2865 5305 a
2890 5252 3057 5307 verbo
3081 5251 3175 5306 Dei
3208 5252 3262 5306 in
3286 5252 3543 5308 divinita-

1968 5344 2038 5398 tis
2065 5341 2395 5414 gloriﬁcatus
2441 5341 2511 5397 sit
2536 5342 2775 5412 potentia
2798 5349 2961 5411 atque
2987 5342 3215 5397 indivisa
3255 5341 3547 5410 mtu'estate

1970 5435 2112 5491 Deus
2140 5450 2277 5490 unus
2301 5436 2555 5491 adoretur
2600 5435 2655 5490 in
2696 5434 2930 5501 Christo,
2959 5437 3101 5491 hunc
3131 5435 3380 5491 eumdem
3418 5450 3551 5494 sen-

1973 5538 2092 5579 sum
2122 5524 2176 5577 in
2227 5524 2365 5578 libro
2394 5525 2554 5579 tertio
2593 5524 3110 5581 Commentariorum
3143 5523 3392 5581 Ieremia
3418 5539 3554 5595 ιιι-οη

1973 5615 2149 5686 pheta:
2175 5615 2484 5684 expressius
2516 5629 2721 5684 ponens
2746 5657 2761 5684 ,
2805 5616 2897 5672 ubi
2950 5616 3027 5671 ait
3061 5616 3141 5689 (in
3195 5632 3313 5690 cap.
3365 5616 3504 5690 xvii)
3532 5656 3552 5672 .

2049 5729 2076 5768 δ
2116 5728 2276 5785 Deest
2303 5728 2524 5798 aliquid.
