3906 6186
188 353 291 412 181

935 352 1350 411 DOGMATICA.
1392 385 1461 394 —
1499 355 1658 409 ADV.
1698 352 1991 410 FELICEM
2025 357 2205 414 LIBRI
2244 361 2350 415 VII.
2381 391 2453 403 —-
2480 362 2605 417 LIB.
2649 364 2732 418 IV.

3360 368 3481 424 ΜΞ-

188 484 213 520 s
244 463 305 520 Si
326 464 642 519 maledictus
666 475 743 520 est
782 467 935 519 homo
958 467 1048 536 qui
1067 466 1284 535 conﬁdit
1317 467 1373 520 in
1396 467 1605 521 homine
1637 465 1771 537 (Jcr.
1804 470 1852 527 Α
1880 482 2040 526 verus
2065 481 2149 526 est
2170 482 2227 527 et
2246 473 2338 528 Dei
2366 474 2568 529 Filius:
2602 475 2851 546 idemque
2878 476 3039 533 homo
3075 477 3218 533 Deus
3239 492 3464 548 propter

182 575 321 626 ml,
343 560 428 627 5),
455 574 588 629 ergo
620 559 893 614 maledicti
927 565 1089 614 erunt
1115 561 1209 628 qui
1234 558 1417 615 Jesum
1442 567 1651 614 tantum
1687 560 1783 614 bo-

1886 561 2091 627 Deum;
2131 572 2185 617 et
2207 563 2347 618 idem
2387 565 2528 619 Deus
2557 566 2719 621 homo
2752 575 2973 635 propter
2994 558 3287 624 hominem.
3316 581 3376 623 ut
3408 570 3461 624 in

184 656 388 712 minem
418 655 773 709 confitentur.
807 654 958 721 Quod
988 656 1034 710 si
1077 656 1234 709 nobis
1286 654 1591 724 oppositum
1620 652 1784 707 fuerit
1886 649 2100 706 homine
2136 669 2456 724 quocunque
2506 656 2683 709 anima
2714 664 2770 710 et
2798 672 3013 725 corpus.
3039 655 3165 712 Ilzec
3189 672 3320 728 ergo
3336 674 3488 713 unto.

183 746 327 818 quod
355 754 416 800 et
438 760 541 799 nos
568 746 857 800 credamus
879 746 932 800 in
960 759 1086 800 eum
1104 746 1197 815 qui
1225 746 1390 799 dicit:
1425 742 1581 798 Nune
1607 752 1781 796 autem

182 838 419 909 queritis
441 853 525 890 use
538 834 833 904 interﬁcere
845 837 1104 889 hominem
1118 877 1132 899 ,
1155 838 1245 906 qui
1267 836 1533 890 veritatem
1553 833 1782 888 oobislo—

181 938 331 983 cutus
351 942 493 991 sum,
522 942 682 995 quam
696 926 876 979 audivi
901 944 933 979 a
953 925 1065 980 Deo
1081 942 1100 980 :
1117 928 1218 981 hoc
1242 926 1503 979 Abraham
1523 942 1626 979 non
1638 925 1779 994 fecit,

185 1034 271 1073 eos
290 1018 470 1088 facitis
483 1034 646 1087 opera
666 1018 826 1071 vestri
848 1014 1030 1070 Patris
1053 1016 1232 1087 (Joan.
1249 1032 1368 1081 vni,
1398 1015 1521 1087 40);
1552 1031 1777 1085 respon-

186 1111 431 1167 debimus
457 1111 593 1165 illud
636 1110 990 1181 apostolicum
1017 1128 1028 1164 :
1062 1111 1189 1165 Etsi
1209 1108 1473 1165 Christum
1494 1111 1778 1182 aliquando

183 1204 328 1271 iuta
349 1219 568 1257 carnem
591 1202 944 1273 cognovimus,
972 1202 1064 1256 sed
1093 1218 1232 1256 nunc
1252 1203 1371 1269 jam
1396 1218 1502 1256 non
1513 1202 1771 1256 novimus.

182 1295 421 1364 Denique
466 1292 616 1349 idem
645 1293 921 1363 apostolus
969 1293 1025 1347 in
1062 1293 1329 1363 principio
1353 1293 1609 1362 Epistulae
1663 1306 1774 1347 sua.

178 1386 369 1441 scribit
395 1385 463 1439 ad
490 1384 720 1441 Galatas
744 1402 756 1438 :
789 1382 993 1438 Paulus
1023 1383 1290 1455 apostolus
1320 1400 1423 1438 non
1458 1383 1521 1436 ab
1545 1384 1772 1437 homini-

179 1476 273 1530 bus
296 1492 465 1546 neque
508 1492 603 1546 per
628 1474 892 1529 hominem
913 1514 928 1539 ,
958 1475 1048 1529 sed
1082 1490 1175 1545 per
1215 1473 1398 1528 Iesum
1420 1470 1686 1528 Christum
1724 1482 1772 1527 et

176 1564 341 1619 manu
373 1562 625 1631 Patrem,
649 1565 741 1636 qui
774 1565 1046 1618 suscitauit
1082 1580 1199 1618 eum
1244 1581 1276 1617 α
1329 1564 1571 1628 mortuis,
1596 1572 1647 1617 et
1683 1564 1771 1633 qui

174 1671 375 1716 mecum
428 1664 555 1709 sunt
589 1671 768 1708 omnes
811 1654 1001 1723 fratres
1041 1651 1184 1723 (Gal.
1211 1670 1250 1717 ι,
1284 1653 1308 1706 1
1343 1694 1358 1717 ,
1406 1652 1483 1722 2).
1517 1651 1576 1707 Si
1624 1652 1767 1706 enim

176 1760 318 1801 mors
349 1747 617 1816 absorpta
647 1754 734 1800 est
757 1746 812 1800 in
835 1745 1065 1813 victoria
1096 1742 1148 1815 (l
1176 1743 1299 1798 Cor.
1339 1759 1433 1809 xv,
1453 1743 1567 1814 54),
1597 1759 1766 1814 quare

1884 749 1969 794 tas
1993 749 2048 794 et
2092 743 2293 798 veritas
2314 745 2371 798 in
2405 745 2619 800 Christo
2667 761 3007 817 nequaquam
3064 757 3186 817 post
3226 749 3462 819 Virginis

1881 837 2097 898 partum
2151 842 2347 903 empta,
2379 835 2472 889 sed
2502 835 2555 888 in
2581 835 2696 904 ipso
2727 836 2965 906 Virginis
2990 845 3148 893 utero
3175 838 3475 910 conjuncta

1880 931 2044 993 atque
2066 925 2213 978 unita
2250 934 2354 980 est.
2387 927 2681 998 Diligenter
2709 931 2907 984 etenim
2950 947 3259 1001 praecinere
3300 932 3459 989 debe-

1881 1028 2033 1080 mus,
2088 1023 2146 1069 ut
2175 1014 2449 1071 Christum
2480 1033 2586 1072 non
2617 1020 2785 1091 826
2828 1022 2990 1076 modo
3017 1038 3183 1077 unum
3213 1029 3337 1093 post
3365 1021 3486 1077 ba-A

1879 1103 2155 1169 ptismum,
2183 1104 2264 1159 vel
2296 1108 2783 1174 resurrectionem;
2822 1110 2916 1165 sed
2945 1126 3171 1182 semper
3182 1129 3375 1178 unum,
3393 1129 3462 1169 ex

1878 1206 1986 1260 quo
2007 1203 2301 1263 conceptus
2326 1204 2412 1250 est
2438 1196 2493 1250 in
2546 1206 2699 1252 utero
2726 1199 2972 1269 virginali
2997 1241 3015 1266 ,
3063 1201 3417 1256 eonﬂteamur
3442 1221 3456 1256 :

1877 1282 2004 1350 quia
2058 1283 2392 1340 intoleranda
2421 1287 2756 1358 blasphemia
2784 1296 2893 1355 est,
2916 1298 2977 1344 ut
3016 1292 3181 1346 etiam
3222 1294 3268 1353 si
3315 1309 3459 1349 nunc

1875 1386 1998 1427 eum
2020 1389 2185 1428 unum
2232 1374 2348 1444 jam
2368 1393 2491 1432 esse
2514 1380 2637 1448 quis
2658 1382 2935 1447 concedat,
2959 1383 3248 1452 aliquando
3277 1394 3477 1440 tamen-

1874 1478 1981 1517 non
2006 1480 2192 1530 unum,
2233 1468 2327 1522 sed
2363 1469 2497 1524 duos
2521 1469 2691 1526 fuisse
2711 1474 3017 1528 contendat.
3048 1474 3140 1531 Sic
3182 1477 3329 1530 enim
3356 1478 3477 1532 iste-

1875 1552 2022 1609 Felix
2055 1572 2176 1611 cum
2191 1559 2305 1613 suis
2324 1561 2645 1628 sequacibus
2668 1562 2723 1615 in
2745 1565 2987 1632 sequenti
3008 1564 3310 1620 litterarum
3331 1581 3479 1620 sna-~

1875 1659 1994 1698 rum
2017 1647 2157 1701 serie
2182 1647 2345 1702 etiam
2388 1650 2591 1705 sentire
2624 1652 2836 1706 videtur
2862 1670 2875 1707 :
2909 1672 2927 1704 ι
2958 1652 3016 1709 Si
3039 1655 3182 1709 enim
3210 1695 3226 1719 ,
3275 1656 3369 1717 ait,
3396 1664 3464 1710 ut

1874 1748 1971 1788 vos
1994 1735 2173 1801 vultis,
2205 1737 2367 1792 homo
2396 1749 2706 1809 assumptus
2730 1756 2759 1795 a
2794 1742 2934 1797 Filio
2961 1743 3078 1809 Dei,
3109 1760 3233 1800 mox
3261 1761 3291 1799 a
3319 1761 3467 1800 con-1

174 1852 277 1893 non
301 1837 495 1892 carnis
515 1805 821 1901 humilitas,
855 1812 975 1904 qua:
1010 1805 1233 1906 propter
1287 1805 1581 1889 homanain
1617 1805 1768 1890 salu-
1802 1805 1843 1864 Β
1869 1826 2114 1895 ceptione
2141 1828 2421 1899 virginalis
2448 1805 2596 1886 uteri
2620 1848 2784 1888 verus
2834 1805 3125 1905 conceptus
3157 1846 3240 1892 est
3269 1838 3411 1894 Deus
3436 1880 3469 1905 ,.

178 1935 276 1982 tem
298 1934 587 1996 assumpta
615 1934 722 1990 est,
744 1925 799 1980 in
849 1924 1146 1980 divinitatis
1182 1924 1463 1979 transierit
1511 1924 1767 1993 majesta-

178 2026 296 2078 ιω,
332 2023 396 2069 ιιι
426 2013 637 2070 faceret
688 2022 979 2084 utrumque
1006 2015 1210 2069 unum?
1254 2035 1272 2067 ι
1310 2014 1424 2069 Non
1458 2015 1547 2069 hic
1574 2015 1766 2070 beatus

179 2106 541 2178 [lict-onymus
587 2105 956 2162 confusionem
998 2106 1226 2162 duarum
1257 2108 1503 2178 designat
1545 2115 1765 2161 natura-

178 2215 308 2265 rum,
330 2200 433 2256 sed
462 2199 725 2253 unitatem
759 2200 1033 2269 potentiae,
1063 2208 1123 2255 ut
1161 2202 1448 2255 credamus
1476 2216 1641 2255 unam
1668 2215 1763 2269 po-

178 2292 391 2346 tentiam
420 2290 726 2345 divinitatis
753 2291 807 2345 in
843 2289 1059 2345 Christo
1087 2291 1316 2346 Domino
1337 2292 1448 2345 Deo
1474 2280 1678 2353 nostro,
1694 2306 1762 2346 ne

179 2380 375 2438 dicatur
428 2381 670 2436 dualitas
718 2379 1020 2451 maiestatis
1049 2383 1103 2437 in
1150 2382 1373 2437 Christo
1421 2384 1476 2436 in
1527 2397 1637 2451 quo
1680 2392 1764 2438 est

181 2474 346 2529 unitas
371 2473 668 2528 indivizluce
717 2488 982 2542 personae.
1039 2473 1171 2529 Item
1201 2475 1341 2529 idem
1373 2473 1462 2544 qui
1501 2488 1663 2544 supra
1708 2485 1764 2530 et

180 2564 309 2620 Inde
336 2579 505 2634 supra
533 2580 548 2617 :
587 2582 606 2615 ε
638 2564 745 2618 Per
773 2566 888 2620 haec
920 2581 1137 2636 quoque
1174 2566 1453 2630 discimus,
1479 2566 1645 2621 Deum
1669 2584 1758 2623 so-

179 2652 277 2707 lum
314 2669 481 2709 nosse
505 2655 866 2724 cogitationes
894 2656 1191 2712 hominum.
1233 2654 1291 2711 Si
1336 2665 1516 2711 autem
1545 2658 1610 2711 de
1638 2657 1759 2712 Sal-

180 2753 355 2801 vatore
419 2746 624 2801 dicitur
667 2765 679 2800 :
744 2745 938 2802 Videtis
995 2745 1153 2801 Iesus
1188 2747 1523 2816 cogitationes
1580 2764 1760 2801 eorum

179 2834 319 2903 (Luc.
347 2853 430 2901 si,
468 2836 554 2907 l7)
579 2854 594 2901 ;
645 2837 933 2908 nullusque
961 2844 1141 2908 potest
1159 2836 1342 2891 videre
1364 2837 1718 2908 cogitationes
1744 2879 1757 2899 ,

180 2929 271 2982 nisi
296 2928 457 2983 solus
485 2928 622 2984 Deus
652 2948 664 2983 :
720 2944 853 2999 ergo
901 2936 957 2984 et
998 2927 1248 2984 Christus
1300 2928 1442 2983 Deus
1471 2926 1599 3000 [est]
1622 2969 1638 2992 ,
1667 2927 1760 2997 qui

178 3027 451 3073 scrutatur
474 3020 660 3085 corda,
675 3028 731 3073 et
750 3017 941 3074 reddet
956 3018 1246 3088 unicuique
1269 3017 1564 3072 secundum
1595 3032 1759 3087 opera

1868 1931 2030 1972 verus
2050 1927 2107 1972 et
2126 1928 2284 1974 natus
2297 1920 2459 1986 Deus,
2488 1924 2756 1992 quomodo
2789 1925 2901 1994 ipse
2924 1925 3092 1981 Filius
3118 1927 3211 1983 Dei
3240 1943 3306 1983 ex
3321 1944 3455 1987 voce

1866 2005 2054 2062 formae
2102 2009 2315 2065 servilis
2358 2014 2700 2082 prophetiam
2757 2016 2969 2072 Veteris
3021 2016 3353 2075 Testamenti
3384 2022 3453 2079 de

1865 2098 2155 2167 semetipso
2182 2101 2554 2156 testimonium
2576 2104 2846 2172 perhibet,
2882 2108 3025 2176 quod
3052 2123 3121 2163 ex
3147 2115 3303 2166 utero
3329 2127 3452 2167 ma-

1863 2187 1963 2241 tris
1990 2202 2180 2244 servus
2200 2191 2271 2245 sit
2292 2193 2575 2261 formatus,
2598 2195 2715 2264 ipso
2739 2197 2953 2253 dicente
2980 2215 3079 2268 per
3103 2201 3295 2257 Isaiam
3321 2219 3451 2274 pro-

1860 2278 2084 2348 phetam
2108 2295 2123 2332 :
2154 2280 2221 2334 Et
2251 2299 2386 2336 nunc
2414 2284 2526 2338 haec
2552 2285 2680 2338 dicit
2705 2285 2986 2355 Dominus,
3017 2290 3254 2358 formans
3282 2310 3364 2349 me
3382 2281 3450 2349 eis

1864 2378 2010 2423 utero
2047 2387 2251 2426 servum
2270 2374 2393 2438 sibi,
2409 2385 2465 2429 ut
2492 2376 2739 2430 reducam
2757 2377 2923 2433 Iacob
2947 2381 3016 2434 ad
3038 2399 3179 2448 eum,
3199 2393 3249 2438 et
3278 2384 3451 2441 Israel

1864 2459 2012 2533 [non]
2036 2464 2431 2534 congregabitur
2448 2464 2580 2537 (Isa.
2593 2506 2608 2532 ,
2625 2484 2770 2532 xux,
2784 2469 2859 2541 5).
2872 2490 2891 2522 ι
2910 2472 3226 2540 Considera,
3253 2476 3445 2540 lector,

1861 2550 2146 2622 diligenter
2193 2555 2336 2623 quod
2372 2555 2461 2610 ille
2492 2554 2583 2627 [F.
2607 2597 2622 2622 ,
2650 2558 2779 2627 quid
2825 2560 2938 2633 ille]
2970 2563 3097 2618 velit
3124 2565 3190 2620 de
3231 2566 3449 2622 Christo

1860 2645 2108 2718 intelligi,
2139 2650 2230 2717 qui
2258 2650 2413 2706 nobis
2439 2651 2788 2723 improperat,
2814 2656 2949 2713 velle
2979 2660 3356 2732 eumdem,qui
3377 2680 3446 2717 ex

1860 2744 2016 2793 utero
2044 2739 2293 2811 virginali
2332 2749 2586 2812 tanquam
2639 2760 2867 2815 sponsus
2922 2751 3278 2819 processitde
3323 2754 3447 2807 tha-

1859 2826 2004 2882 lamo
2026 2844 2145 2895 suo,
2169 2830 2341 2887 Deum
2377 2848 2565 2888 verum
2591 2848 2710 2890 esse
2742 2836 2963 2909 [Supple
2985 2856 3004 2894 :
3029 2842 3371 2916 conceptum]
3394 2859 3450 2899 et

1861 2928 2068 2975 natum.
2100 2921 2241 2976 Dicit
2265 2926 2407 2980 enim
2433 2942 2451 2981 :
2480 2927 2548 2991 si,
2593 2938 2646 2981 ut
2676 2930 2929 2985 rostmltis
2947 2947 2965 2984 :
2993 2936 3337 3004 perspicuum
3365 2950 3451 2993 est

1861 3025 1989 3064 eum
2009 3011 2151 3067 nolle
2177 3014 2320 3082 quod
2349 3016 2507 3071 nobis
2530 3017 2716 3086 objicit
2740 3021 2874 3075 velle
2900 3039 2914 3075 :
2954 3031 3117 3093 atque
3142 3040 3296 3079 suam
3315 3041 3445 3082 sen-

180 3126 286 3163 ςςη,
318 3129 337 3162 ,
373 3110 521 3166 Idem
548 3125 764 3181 quoque
786 3111 922 3165 ιίυνο
950 3110 1179 3166 mnam
1207 3109 1372 3164 Amos
1400 3110 1755 3180 prophetam;
1782 3144 1832 3210 ϐ
1864 3101 2088 3203 tentiam
2112 3105 2429 3173 prophetico
2479 3106 2750 3165 afﬁrmare
2779 3112 2972 3167 nititur
2991 3115 3332 3183 testimonio,
3386 3129 3448 3173 ut

185 3220 203 3251 ι
240 3201 392 3256 Tune
449 3216 667 3271 quoque
724 3202 1115 3273 primogenilus
1167 3200 1394 3272 pepulus
1446 3199 1539 3255 Dei
1594 3199 1759 3254 Israel

182 3291 373 3364 [ωιτη
402 3294 802 3364 primogenitus
850 3293 1014 3349 Filius
1045 3292 1167 3359 Dei,
1194 3293 1423 3363 populus
1456 3291 1641 3362 Israel]
1666 3293 1759 3362 qui

180 3380 229 3435 in
263 3383 601 3454 unigenitum
626 3392 682 3438 et
707 3399 834 3439 vere
880 3383 1071 3439 Filium
1099 3385 1192 3439 Dei
1236 3385 1461 3439 miserat
1497 3399 1713 3438 manum
1741 3424 1756 3447 ,

182 3483 375 3529 zterno
399 3474 571 3528 luctui
595 3474 828 3529 traditus
853 3484 961 3539 est,
981 3483 1036 3529 et
1058 3473 1354 3529 novissima
1379 3472 1513 3541 ejus,
1530 3472 1643 3527 sive
1667 3473 1758 3541 qui

184 3582 297 3619 cum
343 3582 409 3621 eo
460 3574 637 3631 erant,
687 3567 1044 3621 amaritudine
1096 3575 1222 3621 sunt
1266 3566 1473 3636 repleti.
1537 3584 1555 3617 ι
1612 3563 1757 3618 Idem

186 3672 385 3726 quoque
408 3658 463 3712 in
500 3658 821 3712 Zachariam
853 3657 947 3711 lib.
971 3657 1147 3727 primo
1177 3675 1188 3709 :
1226 3674 1244 3706 ι
1275 3655 1385 3710 Nec
1420 3656 1639 3718 mirum,
1662 3654 1757 3718 ait,

187 3746 226 3800 si
245 3746 488 3802 Christus
508 3748 725 3803 dicatur
747 3747 1112 3817 omnipotens,
1144 3747 1229 3799 cui
1273 3744 1469 3798 tradita
1489 3754 1561 3798 est
1592 3743 1758 3797 omnis

187 3848 395 3892 mlestus
414 3840 468 3892 in
490 3836 617 3891 ccelo
637 3848 686 3890 et
714 3839 769 3891 in
797 3847 937 3890 terra
985 3834 1200 3907 (Matth.
1244 3849 1392 3898 κων,
1428 3834 1535 3903 I8).
1566 3832 1632 3887 Et
1668 3833 1759 3902 qui

185 3926 342 3981 dicit:
375 3926 570 3982 Omnia
593 3944 713 3997 qum
738 3923 913 3981 Patris
955 3934 1099 3989 sunt,
1133 3941 1247 3979 mea
1269 3933 1389 3978 stmt
1417 3923 1598 3994 (Ioan.
1626 3938 1755 3984 xvtt,

190 4015 292 4085 ιο).
332 4037 351 4069 ι

251 4106 378 4162 ΠΗ.
421 4106 703 4175 Quomodo
733 4106 1030 4163 catholicus
1063 4106 1320 4162 aestimari
1347 4113 1546 4176 potest,
1587 4105 1678 4175 qui
1708 4115 1762 4159 et

187 4208 449 4254 tantorum
476 4200 755 4253 doctorum
780 4197 1105 4252 testimoniis
1135 4212 1239 4252 non
1270 4196 1466 4261 credit,
1498 4211 1597 4249 nec
1628 4211 1759 4265 apo-

190 4290 367 4345 stolica
413 4290 482 4343 ad
508 4289 880 4343 credulitatem
911 4298 1159 4343 movetur
1188 4288 1529 4350 auctoritate,
1559 4302 1656 4340 nec
1678 4286 1759 4339 di—

191 4380 314 4433 vina:
339 4394 444 4450 per
463 4378 796 4447 evangelicas
833 4378 1058 4448 paginas
1088 4376 1355 4431 consentit
1376 4376 1631 4429 veritati?
1657 4375 1760 4444 lgi-

1863 3191 2035 3262 magis
2058 3208 2251 3249 servus
2268 3195 2343 3250 sit
2358 3211 2425 3250 ex
2454 3206 2609 3253 utero
2635 3198 2899 3256 formatus
2927 3215 3087 3272 quam
3109 3204 3447 3275 Deus,quem

1860 3283 2039 3338 omnis
2061 3284 2325 3341 catholica
2346 3286 2588 3343 Ecclesia
2617 3290 2735 3359 ipso
2759 3306 2929 3347 sacrae
2951 3295 3321 3365 conceptionis
3343 3297 3447 3352 ini-

1862 3374 1937 3429 tio
1961 3374 2129 3430 Deum
2151 3390 2337 3431 verum
2369 3378 2656 3435 conﬁtetur
2683 3396 2747 3437 ac
2772 3383 3028 3451 pralicat
3048 3402 3062 3438 :
3080 3392 3140 3439 ut
3167 3393 3292 3456 pote
3317 3403 3446 3458 quia

1863 3464 1929 3519 de
1956 3463 2162 3534 Spiritu
2191 3475 2381 3523 sancto
2407 3476 2461 3522 et
2490 3468 2655 3525 Maria
2689 3471 2898 3543 virgine
2928 3484 3246 3543 conceptum
3273 3487 3328 3531 et
3353 3492 3448 3532 na-

1864 3561 1978 3607 tum
2006 3555 2314 3626 evangelica
2337 3559 2649 3616 testimonio
2672 3570 2880 3617 certum
2919 3562 3100 3619 habet.
3132 3563 3271 3631 Quid
3301 3566 3445 3622 enim

1864 3646 1928 3702 de
1965 3637 2081 3703 Deo
2097 3649 2201 3705 nisi
2225 3649 2371 3707 Dens
2396 3653 2544 3709 nasci
2570 3653 2795 3710 debuit?

1932 3737 2022 3793 IX.
2064 3738 2171 3794 Iste
2199 3742 2365 3796 etiam
2413 3742 2561 3798 Felix
2605 3745 2747 3800 hunc
2776 3746 3193 3804 conditionalem
3229 3764 3445 3805 servum

1863 3830 2058 3899 sazpius
2083 3830 2221 3884 solet
2247 3830 2536 3899 afﬁrmare,
2566 3849 2673 3889 non
2726 3836 3032 3908 intelligens
3075 3838 3218 3908 quod
3252 3838 3446 3895 divinae

1864 3921 2277 3990 dispensationis
2347 3933 2692 3979 sacramento
2762 3940 2953 3981 servus
3017 3927 3440 3983 nominaretur:

1863 4010 2069 4065 scilicet
2112 4026 2219 4065 non
2247 4011 2579 4078 conditione,
2604 4022 2664 4067 ut
2690 4015 2941 4082 superius
2961 4015 3216 4081 diximus,
3248 4016 3444 4071 debita:

1862 4099 2163 4162 servitutis,
2187 4100 2283 4154 sed
2307 4100 2589 4170 implenda:
2608 4109 2847 4172 paternae
2868 4102 3160 4160 voluntatis
3187 4105 3243 4159 in
3266 4105 3438 4160 salute

1862 4190 2099 4244 humana
2128 4189 2427 4245 voluntaria
2448 4191 2773 4247 obedientia.
2813 4191 2948 4248 Nam
2971 4195 3025 4249 in
3046 4193 3263 4253 Christo
3285 4197 3447 4266 quid—

1863 4282 1993 4351 quid
2021 4291 2231 4353 gestum
2259 4292 2362 4349 est,
2386 4291 2555 4338 totum
2589 4283 2881 4342 voluntatis
2914 4285 3038 4353 fuit,
3070 4301 3178 4343 non
3204 4288 3445 4343 necessi-

1865 4373 1991 4427 tatis
2015 4412 2031 4438 ,
2069 4374 2164 4443 qui
2192 4373 2448 4444 Apostolo
2481 4383 2709 4432 testante
2731 4418 2746 4440 ,
2789 4377 3082 4432 humiliavit
3116 4378 3445 4448 semetipsum

193 4479 266 4523 tur
282 4479 390 4524 tota
407 4484 562 4523 sacra
577 4466 856 4539 Scriptura
897 4467 1055 4537 huius
1071 4466 1211 4522 fideli
1233 4466 1512 4521 catholicae
1527 4465 1755 4535 fulgore,
1794 4495 1840 4555 ι)
1867 4463 2039 4532 factus
2063 4463 2303 4518 obediens
2348 4461 2501 4519 Patri
2530 4483 2692 4538 usque
2719 4466 2789 4520 ad
2820 4476 3060 4533 mortem,
3093 4476 3311 4521 mortem
3350 4482 3447 4520 au-

192 4563 329 4629 quasi
357 4560 534 4615 stellis
576 4559 880 4615 lucentibus
906 4560 958 4614 in
988 4558 1146 4623 cmlo,
1184 4558 1464 4621 clarescit;
1511 4573 1612 4610 nec
1658 4553 1761 4609 ulla

196 4653 243 4704 in
282 4652 386 4707 illis
431 4651 734 4707 divinitatis
780 4650 1109 4721 nuncupatio
1164 4649 1278 4704 sive
1308 4646 1427 4720 [F.,
1453 4646 1591 4719 sine]
1626 4647 1767 4701 veri-

198 4745 310 4797 tatis
332 4744 573 4814 potentia
618 4743 837 4798 Christo
870 4742 1177 4805 ascribitur,
1211 4740 1307 4795 sed
1336 4740 1515 4795 omnia
1548 4738 1763 4809 propria

199 4835 380 4889 virtute
400 4835 696 4890 sanitatum
730 4833 1010 4897 beneficia,
1042 4832 1126 4887 vel
1158 4833 1432 4902 signoruni
1464 4828 1720 4886 miracula
1746 4872 1759 4894 ,

199 4938 516 4995 Quaecunque
554 4925 759 4996 gessit,
809 4938 930 4978 eum
988 4921 1201 4979 efficere
1248 4931 1533 4978 testantur.
1586 4921 1766 4990 Neque

200 5016 328 5068 enim
350 5016 575 5071 dubium
598 5025 683 5071 est
732 5014 861 5083 quin
890 5014 1002 5085 ipse
1049 5014 1262 5083 pr0pria
1290 5022 1556 5084 potestate
1589 5010 1768 5067 omnia

200 5105 369 5163 fecerit
390 5126 515 5181 qua:
533 5110 599 5164 de
626 5125 691 5164 eo
718 5108 857 5162 mira
880 5107 1165 5178 leguntur:
1197 5108 1653 5176 vehementerque
1679 5118 1770 5159 ca-

200 5198 413 5254 vendum
437 5208 527 5254 est
570 5215 641 5255 ne
670 5198 875 5267 aliquid
910 5198 961 5251 in
997 5196 1214 5253 Christo
1247 5195 1418 5251 fallaci
1471 5197 1769 5255 imitatione

200 5299 433 5358 putemus
461 5300 670 5356 actum,
697 5289 793 5344 sed
817 5288 1002 5342 omnia
1046 5303 1379 5358 qua-cunque
1407 5288 1484 5341 vel
1512 5287 1564 5341 in
1596 5287 1771 5343 nomi—

202 5382 377 5448 nibus,
416 5383 500 5439 vel
530 5384 584 5437 in
608 5381 870 5452 operibus
892 5381 1142 5451 leguntur
1158 5382 1225 5436 dc
1250 5381 1567 5446 illo,cuncta
1602 5382 1770 5437 solida

203 5473 411 5529 veritate
429 5486 549 5531 acta
583 5474 668 5529 vel
686 5473 831 5528 dicta
849 5472 1153 5537 credamus,
1172 5475 1296 5542 quia
1325 5474 1375 5527 in
1390 5473 1768 5529 veritateuulla

204 5560 422 5634 ﬁgmenti
441 5565 797 5645 glutinbratio
823 5564 1051 5618 inveniri
1080 5566 1295 5633 poterit.
1335 5565 1439 5620 Sed
1469 5566 1561 5634 qui
1614 5582 1773 5620 verus

204 5668 393 5727 cuper
413 5663 517 5715 erit
547 5659 697 5714 Deus
727 5658 780 5712 in
813 5656 922 5710 Deo
950 5654 1127 5717 Patre,
1156 5672 1314 5710 verus
1358 5666 1440 5711 est
1480 5657 1531 5710 in
1555 5657 1769 5711 homine

210 5752 250 5795 ei
276 5746 422 5805 Deus.
450 5754 515 5807 Et
551 5751 645 5821 qui
680 5764 843 5805 verus
866 5753 950 5801 est
972 5746 1204 5802 hominis
1237 5746 1377 5801 filius
1399 5788 1412 5813 ,
1466 5748 1604 5801 idem
1655 5749 1767 5816 ipse

1868 4563 1967 4607 tem
1992 4556 2164 4608 crucis
2185 4552 2440 4627 (Philipp.
2470 4573 2531 4623 ll,
2558 4555 2635 4628 8).
2663 4556 2783 4611 Alia
2812 4567 2897 4613 est
2922 4570 3152 4627 namque
3196 4555 3448 4612 volunta-

1868 4646 1948 4700 ria
1976 4647 2272 4713 humilitas,
2302 4649 2406 4703 alia
2432 4649 2651 4705 servilis
2676 4651 2990 4704 necessitas.
3018 4646 3274 4715 Quaedam
3301 4647 3463 4703 enim.

1868 4736 1932 4791 de
1957 4736 2174 4793 Christo
2213 4755 2306 4808 per
2329 4739 2718 4810 proprietatem
2743 4747 2949 4793 natura;
2976 4737 3244 4799 dicuntur,
3271 4745 3342 4793 ut-
3363 4746 3449 4793 est

1868 4826 1988 4891 via,
2039 4829 2238 4883 veritas
2264 4837 2319 4883 et
2366 4829 2513 4895 vita;
2563 4830 2813 4899 quaedam
2852 4843 2949 4898 per
3001 4826 3446 4899 signiﬁcationem

1869 4936 2048 4976 rerum
2070 4937 2166 4990 per
2190 4921 2338 4975 illum
2363 4922 2719 4992 gerendarum
2741 4938 2772 4977 a
2816 4922 3093 4993 prophetis
3121 4921 3187 4977 de
3213 4935 3280 4976 eo
3303 4936 3442 4990 pne-

1871 5015 2045 5068 dicata
2073 5021 2216 5068 sunt.
2262 5013 2384 5079 Quo
2433 5029 2631 5085 genere
2677 5015 2963 5071 locutionis
3008 5028 3228 5070 servum
3272 5010 3447 5067 nomi-

1872 5106 1993 5159 nari
2039 5120 2066 5157 a
2098 5104 2373 5175 prophetis
2408 5104 2683 5161 Christum
2727 5107 3054 5162 credendum
3082 5114 3194 5171 est;
3225 5102 3293 5158 de
3339 5116 3459 5171 quo-

1869 5197 2014 5251 enim
2060 5197 2321 5265 propheta
2351 5196 2451 5252 hoc
2480 5197 2846 5252 testimonium
2872 5196 3116 5267 protulit,
3142 5196 3195 5250 in
3225 5208 3295 5249 eo
3335 5200 3448 5250 stac

1872 5289 1966 5342 tim
1998 5286 2338 5356 subiunctum
2367 5298 2484 5344 est:
2518 5289 2649 5343 Dedi
2670 5299 2718 5344 te
2746 5291 2800 5344 in
2821 5288 2987 5343 lucem
3016 5287 3265 5358 gentium,
3298 5295 3355 5340 ut
3374 5287 3448 5341 sis

1873 5379 2017 5433 salus
2046 5396 2158 5432 mea
2184 5396 2342 5449 usque
2367 5380 2435 5433 ad
2460 5390 2745 5434 extremum
2767 5389 2916 5433 terra!
2945 5375 3078 5447 (Isa.
3108 5369 3254 5440 iux,
3276 5374 3351 5449 6).
3381 5374 3457 5431 Et.

1873 5486 1939 5523 nc
1969 5472 2068 5523 iste
2098 5470 2268 5523 honor
2299 5478 2461 5523 tanta:
2508 5471 2640 5523 lucis
2668 5484 2864 5539 parvus
2894 5469 3158 5533 videatur,
3181 5469 3234 5522 in
3256 5484 3321 5524 eo
3348 5468 3445 5522 ad-

1865 5561 2081 5629 iunxit:
2112 5559 2274 5626 Reges
2324 5560 2583 5623 videbunt,
2614 5570 2661 5613 et
2714 5569 3023 5631 consurgent
3054 5561 3308 5631 principes
3333 5601 3346 5625 ,
3398 5568 3447 5613 et

1872 5653 2162 5705 adorabunt
2190 5661 2399 5721 propter
2426 5651 2728 5717 Dominum,
2749 5653 2875 5723 quia
2911 5652 3082 5721 ﬁdelis
3121 5663 3219 5715 est,
3246 5662 3292 5705 et
3325 5667 3450 5704 san-

1869 5757 2009 5799 ctum
2041 5744 2231 5811 Israel,
2261 5746 2349 5817 qui
2388 5744 2535 5816 elegit
2579 5756 2625 5799 te
2655 5743 2914 5818 (lbid.,v,
2940 5747 3015 5819 7).
3048 5744 3327 5813 Quomodo
3351 5756 3448 5797 au-
