3906 6186
489 335 591 395 135

1339 344 1395 399 Β.
1439 345 1498 400 F.
1530 344 1755 401 ALBINI
1778 345 1926 402 ‘SEU
1966 344 2243 402 ALCUINI
2281 344 2567 404 OPERUM
2604 346 2785 405 PARS
2817 350 2904 407 III.

3630 364 3716 423 1&5

486 464 615 520 tem,
644 459 690 514 si
735 474 927 518 servus
953 470 1057 529 est,
1084 463 1343 519 adoratur
1368 479 1400 518 a
1437 465 1654 536 regibus
1704 473 1762 520 et
1811 465 2069 537 principi-
2095 473 2143 527 Α
2179 480 2210 520 a
2234 465 2444 533 Verbo;
2475 467 2571 523 sed
2598 448 3031 538 ipsum‘Verhum
3068 472 3165 528 Dei
3193 488 3305 529 sua:
3330 475 3507 533 carnis
3528 494 3717 556 suscep-

485 550 623 606 bus?
658 549 735 607 De
754 567 862 622 quo
882 560 939 609 et
957 553 1118 623 paulo
1138 563 1266 610 ante
1285 556 1424 610 idem
1451 556 1715 625 propheta
1743 557 1819 611 ait
1841 571 1908 611 ex
1928 556 2069 625 ejus-

485 642 608 697 dem
636 657 867 714 persona
905 660 1067 714 quem
1111 661 1325 701 servum
1373 647 1689 717 prophetico
1732 648 2067 704 nominavit:

464 735 673 790 Posuit
725 753 825 800 me,
856 737 1053 808 inquit,
1075 740 1212 793 sicut
1237 739 1503 809 sagittam.
1538 756 1557 789 ι
1590 737 1838 795 Christus
1866 749 2067 808 autem,

485 838 546 880 ut
565 827 756 883 beatus
787 828 1146 901 Hieronymus
1174 828 1263 893 (In
1316 846 1433 899 cap.
1475 845 1602 885 xm
1631 828 1803 902 Isaiae)
1843 832 1950 897 ait,
2003 832 2073 887 de

462 919 671 974 omultis
699 920 929 990 sagittis,
956 929 1013 974 et
1054 920 1178 975 ﬁliis
1206 920 1475 992 plurimis,
1496 937 1603 977 una
1631 923 1823 993 sagitta
1854 923 2028 978 electa
2052 966 2068 991 ,

478 1022 537 1064 et
560 1008 728 1066 Filius
758 1011 1069 1081 unigenitus
1105 1019 1207 1075 est,
1230 1011 1315 1066 cui
1345 1020 1402 1066 et
1450 1020 1674 1082 paterna
1698 1027 1803 1068 vox
1832 1029 1957 1068 mox
1990 1031 2074 1070 re-

485 1104 738 1174 spondit:
780 1102 970 1157 Servus
997 1118 1143 1156 meus
1171 1119 1225 1157 es
1247 1111 1303 1156 tu
1323 1101 1518 1171 Israel,
1549 1105 1673 1174 quia
1710 1104 1767 1158 in
1793 1113 1843 1158 te
1872 1105 2072 1175 glori/£-

486 1196 644 1249 rubor
675 1195 810 1267 (Isa.
858 1211 1010 1260 κως,
1035 1194 1115 1267 5).
1145 1192 1356 1258 Servus,
1386 1196 1513 1266 quia
1541 1212 1664 1251 cum
1693 1198 1747 1252 in
1778 1196 1951 1252 forma
1974 1197 2072 1253 Dei

484 1296 650 1352 esset,
665 1285 897 1341 formam
915 1287 1056 1342 servi
1081 1295 1167 1342 est
1193 1286 1447 1358 dignatus
1465 1302 1744 1343 assumere
1767 1307 1779 1342 ε
1801 1296 1857 1344 et
1876 1288 2069 1355 Israel,

483 1378 610 1448 quia
638 1385 798 1433 natus
825 1378 893 1434 de
919 1378 1127 1434 semine
1169 1379 1499 1436 Iudaeorum.
1535 1380 1796 1453 Quodque
1829 1383 1897 1438 dc
1925 1383 2073 1438 nullo

482 1468 594 1524 alio
626 1484 908 1525 servorum
964 1471 1189 1542 intelligi
1218 1480 1426 1543 potest,
1471 1471 1903 1547 jungitur:quia
1927 1476 1983 1529 in
2024 1485 2073 1530 te

484 1559 840 1631 gloriﬁcabor.
898 1560 1042 1616 Dicit
1094 1562 1240 1616 enim
1281 1563 1396 1632 ipsc
1424 1564 1478 1618 in
1517 1564 1811 1635 Evangelio
1841 1582 1854 1619 :
1885 1563 2069 1629 Pater,

484 1648 726 1719 glori/ica
782 1666 968 1705 nomen
1033 1659 1181 1704 tuum
1237 1650 1420 1722 (Joan.
1483 1668 1596 1718 xu,
1662 1652 1755 1724 28)
1800 1668 1815 1707 :
1870 1653 1962 1725 qui
2017 1654 2073 1709 in

483 1738 692 1809 psalmo
744 1738 984 1809 loquitur
1004 1740 1070 1795 ad
1123 1741 1357 1797 Filium:
1400 1743 1658 1815 Exsurge,
1697 1744 1866 1815 gloria
1914 1762 2067 1810 mea,

2172 559 2319 614 tione
2356 568 2676 631 conceptum
2698 601 2713 626 ,
2766 562 3047 633 ipsamque
3093 579 3314 621 carnem
3359 567 3514 624 Verbi
3541 571 3625 629 Dei
3648 575 3720 633 in-

2170 648 2486 702 carnatione
2511 658 2851 716 conceptam.
2879 670 2899 703 ι
2928 651 3041 708 Nec
3060 653 3369 710 mirandum
3396 667 3480 713 est
3502 660 3545 715 si
3567 663 3715 720 luere-

2171 736 2312 792 ticus
2341 736 2616 792 Christum
2643 777 2659 803 ,
2687 739 2780 808 qui
2824 755 2890 795 ex
2923 742 3146 813 Virgine
3198 754 3360 800 natus
3412 755 3528 812 est,
3574 750 3721 809 Deum

2170 828 2594 898 nuncupativum
2615 844 2861 886 asserere
2889 832 3108 897 audeat,
3142 834 3235 904 qui
3260 837 3508 893 eumdem
3531 856 3721 900 servum

2170 918 2527 982 omnimodis,
2574 921 2918 991 propheticis
2946 925 3275 981 testimoniis
3327 943 3434 983 non
3483 933 3725 991 catholico

2170 1025 2333 1066 sensu
2369 1012 2679 1079 intellectis,
2707 1016 2930 1081 astruit,
2960 1016 3225 1088 nobisque
3252 1034 3351 1089 pro
3371 1021 3523 1092 culpa
3541 1025 3724 1096 objicit,

2169 1101 2307 1156 velle
2356 1116 2480 1157 eum
2510 1103 2602 1172 qui
2628 1119 2696 1158 ex
2745 1104 2971 1176 Virgine
3013 1116 3172 1162 natus
3201 1116 3313 1173 est,
3353 1125 3536 1166 verum
3577 1113 3729 1171 Deum

2170 1192 2489 1262 praedicare.
2512 1192 2652 1249 Hinc
2676 1195 2822 1250 enim
2846 1197 3013 1253 totius
3040 1199 3244 1254 erroris
3271 1200 3355 1255 sui
3377 1200 3582 1256 videtur
3598 1206 3731 1278 origo

2169 1284 2521 1353 processisse,
2557 1293 2620 1339 ut
2660 1299 2727 1341 ex
2757 1301 2917 1342 servo
2958 1287 3189 1357 quodam
3218 1290 3528 1358 adoptivum
3553 1292 3730 1350 Filium

2170 1370 2352 1427 facere
2394 1374 2662 1443 potuisset
2700 1375 2898 1448 [Edit.,
2931 1376 3245 1459 facerenon
3280 1382 3566 1451 potuisset,
3607 1401 3735 1440 erro-

2170 1462 2311 1536 nee],
2337 1465 2422 1519 vel
2455 1465 2622 1521 Deum
2650 1469 3092 1538 nuncupativum.
3126 1471 3253 1526 Tria
3281 1473 3483 1543 quippe
3524 1475 3734 1532 aliinnat

2171 1555 2226 1610 in
2258 1554 2499 1623 Christo,
2560 1557 2614 1612 id
2642 1567 2745 1622 est,
2809 1559 2952 1629 quod
2981 1576 3171 1618 servus
3233 1563 3305 1618 sit
3354 1565 3733 1634 conditionalis,

2171 1648 2315 1717 quod
2344 1648 2488 1705 ﬁlius
2515 1649 2838 1721 adoptivus,
2888 1661 2945 1707 et
2973 1653 3115 1710 Deus
3160 1659 3572 1728 nuncupativus.
3623 1659 3734 1717 Tria

2171 1754 2386 1810 quoque
2407 1757 2439 1796 e
2468 1743 2742 1797 contrario
2770 1752 2952 1815 negat,
2982 1746 3087 1801 hoc
3117 1756 3221 1813 est,
3244 1749 3391 1818 quod
3419 1764 3575 1805 verus
3610 1750 3741 1810 Deus

482 1827 787 1898 psalterium
813 1839 863 1884 et
911 1831 1115 1885 cithara
1144 1828 1315 1903 (Psol.
1343 1848 1451 1900 LVI,
1480 1832 1558 1905 9),
1589 1834 1643 1889 id
1700 1841 1805 1901 est,
1826 1836 2068 1891 omnium
2097 1824 2147 1883 Β
2172 1842 2489 1890 nascerelm‘
2542 1850 2611 1891 ex
2639 1836 2899 1907 Virgine;
2944 1838 3031 1894 νει
3082 1839 3223 1895 idem
3248 1881 3262 1904 9
3319 1842 3416 1911 (ιιιὶ
3469 1851 3621 1899 Italus
3642 1855 3738 1912 est,

483 1919 744 1975 virtutum
771 1921 987 1977 chorus.
1025 1941 1044 1974 ›
1075 1922 1202 1978 Iizec
1238 1923 1422 1995 itaque
1466 1925 1724 1995 praefatus
1750 1927 1913 1983 Pater
1947 1927 2071 1984 Hie-

485 2024 760 2082 ronymus,
786 2010 1057 2067 Christum
1110 2027 1142 2067 a
1170 2015 1519 2071 conditionali
1548 2026 1747 2073 nostra:
1774 2019 2072 2075 necessita-

484 2098 555 2154 tis
580 2100 803 2154 servitio
832 2116 1120 2171 separaris,
1176 2103 1271 2158 ait.
1303 2103 1383 2159 Ex
1437 2120 1545 2174 quo
1598 2105 1917 2178 intelligitur
1959 2125 2069 2166 non

482 2191 756 2245 communi
787 2190 1038 2248 humanae
1091 2194 1416 2251 conditionis
1457 2212 1609 2253 more
1651 2197 1927 2256 Christum
1954 2217 2071 2258 ser-

483 2299 611 2337 vum
636 2286 925 2349 nominari,
947 2286 1040 2342 sed
1083 2287 1263 2343 altiori
1290 2290 1549 2361 mysterio
1592 2291 1790 2348 debere
1821 2293 2065 2366 intelligi.

480 2366 543 2432 'Si
574 2392 703 2449 ergo
742 2395 932 2456 servus
973 2390 1055 2436 est
1098 2379 1368 2450 Christus,
1399 2387 1669 2456 quomodo
1712 2396 1892 2445 tantos
1944 2389 2072 2447 fecit

407 2488 417 2497 -
483 2467 706 2534 liberos,
744 2452 997 2540 Apostolo
1027 2482 1259 2529 testante
1283 2517 1297 2539 ,
1347 2452 1440 2546 qui
1467 2477 1544 2532 ait
1573 2497 1586 2531 :
1614 2478 1738 2534 Non
1760 2497 1939 2537 sumus
1973 2501 2070 2539 an-

484 2559 623 2612 εἱΙΙιτ
657 2561 779 2628 ﬁlii,
807 2561 897 2616 sed
924 2562 1123 2628 liberte,
1150 2581 1267 2634 qua
1306 2565 1544 2621 libertate
1591 2565 1830 2625 Christus
1870 2589 1973 2627 non
2002 2572 2069 2627 li-

485 2647 679 2701 beravit
709 2646 850 2718 (Gal.
880 2665 953 2714 tv,
981 2651 1094 2720 31).
1141 2652 1206 2707 Et
1233 2653 1349 2724 ipsa
1378 2654 1593 2713 Veritas
1643 2658 1698 2713 in
1737 2659 2063 2733 Evangelia:

485 2735 546 2791 Si
567 2737 710 2805 filius
738 2756 824 2794 vos
853 2740 1171 2810 liberaverit,
1200 2763 1317 2801 vere
1363 2747 1515 2804 liberi
1554 2753 1701 2806 eritis
1721 2752 1905 2825 (Joan.
1937 2772 2064 2824 vm,

481 2825 594 2888 36).
626 2826 761 2882 Nam
785 2829 832 2883 si
853 2845 1043 2888 omnes
1069 2837 1241 2891 sancti
1289 2836 1444 2894 liberi
1487 2849 1613 2895 sunt
1639 2843 1935 2900 secundum
1964 2848 2069 2903 Ve-

483 2916 684 2979 ritatis,
712 2933 833 2988 quae
857 2919 1104 3001 Christus
1137 2932 1241 2991 est,
1262 2942 1470 2996 vocem,
1501 2934 1771 3001 quomodo
1808 2935 1896 2991 ille
1921 2936 2068 2993 solus

482 3008 744 3064 remansit
786 3023 977 3067 servus
1009 3014 1101 3083 qui
1126 3030 1316 3073 omnes
1351 3018 1403 3073 in
1447 3034 1508 3075 se
1534 3023 1818 3079 credentes
1863 3025 2066 3083 liberos

481 3099 654 3155 facit?
689 3099 766 3155 De
791 3102 988 3172 quibus
1007 3112 1062 3159 et
1084 3104 1210 3161 alibi
1234 3107 1311 3162 ait
1335 3126 1348 3162 :
1378 3107 1506 3164 Jam
1528 3127 1631 3166 non
1653 3112 1827 3168 dicam
1855 3131 1942 3171 vos
1959 3133 2065 3171 ser-

480 3206 589 3256 ves,
616 3190 707 3245 sed
728 3192 922 3247 anticus
949 3192 1131 3265 (Joan.
1153 3211 1245 3261 xv,
1269 3196 1356 3268 l5)
1385 3217 1399 3253 :
1427 3198 1494 3253 Et
1512 3200 1565 3254 in
1596 3202 1786 3257 eodem
1822 3203 2065 3277 Evange—

480 3280 551 3335 lio
576 3299 589 3333 :
622 3280 833 3347 Servus,
866 3284 1060 3354 inquit,
1086 3303 1190 3341 non
1238 3299 1414 3343 manet
1439 3291 1495 3345 in
1521 3292 1677 3347 domo
1705 3294 1759 3348 in
1789 3305 2063 3364 retentum,

482 3371 656 3424 Filius
689 3382 862 3427 autem
887 3386 1062 3429 manet
1084 3376 1266 3447 (Joan.
1299 3381 1545 3452 vm,55).
1575 3382 1836 3440 Dominus
1861 3395 2062 3455 autem,

484 3468 539 3513 ut
565 3461 640 3513 ait
672 3472 896 3518 sanctus
925 3463 1291 3536 Augustinus,
1323 3468 1377 3524 in
1405 3469 1580 3526 forma
1628 3474 1791 3542 servi,
1816 3492 1925 3532 non
1952 3493 2068 3533 ser-

482 3569 581 3607 vus
608 3572 620 3607 :
654 3556 750 3610 sed
778 3556 833 3612 in
863 3556 1034 3613 forma
1060 3561 1207 3615 servi
1230 3561 1490 3619 Dominus
1512 3563 1630 3619 fuit.

552 3644 718 3715 827
756 3646 826 3700 Χ.
867 3646 1018 3715 Quod
1040 3663 1170 3704 vero
1195 3651 1250 3706 in
1276 3652 1391 3723 ipsa
1410 3656 1781 3712 sacratissima
1812 3660 2065 3717 incarna-

485 3733 647 3789 tionis
666 3726 869 3791 Christi
893 3738 1105 3810 originc
1126 3740 1269 3798 Deus
1295 3756 1459 3799 verus
1483 3756 1776 3819 conceptus
1805 3750 1897 3815 sit,
1926 3752 2065 3807 mul-

484 3834 660 3880 torum
716 3828 1106 3887 catholicorum
1156 3834 1481 3893 testimoniis
1534 3837 1758 3895 Patrum
1806 3841 2062 3900 aﬁirmari

482 3926 691 3986 potest,
746 3936 975 3991 quorum
1015 3939 1184 3995 pauca
1236 3927 1325 3983 hic
1378 3929 1647 4001 subjicere
1694 3934 2004 3992 curavimus
2044 3954 2057 3989 :

482 4011 609 4079 quia
640 4026 728 4067 res
744 4012 812 4068 de
834 4029 940 4085 qua
964 4016 1144 4088 agitur
1165 4026 1277 4073 tam
1314 4020 1461 4076 clara
1498 4031 1583 4078 est
1603 4031 1660 4079 et
1687 4033 1837 4091 nota,
1867 4034 1929 4081 ut
1953 4043 2061 4084 non

481 4104 664 4160 multis
702 4106 941 4178 indigeat
967 4111 1214 4177 testibus,
1253 4111 1408 4182 cujus
1436 4123 1517 4171 tot
1557 4126 1684 4172 sunt
1726 4127 1895 4175 testes
1928 4132 2062 4192 quot

480 4194 681 4251 ﬁdeles.
720 4196 862 4252 Dicit
893 4214 1025 4271 ergo
1065 4202 1256 4258 beatus
1294 4203 1630 4275 Augustinus
1668 4207 1721 4263 in
1749 4208 1889 4266 libro
1916 4225 2060 4281 saepe

476 4287 751 4343 nominato
797 4289 1140 4347 Enchiridion
1186 4294 1327 4365 (cap.
1370 4296 1472 4368 56)
1508 4316 1521 4352 :
1559 4317 1578 4349 α
1617 4298 1873 4373 Nunquid
1897 4312 2057 4361 antea

476 4375 575 4428 t‘uit
605 4376 801 4440 homo,
827 4386 883 4432 et
930 4380 1033 4434 huc
1060 4381 1111 4434 ei
1160 4383 1433 4453 singulare
1478 4387 1800 4447 beneﬁcium
1848 4395 2057 4463 praesti-

477 4474 589 4519 tum
649 4475 750 4528 est,
814 4484 920 4538 quo
977 4471 1324 4541 singulariter
1384 4489 1791 4546 promereretur
1847 4482 2056 4541 Deum‘?

473 4661 635 4714 quam
655 4650 746 4704 Dei
774 4648 941 4707 Filius
965 4671 979 4706 :
1006 4662 1062 4709 et
1076 4654 1179 4712 hoc
1201 4656 1394 4713 unicus
1406 4667 1463 4714 et
1483 4671 1707 4731 propter
1727 4663 1895 4720 Deum
1918 4666 2053 4722 Ver-

368 4786 381 4798 ,
475 4738 635 4803 hum,
663 4743 805 4808 quod
852 4745 942 4801 illo
988 4756 1240 4819 suscepto
1281 4765 1410 4807 caro
1440 4750 1647 4809 factum
1699 4765 1817 4822 est,
1867 4760 2054 4831 utique

477 4829 645 4896 Deus;
682 4831 782 4903 [ut]
820 4841 1273 4905 quemadmodum
1299 4852 1384 4900 est
1424 4860 1529 4900 una
1560 4861 1790 4917 persona
1828 4829 2055 4922 quilibet

473 4922 667 4984 homo,
702 4924 878 4977 anima
907 4967 921 4988 ,
960 4929 1164 4985 scilicet
1191 4973 1207 4995 ,
1249 4934 1527 4991 rationalis
1560 4946 1616 4991 et
1642 4953 1805 5005 caro,
1861 4942 1936 4996 ita
1982 4946 2053 5000 sit

470 5011 721 5068 Christus
746 5028 847 5066 una
876 5030 1107 5083 persona
1137 5020 1373 5077 Verbum
1401 5033 1457 5078 et
1484 5026 1665 5081 homo.
1702 5047 1721 5079 ι
1766 5029 1897 5085 item
1926 5032 2051 5087 Ful-

468 5106 682 5170 gentius
721 5106 774 5160 in
805 5106 942 5162 lihro
969 5112 1249 5167 catholica:
1281 5115 1403 5169 ﬁdei
1429 5117 1567 5186 (Lib.
1598 5119 1664 5173 de
1683 5120 1820 5176 Fide
1850 5125 1919 5178 ad
1949 5122 2050 5180 Pe-

446 5203 639 5257 trum,
680 5212 801 5266 cap.
834 5197 923 5265 18)
964 5218 975 5252 :
1010 5221 1029 5251 ι
1062 5202 1418 5271 Firmissimc,
1444 5213 1641 5284 inquit,
1665 5227 1810 5285 tene,
1848 5228 1903 5275 ct
1926 5219 2048 5274 uul-

471 5284 682 5342 latcuus
710 5289 923 5347 dubites
950 5334 965 5357 ,
1006 5310 1111 5350 non
1140 5312 1358 5355 carnem
1393 5302 1594 5362 Christi
1625 5310 1743 5366 siue
1769 5311 2051 5367 divinitate

470 5389 784 5448 conceptam
810 5385 862 5439 iu
880 5396 1033 5443 utero
1057 5389 1309 5463 Virginis,
1344 5397 1660 5470 priusquam
1686 5405 2049 5475 susciperetur

522 5530 963 5625 .f__§j_![il§ri09;
1003 5546 1114 5625 Hoc
1161 5552 1504 5625 prpaamium,
1562 5557 1716 5625 cujus
1769 5569 1948 5615 tamen
1983 5562 2040 5618 S.

914 5596 917 5597 ,
1004 5596 1113 5601 --η
1562 5596 1626 5611 ν..
1655 5596 1716 5613 ..ο
1983 5596 2040 5618 υ.

470 5596 824 5702 ἓίοξξξξιχηῖῃε
846 5596 1193 5702 i‘n‘Catalog‘d’
1207 5621 1442 5702 Operum
1561 5596 1748 5702 Hilarii
1771 5633 2040 5702 meminit,

468 5679 536 5758 et.
555 5675 697 5758 quod
739 5676 987 5758 similiter
1012 5703 1071 5758 Δτι
1112 5675 1531 5748 Cassiano—Ub.
1562 5675 1647 5752 17h
1674 5675 1740 5753 de

466 5748 688 5809 citetur,
712 5760 850 5804 nunc
876 5752 1228 5812 desideratur.
1257 5760 1457 5816 Textus
1499 5748 2039 5837 vero—apiu'l-Ca-s'sia:

2167 1938 2330 1980 verus
2357 1926 2428 1981 sit
2452 1925 2623 1984 Filius
2644 1927 2776 1995 Dei;
2818 1939 2873 1985 et
2900 1930 3044 2001 quod
3071 1932 3379 1989 nullatenus
3418 1935 3535 1991 ﬁeri
3582 1939 3743 2008 possit

2167 2024 2229 2070 ut
2252 2016 2507 2087 baptismi
2553 2022 2963 2091 regeneratione
3021 2038 3128 2078 non
3180 2033 3371 2095 egeat,
3431 2029 3523 2097 qui
3567 2044 3743 2085 servus

2168 2108 2239 2164 sit
2274 2118 2453 2167 natus.
2517 2112 2624 2169 Sed
2653 2111 2768 2182 jam
2821 2123 3035 2185 tempus
3076 2126 3162 2174 est
3217 2127 3276 2173 ut
3333 2121 3554 2175 testium
3614 2123 3747 2178 nube

2167 2200 2509 2270 opprimatur
2548 2244 2564 2270 ,
2643 2205 2736 2275 qui
2790 2204 3021 2278 caligine
3076 2207 3227 2280 impii
3292 2211 3503 2267 erroris
3563 2210 3744 2269 obum-

2167 2288 2381 2345 bratur.

2238 2399 2331 2456 XI.
2372 2401 2613 2461 Hilarius
2640 2405 2901 2463 virtutum
2941 2411 3182 2465 omnium
3213 2420 3376 2483 atquc
3403 2424 3750 2471 ornamento-

2168 2505 2312 2557 rum,
2345 2500 2399 2546 et
2428 2493 2717 2561 sicutvita,
2749 2497 2822 2552 ita
2845 2506 2899 2551 et
2926 2486 3231 2570 eloquentia
3256 2502 3510 2573 insignis,
3543 2507 3601 2561 in
3623 2506 3755 2562 libro

2168 2582 2293 2639 ﬁdei
2321 2585 2557 2641 secundo
2584 2587 2726 2659 (Lib.
2759 2606 2798 2645 II
2842 2590 2906 2645 d'e
2946 2590 2987 2644 Τ
2991 2592 3161 2658 rinit.,
3208 2610 3263 2649 n.
3314 2595 3388 2650 25
3418 2606 3476 2652 et
3507 2599 3621 2665 27;
3658 2598 3748 2655 lib.

2169 2691 2245 2740 ις,
2276 2692 2331 2730 ιι.
2363 2676 2449 2748 5):
2480 2696 2498 2729 ‹
2528 2678 2698 2744 Unus,
2729 2681 2923 2751 inquit,
2945 2674 3255 2755 utiigenitus
3283 2687 3431 2744 Deus
3459 2690 3516 2745 in
3542 2707 3761 2763 corpus-

2168 2766 2272 2820 culi
2313 2767 2536 2823 humani
2585 2769 2756 2826 forma
2789 2771 2953 2844 [Ilil.,
2990 2774 3246 2851 formam]
3286 2789 3499 2838 sanctae
3532 2783 3762 2854 Virginis

2167 2864 2322 2912 utero
2344 2859 2582 2916 insertus
2602 2862 2927 2919 adhaerescit
2955 2863 3088 2938 [ld.,
3120 2870 3432 2944 accrescit],
3460 2873 3557 2943 qui
3585 2877 3762 2929 omnia

2168 2951 2430 3018 continet,
2456 2962 2511 3008 ct
2536 2954 2676 3009 intra
2707 2972 2869 3026 quem
2895 2971 3088 3014 cuncta
3113 2969 3269 3027 sunt,
3313 2963 3549 3047 humani
3585 2973 3766 3036 partus

2167 3041 2286 3114 lege
2336 3046 2631 3115 profertur.
2658 3068 2677 3101 ι
2711 3048 2844 3105 Item
2894 3052 2947 3106 in
2996 3055 3186 3110 eodem
3240 3041 3383 3111 libro
3420 3076 3434 3111 :
3478 3078 3498 3109 ι
3531 3058 3766 3131 Angelus

2170 3136 2324 3192 testis
2352 3147 2436 3194 est
2459 3181 2474 3206 ,
2524 3139 2667 3196 Deus
2698 3143 2980 3200 nobiscum
3010 3155 3123 3213 est,
3161 3148 3279 3214 ille,
3311 3151 3410 3220 qui
3446 3154 3715 3208 nascitur.
3747 3172 3765 3205 ι

2168 3224 2299 3279 item
2327 3226 2442 3297 ipse
2469 3228 2523 3283 in
2545 3228 2685 3285 libro
2714 3247 2859 3289 nouo
2901 3252 2914 3288 :
2971 3254 2990 3285 ι
3022 3235 3188 3293 Natus
3232 3238 3405 3310 igitur
3454 3243 3770 3316 uuigenitus

2167 3316 2311 3373 Deus
2330 3332 2398 3373 ex
2433 3320 2652 3377 homine
2690 3321 2830 3396 [Id.,
2861 3341 2929 3381 ex
2960 3328 3204 3403 Virgine]
3241 3332 3434 3399 homo,
3478 3343 3537 3389 et
3577 3351 3771 3391 secun-

2165 3409 2292 3463 dum
2319 3408 2712 3480 plenitudinem
2744 3423 3048 3487 temporum
3071 3421 3124 3475 in
3153 3424 3459 3494 semetipso
3489 3436 3752 3496 provectu

2165 3515 2258 3555 rus
2294 3508 2380 3555 est
2406 3500 2577 3557 Deum
2607 3505 2885 3563 hominem
2934 3507 3045 3583 [Id.
3067 3552 3082 3576 ,
3111 3523 3486 3582 provecturus
3514 3518 3572 3573 in
3608 3518 3775 3573 Deum

2164 3590 2485 3666 hominem].
2538 3593 2693 3651 Hunc
2745 3613 2844 3669 per
2895 3601 3077 3656 omnia
3134 3606 3444 3677 evangelici
3502 3608 3775 3664 sermonis

2163 3682 2385 3738 modum
2417 3685 2619 3751 tenuit,
2646 3695 2708 3741 ut
2741 3704 2801 3744 se
2824 3688 2921 3744 Dei
2944 3690 3141 3747 Filium
3172 3696 3407 3753 credere
3444 3699 3703 3766 doceret,
3730 3708 3779 3753 et

2163 3774 2401 3829 hominis
2429 3774 2627 3833 Filium
2675 3780 2974 3849 pranlicare
3022 3782 3156 3858 [Id.,
3191 3787 3421 3844 credi...
3457 3789 3778 3863 prmdicari]

2163 3864 2481 3921 admoneret
2515 3888 2527 3920 :
2556 3868 2773 3926 locutus
2803 3881 2859 3927 et
2893 3888 3087 3943 gerens
3130 3877 3296 3934 homo
3324 3882 3615 3940 universa
3668 3898 3782 3956 qua

2163 3953 2258 4008 Dei
2289 3965 2437 4022 sunt,
2486 3956 2712 4028 loquens
2739 3961 2931 4018 deinde
2975 3974 3031 4019 et
3057 3982 3251 4037 gerens
3298 3970 3461 4029 Deus
3524 3953 3781 4033 universa

2161 4060 2282 4114 qua:
2308 4046 2544 4104 hominis
2567 4059 2711 4104 sunt.
2736 4071 2754 4105 ι
2791 4051 2935 4109 Idem
2965 4071 3178 4127 quoque
3202 4059 3257 4114 in
3284 4068 3592 4132 procemio
3614 4084 3783 4139 expo-

2160 4134 2375 4192 sitionis
2409 4137 2686 4212 Evangelii
2728 4144 3023 4201 secundum
3054 4146 3373 4206 Matthzeum
3428 4167 3458 4196 ει
3522 4178 3537 4213 :
3607 4178 3628 4211 α
3657 4134 3786 4215 έναι

2160 4242 2397 4299 namque
2437 4232 2675 4300 primum
2720 4238 3089 4294 necessarium
3120 4242 3305 4309 nobis,
3361 4254 3432 4301 ut
3463 4265 3620 4307 unus
3647 4251 3791 4307 Deus

2160 4318 2331 4373 nostri
2361 4335 2524 4376 causa
2551 4322 2715 4380 homo
2753 4334 2915 4382 natus
2940 4341 3396 4401 cognosceretur.
3440 4358 3461 4388 ι
3505 4339 3791 4414 Theophi-

2158 4405 2243 4463 lus
2267 4424 2481 4480 quoque
2511 4412 2797 4484 episcopus
2845 4415 3243 4475 Alexandrinus
3290 4422 3352 4477 in
3386 4429 3641 4498 cpistola
3670 4405 3794 4487 Ῥει-

2083 4526 2132 4585 D
2158 4500 2325 4555 schali
2357 4499 2665 4569 huiusmodi
2697 4507 2763 4561 de
2787 4505 2988 4563 Christi
3027 4512 3316 4568 uativitale
3346 4520 3606 4586 protulit
3630 4523 3794 4578 testi-

474 4571 665 4626 uetupe
690 4575 754 4613 ex
774 4574 882 4629 quo
905 4561 1066 4617 homo
1086 4576 1207 4619 esse
1225 4566 1409 4636 carpit,
1447 4583 1555 4623 non
1582 4570 1726 4626 aliud
1748 4575 1913 4643 cmpit
1932 4591 2054 4633 esse

2169 4591 2394 4646 monium
2434 4610 2446 4645 :
2484 4611 2505 4644 ι

2535 4592 2687 4649 Unus
2715 4595 2884 4652 Filius
2914 4598 3091 4656 Patris
3138 4606 3442 4676 nostrique
3478 4610 3792 4689 mediator,

2156 4699 2256 4740 nec
2276 4684 2635 4755 mqualitatem
2664 4686 2780 4756 ejus
2814 4691 3029 4757 amisit,
3061 4709 3162 4750 nec
3191 4711 3222 4750 a
3251 4709 3467 4757 nostro
3499 4684 3798 4762 consortio

2156 4786 2439 4845 separatus
2464 4787 2549 4833 est
2579 4779 2865 4836 invisibilis
2900 4783 3044 4841 Deus
3095 4785 3147 4859 [δ
3185 4797 3240 4842 et
3286 4792 3560 4851 visibilis
3591 4798 3741 4853 Deus
3778 4815 3794 4854 :

2157 4866 2442 4922 invisibilis
2470 4868 2654 4942 homo]
2687 4880 2742 4926 et
2776 4873 3005 4930 visibilis
3029 4876 3213 4943 homo,
3272 4880 3335 4936 in
3401 4883 3603 4943 forma
3649 4893 3810 4946 servi

2156 4956 2524 5023 absconditus,
2556 4970 2611 5014 et
2639 4961 2899 5019 Dominus
2925 4965 3110 5034 gloria,-
3133 4969 3513 5033 coul‘essume
3555 4980 3801 5034 creden-

2147 5047 2280 5102 tium
2308 5052 2713 5122 comprobatus.
2746 5054 2931 5127 Neque
2970 5059 3116 5114 enim
3162 5062 3424 5131 privavit
3453 5086 3595 5126 eum
3627 5072 3803 5130 Pater

2149 5150 2355 5197 natura:
2375 5158 2486 5199 suae
2516 5148 2753 5213 nomine,
2776 5158 3059 5219 postquam
3089 5168 3188 5223 pro
3220 5157 3399 5214 nobis
3442 5161 3628 5219 homo
3662 5181 3803 5235 pau—

2147 5248 2244 5301 per
2268 5233 2495 5291 eﬁ‘eetus
2525 5245 2610 5293 est
2647 5253 2663 5292 ε
2695 5255 2795 5294 nec
2842 5240 2895 5295 in
2926 5240 3160 5298 Iordane
3209 5245 3394 5304 ﬁuvio
3432 5233 3802 5326 baptizatum

2150 5324 2322 5381 altero
2362 5328 2653 5398 appellavit
2681 5330 2967 5399 vocabulo,
2996 5335 3089 5389 sed
3119 5334 3326 5392 Filium
3361 5324 3746 5415 unigenitum
3785 5361 3802 5401 :

2154 5414 2230 5469 Tu
2255 5432 2332 5481 es,
2363 5416 2558 5490 inquit,
2587 5418 2764 5476 Filius
2805 5440 2952 5479 meus
2982 5424 3224 5491 dilectus,
3252 5428 3315 5483 in
3346 5448 3471 5502 quo
3490 5414 3652 5494 imihi
3674 5438 3809 5497 bene

2149 5582 2277 5653 num
2300 5568 2603 5653 ita‘sp'nat:
2643 5592 2662 5653 ς
2693 5575 2824 5653 Erat
2842 5581 3353 5653 namqueprimum
3383 5594 3807 5653 necessarium

2148 5637 2323 5738 pubis,
2341 5648 2402 5694 ut
2431 5641 2749 5738 Uuigeuitus
2766 5646 2908 5738 Deus
2928 5637 3293 5706 nostri'causa

2149 5715 2261 5785 tum
2278 5725 2409 5785 _non_
2427 5722 2565 5785 erat,
2597 5716 2928 5785 gigneretur.
2952 5740 2969 5770 ι

2218 5778 2245 5817 ῒι
2278 5778 2440 5837 lineis
2463 5778 2879 5843 iucluEJdesuut
2902 5789 2953 5845 in
2982 5789 3309 5862 Tlle0phil0.
