3906 6186
261 355 367 413 185

1012 353 1430 411 ΒΟΟΜΑΤΙΟΛ.
1472 387 1540 396 ——
1579 356 1737 410 ADV.
1779 355 1849 410 Π

1954 356 2074 412 ΞΕΜ
2114 356 2293 411 LIBRI
2337 357 2442 414 VII.
2481 388 2549 396 —
2586 354 2716 413 LIB.
2759 358 2846 412 IV.

3436 361 3535 416 185

258 469 558 541 εοηιριααιὲ
583 467 800 541 (Matth.
827 485 912 534 III,
941 470 1050 541 I7).
1081 491 1098 522 ι
1143 471 1463 525 Ambrosius
1503 468 1734 524 eximius
1757 466 1852 522 Dei
1882 471 1928 526 Δ
1963 485 1980 516 ι
2013 466 2306 522 Haeretiee!
2333 467 2520 522 desine
2540 465 2789 535 judicare
2805 468 3043 538 judicem
3061 475 3233 532 tuum,
3252 469 3347 523 sed
3368 471 3533 526 adora

258 561 542 625 sacerdos,
597 561 650 614 in
709 560 847 614 libro
885 561 976 630 qui
1020 570 1104 615 est
1133 561 1200 614 ad
1230 561 1488 632 virgines,
1534 561 1609 614 ita
1638 574 1846 613 memo-

258 661 348 706 rat
374 663 403 691 ει
430 651 637 721 :828
664 669 682 700 ι
713 649 959 705 Gloriosa
990 652 1270 719 virginitas
1295 662 1350 706 et
1378 650 1634 721 przeclara
1666 649 1850 705 Ieeun-

258 743 424 796 ditas.
444 741 709 795 Dominus
737 742 923 795 mundi
947 743 1210 805 nascitur,
1236 750 1291 795 et
1314 742 1491 796 nullus
1509 751 1594 796 est
1619 742 1850 811 gemitus

258 833 528 902 parientis
553 873 568 896 ,
605 833 730 902 quia
763 831 846 887 Ias
899 841 1015 888 erat
1064 844 1123 886 ut
1162 834 1272 887 Deo
1301 843 1556 888 nascente
1594 833 1850 886 meritum

259 931 537 978 cresceret
595 922 884 978 castitatis.
925 943 943 974 ι
998 922 1358 992 Ilieronymus
1396 923 1675 977 catholica:
1726 923 1850 977 ﬁdei

261 1014 457 1067 doctor
486 1013 822 1068 clarissimus
858 1013 911 1066 in
956 1013 1092 1068 libro
1118 1014 1183 1067 ad
1212 1014 1560 1069 Eustochium
1586 1015 1849 1086 virginem

263 1105 459 1175 (Epist.
490 1103 583 1166 2‘2,
610 1119 662 1156 n.
687 1103 778 1171 9.9)
805 1117 819 1154 :
857 1121 874 1152 ι
906 1101 1026 1168 Dei,
1059 1103 1272 1172 inquit,
1298 1103 1469 1158 Filius
1516 1121 1614 1175 pro
1665 1113 1850 1160 nostra

260 1198 437 1252 salute
485 1195 723 1251 hominis
763 1194 938 1250 factus
989 1204 1071 1250 est
1115 1195 1278 1249 ﬁlius.
1331 1197 1526 1252 Decem
1574 1195 1710 1269 [Αι.,
1740 1195 1849 1252 Νο-

260 1289 408 1354 veml
433 1289 714 1342 mensibus
737 1288 765 1327 δ
789 1287 841 1341 in
871 1297 1046 1351 utero,
1079 1297 1430 1354 utnaseatur,
1457 1299 1846 1360 exspectat,....

260 1393 316 1438 et
351 1380 466 1448 ille,
499 1382 652 1452 cujus
681 1383 882 1453 pugillo
937 1382 1170 1436 mundus
1219 1381 1515 1436 includitur
1559 1381 1758 1456 [Hier.,
1797 1392 1852 1436 et

262 1475 352 1528 ille
389 1473 592 1543 pugillo
625 1474 881 1526 mundum
906 1470 1230 1543 includens],
1261 1470 1517 1542 przesepis
1543 1471 1854 1525 continetur

260 1565 552 1634 angustiis.
588 1584 606 1615 ι
642 1565 770 1618 Item
799 1563 966 1632 ipsius
983 1562 1036 1616 in
1055 1562 1445 1616 commentario
1463 1561 1612 1616 Isaia:
1634 1561 1713 1632 (In
1728 1577 1848 1632 cap.

260 1674 338 1714 vn
375 1658 480 1711 lsa.
509 1696 524 1720 ,
565 1672 718 1709 nmn.
749 1654 839 1723 II)
875 1669 889 1706 :
924 1672 942 1704 ι
970 1653 1232 1708 Dominus
1260 1654 1403 1708 enim
1439 1655 1723 1719 virtutum,
1757 1655 1850 1724 qui

259 1761 340 1804 est
373 1748 487 1801 Rex
519 1746 724 1816 glorim,
751 1745 865 1814 ipse
886 1744 1162 1798 descendit
1189 1744 1242 1798 in
1269 1753 1483 1800 uterum
1506 1745 1848 1816 virginalem,

1955 557 2008 612 iu
2039 558 2194 613 etelis
2220 559 2389 612 Deum
2410 599 2424 624 ,
2472 573 2634 629 quem
2664 559 2832 613 Deum
2859 574 3049 628 magus
3074 559 3316 613 adoravit
3343 561 3398 615 in
3427 571 3532 616 ter-

1952 646 2049 700 ris.
2085 665 2104 698 ι
2162 647 2293 702 Item
2346 648 2537 701 beatus
2586 648 2728 701 Beda
2785 648 3068 718 presbyter
3115 649 3170 702 in
3199 651 3536 727 expositione.

1952 735 2261 804 apostolica:
2290 738 2682 792 exhortationis
2723 738 2791 791 ad
2839 740 3122 808 episcopos
3177 739 3533 808 Ephesiorum

1953 825 2139 896 (Beda,
2173 828 2227 881 in
2254 842 2374 898 cap.
2407 844 2475 881 xx
2507 829 2621 882 Act.
2672 830 2886 899 apost.),
2921 830 3009 884 ubi
3040 832 3113 884 ait
3141 849 3153 884 :
3188 831 3256 885 In
3297 849 3399 903 quo
3449 850 3534 887 vos

1954 919 2182 990 Spiritus
2203 932 2415 976 sanctus
2433 924 2604 992 posuit
2626 923 2888 994 episcopos
2912 942 3083 994 regere
3098 925 3387 981 Ecclesium
3416 927 3531 992 Dei,

1951 1027 2108 1081 quam
2143 1013 2411 1083 acquisivit
2452 1015 2708 1083 sanguine
2733 1031 2829 1067 suo
2874 1015 3011 1080 (Act.
3045 1031 3136 1080 xx,
3163 1017 3254 1087 28)
3294 1035 3306 1070 :
3361 1037 3378 1069 ι
3415 1017 3530 1072 Non

1952 1100 2234 1175 dubitavit,
2258 1110 2452 1180 inquit,
2480 1111 2794 1182 sanguinem
2820 1111 2914 1166 Dei
2935 1111 3113 1167 dicere
3136 1123 3356 1183 propter
3371 1116 3528 1170 unio-

1952 1218 2076 1257 nem
2105 1219 2349 1272 personze
2375 1203 2431 1258 in
2463 1204 2668 1259 duabus
2698 1204 2904 1258 naturis
2928 1202 3168 1272 ejusdem
3194 1204 3322 1260 Jesu
3365 1205 3530 1260 Chri-

1952 1295 2053 1358 sti,
2084 1302 2308 1364 propter
2353 1309 2515 1364 quam
2562 1303 2618 1348 et
2663 1294 2841 1348 dictus
2867 1302 2952 1348 est
2981 1295 3121 1349 ﬁlius
3148 1295 3413 1360 hominis,
3439 1298 3532 1365 qui

1951 1393 2036 1438 est
2061 1384 2113 1438 in
2141 1384 2297 1439 cado.
2343 1383 2528 1439 Cesset
2550 1398 2680 1455 ergo
2725 1384 3006 1440 Nestorius
3038 1387 3205 1440 ﬁlium
3238 1387 3470 1442 hominis
3498 1405 3529 1443 a

1953 1474 2088 1530 Filio
2129 1475 2225 1529 Dei
2271 1489 2549 1544 separare,
2595 1483 2650 1529 et
2677 1475 2811 1529 duos
2836 1476 2937 1529 sibi
2967 1475 3145 1532 facere
3193 1477 3460 1533 Christus.
3502 1500 3520 1532 ›

1954 1566 2208 1622 Dicamus
2239 1574 2294 1621 et
2339 1581 2436 1621 nos
2471 1585 2484 1619 :
2519 1565 2710 1621 Cesset
2737 1567 2921 1636 itaque
2967 1567 3120 1621 Felix
3149 1567 3425 1624 Christum
3480 1571 3533 1624 in

1953 1656 2086 1710 duos
2117 1655 2277 1719 ﬁlios,
2305 1655 2391 1709 vel
2418 1655 2472 1709 in
2503 1655 2636 1710 duos
2663 1656 2794 1711 deos
2819 1656 3078 1722 dividere,
3111 1673 3180 1711 ne
3205 1657 3536 1714 Nestoriante

1954 1745 2048 1800 ﬁat
2085 1745 2420 1800 inﬁdelitatis
2459 1747 2733 1816 particeps
2770 1747 2933 1816 :quia
2971 1749 3115 1817 quod
3155 1747 3436 1804 Nestorius
3480 1751 3536 1805 in

263 1846 318 1890 et
353 1836 638 1904 ingressus
669 1841 754 1887 est
806 1840 858 1885 et
905 1847 1156 1902 egressus
1199 1833 1519 1888 orientalem
1556 1843 1792 1904 portam.
1824 1855 1844 1888 ›
1886 1818 1929 1876 Β
1955 1852 2182 1891 numero
2209 1853 2596 1908 personarum,
2631 1839 2732 1892 hoc
2759 1837 2910 1892 Felix
2936 1838 2989 1892 in
3035 1854 3261 1892 numero
3303 1839 3536 1894 ﬁliorum

255 1923 389 1975 Item
441 1923 818 1991 Augustinus,
869 1920 1024 1990 cujus
1072 1938 1236 1991 supra
1280 1924 1475 1992 srepius
1521 1926 1853 1980 mentionem

257 2014 496 2068 fecimus
526 2031 538 2066 :
580 2032 597 2062 ι
636 2012 705 2067 Ut
741 2023 945 2077 autem,
977 2013 1150 2081 inquit
1177 2013 1377 2085 (Serm.
1402 2014 1435 2068 5
1456 2015 1510 2068 in
1531 2015 1716 2069 Natali
1749 2016 1856 2070 bo-

255 2104 432 2168 mini),
463 2102 714 2157 homines
743 2113 1098 2158 nascerentur
1121 2119 1185 2158 ex
1213 2105 1346 2170 Deo,
1375 2106 1608 2175 primum
1643 2123 1710 2161 ex
1737 2123 1854 2162 om-

258 2193 423 2248 nibus
453 2202 618 2246 natus
648 2202 730 2247 est
751 2193 893 2248 Deus
925 2209 940 2247 :
970 2193 1220 2250 Christus
1243 2196 1388 2250 enim
1419 2195 1588 2262 Deus,
1621 2206 1677 2252 et
1698 2197 1856 2253 Chri-

260 2291 376 2340 stus
409 2292 580 2338 natus
605 2299 670 2338 ex
698 2284 940 2350 homine,
977 2300 1082 2339 non
1127 2286 1377 2355 quaesivit
1404 2287 1503 2340 nisi
1537 2297 1764 2342 matrem
1799 2289 1854 2342 in

256 2379 432 2441 terra,
477 2376 572 2445 qui
620 2373 732 2443 jam
774 2375 992 2431 Patrem
1041 2377 1276 2433 habebat
1311 2379 1362 2432 in
1395 2379 1549 2434 coelo.
1589 2379 1758 2435 Natus
1787 2397 1854 2436 ex

259 2473 391 2534 Deo,
422 2487 524 2541 per
554 2487 714 2540 quem
746 2471 872 2526 facti
909 2488 1123 2540 sumus;
1161 2482 1318 2529 natus
1358 2490 1424 2529 ex
1464 2476 1718 2546 Virgine,
1759 2492 1855 2545 per

255 2577 419 2632 qxem
462 2562 909 2617 reIormaremur.
947 2584 965 2615 ι
1025 2564 1158 2619 Item
1211 2563 1450 2633 ejuszlcm
1509 2568 1563 2620 iu
1623 2569 1852 2637 epistola

255 2660 329 2708 ad
356 2654 712 2708 \‘olusianum
744 2654 936 2724 (Epist.
980 2655 1103 2720 I37,
1132 2671 1252 2725 cap.
1281 2656 1335 2728 4)
1368 2675 1380 2710 :
1422 2677 1439 2706 ε
1473 2657 1541 2711 Et
1566 2659 1677 2728 ipse
1702 2659 1854 2729 Moy-

257 2759 349 2798 ses
374 2756 429 2799 et
467 2743 658 2799 eteteri
695 2746 970 2814 prophctre
1009 2747 1357 2802 veracissime
1385 2747 1670 2803 Dominum
1697 2751 1856 2806 Chri-

255 2848 398 2894 stum
432 2839 923 2908 prophetaverunt,
954 2847 1010 2893 et
1043 2839 1090 2892 ei
1119 2839 1344 2909 gloriam
1393 2857 1640 2911 magnam
1688 2843 1852 2898 dede-

257 2938 390 2984 runt
419 2952 425 2981 :
458 2931 603 2984 hunc
617 2944 724 2982 non
741 2936 1000 2997 tanquam
1028 2929 1245 2984 Patrem
1273 2931 1373 2985 sibi
1395 2931 1575 3002 [.-Iug.,
1595 2941 1853 3002 tanquam

257 3034 450 3088 parem
474 3018 625 3091 sibi],
652 3034 753 3074 nec
778 3019 833 3072 in
865 3019 1054 3073 eadem
1077 3020 1464 3075 miraculorum
1497 3024 1735 3092 putentia
1763 3039 1854 3077 su-

257 3112 561 3180 perierem,
595 3110 688 3164 sed
716 3107 875 3178 plene
901 3107 1085 3180 [.4ug.,
1115 3109 1294 3182 plane]
1348 3111 1632 3167 Domimun
1681 3114 1847 3168 Deum

1957 1927 2137 1984 facere
2164 1930 2396 1994 videtur,
2425 1945 2588 1983 unum
2618 1929 2922 1999 adoptivum
2944 1971 2958 1994 ,
2986 1939 3040 1984 et
3064 1930 3227 1984 alium
3255 1933 3536 2002 proprium

1957 2018 2161 2075 faciens
2183 2018 2286 2092 [ut]
2316 2019 2510 2074 Filium
2541 2020 2638 2074 Dei
2671 2034 2768 2089 per
2809 2037 2972 2074 unam
3003 2021 3339 2077 divinitatem
3368 2023 3537 2092 maje-

1956 2111 2133 2176 statis,
2161 2111 2213 2164 in
2236 2111 2370 2166 duas
2396 2111 2600 2166 dividat
2647 2118 2942 2180 potestates
2966 2151 2981 2174 ,
3036 2127 3196 2164 unam
3239 2113 3537 2182 propriam,

1956 2201 2183 2256 alteram
2228 2202 2667 2270 nuncupativam.
2709 2200 2917 2266 Nonne,
2968 2217 3187 2270 quaeso,
3239 2202 3294 2256 hi
3351 2219 3541 2258 omnes

1956 2291 2112 2360 quasi
2142 2290 2460 2360 prophetico
2481 2290 2610 2344 olim
2649 2291 2843 2359 spiritu
2866 2331 2880 2353 ,
2913 2291 2980 2344 ad
3021 2291 3378 2346 confutandas
3403 2292 3541 2348 blas-

1954 2379 2197 2450 pbemias
2230 2388 2370 2442 tuas,
2428 2378 2542 2432 haec
2593 2379 2888 2433 dixerunt?
2929 2379 3009 2433 Tu
3056 2381 3200 2434 enim
3255 2381 3538 2436 Dominum

1953 2470 2122 2540 829
2159 2477 2402 2524 nostrum
2429 2468 2766 2524 Salvatorem
2815 2470 3004 2525 fateris
3053 2469 3326 2525 Christum
3369 2488 3533 2537 esse;

1956 2561 2125 2616 Deum
2155 2576 2284 2616 vero
2327 2576 2508 2631 negas.
2552 2559 2662 2616 Nec
2690 2561 2792 2616 hoc
2821 2562 2938 2617 solo
2979 2571 3270 2618 contentus
3313 2579 3394 2629 es,
3431 2565 3538 2619 nisi

1955 2652 2120 2706 etiam
2154 2660 2210 2706 et
2236 2666 2453 2706 servum
2479 2665 2606 2705 eum
2630 2650 2929 2706 aﬁirmares
2944 2665 3063 2707 esse
3084 2652 3536 2708 eonditionalem:

1954 2744 2031 2799 illi
2058 2760 2186 2799 vero
2215 2758 2427 2808 omnes,
2461 2758 2598 2812 quos
2639 2744 3173 2813 przenominavimus,
3227 2753 3284 2800 et
3329 2745 3420 2800 alii
3453 2747 3540 2803 his

1954 2835 2124 2890 multo
2149 2835 2332 2905 plures
2353 2834 2609 2890 catholici
2629 2835 2730 2889 viri
2749 2834 3024 2892 Christum
3048 2837 3332 2892 Dominum
3364 2839 3532 2895 Deum

1953 2943 2141 2982 verum
2164 2927 2616 2997 praedicaverunt.
2646 2927 2723 2982 Illi
2752 2929 2967 2984 beatam
2996 2931 3269 3000 Virginem
3308 2931 3538 2988 Mariam

1955 3018 2052 3074 Dei
2086 3019 2403 3089 genitricem
2431 3017 2738 3085 aﬁirmant;
2765 3029 2822 3075 tu
2845 3037 2972 3076 vero
2998 3039 3104 3079 non
3133 3032 3341 3078 tantum
3363 3025 3538 3080 homi-

1956 3110 2056 3172 nis,
2091 3124 2251 3178 quem
2277 3107 2553 3164 Christum
2582 3111 2865 3176 nominas,
2913 3112 3007 3166 sed
3056 3114 3199 3168 servi
3252 3113 3532 3182 cujusdam

258 3201 540 3261 omnium,
599 3207 656 3253 et
717 3199 992 3253 hominem
1047 3208 1268 3270 prepter
1317 3201 1588 3256 hominem
1647 3203 1850 3260 factum
1880 3172 1926 3233 Ο
1957 3199 2270 3269 genitricem
2301 3199 2466 3268 impia
2491 3201 2732 3256 novitate
2762 3200 2985 3257 credere
3031 3211 3087 3258 et
3123 3205 3424 3273 prazdicare
3456 3206 3536 3260 vi-

258 3299 552 3344 ventumm
571 3288 1092 3357 pratnuntiaverunt.
1115 3311 1132 3340 ι
1162 3289 1292 3344 Item
1313 3290 1605 3362 Gregorius
1626 3293 1855 3350 Nazian-

264 3396 433 3434 zenus
481 3379 662 3448 (Orat.
714 3381 804 3442 38,
863 3380 917 3433 in
965 3377 1158 3434 Christi
1189 3381 1406 3454 Nativ.)
1441 3399 1456 3436 :
1492 3403 1509 3434 ‹
1539 3384 1670 3439 Cum
1700 3402 1852 3458 ergo,

261 3471 438 3539 inquit
463 3513 476 3532 ,
515 3471 877 3542 processisset
915 3486 982 3524 ex
1026 3471 1247 3542 Virgine
1290 3473 1430 3528 Deus
1475 3473 1528 3528 in
1569 3491 1655 3540 ea,
1689 3492 1852 3546 quam

265 3572 659 3633 assumpserat,
691 3563 931 3616 humana
963 3572 1155 3618 natura
1184 3604 1200 3629 ,
1249 3581 1414 3618 unum
1443 3581 1472 3620 e
1503 3566 1714 3623 duobus
1749 3569 1851 3624 sibi

265 3651 501 3705 invicem
524 3653 822 3708 contrariis
850 3653 1090 3708 existens
1109 3671 1272 3711 carne
1296 3671 1358 3710 ac
1383 3656 1602 3726 spiritu,
1628 3658 1772 3714 aliud
1797 3660 1851 3715 in

263 3745 434 3799 Deum
476 3747 774 3802 assumitur
798 3788 814 3812 ,
855 3747 999 3802 aliud
1027 3749 1244 3804 deitatis
1281 3750 1512 3820 gratiam
1542 3761 1784 3820 priestat.
1823 3773 1842 3805 ι

264 3838 394 3891 Item
423 3841 616 3893 beatus
642 3837 880 3909 Cyrillus
908 3847 1096 3894 contra
1122 3839 1430 3894 Nestorium
1460 3841 1652 3912 (Epist.
1691 3843 1753 3910 4,
1782 3845 1849 3900 ad

264 3930 597 4002 Nestorium)
631 3948 645 3984 :
682 3949 699 3981 ι
737 3930 922 4001 Neque
946 3932 1114 3995 enim,
1147 3931 1343 4002 inquit,
1372 3933 1549 4002 primo
1578 3943 1738 3989 natus
1768 3945 1853 3991 est

266 4024 426 4075 homo
447 4021 758 4075 communis
799 4021 866 4076 de
912 4029 1100 4076 sancta
1134 4022 1368 4092 Virgine,
1402 4031 1458 4076 et
1488 4031 1614 4078 tunc
1636 4025 1849 4080 demum

261 4113 586 4168 inhabitavil
616 4115 670 4167 in
703 4128 771 4169 co
794 4113 1036 4168 Verbum
1071 4132 1083 4166 :
1116 4113 1208 4169 sed
1253 4114 1307 4168 in
1337 4115 1452 4185 ipsa
1477 4115 1632 4170 vulva
1669 4124 1851 4173 utero-

261 4223 368 4276 que
417 4206 668 4277 virginali
708 4222 766 4260 se
804 4221 926 4260 cum
955 4221 1120 4262 carne
1150 4205 1460 4274 conjunxit,
1493 4215 1549 4262 et
1594 4210 1852 4264 sustinuit

261 4296 669 4364 generationem
698 4294 971 4349 carnalem
1001 4296 1186 4350 carnis
1233 4312 1344 4352 sua:
1387 4295 1525 4368 [Al.,
1554 4299 1706 4352 carni
1737 4314 1850 4354 sua:

262 4386 602 4440 nativitatem
632 4400 785 4438 suam
818 4383 1064 4458 faciens].
1098 4405 1116 4438 ι
1151 4386 1346 4441 Petrus
1381 4401 1599 4457 quoque
1629 4387 1844 4443 Raven-

1955 3289 2118 3343 deris.

2028 3401 2137 3455 XII.
2179 3401 2402 3473 Insuper
2424 3413 2480 3460 et
2513 3405 2892 3461 auctoritatem
2922 3414 3121 3461 nostra:
3147 3405 3268 3462 ﬁdei
3294 3408 3476 3478 poscis
3499 3425 3530 3464 a

1954 3493 2130 3558 nobis,
2158 3495 2251 3564 qui
2273 3495 2419 3550 credi
2448 3496 2619 3565 possit
2644 3511 2832 3551 verum
2877 3496 3047 3552 Deum
3072 3512 3192 3552 esse
3236 3499 3533 3566 hominem,

1954 3585 2046 3653 qui
2072 3599 2138 3640 ex
2169 3595 2324 3641 utero
2355 3588 2604 3658 virginali
2634 3597 2794 3644 natus
2821 3598 2924 3644 est.
2958 3588 3104 3645 Dieis
3130 3590 3272 3645 enim
3316 3607 3328 3644 :
3365 3609 3383 3640 ι
3420 3591 3535 3658 Qua

1954 3679 2297 3745 auctoritate,
2341 3680 2484 3735 idem
2505 3681 2668 3737 homo
2696 3681 3006 3737 Dominicus
3033 3697 3098 3737 ex
3128 3691 3285 3737 utero
3345 3685 3537 3739 matris

1953 3783 2114 3822 verus
2136 3768 2278 3824 Deus
2307 3779 2620 3840 conceptus,
2661 3779 2716 3825 et
2740 3786 2903 3827 verus
2934 3772 3075 3826 Deus
3116 3780 3277 3826 natus
3318 3788 3347 3826 a
3376 3775 3533 3828 nobis

1951 3858 2297 3927 praedicatur,
2330 3873 2454 3912 cum
2480 3859 2552 3914 sit
2580 3868 2774 3915 natura
2814 3877 2977 3916 verus
3004 3861 3187 3927 homo,
3218 3870 3272 3917 et
3301 3877 3398 3932 per
3424 3878 3538 3917 om-

1956 3948 2044 4002 nia
2092 3948 2341 4002 subditus
2391 3948 2536 4003 Deo?
2563 3969 2580 4002 ι
2623 3949 2682 4004 Si
2711 3952 3094 4007 auctoritatem
3124 3953 3323 4022 quaeris
3366 3969 3536 4023 quare

1958 4037 2122 4092 Deum
2153 4052 2339 4091 verum
2382 4039 2738 4107 praedicemus
2763 4041 2857 4110 qui
2883 4049 3041 4096 natus
3064 4050 3147 4096 est
3189 4058 3257 4098 ex
3283 4044 3501 4115 Virgine
3519 4087 3536 4111 ,

1953 4127 2124 4182 habes
2152 4126 2206 4180 in
2234 4127 2604 4196 superioribus
2640 4127 2931 4183 multorum
2977 4129 3218 4195 Patrum,
3263 4147 3400 4200 quos
3429 4150 3528 4204 po-

1953 4217 2182 4282 suimus,
2207 4232 2313 4272 nou
2349 4219 2798 4273 contemnendam
2826 4220 3222 4275 auctoritatem.
3247 4222 3449 4278 Tamen
3480 4226 3526 4279 si

1952 4308 2168 4362 illorum
2195 4309 2504 4364 auctoritati
2545 4311 2766 4365 credere
2790 4312 2994 4376 renuis,
3043 4313 3128 4367 vel
3158 4314 3328 4384 ipsius
3357 4317 3531 4370 sancti

1955 4395 2212 4467 Spiritus,
2241 4413 2337 4468 per
2361 4413 2522 4466 quem
2552 4407 2607 4453 et
2633 4397 2700 4454 de
2730 4415 2838 4469 quo
2862 4400 2950 4455 illa
2981 4402 3244 4459 mirabilis
3285 4403 3403 4458 Filii
3435 4404 3533 4460 Dei

263 4478 450 4532 nensis
476 4477 760 4546 cpiscopus
804 4475 858 4529 in
885 4476 1074 4531 eadem
1104 4477 1332 4547 epistola
1365 4478 1506 4532 unde
1535 4477 1694 4548 paulo
1721 4489 1848 4535 ante
1879 4513 1928 4572 υ
1953 4490 2234 4559 conceptio
2264 4489 2318 4544 in
2367 4499 2523 4547 utero
2564 4492 2814 4563 virginali
2849 4492 2991 4550 facta
3018 4503 3118 4558 est,
3148 4497 3330 4559 crede,
3383 4497 3538 4567 cujus

264 4569 548 4639 posuimus
576 4566 879 4635 exemplum
908 4577 930 4604 ο
979 4581 994 4620 :
1034 4586 1052 4616 ι
1082 4567 1320 4622 Verbum
1343 4609 1356 4632 ,
1385 4568 1588 4638 inquit,
1615 4585 1744 4624 caro
1773 4570 1850 4624 fa-

264 4669 410 4713 ctum
457 4667 566 4721 est,
597 4665 657 4710 ut
702 4657 864 4710 homo
891 4671 1056 4712 carne
1083 4667 1495 4727 promoveretur
1540 4660 1592 4713 in
1620 4659 1850 4730 gloriam

265 4749 375 4810 Dei,
404 4766 511 4803 nou
537 4757 596 4802 ut
616 4748 756 4802 Deus
783 4748 838 4800 iu
858 4747 1039 4802 carnis
1061 4755 1364 4802 verteretur
1387 4747 1640 4819 injuriam
1671 4768 1682 4802 :
1711 4750 1850 4804 sicut

263 4840 392 4893 dicit
418 4838 742 4909 Apostolus;
777 4837 881 4902 Qui
900 4855 954 4891 se
975 4838 1154 4908 jungit
1181 4837 1426 4903 Domino,
1459 4857 1594 4895 unus
1633 4843 1856 4912 spiritus

265 4941 336 4982 cst
365 4929 417 4999 (l
448 4927 575 4981 Cor.
608 4943 682 4991 vr,
715 4927 814 4998 17)
850 4946 861 4980 :
897 4927 966 4980 Et
996 4929 1268 4996 quomodo
1320 4943 1426 4982 non
1448 4969 1462 4992 ,
1519 4931 1736 4998 quando
1790 4947 1849 4986 se

265 5018 435 5091 jungit
466 5021 608 5074 Deus
636 5019 860 5084 homini,
892 5034 1033 5073 unus
1061 5027 1145 5072 est
1166 5018 1339 5072 Deus?
1368 5039 1386 5070 ι
1414 5019 1480 5073 Et
1506 5029 1626 5090 post
1647 5037 1846 5091 pauca:

332 5191 358 5219 ι
400 5177 460 5230 S.
487 5172 841 5235 Ambrosius;
872 5171 1051 5240 potius
1093 5177 1283 5225 auctor
1317 5169 1556 5225 incertus
1583 5172 1849 5226 sermonis

270 5250 357 5303 HI
423 5249 477 5301 in
534 5244 712 5298 Natali
751 5242 1001 5305 Domini,
1043 5257 1099 5294 n.
1152 5241 1224 5304 4,
1265 5240 1407 5294 inter
1460 5240 1594 5311 Opp.
1639 5240 1696 5294 S.
1734 5242 1845 5296 Au-

267 5319 483 5394 ιςυξιῖῐιῖ·
777 5383 811 5394 ..
946 5381 984 5394 .,
1085 5381 1118 5394 ,.
1239 5381 1254 5394 .
1603 5382 1635 5394 _.

337 5393 362 5428 ⁸)
401 5389 590 5441 Decem
622 5383 907 5438 mensibus.
946 5381 1022 5435 Ita
1048 5381 1211 5436 etiam
1239 5380 1449 5450 legebat
1484 5381 1842 5437 Martianaeus.

269 5459 474 5532 angati
503 5458 591 5532 alii
625 5471 839 5532 omnes,
868 5452 946 5505 ait
972 5452 1316 5532 doctissimus
1344 5451 1638 5532 Vallarsius
1668 5453 1721 5506 in
1751 5469 1848 5506 no-

268 5521 478 5586 vissima
497 5529 630 5583 edit.
655 5527 820 5595 Oper.
865 5523 1035 5595 sancti
1059 5521 1681 5595 Hieronymi_nostrique
1710 5539 1841 5579 mss.

269 5603 473 5655 codices
501 5592 719 5653 habent
739 5611 940 5648 novem.
986 5592 1301 5663 Quanquam
1343 5593 1466 5648 alibi
1496 5609 1600 5647 non
1636 5594 1846 5663 ignora-

271 5689 384 5726 mus
403 5672 589 5726 decem
630 5665 930 5725 recenseri,
968 5677 1072 5734 non
1103 5663 1200 5716 abs
1256 5662 1581 5734 Hieronymo
1609 5662 1840 5726 tantum,

272 5745 355 5797 sed
379 5744 443 5795 ab
462 5742 586 5796 aliis
614 5739 785 5795 etiam
816 5733 1170 5803 scriptoribus
1192 5733 1697 5802 antiquis,meuscs,
1728 5736 1844 5802 qui-

1953 4581 2243 4635 adventum
2281 4581 2545 4651 quaerenti
2596 4581 2803 4652 Virgini
2852 4585 3120 4652 quomodo
3168 4585 3281 4639 ﬁeri
3328 4587 3538 4656 possint

1952 4685 2073 4740 quae
2105 4669 2174 4725 ab
2205 4669 2398 4741 angelo
2422 4671 2566 4726 dicta
2596 4679 2722 4725 sunt
2749 4672 2830 4736 ei,
2861 4673 3003 4727 idem
3041 4675 3400 4746 archangelus
3424 4677 3534 4734 Ga-

1951 4761 2090 4816 briel
2117 4777 2146 4814 a
2174 4759 2284 4814 Deo
2304 4759 2504 4814 missus
2530 4759 2706 4814 eidem
2731 4761 2936 4833 Virgini
2966 4765 3362 4832 praanuntiavit.
3389 4767 3538 4822 Nun-

1953 4851 2081 4922 quid
2112 4851 2258 4906 aliud
2278 4851 2454 4920 potuit
2483 4852 2707 4922 angelus
2753 4855 3034 4920 nuntiare,
3081 4855 3183 4911 nisi
3223 4857 3366 4928 quod
3398 4857 3472 4912 illi
3501 4874 3530 4911 a

1950 4942 2064 4996 Deo
2100 4941 2472 5011 omnipotente
2501 4944 2814 4998 mandatum
2848 4947 2996 5000 erat?
3047 4948 3184 5015 Quid
3212 4949 3342 5002 dicit
3371 4963 3532 5017 ange-

1950 5029 2068 5086 lus?
2098 5027 2326 5095 Spiritus
2356 5040 2572 5086 sanctus
2601 5037 2922 5105 superveniet
2951 5037 3004 5091 in
3048 5049 3096 5092 te
3114 5080 3128 5104 ,
3161 5049 3208 5092 et
3237 5040 3396 5094 virtus
3434 5040 3530 5095 Αι-

1950 5183 2053 5262 bus
2082 5181 2316 5262 infantes
2340 5183 2392 5238 iu
2423 5193 2580 5262 utero
2604 5187 2804 5262 gestari
2829 5188 3020 5262 solent.
3047 5187 3339 5262 Auctorum
3364 5207 3523 5262 supra

1950 5254 2139 5323 viginti
2169 5255 2475 5308 testimonia
2523 5256 2573 5309 in
2607 5254 2748 5311 hanc
2777 5260 3100 5312 sententiam
3141 5260 3339 5314 indicat
3367 5254 3529 5318 Ba'lu-

1949 5323 2068 5379 zius
2097 5323 2152 5377 in
2178 5325 2320 5397 notis
2350 5325 2418 5397 ad
2439 5324 2690 5396 Cypriani
2719 5328 3000 5397 epistolam
3027 5329 3093 5382 ad
3123 5328 3478 5388 Fortunatum
3510 5353 3523 5387 :

1957 5409 2057 5472 nos
2098 5393 2270 5447 multo
2311 5394 2464 5463 plura
2486 5393 2695 5472 eorum
2704 5393 2929 5472 uaZlIerre
2971 5414 3274 5472 possemus,
3305 5404 3397 5472 qui
3425 5419 3532 5460 non

1956 5464 2061 5518 nisi
2088 5479 2281 5518 novem
2308 5476 2650 5518 enumerant.
2676 5466 2808 5520 Vide
2832 5464 2992 5522 etiam
3017 5464 3282 5525 eruditam
3303 5464 3529 5528 adnota-

1957 5535 2156 5588 tionem
2186 5533 2238 5588 in
2282 5534 2424 5588 hunc
2452 5534 2627 5588 locum
2653 5537 2952 5592 doctissimi
2981 5538 3159 5597 (Ἐπειθί
3189 5542 3256 5597 ad
3285 5542 3528 5600 Cassiani

1955 5604 2075 5659 libri
2096 5604 2272 5676 Vllidc
2300 5603 2595 5667 Iucarnat.,
2623 5622 2740 5676 cap.
2767 5605 2855 5672 56,
2888 5620 3001 5664 not.

2029 5686 2050 5712 ι’
2093 5675 2226 5730 Vide
2249 5689 2428 5746 supra,
2461 5675 2562 5730 col.
2594 5675 2710 5730 I77.
