3906 6186
376 319 477 378 187

1232 316 1289 369 Β.
1329 314 1393 369 F.
1423 309 1647 368 ALBlNl
1684 306 1816 364 SEU
1855 304 2129 361 ALCUINI
2168 304 2453 364 OPERUM
2492 307 2672 364 PARS
2711 307 2794 363 III.

3535 309 3627 367 l88

374 443 567 498 tissimi
583 439 908 495 obumbrabit
951 438 1043 492 tibi
1074 452 1091 490 :
1117 439 1335 506 ideoque
1371 431 1512 505 quod
1554 437 1798 484 nascetur
1820 443 1884 480 ex
1908 438 1958 480 te

2071 437 2393 492 quaecunque
2441 424 2583 477 hanc
2622 422 2782 477 ﬁdem
2818 420 2886 476 de
2912 420 3131 477 Christo
3182 418 3312 479 Jesu
3366 439 3396 478 a
3437 428 3628 485 sanctis

373 547 637 601 sanctum,
664 533 931 590 vocabitur
952 530 1125 585 Filius
1153 529 1249 583 Dei
1278 528 1430 599 (Luc.
1461 543 1502 589 ι,
1530 523 1642 593 55).
1670 522 1806 576 Dum
1834 527 1959 574 ante

378 632 447 685 ab
475 626 666 698 angelo
691 627 895 681 dictum
918 633 1002 679 est
1031 638 1046 676 :
1080 622 1197 676 Erit
1229 621 1365 674 enim
1415 632 1637 684 magnus
1664 655 1678 678 ,
1705 629 1755 667 et
1788 611 1959 665 Filius

376 716 634 778 Altissimi
665 718 939 775 vocabitur
968 714 1160 787 (Ibid.,
1190 730 1238 766 υ.
1271 710 1387 781 52),
1411 709 1573 763 modo
1596 707 1726 762 dicit
1750 725 1762 759 :
1784 702 1959 759 Filius

376 816 508 880 Dei;
531 822 592 868 ut
618 828 779 883 quem
805 819 963 865 antea
989 806 1325 862 Altissimum
1349 802 1579 866 dixerat,
1604 800 1761 855 modo
1788 799 1959 852 Deum

376 904 706 961 ostenderet.
758 903 834 956 De
860 898 1065 953 Joanne
1124 896 1322 951 dicitur
1366 893 1435 948 ab
1494 891 1684 946 eodem
1722 887 1957 959 angelo:

380 995 607 1065 Magnus
636 994 733 1047 erit
758 1008 936 1046 coram
962 990 1073 1043 Deo
1103 986 1268 1059 (Ibid.
1292 1002 1340 1039 υ.
1376 984 1486 1055 15).
1522 983 1624 1038 Hic
1651 982 1794 1037 enim
1828 978 1963 1035 dici‘

377 1096 469 1141 tur
498 1101 719 1154 magnus
758 1083 827 1137 ad
852 1080 1254 1136 distinctionem
1286 1076 1431 1132 illius
1463 1094 1474 1129 :
1508 1085 1557 1129 et
1587 1072 1765 1128 Filius
1798 1070 1962 1125 Altis-

376 1175 530 1235 simi:
560 1183 620 1228 ut
671 1172 1020 1241 intelligeres,
1052 1171 1210 1225 aliter
1235 1168 1493 1224 Joannem
1522 1181 1776 1238 magnum
1830 1164 1957 1227 dici,

376 1267 535 1321 aliter
559 1264 766 1329 Iesum,
815 1263 906 1335 qui
935 1258 1330 1333 praenuntiatus
1379 1267 1469 1317 est
1513 1259 1581 1314 ab
1624 1257 1835 1328 angelo.
1866 1254 1960 1309 llle

378 1362 542 1416 homo
569 1374 817 1429 magnus,
866 1357 955 1412 hic
980 1370 1209 1426 magnus
1236 1355 1379 1409 Deus
1407 1370 1420 1407 :
1453 1353 1594 1407 idem
1635 1365 1767 1422 ergo
1791 1347 1960 1402 Filius

375 1450 638 1507 Altissimi
667 1451 758 1524 qui
808 1449 861 1503 in
891 1456 1047 1504 utero
1094 1446 1345 1519 virginali
1396 1451 1688 1515 conceptus
1716 1451 1771 1497 et
1799 1449 1959 1496 natus

375 1550 483 1606 est,
511 1541 655 1595 idem
687 1541 852 1596 homo
880 1540 935 1594 in
985 1547 1229 1609 tempore
1261 1545 1478 1593 creatus
1526 1551 1593 1591 ex
1644 1544 1820 1589 matre
1868 1532 1957 1602 qui

376 1630 521 1685 Deus
562 1638 647 1685 est
699 1637 824 1684 ante
868 1637 1110 1698 tempora
1160 1636 1323 1682 natus
1356 1642 1421 1681 ex
1451 1626 1634 1680 Patre.
1692 1624 1749 1680 Si
1798 1624 1964 1694 igitur

378 1724 523 1779 idem
554 1724 718 1778 homo
737 1722 828 1793 qui
852 1721 1017 1787 Deus,
1045 1730 1103 1779 et
1130 1720 1273 1775 idem
1300 1719 1444 1775 Deus
1487 1718 1579 1788 qui
1617 1720 1798 1782 homo,
1823 1718 1964 1772 desi-

2061 517 2312 572 Patribus
2338 516 2733 587 promulgatam
2757 514 3072 571 subvertere
3100 515 3327 583 nititur;
3360 532 3460 573 nec
3486 520 3630 578 nobis

2061 606 2272 661 laudem
2311 614 2620 675 quaerentes
2638 647 2653 671 ,
2681 604 2774 660 sed
2803 604 3130 660 catholicam
3163 605 3324 660 ﬁdem
3350 606 3630 664 defenden-

2062 707 2162 762 tes,
2194 699 2369 767 parati
2399 696 2734 763 satisfacere,
2765 707 3028 767 quantum
3066 697 3227 753 nobis
3261 698 3437 754 divina
3476 703 3631 757 dona-

2060 792 2200 845 verit
2220 790 2414 861 gratia,
2441 790 2589 844 omni
2618 790 2861 860 poscenti
2905 805 3007 845 nos
3036 790 3303 846 rationem
3344 790 3494 859 ﬁdei,
3519 811 3632 852 ere-

2062 881 2252 937 dentes
2274 890 2585 937 sanctorum
2615 881 2840 936 Patrum
2873 881 3225 943 testimoniis,
3249 891 3304 936 et
3324 884 3633 954 evangelica:

2063 973 2395 1038 auctoritati,
2423 988 2617 1028 sensus
2635 983 2852 1028 nostros
2878 974 3261 1045 subjicientes;
3288 977 3634 1044 pnedicantes

2061 1078 2249 1119 verum
2279 1065 2447 1120 Deum
2493 1072 2813 1135 conceptum
2845 1080 2968 1121 esse
3017 1073 3071 1119 et
3131 1076 3321 1133 natum
3369 1067 3629 1125 Christum

2064 1154 2158 1210 Dei
2190 1154 2386 1209 Filium
2418 1172 2431 1209 τ
2466 1155 2678 1211 dicente
2707 1165 2894 1211 sancta
2926 1157 3133 1227 synodo
3167 1157 3586 1216 Chalcedonensi
3619 1181 3630 1217 :

2063 1246 2232 1317 830
2291 1244 2598 1316 Sequamur
2655 1245 2879 1300 Patrum
2934 1255 3246 1303 nostrorum
3306 1253 3633 1319 sententias,

2064 1351 2233 1391 unum
2253 1346 2307 1391 et
2327 1337 2577 1391 eumdem
2615 1337 2939 1392 conﬁtentes
2967 1338 3253 1393 Dominum
3284 1338 3472 1395 Iesum
3490 1342 3638 1398 Chri-

2065 1438 2228 1495 stum,
2256 1431 2642 1486 convenienter
2685 1430 2975 1487 edocentes
2998 1473 3014 1497 ,
3054 1431 3360 1503 perfectum
3401 1437 3637 1509 eumdem

2066 1521 2367 1587 divinitate,
2394 1530 2449 1575 et
2469 1520 2768 1592 perfectum
2793 1522 3042 1576 eumdem
3070 1523 3414 1578 incarnatum
3438 1525 3595 1580 Deum
3624 1545 3635 1579 :

2067 1622 2126 1667 ut
2148 1613 2263 1684 ipsa
2294 1614 2512 1669 Veritas
2541 1614 2594 1668 in
2624 1613 2915 1686 Evangelio
2946 1622 3237 1684 utrumque
3288 1631 3351 1671 se
3395 1617 3540 1684 dicit,
3589 1627 3639 1673 et

2066 1703 2258 1760 Filium
2289 1705 2385 1760 Dei
2426 1713 2483 1759 et
2534 1704 2701 1759 ﬁlium
2736 1704 3009 1767 hominis;
3051 1706 3127 1760 ait
3166 1708 3313 1761 enim
3346 1722 3528 1762 caeco:
3562 1708 3632 1763 Ta

376 1820 471 1867 nat
493 1812 670 1868 omnis
689 1776 945 1865 haeretica
978 1810 1217 1881 pravitas
1238 1850 1253 1873 ,
1283 1809 1367 1863 vel
1398 1809 1672 1863 hominem
1698 1808 1843 1863 hunc
1867 1822 1963 1878 pu—
2000 1776 2044 1835 Β
2071 1797 2237 1852 credis
2266 1799 2320 1852 in
2350 1795 2550 1852 Filium
2579 1797 2712 1852 Dei?
2736 1809 2791 1853 θι
2819 1799 3177 1870 interroganti
3207 1800 3335 1869 (ιυίε
3372 1809 3535 1867 θεεειν
3562 1815 3642 1857 τε·

380 1917 501 1956 rum
535 1902 757 1957 credere
781 1942 796 1965 ,
837 1900 923 1957 vel
950 1916 1164 1955 servum
1192 1899 1490 1970 praedicare
1516 1898 1932 1955 conditionalem
1953 1939 1967 1963 ,

378 1992 466 2047 vel
493 1992 547 2047 in
571 1993 707 2047 duos
730 1991 973 2047 dividere
995 1990 1156 2055 ﬁlios,
1174 2005 1335 2059 quem
1357 1990 1599 2062 angelica
1630 1989 1973 2045 adnuntiatio

378 2104 681 2145 unnmesse
705 2088 800 2143 Dei
832 2087 1003 2141 ﬁlium
1030 2085 1303 2157 prtedixit,
1337 2094 1396 2139 ut
1420 2086 1473 2139 in
1498 2092 1729 2140 tractatu
1758 2084 1968 2156 przet‘ati

378 2181 536 2237 Beda:
559 2179 862 2252 presbyteri
885 2179 1082 2250 legitur
1103 2177 1247 2249 (cap.
1284 2177 1355 2249 1),
1381 2193 1544 2247 quem
1574 2179 1628 2232 in
1651 2178 1811 2233 Luca:
1834 2179 1971 2233 scri-

379 2276 490 2347 psit
538 2273 887 2344 Evangelium
945 2290 958 2325 :
1018 2290 1037 2323 t
1074 2270 1282 2336 llomo,
1316 2272 1511 2342 inquit,
1567 2279 1881 2341 assumptus
1912 2272 1965 2327 in

382 2366 552 2421 Deum
582 2362 913 2419 clariﬁcatus
935 2371 1104 2417 estea
1127 2361 1374 2417 claritate
1404 2378 1565 2433 quam
1597 2363 1834 2418 Verbum
1872 2363 1967 2417 Dei

384 2456 576 2515 habuit
597 2458 911 2527 priusquam
938 2455 1171 2510 mundus
1215 2463 1361 2508 esset
1387 2456 1527 2524 apud
1574 2453 1813 2519 Patrem,
1867 2456 1970 2511 hoc

384 2560 488 2616 cst,
530 2558 590 2603 ut
616 2549 759 2603 idem
787 2548 909 2601 Filii
938 2561 1133 2601 nomen
1162 2547 1407 2602 eamdem
1434 2545 1638 2601 Christi
1678 2561 1967 2617 personam

388 2642 552 2697 homo
577 2640 719 2695 Dens
766 2638 961 2711 [Beda,
991 2639 1154 2692 homo
1185 2652 1307 2692 cum
1331 2636 1465 2711 Deo]
1495 2637 1686 2708 plenus
1714 2639 1885 2710 gratia
1915 2648 1972 2696 et

383 2730 614 2786 veritate
664 2729 977 2785 sortiretur.
1019 2748 1037 2779 ι
1103 2727 1233 2783 Item
1290 2728 1344 2783 in
1405 2728 1594 2784 eodem
1661 2738 1894 2784 tractatu
1950 2748 1964 2785 :

388 2842 409 2874 s
448 2822 679 2893 Ideoque
708 2821 920 2893 etquod
945 2831 1187 2875 nascetur
1222 2838 1286 2876 ex
1324 2830 1372 2875 te
1400 2831 1663 2891 sanctum,
1695 2824 1970 2878 vocabitur

390 2912 565 2968 Filius
596 2913 713 2968 Dei.
752 2914 833 2968 Ad
864 2914 1266 2970 distinctionem
1316 2924 1517 2971 nostrte
1548 2908 1968 2974 sanctitatisile-

389 3023 485 3062 sus
529 3006 878 3078 singulariter
921 3014 1140 3062 sanctus
1184 3008 1493 3063 nasciturus
1533 3010 1812 3065 asseritnr.
1859 3008 1968 3065 Nos

2070 1890 2284 1960 spondit
2313 1908 2325 1943 :
2362 1888 2430 1943 Et
2456 1890 2635 1945 vidisti
2673 1908 2815 1957 eum,
2847 1901 2895 1944 et
2932 1892 3023 1962 qui
3054 1891 3287 1963 loquitur
3313 1903 3503 1959 tecum,
3544 1896 3644 1965 ipse

2068 1990 2145 2035 est
2179 1981 2360 2052 (Joan.
2396 1998 2473 2045 ix,
2506 1982 2599 2048 35,
2629 1982 2743 2053 36).
2778 1982 2909 2037 Item
2957 1983 3050 2038 ubi
3098 1985 3174 2038 ait
3207 1999 3223 2039 :
3273 1985 3407 2040 Cum
3457 1988 3645 2042 venerit

2068 2077 2212 2147 ﬁlius
2234 2078 2463 2133 hominis
2490 2081 2543 2134 in
2570 2081 2842 2151 majestate
2871 2099 2968 2136 sua
2991 2081 3141 2154 (Luc.
3167 2099 3243 2151 Ix,
3265 2084 3380 2158 26).
3422 2085 3649 2143 Naturas

2071 2170 2125 2224 in
2156 2169 2375 2225 Christo
2428 2172 2562 2226 duas
2608 2170 2953 2239 conﬁtemur,
3008 2182 3063 2228 et
3111 2175 3243 2230 duas
3272 2178 3644 2247 operationes;

2070 2275 2233 2315 unam
2265 2268 2443 2316 tamen
2470 2262 2831 2328 divinitatem,
2857 2280 2964 2319 non
2994 2266 3148 2321 duas.
3176 2264 3330 2322 Sicut
3355 2269 3503 2324 enim
3527 2286 3648 2325 cum

2071 2352 2300 2408 dicimus
2331 2369 2343 2405 :
2370 2354 2532 2408 homo
2561 2354 2712 2417 vidit,
2744 2371 2852 2411 non
2881 2365 3059 2413 tamen
3107 2366 3254 2416 totus
3294 2360 3457 2417 homo
3495 2363 3647 2429 vidit,

2069 2449 2163 2504 sed
2195 2448 2337 2505 oculi
2372 2452 2745 2507 tantummodo
2772 2468 2787 2506 :
2814 2453 2892 2509 sic
2916 2469 3038 2509 cum
3060 2453 3290 2510 dicimus
3313 2496 3327 2521 ,
3352 2455 3499 2511 Deus
3525 2471 3648 2527 pas-

2069 2555 2162 2595 sus
2190 2549 2293 2604 est,
2325 2541 2419 2596 sed
2441 2555 2605 2596 carne
2625 2543 2758 2597 sola.
2782 2542 2902 2599 Alia
2929 2545 3073 2599 enim
3103 2553 3229 2599 sunt
3256 2561 3423 2616 opera
3465 2546 3521 2600 in
3551 2546 3647 2601 hu-

2069 2647 2232 2687 mano
2252 2646 2481 2701 corpore
2509 2632 2724 2702 capitis,
2759 2634 2863 2688 alia
2891 2634 3121 2706 pedum;
3148 2652 3275 2690 nam
3317 2639 3652 2709 unumquod—

2069 2742 2175 2796 que
2204 2727 2506 2782 membrum
2536 2728 2703 2784 habet
2749 2738 2803 2783 et
2854 2746 2989 2800 opus
3038 2746 3194 2786 suum
3242 2732 3482 2802 speciale
3506 2774 3520 2797 ,
3558 2735 3652 2791 sed

2068 2836 2233 2875 unum
2257 2830 2342 2876 est
2368 2836 2597 2891 corpus,
2651 2831 2706 2876 et
2731 2839 2869 2878 unus
2909 2824 3091 2890 homo,
3148 2824 3202 2879 in
3229 2840 3337 2895 quo
3361 2834 3655 2896 operantur

2068 2923 2231 2983 caput
2250 2922 2305 2969 et
2330 2915 2496 2985 pedes
2520 2956 2535 2979 ,
2577 2916 2757 2970 anima
2786 2925 3005 2989 regente
3033 2926 3088 2971 et
3116 2916 3445 2974 viviﬁcante.
3483 2917 3652 2972 Aliter

2068 3006 2213 3061 enim
2255 3007 2416 3061 sentit
2448 3007 2673 3062 livorem
2707 3023 2925 3078 corpus,
2979 3009 3136 3063 aliter
3184 3009 3402 3064 animus
3429 3008 3654 3064 verbum

380 3097 609 3169 quippe,
647 3099 747 3155 etsi
776 3098 951 3154 sancti
975 3096 1293 3164 efﬁciamur,
1324 3114 1429 3153 non
1462 3107 1641 3155 tamen
1665 3102 1963 3156 nascimur.
1997 3123 2042 3184 ϐ
2072 3097 2297 3163 durum,
2349 3106 2530 3152 tamen
2575 3114 2715 3152 unus
2743 3108 2826 3154 est
2857 3099 3021 3155 homo
3050 3114 3064 3153 :
3093 3100 3171 3155 sic
3198 3109 3281 3154 est
3310 3116 3453 3155 unus
3490 3099 3652 3163 Deus,

382 3188 478 3245 llle
507 3199 686 3246 autem
714 3190 859 3246 solus
886 3190 1158 3246 veraciter
1187 3201 1408 3247 sanctus
1437 3200 1542 3256 est,
1566 3192 1681 3263 qui,
1708 3202 1769 3247 ut
1793 3193 1965 3265 ipsam

386 3283 799 3352 conceptionem
821 3290 1031 3337 natum
1052 3282 1417 3352 corruptibilis
1440 3283 1706 3349 vinceret,
1729 3299 1792 3339 ex
1823 3301 1972 3340 com-

385 3372 649 3428 mixtione
670 3372 904 3427 carnalis
915 3371 1121 3440 copulae
1142 3380 1433 3441 conceptus
1448 3389 1551 3427 non
1567 3382 1669 3429 est.
1690 3373 1968 3440 Sanctum,

385 3464 584 3534 inquit,
616 3463 887 3517 vocabitur
919 3461 1091 3516 Filius
1126 3462 1243 3515 Dei.
1276 3462 1413 3529 Quid
1448 3463 1537 3517 hic
1570 3463 1732 3529 dicis,
1774 3463 1968 3520 Nesto-

386 3557 560 3623 riane,
591 3555 684 3626 qui
713 3555 928 3609 beatam
957 3553 1180 3608 Mariam
1227 3569 1432 3623 negans
1458 3553 1551 3609 Dei
1581 3569 1701 3609 esse
1742 3556 1972 3626 genitri-

386 3662 543 3712 cem,
581 3654 825 3716 apertam
878 3644 1074 3700 niteris
1120 3645 1439 3716 impugnare
1476 3645 1782 3701 veritatem.
1833 3648 1973 3703 Ecce

388 3739 557 3794 Deum
604 3737 740 3792 dixit
795 3745 1284 3808 superventurum,
1348 3736 1443 3790 Dei
1478 3736 1676 3791 Filium
1729 3738 1968 3793 nascitu-

392 3843 513 3883 rum
547 3846 560 3881 :
599 3826 881 3895 Quomodo
917 3839 1047 3898 ergo
1076 3834 1169 3880 aut
1206 3826 1299 3881 Dei
1340 3826 1507 3882 Filius
1539 3828 1680 3884 Deus
1708 3845 1815 3884 non
1850 3839 1969 3885 est:

395 3928 489 3975 aut
515 3934 636 3989 qua:
669 3918 837 3973 Deum
864 3918 1051 3983 edidit,
1076 3917 1346 3987 quomodo
1375 3919 1627 3985 θεὸτοκος,
1660 3920 1713 3975 id
1738 3929 1843 3984 est,
1878 3919 1971 3975 Dei

391 4008 628 4080 genitrix
659 4024 766 4062 non
793 4023 915 4063 esse
938 4008 1147 4077 potest?
1180 4027 1198 4059 ι

460 4099 596 4154 XIII.
638 4098 736 4154 His
760 4106 815 4154 et
842 4097 1147 4168 huiusmodi
1178 4098 1609 4154 testimoniorum
1638 4097 1974 4154 auctoritati—

386 4192 489 4247 bus
517 4190 718 4247 suﬁ‘ulti
744 4191 879 4245 nihil
909 4191 1053 4246 aliud
1081 4192 1147 4247 de
1174 4190 1392 4246 Christo
1418 4192 1688 4248 credimus
1725 4192 1810 4249 vel
1838 4209 1975 4264 pra:-

388 4283 658 4346 dicamus,
690 4282 794 4337 nisi
824 4282 914 4337 illa
944 4297 1064 4352 qua:
1111 4283 1434 4338 sanctissimi
1470 4284 1840 4340 Ecclesiarum
1878 4285 1995 4341 Dei-

391 4374 642 4429 doctores
664 4372 820 4428 nobis
846 4372 1208 4438 tradiderunt,
1249 4389 1547 4444 omnesque
1577 4377 1846 4434 novitates
1877 4394 1975 4433 vo-

387 4466 595 4522 biscum
618 4470 965 4521 exsecrantes
989 4472 1044 4519 et
1064 4464 1495 4519 contradicentes
1520 4465 1667 4520 omni
1691 4466 1973 4533 doctrinae,

2071 3186 2162 3256 qui
2191 3201 2382 3256 passus
2410 3195 2493 3241 est
2518 3194 2572 3241 et
2602 3203 2707 3242 non
2735 3203 2962 3259 passus;
2992 3204 3187 3259 passus
3201 3197 3299 3244 .est
3325 3189 3380 3244 in
3408 3189 3656 3245 humani-

2073 3285 2202 3342 tate,
2245 3286 2299 3332 et
2327 3294 2434 3333 non
2459 3293 2654 3347 passus
2677 3279 2730 3334 in
2745 3280 3044 3336 divinitate.
3069 3281 3222 3337 Unde
3251 3290 3306 3337 et
3326 3299 3470 3338 unus
3488 3282 3656 3337 Filius

2072 3366 2167 3422 Dei
2197 3366 2251 3421 in
2280 3382 2385 3421 una
2413 3383 2648 3437 persona
2672 3380 2726 3422 et
2770 3367 2979 3425 duabus
3009 3371 3224 3426 naturis
3271 3372 3433 3443 digne
3462 3375 3654 3443 pieque

2072 3457 2410 3515 conﬁtendus
2437 3467 2539 3514 est.
2602 3460 2731 3515 Sine
2784 3460 2895 3516 Deo
2928 3463 3107 3518 Verbo
3160 3444 3449 3536 segregata
3477 3462 3660 3517 carnis

2073 3560 2266 3606 natura
2294 3567 2401 3606 non
2428 3560 2508 3607 est
2531 3562 2791 3623 concepta
2823 3554 2875 3607 in
2902 3554 3368 3626 virginali-utero;
3399 3554 3496 3611 sed
3523 3554 3659 3609 inef-

2074 3642 2310 3698 fabiliter
2362 3642 2455 3697 Dei
2492 3643 2729 3699 Verbum
2759 3645 2971 3699 unitum
3004 3654 3087 3699 est
3140 3647 3290 3701 carni
3311 3687 3326 3710 ,
3362 3656 3423 3701 ut
3451 3660 3580 3700 vere
3607 3653 3667 3699 et

2075 3736 2352 3792 incontuse
2395 3736 2667 3808 perfectus
2696 3737 2849 3793 ﬁeret
2900 3739 3063 3793 homo
3092 3754 3106 3792 :
3144 3740 3289 3794 unde
3323 3755 3453 3795 eum
3484 3738 3657 3794 homi-

2075 3844 2197 3883 nem
2228 3828 2465 3884 simulet
2494 3828 2663 3883 Deum
2692 3828 3015 3884 conﬁtemur
3056 3831 3343 3885 habentem
3379 3830 3434 3884 in
3484 3830 3666 3901 seipse

2074 3932 2387 3993 utrumque,
2414 3930 2468 3977 et
2506 3929 2754 3975 naturam
2782 3921 2964 3984 Verbi,
2988 3936 3092 3990 qua
3117 3920 3259 3975 Deus
3275 3930 3383 3988 est,
3407 3932 3465 3975 et
3499 3931 3661 3976 natu-

2074 4029 2191 4068 ram
2224 4011 2424 4075 carnis,
2452 4026 2558 4080 qua
2596 4010 2740 4065 idem
2779 4009 2921 4064 Deus
2943 4011 3104 4064 homo
3130 4017 3231 4064 est.
3264 4009 3437 4065 Totus
3469 4018 3528 4065 et
3544 4026 3669 4079 per-

2074 4103 2251 4159 fectus
2276 4103 2420 4158 Deus
2449 4102 2503 4156 in
2530 4103 2749 4157 homine
2771 4140 2787 4166 ,
2840 4109 2895 4157 et
2921 4100 3193 4171 perfectus
3217 4102 3379 4157 homo
3417 4103 3474 4158 in
3505 4102 3621 4158 Deo
3649 4121 3665 4157 :

2074 4209 2215 4248 unus
2240 4192 2384 4247 Deus
2416 4200 2472 4246 et
2511 4207 2650 4246 unus
2689 4192 2872 4257 homo,
2903 4193 3068 4247 etiam
3117 4199 3172 4265 et
3218 4208 3359 4247 unus
3386 4191 3666 4249 Christus.

2076 4284 2179 4351 Qui
2223 4290 2413 4339 contra
2469 4281 2633 4353 hujus
2682 4281 2809 4338 ﬁdei
2856 4283 3144 4340 veritatem
3179 4283 3368 4340 venire
3422 4292 3668 4340 tentave-

2078 4377 2150 4431 rit
2172 4418 2186 4441 ,
2228 4373 2536 4431 nullatenus
2589 4376 2913 4444 catholicus,
2967 4378 3062 4434 sed
3112 4377 3500 4436 schismaticus
3528 4379 3672 4435 testi-

2081 4466 2311 4522 mandus
2340 4472 2441 4521 est.

3412 4598 3640 4612 Μ

1703 4663 1937 4725 LIBER
1980 4664 2345 4740 QUINTUS.

463 4845 505 4902 Ι.
536 4844 717 4900 Multis
744 4845 1008 4915 siquidem
1036 4847 1420 4916 praetermissis
1443 4862 1562 4916 qua:
1589 4846 1642 4901 in
1670 4847 1851 4904 libello
1883 4853 1975 4903 tuo
2003 4847 2056 4910 Ι)
2078 4848 2293 4905 Veritas
2344 4848 2587 4919 recipere
2646 4847 2826 4903 renuit
2849 4887 2864 4913 ,
2912 4846 3288 4904 obmutescere
3315 4865 3447 4906 eum
3483 4852 3676 4924 praci-

390 4939 666 5010 leguntur,
716 4936 913 5006 quibus
964 4937 1156 4992 niteris
1193 4937 1484 5001 alﬁrmare,
1540 4937 1833 4994 Dominum
1881 4956 1979 4995 no-

396 5037 567 5085 strum
597 5025 781 5084 Iesum
830 5025 1105 5082 Christum
1136 5026 1306 5081 Deum
1348 5043 1533 5082 verum
1567 5044 1672 5082 non
1700 5044 1820 5083 esse
1844 5069 1859 5094 ,
1910 5027 1976 5083 ad

395 5134 537 5188 qum,
558 5124 819 5188 quantum
847 5116 1005 5171 nobis
1019 5115 1198 5171 divina
1215 5115 1513 5171 donaverat
1530 5118 1724 5188 gratia,
1754 5133 1980 5189 respon-

397 5208 678 5274 debamus,
708 5210 927 5265 tandem
954 5207 1046 5264 illo
1066 5207 1432 5277 pervenimus,
1455 5209 1547 5263 ubi
1573 5209 1807 5265 destruis
1835 5208 1978 5279 quod

399 5296 699 5365 :ediﬁcasti,
752 5308 807 5355 et
852 5298 1132 5357 conﬁteris
1173 5313 1293 5369 quas
1339 5299 1568 5371 negasti.
1622 5299 1743 5355 .lam
1799 5300 1980 5356 nescio

398 5396 582 5442 ntrutn
618 5390 838 5446 subdola
868 5392 1215 5448 simulatione
1258 5391 1531 5461 prioribus
1562 5392 1669 5447 tuis
1712 5393 1980 5448 sermoni-

399 5479 503 5535 bus
532 5480 725 5536 melius
746 5483 1094 5551 crederetur,
1125 5484 1325 5555 quibus
1348 5485 1665 5541 multimoda
1692 5502 1980 5555 argumen-

403 5570 610 5626 tatione
664 5574 949 5628 veritatem
1003 5576 1320 5647 impugnare
1353 5577 1640 5648 probaris;
1709 5586 1801 5631 aut
1858 5592 1980 5633 eum

402 5660 618 5719 diabolo
639 5662 831 5717 timore
856 5667 1178 5731 perterritus
1208 5667 1395 5721 nolens
1436 5667 1710 5721 Christum
1739 5668 1833 5722 Dei
1889 5668 1980 5722 Fi-

406 5752 536 5810 lium
571 5769 689 5813 esse
718 5754 1023 5823 conﬁteris;
1054 5756 1204 5824 cujus
1230 5759 1594 5813 testimonium
1624 5760 1821 5829 ubique
1869 5761 1983 5830 ipsa

2079 4946 2267 5017 piens;
2295 4945 2422 5015 quia
2443 4944 2540 4999 tali
2571 4942 2856 4999 laudatore
2877 4942 2992 5012 ipse
3023 4941 3119 4996 Dei
3149 4941 3321 4998 Filius
3346 4943 3676 5014 dedignatus

2078 5045 2163 5091 est
2191 5034 2493 5106 prmdicari.
2527 5033 2675 5089 Dicis
2699 5032 2848 5088 enim
2878 5031 3129 5087 eumdem
3169 5036 3291 5088 esse
3332 5032 3540 5089 Filium
3579 5034 3674 5090 Dei

2082 5126 2175 5197 qui
2218 5134 2303 5181 est
2343 5135 2399 5182 et
2447 5125 2589 5181 ﬁlius
2618 5124 2878 5189 hominis,
2917 5131 2974 5178 et
3002 5121 3171 5177 ﬁlium
3200 5122 3443 5180 hominis
3470 5123 3566 5196 qui
3592 5135 3677 5180 est

2081 5218 2250 5273 Filius
2275 5217 2394 5283 Dei,
2422 5226 2484 5272 ut
2502 5234 2565 5273 ex
2598 5216 2703 5271 tuis
2728 5215 2913 5270 verbis
2950 5213 3203 5285 cognosci
3227 5223 3447 5284 poterat
3475 5235 3488 5270 :
3526 5235 3545 5267 ι
3574 5215 3677 5283 Qui

2080 5307 2230 5363 illum
2253 5349 2268 5372 ,
2310 5308 2513 5378 inquis,
2541 5307 2641 5363 sibi
2667 5321 2732 5362 ex
2756 5313 2916 5361 utero
2938 5306 3150 5370 matris,
3181 5306 3389 5361 scilicet
3441 5306 3515 5362 ab
3562 5308 3681 5377 ipso

2082 5408 2345 5469 conceptu
2396 5400 2451 5453 in
2504 5398 2887 5471 singularitate
2922 5412 3033 5453 suae
3076 5410 3323 5467 personae
3368 5396 3451 5450 ita
3502 5398 3681 5452 nnivit

2085 5498 2249 5558 atque
2271 5489 2581 5555 conseruit,
2612 5498 2675 5543 ut
2704 5487 2801 5543 Dei
2848 5487 3020 5543 Filius
3063 5494 3207 5541 esset
3239 5486 3482 5543 hominis
3510 5488 3679 5553 ﬁlius,

2085 5595 2193 5633 non
2235 5580 2597 5636 mutabilitate
2625 5589 2856 5644 naturae,
2889 5578 2982 5634 sed
3031 5576 3340 5648 dignatione
3371 5595 3385 5630 :
3422 5578 3682 5634 similiter

2086 5679 2142 5724 et
2158 5670 2393 5726 hominis
2435 5670 2578 5725 ﬁlius
2606 5678 2752 5725 esset
2780 5670 2875 5723 Dei
2907 5669 3073 5723 Filius
3094 5709 3108 5732 ,
3141 5684 3249 5723 non
3305 5670 3682 5725 versibilitatc

2087 5760 2418 5828 substantia‘,
2448 5762 2539 5815 sed
2569 5761 2621 5815 in
2650 5760 2741 5815 Dei
2774 5759 2909 5814 Filio
2931 5769 3076 5815 esset
3101 5775 3260 5814 verus
3283 5759 3482 5815 Filius.
3520 5781 3539 5813 ι
3571 5762 3682 5817 Nec
