3906 6186
121 334 209 391 189

841 331 1254 390 DOGMATICA.
1295 361 1365 370 —
1401 329 1563 385 ADV'.
1604 329 1897 385 FELICEM
1937 330 2119 386 LIBRI
2156 333 2265 388 VII.
2302 364 2374 374 ——
2409 333 2536 388 LIB.
2580 335 2641 389 ν.

3288 340 3391 396 190

123 443 421 504 mirandum
458 450 552 501 est
592 443 641 499 si
689 444 762 499 ab
795 443 918 499 aliis
965 446 1022 498 in
1052 442 1319 498 catholica
1366 440 1701 513 professione
1730 443 1781 503 Δ
1806 456 1915 507 res,
1945 458 2161 499 omnem
2182 446 2385 502 erroris
2408 447 2689 517 perﬁdiam
2717 449 3000 507 destruere
3024 451 3079 507 in
3116 458 3170 507 te
3189 454 3395 523 potuis-

126 537 395 596 ωηιξη
434 534 717 608 probaris,
747 535 875 590 dum
903 535 1001 589 tibi
1046 534 1150 605 ipsi
1186 550 1286 604 per
1313 533 1458 588 vices
1500 532 1706 587 discor-

126 634 232 686 dare
253 627 497 683 videris.
546 626 607 680 In
658 626 765 681 hac
793 627 938 681 enim
987 625 1255 680 sententia
1293 633 1382 679 tua
1408 623 1708 679 catholicus

126 722 363 779 estimari
402 721 708 792 potuisses,
742 720 786 774 si
812 718 965 790 prius
991 719 1223 788 teipsum
1251 717 1307 772 in
1336 717 1600 787 pravitate
1629 715 1706 769 tui

124 814 305 869 erroris
324 828 442 866 non
468 810 812 866 ostenderes.
845 809 991 864 Dicis
1016 810 1199 879 itaque
1218 849 1233 873 ,
1265 819 1324 862 ut
1349 809 1406 862 in
1426 807 1526 862 Dei
1556 805 1703 860 Filio

120 919 222 957 mo
256 912 397 957 esset
424 899 610 954 Filius
626 916 645 964 ;
675 899 721 953 si
743 907 830 953 est
858 898 912 952 in
935 912 1069 952 vero
1090 897 1187 951 Dei
1217 896 1356 952 Filio
1378 895 1572 959 Filius,
1604 895 1700 966 qui

118 1006 187 1051 est
206 994 489 1059 Christus,
526 995 696 1063 igitur
713 1000 769 1047 et
797 1006 959 1047 verus
979 999 1063 1045 est
1087 989 1260 1044 Filius
1282 1030 1298 1055 ,
1339 989 1467 1059 quia
1490 989 1547 1042 in
1572 1002 1703 1042 vero

118 1088 235 1141 nihil
257 1094 449 1157 potest
484 1086 638 1141 aliud
664 1100 788 1142 esse
818 1084 923 1139 nisi
949 1083 1173 1138 veritas.
1207 1082 1275 1136 Et
1302 1081 1509 1136 nullum
1538 1082 1707 1136 habet

118 1178 274 1231 locum
313 1176 550 1246 adoptio
581 1177 640 1230 in
663 1174 951 1229 nativitats
976 1172 1245 1228 veritatis.
1278 1171 1431 1228 Unus
1456 1179 1541 1225 est
1570 1186 1702 1242 ergo

116 1268 196 1323 Dei
216 1268 393 1323 Filius
405 1268 686 1333 Christus,
712 1266 857 1321 Deus
879 1274 936 1321 et
955 1266 1116 1321 homo
1135 1278 1298 1319 verus
1322 1273 1378 1319 et
1404 1263 1699 1334 perfectus,

112 1369 161 1413 lt
190 1374 334 1428 sape
365 1360 583 1414 dictum
612 1366 715 1412 est.
751 1356 1011 1427 Adjungis
1031 1342 1245 1425 quoque
1275 1373 1288 1408 :
1328 1371 1433 1409 non
1458 1354 1566 1408 duo
1600 1353 1699 1418 dii,

111 1450 238 1517 quod
274 1459 480 1504 contra
527 1449 873 1518 temetipsum
916 1461 1160 1519 pugnare
1204 1444 1553 1500 manifestum
1593 1452 1696 1499 est.

110 1539 229 1595 Nam
255 1543 306 1596 si
334 1543 450 1597 duo
498 1542 575 1596 dii
603 1555 713 1595 non
759 1548 905 1604 sunt,
933 1554 1065 1610 ergo
1088 1554 1199 1593 non
1229 1549 1313 1594 est
1360 1539 1418 1592 in
1459 1553 1525 1593 eo
1553 1538 1697 1593 Deus

110 1648 275 1699 verus,
306 1641 369 1688 et
396 1633 547 1687 Deus
590 1631 1017 1702 nuncupatim,
1078 1630 1172 1686 sed
1225 1637 1311 1685 est
1364 1644 1506 1684 unus
1552 1628 1701 1683 Deus

110 1740 274 1791 verus,
306 1726 446 1797 quia
480 1725 628 1780 Deus
651 1725 856 1779 veritas
874 1731 976 1788 est,
1006 1730 1191 1777 etnon
1220 1728 1307 1777 est
1333 1720 1606 1776 simulatio
1631 1720 1689 1775 in

110 1835 179 1883 eo,
204 1820 303 1875 sed
325 1822 508 1873 totius
529 1816 653 1871 fons
676 1817 946 1871 veritatis.

167 1912 223 1967 ll.
266 1911 549 1982 Sequitur
566 1920 623 1965 et
643 1909 817 1964 altera
849 1909 902 1963 in
933 1908 1118 1963 libello
1140 1915 1235 1963 tuo
1259 1906 1525 1963 sententia
1544 1906 1686 1977 prio-

113 2003 241 2057 ribus
268 2003 389 2056 tuis
422 2002 614 2057 verbis
665 2016 774 2055 non
817 2001 1165 2056 conveniens.
1203 2018 1221 2050 ε
1254 1999 1453 2069 Ipsum,
1486 1999 1687 2068 inquis,

112 2093 372 2147 credimus
396 2106 596 2146 verum
622 2098 678 2145 et
704 2090 980 2161 preprium
1010 2088 1105 2144 Dei
1149 2089 1368 2154 Filium,
1412 2103 1477 2143 ae
1499 2101 1689 2142 verum

113 2182 291 2248 Deum,
336 2183 439 2252 qui
469 2181 769 2236 secundum
818 2179 1046 2234 formam
1095 2179 1194 2234 Dei
1222 2179 1307 2233 bis
1333 2178 1549 2250 genitus
1573 2185 1686 2242 est;

110 2273 553 2345 primovidelieet
590 2273 656 2327 de
688 2271 849 2327 Patre
886 2272 1001 2327 sine
1033 2286 1199 2326 carne
1225 2273 1432 2341 absque
1461 2279 1637 2326 matre
1667 2289 1681 2324 :

111 2367 333 2422 secundo
357 2380 505 2420 vero
522 2380 589 2419 ex
622 2372 798 2418 matre
823 2379 951 2419 cum
975 2378 1139 2419 carne
1176 2363 1295 2417 sine
1323 2362 1503 2417 Patre.
1532 2361 1688 2415 Illum

110 2474 278 2513 mum
302 2458 483 2512 Deam
504 2472 573 2511 ex
590 2464 824 2525 utroque
838 2465 1060 2525 parente
1081 2453 1425 2509 incffabiliter
1447 2453 1687 2524 genitum

109 2553 397 2615 credimus,
447 2551 542 2605 cui
573 2550 739 2604 Pater
767 2564 864 2619 per
894 2549 1063 2603 David
1091 2548 1328 2618 loquitur
1359 2565 1371 2599 :
1398 2546 1558 2617 831
1601 2544 1689 2599 Ea:

110 2654 236 2697 uero
258 2652 387 2697 ante
406 2641 695 2709 luciferum
714 2641 868 2712 genui
887 2652 955 2712 te.
969 2661 986 2693 ι
1004 2640 1171 2695 Paulo
1191 2646 1313 2694 ante
1335 2639 1515 2693 dixisti
1530 2636 1688 2692 Chri—

108 2745 234 2790 unm
258 2735 405 2790 duos
424 2735 639 2790 habere
662 2742 866 2803 patres.
902 2732 1071 2786 David
1102 2731 1310 2786 scilicet
1358 2729 1684 2795 naturalem,

108 2827 331 2883 etDeum
359 2827 589 2881 Patrem
607 2841 671 2880 ex
694 2825 1013 2895 adoptione:
1046 2824 1133 2879 hic
1157 2838 1306 2888 vero,
1335 2821 1529 2876 horum
1549 2821 1687 2877 obli-

108 2926 180 2971 tus
208 2917 549 2981 verborum,
580 2915 663 2970 ais
692 2933 707 2968 :
736 2913 964 2968 secundo
994 2930 1117 2967 vero
1140 2929 1205 2967 ex
1234 2921 1403 2966 matre
1433 2912 1547 2966 sine
1590 2929 1687 2982 pa-

112 3022 183 3063 tre.
211 3010 377 3077 Quod
409 3020 706 3079 utrumque
736 3024 925 3062 verum
955 3022 1073 3062 esse
1090 3023 1195 3063 non
1220 3006 1439 3077 poterit,
1461 3013 1525 3060 ut
1549 3006 1685 3062 duos

1804 540 1908 599 set,
1939 544 2190 605 tuamque
2222 538 2632 610 intelligentiam
2665 556 2922 598 revocare
2950 543 3019 598 ad
3062 545 3395 615 agnitionem

1804 627 2051 684 veritatis
2075 630 2297 686 valeret.
2327 632 2405 686 Ex
2436 634 2538 688 hac
2561 642 2708 690 certe
2744 636 2925 692 radice
2957 637 3120 692 totius
3156 637 3395 694 inﬁdeli-

1804 715 1934 770 tatis
1956 725 2065 773 tate
2090 720 2288 788 spinae,
2313 729 2374 774 ut
2404 722 2636 788 videtur,
2668 735 3052 780 succreverunt
3071 766 3086 792 ,
3116 727 3258 796 quod
3298 734 3393 782 tuo

1803 822 1965 862 sensu
2011 808 2343 878 impossibile
2371 812 2604 878 videtur,
2653 814 2823 869 ﬁlium
2868 816 3026 871 aliter
3071 832 3229 886 posse
3269 832 3393 874 esse

1800 898 2077 968 proprium
2099 938 2114 963 ,
2148 899 2253 954 nisi
2283 915 2347 954 ex
2381 910 2571 956 natura
2605 912 2891 972 parentum
2930 914 3078 961 totus
3100 914 3390 974 nascatur;

1802 1002 1910 1042 non
1940 988 2247 1060 intelligens
2277 991 2509 1060 teipsum
2548 1008 2671 1047 esse
2711 993 2879 1049 ﬁlium
2912 997 3189 1065 propriqu
3216 998 3395 1067 patris

1802 1079 2100 1149 matrisque
2137 1088 2269 1146 tum,
2305 1080 2431 1137 licet
2473 1082 2703 1138 nobilior
2739 1093 2931 1139 natura
2957 1101 3077 1155 qua
3112 1086 3166 1141 in
3201 1095 3259 1142 te
3282 1094 3393 1155 est,

1801 1169 1981 1225 anima
2004 1170 2229 1236 scilicet,
2260 1186 2327 1226 ex
2352 1172 2568 1228 illorum
2591 1182 2784 1229 natura
2809 1191 2915 1230 non
2940 1185 3084 1232 esset
3106 1187 3393 1248 generata,

1802 1259 1897 1314 sed
1931 1274 1999 1315 ex
2032 1260 2238 1326 nihilo,
2268 1271 2329 1317 ut
2360 1264 2593 1329 asseris,
2632 1273 2837 1320 creata.
2874 1266 3005 1334 Quae
3042 1276 3129 1323 est
3166 1269 3282 1325 hac
3320 1270 3393 1326 ab

1799 1353 1946 1406 omni
1974 1354 2183 1408 ratione
2208 1370 2396 1411 aversa
2423 1364 2529 1411 tuac
2561 1358 2760 1412 mentis
2789 1360 3002 1415 caecitas
3024 1401 3039 1427 ,
3073 1361 3166 1430 qui
3206 1364 3262 1417 in
3292 1363 3389 1420 Dei

1799 1443 1976 1499 Patris
1999 1446 2159 1501 unico
2182 1456 2236 1502 et
2263 1449 2485 1517 proprio
2517 1448 2656 1504 Filio
2680 1465 2801 1506 esse
2834 1467 2942 1505 non
2970 1467 3132 1521 posse
3167 1463 3391 1510 conten—

1799 1535 1905 1600 dis,
1939 1538 2085 1605 quod
2117 1539 2171 1592 in
2206 1540 2381 1609 teipse
2419 1555 2542 1595 esse
2573 1540 2882 1596 nullatenus
2918 1557 3116 1614 negare
3148 1547 3389 1614 poteris?

1799 1624 1861 1680 Si
1882 1627 2045 1697 igitur
2069 1643 2135 1683 ex
2165 1629 2344 1684 anima
2371 1637 2426 1686 et
2447 1646 2609 1686 carne
2638 1637 2782 1686 totus
2802 1647 2864 1687 es
2884 1634 3138 1704 proprius
3162 1634 3305 1688 ﬁlius
3333 1644 3390 1695 et

1797 1734 1962 1775 verus
2006 1729 2292 1791 parentum
2339 1732 2555 1778 tuorum
2580 1765 2597 1790 ,
2636 1739 2805 1794 quare
2848 1739 2957 1780 non
3000 1724 3171 1780 multo
3218 1727 3390 1797 magis

1714 1783 1763 1846 Β
1794 1812 1972 1867 credis
2008 1783 2180 1868 Deum
2218 1783 2641 1885 omnipotentem
2656 1783 2857 1871 Ivemm
2885 1824 2939 1871 et
2978 1817 3255 1887 proprium
3298 1783 3387 1872 I‘U‘i-

1791 1903 1956 1970 lium,
1987 1920 2051 1960 ex
2081 1906 2303 1978 Virgine
2332 1916 2518 1962 natum
2547 1908 2604 1962 in
2628 1907 2839 1964 duabus
2873 1909 3187 1964 substantiis
3216 1909 3385 1965 Deum

1790 1994 2069 2052 hominem
2092 2037 2109 2064 ,
2144 1998 2351 2055 habere
2383 2000 2662 2070 potuisse?
2706 1999 2958 2071 Nunquid
2999 2001 3267 2071 impotens
3301 2011 3387 2059 est

1792 2087 1934 2143 Deus
1958 2089 2014 2143 in
2040 2105 2099 2145 se
2127 2090 2391 2161 perﬁcere
2417 2092 2561 2161 quod
2599 2100 2794 2162 potens
2832 2101 2914 2148 est
2951 2094 3005 2148 in
3041 2093 3384 2164 uniuscujus-

1791 2194 1896 2248 que
1922 2180 2157 2236 hominis
2182 2182 2462 2238 nativitate
2490 2183 2742 2240 efﬁcere?
2762 2185 2869 2240 Aut
2887 2200 3021 2257 ergo
3040 2189 3381 2258 temetipsum

1791 2273 1969 2328 divide
1990 2274 2044 2328 in
2067 2274 2205 2329 duos
2224 2274 2384 2340 ﬁlios,
2412 2278 2689 2346 proprium
2717 2294 2784 2333 ex
2809 2295 2973 2335 carne
2992 2289 3047 2335 et
3072 2282 3382 2353 adoptivum

1790 2378 1857 2418 ex
1889 2365 2069 2420 anima
2098 2366 2414 2435 parentibus
2443 2368 2578 2432 tuis,
2612 2378 2707 2423 aut
2742 2370 2790 2423 si
2829 2371 2933 2426 hoc
2959 2372 3253 2427 absurdum
3285 2375 3383 2429 tibi

1789 2455 1930 2511 forte
1954 2457 2222 2525 videatur,
2252 2460 2486 2515 concede
2514 2460 2625 2517 Deo
2651 2461 2798 2517 Patri
2833 2477 2899 2517 ea
2926 2463 3041 2535 lege
3058 2506 3073 2529 ,
3105 2465 3189 2521 vel
3217 2466 3384 2521 etiam

1787 2552 2120 2621 potentiore,
2145 2553 2423 2623 proprium
2463 2562 2517 2608 et
2557 2569 2685 2610 vere
2718 2555 2916 2611 Filium
2944 2574 3010 2612 ex
3040 2558 3265 2629 Virgine
3288 2575 3385 2614 na-

1790 2648 1903 2693 tum
1938 2640 2139 2695 habere
2175 2643 2449 2711 potuisse,
2483 2659 2587 2713 qua
2628 2652 2680 2699 te
2716 2645 2798 2700 vis
2840 2654 3053 2701 tuorum
3096 2658 3382 2718 parentum

1786 2731 2065 2801 proprium
2096 2746 2218 2787 esse
2248 2732 2454 2798 ﬁlium;
2483 2736 2730 2804 quamvis
2760 2736 3066 2793 nullatenus
3097 2739 3383 2808 adaequare

1785 2822 1961 2891 missis
1998 2820 2143 2877 illam
2180 2822 2505 2879 ineffabilem
2546 2826 2643 2879 Dei
2679 2836 2733 2881 et
2770 2828 3009 2884 hominis
3036 2829 3091 2883 in
3120 2845 3228 2884 una
3255 2845 3382 2901 per-

1789 2925 1921 2965 sona
1958 2912 2296 2968 nativitatem
2316 2954 2332 2977 ,
2363 2922 2418 2967 et
2459 2916 2891 2972 convenientiam
2925 2918 3172 2975 humanae
3198 2921 3384 2976 condi-

1788 3004 1954 3060 tionis
1999 3006 2398 3061 consuetudini.
2451 3007 2558 3061 Aut
2608 3016 2662 3063 te
2711 3025 2841 3081 ergo
2895 3011 3196 3066 naturalem
3246 3028 3381 3083 nega

109 3097 305 3164 habent,
338 3108 395 3154 et
444 3099 653 3154 nullum
694 3099 890 3154 haheat
920 3099 1187 3164 Christus,
1216 3100 1512 3154 secundum
1541 3100 1682 3169 quod
1707 3133 1759 3198 ϐ
1791 3095 1958 3198 (ilium
1986 3109 2105 3150 esse
2129 3110 2196 3150 ex
2225 3097 2420 3198 anima:
2457 3100 2756 3153 substantia
2794 3111 3078 3170 parentum
3117 3107 3330 3159 tuorum
3364 3125 3377 3159 :

108 3188 374 3255 iamest,
402 3188 649 3245 Patrem.
681 3189 738 3246 Si
763 3206 891 3261 ergo
926 3191 1219 3246 secundum
1264 3199 1415 3245 tuam
1469 3198 1687 3245 senten-

108 3280 218 3335 tiam
242 3297 416 3336 verus
443 3281 545 3337 Dei
581 3281 753 3336 Filius
786 3282 873 3336 bis
910 3282 1124 3353 genitus
1148 3289 1262 3346 est,
1314 3289 1369 3337 et
1395 3290 1479 3337 est
1524 3297 1686 3336 verus

105 3365 380 3426 DriFilius
409 3372 469 3425 in
507 3382 743 3442 utraque
783 3373 1062 3427 nativitate
1087 3415 1102 3439 ,
1145 3381 1370 3444 paterna
1400 3374 1607 3429 scilicet
1631 3380 1686 3428 et

105 3471 360 3527 materna,
390 3463 671 3531 quomodo
700 3470 879 3533 potest
916 3462 1031 3517 ﬁeri
1064 3472 1124 3517 ut
1164 3478 1269 3517 non
1300 3463 1410 3518 sint
1437 3463 1542 3518 duo
1586 3462 1685 3518 ﬁlii

101 3567 159 3605 ει
190 3564 370 3610 matre
388 3554 539 3619 nati;
566 3571 729 3617 unus,
763 3570 921 3623 quem
950 3563 1004 3609 tu
1032 3555 1232 3610 asseris
1259 3555 1523 3611 catholica
1555 3571 1685 3611 voce

102 3657 281 3700 verum
306 3661 433 3701 esse
454 3645 656 3700 Filium
687 3645 812 3711 Dci;
842 3645 994 3712 alter,
1039 3662 1200 3716 quem
1230 3653 1320 3700 tua
1353 3646 1682 3717 perversitas

103 3748 284 3792 verum
314 3755 423 3792 non
451 3754 576 3792 esse
606 3738 801 3793 Filium
840 3737 932 3792 Dei
970 3737 1235 3793 allirmat?
1264 3738 1465 3793 Verum
1495 3747 1549 3794 et
1576 3756 1684 3795 non

100 3839 281 3881 rerum
308 3828 622 3883 nullatenus
650 3846 815 3883 unum
845 3845 963 3886 esse
987 3840 1199 3901 potest;
1227 3834 1306 3888 sic
1331 3835 1494 3889 etiam
1525 3850 1685 3890 verus

100 3916 255 3981 iﬁus,
290 3926 348 3971 et
376 3935 487 3972 non
512 3935 677 3974 verus
719 3919 860 3975 [ilius
882 3922 1189 3979 nullatenus
1216 3939 1357 3978 unus
1387 3940 1510 3981 esse
1533 3935 1685 3996 pote-

102 4007 161 4060 rit
185 4009 340 4062 ﬁlius
368 4028 381 4061 :
408 4025 512 4063 nec
540 4008 682 4063 Deus
696 4026 858 4066 verus
882 4021 936 4067 et
961 4012 1104 4068 Deus
1133 4015 1528 4085 nuncupativus
1546 4033 1683 4072 unus

95 4113 206 4150 esse
236 4099 488 4167 potuit:
528 4099 656 4166 quia
686 4100 832 4155 aliud
861 4109 945 4157 est
964 4104 1288 4158 omnimodis
1313 4105 1516 4159 veritas
1541 4105 1681 4160 divi-

97 4189 276 4243 nitatis
305 4230 322 4251 ,
356 4197 415 4243 et
447 4188 590 4242 aliud
610 4192 941 4261 nuncupatio
966 4194 1108 4248 nuda
1140 4194 1374 4257 deitatis.
1409 4203 1468 4249 ut
1516 4212 1680 4267 supra

95 4284 446 4338 cstatdimus
470 4283 521 4337 in
549 4283 725 4355 Moyse
746 4295 801 4340 et
829 4289 1040 4343 czeteris
1082 4290 1321 4355 sanctis;
1355 4291 1450 4345 sed
1474 4300 1684 4346 utrum‘

94 4390 188 4442 que
216 4378 275 4430 in
306 4392 418 4429 una
446 4391 676 4445 persona
700 4378 1006 4435 nullatenus
1030 4396 1150 4436 esse
1179 4382 1400 4451 poterit,
1425 4383 1552 4453 quia
1575 4382 1679 4437 alia

1788 3193 1881 3240 aut
1903 3186 2015 3241 Deo
2039 3187 2275 3242 concede
2302 3188 2583 3257 proprium
2612 3204 2675 3243 ex
2706 3190 2956 3261 virginali
2994 3200 3148 3248 utero
3182 3194 3384 3249 habere

1786 3275 2015 3342 Filium;
2047 3277 2280 3331 maxime
2316 3277 2444 3347 quia
2484 3278 2607 3332 talis
2633 3280 2814 3335 unitas
2844 3289 2926 3336 est
2969 3281 3024 3336 in
3063 3282 3173 3339 Deo
3197 3292 3252 3338 et
3280 3285 3383 3340 ho-

1786 3365 1931 3420 mine
1950 3406 1964 3431 ,
1992 3372 2054 3419 ut
2081 3366 2154 3421 sit
2183 3382 2290 3420 una
2334 3381 2565 3437 persona
2595 3368 2689 3424 Dei
2728 3371 3069 3442 hominisque
3087 3414 3102 3439 ,
3131 3373 3257 3430 licet
3284 3376 3382 3431 h0-

1785 3458 1948 3514 minis
1976 3459 2049 3512 sit
2082 3460 2302 3530 proprie
2345 3460 2487 3530 quod
2526 3463 2772 3518 mortalis
2814 3463 2946 3531 fuit,
2986 3475 3042 3522 et
3081 3468 3383 3525 divinitatis

1785 3553 1926 3621 quod
1953 3569 2170 3624 semper
2197 3553 2317 3609 fuit.
2349 3556 2418 3610 Et
2450 3557 2588 3612 sicut
2619 3558 2846 3629 teipsum
2882 3559 3167 3615 mortalem
3194 3568 3248 3614 et
3279 3561 3382 3616 im-

1785 3643 2069 3698 mortalem
2096 3659 2216 3699 esse
2239 3661 2345 3699 non
2369 3647 2621 3718 denegas,
2651 3649 2726 3703 ita
2753 3656 2807 3704 et
2826 3649 3072 3705 Christus
3099 3651 3385 3707 divinitate

1783 3733 1998 3803 quidem
2032 3734 2387 3802 immortalis,
2421 3754 2585 3793 carne
2633 3739 2745 3793 sola
2780 3740 3025 3794 mortalis
3062 3749 3179 3795 erat
3213 3756 3227 3793 :
3259 3757 3380 3810 qua:
3467 3767 3475 3774 ο

1782 3829 1963 3879 tamen
1994 3823 2110 3893 ejus
2144 3841 2273 3880 caro
2302 3827 2513 3881 devicta
2553 3836 2727 3883 morte
2760 3827 2944 3898 (juxta
2972 3845 3157 3883 veram
3195 3836 3250 3882 et
3288 3845 3379 3883 ca-

1783 3915 2037 3970 tholicam
2065 3915 2258 3976 ﬁdem)
2286 3932 2431 3971 nunc
2457 3918 2621 3972 etiam
2651 3919 2718 3971 ad
2751 3920 3026 3973 dexteram
3061 3917 3240 3972 Patris
3268 3918 3382 3973 col—

1782 4007 1954 4062 locata
1974 4050 1987 4072 ,
2020 4017 2077 4064 et
2104 4008 2159 4063 in
2186 4008 2484 4063 divinitatis
2514 4010 2811 4078 potentiam
2840 4007 3139 4079 gloriﬁcata
3178 4007 3376 4062 immu-

1783 4100 2020 4154 tabiliter
2054 4108 2246 4171 regnat
2293 4100 2346 4155 in
2390 4100 2560 4155 caelis.
2611 4101 2688 4154 De
2734 4100 2821 4163 his
2855 4098 2968 4167 jam
3004 4100 3254 4170 superius
3290 4114 3378 4155 me

1782 4189 1895 4244 scio
1921 4190 2140 4244 uberius
2169 4191 2496 4259 diSputasse,
2522 4198 2700 4244 tamen
2723 4196 2944 4259 propter
2966 4192 3249 4243 sententia:
3277 4189 3377 4243 hu-

1775 4277 1865 4348 jus
1893 4279 2351 4348 0pportunitatcm
2375 4320 2389 4344 ,
2422 4279 2511 4333 hic
2535 4277 2737 4348 aliquid
2776 4277 3117 4349 respondisse
3145 4278 3198 4333 in
3239 4294 3377 4349 pra:-

1782 4367 1919 4422 senti
1951 4367 2069 4422 loco
2096 4367 2289 4422 melius
2312 4367 2608 4433 :estimavi;
2639 4369 2765 4439 quia
2788 4369 2919 4424 dum
2942 4368 3285 4425 adversarius
3310 4385 3384 4425 ea

94 4467 459 4521 stveritatis
512 4467 770 4539 dignitas,
818 4469 923 4525 alia
976 4472 1391 4543 nuncupationis
1431 4473 1675 4545 largitas.

1790 4457 1980 4527 repetit
2004 4473 2123 4528 qua:
2158 4467 2283 4512 ante
2307 4459 2505 4529 posuit,
2539 4459 2905 4515 necessarium
2932 4467 3014 4515 est
3041 4467 3100 4513 ut
3124 4459 3379 4528 repetitio

92 4557 413 4627 ιμίωιηῑιε
436 4574 571 4614 vero
599 4561 737 4617 bane
763 4561 1161 4617 simulationem
1189 4566 1562 4636 nuncupativae
1593 4567 1679 4623 vel

90 4652 433 4719 Ippdlativze
462 4651 783 4717 divinitatis,
809 4655 1017 4711 scilicet
1044 4655 1099 4709 in
1121 4656 1457 4714 humanitate
1478 4659 1681 4717 Christi

92 4740 357 4798 simam
394 4742 618 4809 nititur,
651 4744 954 4800 nullatenus
1000 4745 1339 4803 Nestorianaa
1386 4750 1682 4820 impietatis

88 4828 293 4888 Lunam
329 4833 578 4890 evadere
604 4836 827 4904 poterit.

146 4923 237 4980 ω.
279 4926 351 4983 Ut
381 4935 576 4980 autem
604 4926 749 4981 hanc
773 4928 1087 4984 dualitatem
1114 4947 1358 5001 personae
1386 4933 1438 4988 in
1463 4932 1683 4989 Christo

88 5012 257 5068 Vitare
281 5025 336 5070 te
357 5014 507 5069 velle
547 5015 783 5071 videaris
802 5058 819 5083 ,
850 5020 1007 5089 ponis
1043 5021 1275 5091 exempli
1311 5023 1487 5091 gratia
1511 5024 1684 5078 homi-

86 5120 199 5161 nem
226 5123 303 5163 ex
327 5109 520 5163 anima
547 5118 604 5164 et
623 5124 852 5181 corpore
872 5129 1039 5168 unum
1056 5129 1176 5171 esse
1203 5115 1373 5171 ﬁlium
1401 5126 1683 5185 parentum

85 5214 324 5254 mm.
364 5219 385 5251 ι
423 5200 494 5255 Et
526 5200 673 5267 licet,
705 5202 823 5267 ais,
870 5219 936 5259 ex
976 5204 1086 5259 Deo
1124 5207 1294 5269 Deus,
1326 5215 1382 5262 et
1417 5209 1577 5263 homo
1617 5223 1683 5263 ex

86 5290 299 5344 Mne
324 5290 384 5345 in
416 5291 808 5362 singularitate
840 5308 1084 5363 persona:
1104 5337 1118 5362 ,
1153 5313 1292 5352 unus
1336 5306 1498 5367 atque
1542 5298 1683 5353 idem

88 5380 142 5430 Iit
165 5380 438 5437 Christus
462 5381 599 5449 Dei;
633 5384 777 5439 sicut
800 5385 1107 5457 quicunque
1138 5389 1299 5443 homo
1327 5404 1392 5443 ex
1415 5389 1593 5443 anima
1620 5390 1685 5444 de

92 5472 238 5528 alio
262 5483 503 5538 creata,
531 5484 586 5530 et
622 5492 793 5532 carne
826 5492 895 5531 ex
931 5486 1159 5549 utroque
1201 5490 1422 5551 parente
1455 5480 1686 5537 formata

92 5577 209 5618 Ilus
234 5572 333 5617 est
372 5566 627 5636 utrisque
661 5568 1013 5635 parentibus,
1040 5572 1209 5639 patris
1238 5572 1321 5626 sui
1359 5573 1607 5630 videlicet
1633 5583 1687 5631 et

90 5658 261 5711 utris
300 5656 471 5711 ﬁlius.
517 5679 535 5710 ι
572 5658 690 5714 Hoc
721 5660 904 5731 itaque
929 5663 1231 5733 exemplum
1251 5704 1266 5728 ,
1296 5664 1341 5718 si
1371 5664 1506 5719 bene
1532 5666 1686 5720 intel-

90 5744 344 5815 ἐρίξων
376 5766 407 5803 a
431 5760 511 5817 te,
542 5762 711 5823 atque
740 5754 786 5808 si
821 5755 1049 5824 teipsum
1076 5754 1342 5823 sagaciter
1378 5756 1686 5812 considera-

1783 4565 1998 4620 quoque
2024 4563 2158 4605 mea:
2193 4549 2559 4620 reSponsionis
2587 4559 2866 4614 occurrat,
2896 4564 2964 4603 ne
2997 4549 3135 4605 forte
3165 4558 3374 4619 repetat

1785 4640 1903 4714 [F.,
1934 4641 2170 4714 reputet]
2212 4657 2320 4696 non
2356 4641 2559 4698 habere
2587 4641 2731 4711 quod
2764 4649 2952 4695 contra
2980 4655 3101 4695 cum
3136 4639 3374 4695 dicatur.

1851 4756 2015 4827 832
2052 4756 2140 4810 IV.
2185 4755 2353 4824 Igitur
2387 4771 2485 4825 per
2522 4754 2817 4809 latissimos
2844 4762 3044 4809 sanctae
3081 4754 3383 4826 Scriptura),

1784 4861 2035 4914 campos,
2074 4846 2229 4914 quasi
2264 4844 2535 4915 pmnitens
2563 4843 2740 4912 aliqua
2780 4858 2810 4896 a
2854 4858 2913 4898 se
2945 4845 3193 4914 superius
3233 4846 3374 4902 bene

1783 4936 1993 5006 prolata
2036 4936 2370 5000 decurrens,
2419 4934 2612 5003 quaerit
2656 4935 2954 4990 sententias
3001 4951 3171 4992 sacra:
3216 4934 3372 4993 Scri-

1782 5035 1978 5097 pturae,
2011 5026 2205 5095 quibus
2233 5025 2448 5097 pristini
2491 5026 2693 5081 erroris
2732 5035 2937 5083 sectam
2975 5027 3247 5085 afﬁrmare
3273 5046 3371 5085 va-

1785 5117 1925 5182 leat;
1968 5117 2063 5172 sed
2097 5116 2225 5171 dum
2264 5132 2370 5170 non
2423 5117 2622 5186 poterit
2681 5117 2924 5173 invenire
2969 5120 3110 5189 quod
3146 5121 3371 5189 quaerit,

1783 5204 2068 5274 pravitatis
2096 5220 2206 5259 sua:
2232 5219 2392 5259 sensu
2420 5214 2620 5260 sanctae
2647 5204 2941 5277 Scripturze
2968 5209 3264 5264 sententias
3290 5210 3374 5265 in-

1786 5298 2071 5367 terpretari
2098 5313 2201 5352 non
2233 5297 2483 5352 desistit:
2511 5306 2571 5352 ut
2589 5314 2653 5353 ex
2676 5300 2849 5354 tribus
2872 5298 3111 5369 Apostoli
3138 5304 3374 5359 auctori-

1786 5398 1896 5445 tate
1930 5388 2213 5444 sententiis
2243 5387 2466 5459 intelligi
2493 5398 2686 5459 potest.
2727 5389 2887 5445 Ponit
2921 5390 3069 5444 enim
3103 5391 3171 5447 de
3206 5394 3374 5450 mira-

1786 5482 1909 5547 bili,
1950 5490 2008 5536 et
2047 5481 2115 5536 ab
2164 5480 2282 5551 ipsa
2327 5481 2564 5535 Vcritate
2606 5481 2821 5536 laudata
2856 5482 3191 5551 professione
3225 5486 3372 5545 beati

1786 5571 1931 5647 Petri
1950 5571 2206 5642 principis
2226 5571 2592 5640 apostolorum
2615 5571 2919 5641 hujusmodi
2942 5591 3180 5641 sensum,
3204 5578 3370 5636 veluti

1786 5680 1850 5718 ex
1887 5664 1998 5718 suis
2025 5664 2202 5719 verbis
2229 5664 2400 5719 videri
2427 5673 2602 5735 potest
2634 5684 2645 5718 :
2696 5685 2711 5715 ι
2750 5665 3109 5739 Singulariter
3139 5687 3372 5742 namque

1785 5755 1975 5810 beatus
1998 5753 2190 5811 Petrus
2219 5755 2490 5825 apostolus
2521 5756 2573 5811 in
2600 5771 2662 5811 co
2696 5756 2853 5812 simul
2891 5759 3023 5815 duas
3061 5769 3277 5816 naturas
3312 5761 3368 5817 in
