3964 6186
568 346 663 400 191

1406 343 1465 396 Β.
1507 341 1568 396 F.
1608 339 1834 396 ALBlNl
1877 339 2006 396 SEU
2047 338 2322 394 ALCUINI
2359 338 2647 396 OPERUM
2685 339 2864 394 PARS
2902 340 2985 394 lll.

3732 342 3831 396 192

566 473 671 512 una
696 471 926 526 persona
945 497 958 520 ,
994 457 1104 510 Deo
1133 455 1234 510 sibi
1265 454 1565 518 revelante,
1606 451 1885 508 confessus
1917 451 1993 505 ait
2025 469 2038 505 :
2070 449 2147 504 Tu
2180 455 2224 509 Α
2323 451 2386 504 V.
2428 450 2534 506 Sed
2561 452 2806 520 quamvis
2831 453 3128 506 habeamus
3157 451 3494 506 abundanter
3519 453 3832 522 probatissi-

565 565 620 602 es
647 547 880 603 Christus
906 546 1077 602 Filius
1099 548 1194 600 Dei
1215 549 1311 601 vivi
1334 546 1546 617 (Matth.
1572 561 1679 606 xvi,
1707 543 1816 615 16).
1838 544 1896 598 In
1919 559 1984 598 co
2005 544 2147 597 enim

567 641 709 709 quod
737 640 814 695 ait
843 658 854 694 :
893 639 971 693 Tu
998 657 1051 694 es
1079 637 1347 703 Christus,
1377 640 1442 692 ad
1470 639 1860 693 humanitatem
1888 638 2004 706 ejus
2031 653 2152 707 pcr-

569 733 724 796 tinet,
750 732 804 785 in
830 747 934 800 qua
954 731 1173 799 junctus
1201 739 1284 785 est
1308 730 1510 802 [Forte,
1539 739 1734 785 unctus
1753 731 1854 802 est]
1885 749 1897 784 :
1924 732 1976 785 id
2005 731 2148 800 quod

568 821 772 875 addidit
799 839 812 874 :
847 821 1021 875 Filius
1046 821 1138 875 Dei
1159 823 1277 884 vivi,
1306 821 1371 874 ad
1393 821 1725 874 divinitatem
1755 822 1938 890 ipsius,
1966 822 2018 874 in
2042 835 2148 889 qua

568 911 926 966 essentialiter
953 927 1114 965 verus
1152 911 1319 964 Filius
1358 911 1450 964 Dei
1489 919 1600 974 est,
1643 911 1913 964 convenit.
1953 929 1970 962 ι
2015 911 2147 964 l‘em

569 1003 805 1071 ejusdem
826 1003 967 1057 beati
993 1003 1138 1057 Petri
1159 1003 1416 1071 principis
1443 1001 1804 1070 apostolorum
1834 1003 1899 1056 de
1926 1001 2148 1056 Actibus

568 1091 927 1160 apostolorum
968 1091 1172 1161 profert
1209 1093 1400 1155 verba,
1441 1091 1531 1146 ubi
1567 1091 1816 1146 Cornelio
1851 1101 1907 1146 et
1945 1093 2030 1148 his
2057 1093 2148 1161 qui

566 1196 690 1236 cum
721 1197 784 1235 eo
815 1189 970 1234 erant
998 1182 1220 1235 verbum
1243 1181 1339 1236 Dei
1360 1181 1675 1250 praedicavit
1704 1200 1716 1234 :
1755 1200 1774 1231 α
1808 1181 1908 1248 Qui
1938 1198 2146 1248 rursus,

565 1271 760 1340 inquit,
788 1272 856 1326 de
882 1271 1039 1341 hujus
1063 1272 1397 1328 humanitate
1425 1272 1726 1342 sigillatim,
1755 1273 1894 1327 sicut
1919 1274 1972 1326 in
2000 1273 2150 1327 Acti-

565 1363 666 1418 bus
696 1363 1059 1432 apostolorum
1095 1364 1311 1433 legitur,
1339 1363 1477 1417 idem
1506 1363 1778 1432 apostolus
1816 1362 2064 1418 Cornelio
2095 1371 2150 1418 et

566 1452 730 1506 sociis
759 1451 874 1519 ejus
905 1453 1047 1506 inter
1079 1461 1275 1507 caetera
1314 1451 1689 1521 evangelizans
1723 1452 1798 1505 ait
1843 1470 1856 1504 :
1897 1451 2078 1506 Iesum
2115 1470 2148 1506 a

566 1538 867 1604 Nazareth,
900 1538 1158 1609 quomodo
1195 1540 1348 1593 unxit
1375 1556 1493 1594 eum
1527 1540 1666 1594 Deus
1705 1540 1907 1611 Spiritu
1943 1550 2144 1607 sancto,

561 1639 610 1681 et
640 1630 850 1683 virtute.
880 1628 982 1682 Hic
1006 1631 1336 1699 pertransivit
1377 1630 1499 1684 bene
1528 1631 1801 1699 faciendo,
1832 1641 1879 1684 et
1908 1633 2146 1686 sanando

561 1736 736 1773 omnes
752 1737 1016 1790 oppressos
1043 1738 1073 1772 a
1099 1717 1325 1784 diabolo,
1347 1722 1594 1789 quoniam
1614 1721 1750 1774 Deus
1775 1730 1884 1774 erat
1913 1739 2028 1775 cum
2053 1721 2144 1776 illo

562 1807 698 1877 (Act.
730 1824 782 1872 x,
807 1807 918 1879 58).
938 1807 1052 1862 Non
1077 1807 1242 1863 dicit:
1266 1809 1406 1863 Deus
1433 1820 1544 1863 erat
1569 1811 1695 1879 ipse,
1721 1809 1835 1874 sed,
1863 1809 2004 1864 Deus
2031 1821 2144 1865 erat

562 1914 681 1950 cum
700 1897 810 1951 illo.
836 1898 969 1952 Nam
998 1899 1042 1953 si
1070 1900 1362 1954 secundum
1384 1916 1566 1955 veram
1587 1901 1978 1970 professionem
2004 1902 2144 1957 Deus

558 2002 721 2042 verus
749 1997 889 2043 esset
918 1989 1079 2043 homo
1109 1990 1195 2043 ille
1225 1999 1506 2060 susceptus
1527 2005 1558 2043 a
1583 1991 1778 2055 Verbo,
1803 2006 2142 2060 nequaquam

561 2084 742 2132 tantus
766 2079 1039 2147 apostolus
1068 2079 1290 2134 auderet
1314 2080 1495 2134 dicere
1521 2098 1534 2133 :
1562 2080 1702 2134 Deus
1727 2091 1838 2134 erat
1874 2099 1992 2135 cum
2026 2082 2139 2148 illo,

561 2170 656 2224 sed
684 2171 862 2240 potius
891 2189 903 2224 :
934 2170 1073 2224 Deus
1109 2181 1220 2224 erat
1260 2173 1385 2242 ipse.
1427 2191 1444 2223 ι
1491 2172 1728 2226 Tertiam
1765 2188 1980 2242 quoque
2016 2190 2142 2229 sen-

559 2261 778 2316 tentiam
823 2262 964 2316 beati
1007 2262 1157 2316 Pauli
1197 2264 1565 2332 praedicatoris
1603 2266 1806 2336 egregii
1832 2267 2011 2335 ponit,
2052 2267 2142 2321 ubi

557 2354 636 2407 ait
664 2371 676 2406 :
717 2371 735 2403 ε
777 2353 1037 2419 Quoniam
1071 2354 1207 2410 Deus
1231 2366 1340 2410 emt
1370 2356 1424 2411 in
1451 2355 1657 2412 Christo
1685 2357 1936 2412 mundum
1966 2375 2145 2415 recon-

558 2446 746 2501 cilians
775 2446 872 2501 sibi
898 2446 980 2518 (II
1009 2447 1128 2502 Cor.
1159 2465 1214 2510 v,
1251 2448 1360 2516 l9).
1392 2448 1507 2504 Non
1535 2449 1646 2513 ait,
1673 2449 1813 2503 Deus
1850 2460 1962 2504 erat
1992 2450 2145 2504 Chri—

555 2548 698 2600 stus,
734 2539 855 2600 sed,
890 2539 1029 2592 Deus
1060 2550 1169 2592 erat
1201 2541 1255 2593 in
1283 2538 1492 2594 Christo
1515 2581 1529 2604 ,
1563 2556 1671 2594 non
1707 2543 1850 2610 quod
1873 2541 2140 2608 Christus,

559 2629 722 2682 homo
743 2628 1332 2699 videlicctassumptus,
1353 2630 1491 2686 Deus
1515 2646 1622 2685 non
1647 2631 1748 2695 sit,
1768 2633 1860 2686 sed
1887 2633 2012 2701 quia
2036 2649 2142 2688 non

556 2726 769 2782 natura,
795 2719 887 2772 sed
916 2719 1088 2788 gratia
1121 2727 1282 2789 atque
1307 2721 1702 2790 nuncupatione
1731 2723 1801 2776 sit
1830 2723 2022 2778 Deus.»
2041 2725 2136 2779 Vi-

558 2807 714 2873 dete,
744 2809 922 2864 videte
942 2849 956 2871 ,
982 2807 1243 2872 lectores,
1271 2825 1468 2865 novum
1505 2819 1704 2866 sancta:
1735 2810 2028 2882 Scripturae
2053 2813 2138 2867 in-

559 2903 881 2966 terpretem,
910 2897 1000 2966 qui
1042 2898 1234 2952 nititur
1267 2898 1434 2953 Deum
1476 2898 1780 2970 disjungere
1815 2902 1882 2956 ab
1922 2902 2140 2956 homine

557 2997 868 3058 assumpto;
898 2997 953 3043 et
989 3005 1056 3044 ex
1098 3006 1205 3045 uno
1244 2991 1353 3047 Deo
1391 2990 1747 3061 Redemptore
1789 3002 1974 3050 nostro
2006 2996 2140 3051 duos

554 3073 766 3130 efﬁcere
797 3076 943 3140 deos,
980 3093 1147 3132 unum
1178 3095 1386 3144 verum,
1418 3079 1643 3134 alterum
1676 3083 2093 3152 nuncupativum
2121 3102 2134 3138 :

555 3173 612 3218 et
641 3163 915 3220 Christum
935 3207 949 3230 ,
979 3183 1139 3236 quem
1166 3175 1275 3223 tota
1314 3169 1552 3224 Ecclesia
1582 3171 1748 3225 Deum
1783 3173 1911 3228 colit
1933 3183 1988 3228 et
2012 3175 2140 3230 ado-

555 3263 662 3318 rat,
692 3271 796 3310 non
827 3257 1000 3311 solum
1031 3257 1122 3311 illa
1147 3274 1265 3328 quae
1302 3259 1353 3313 in
1384 3261 1546 3315 terris
1573 3261 1624 3315 in
1656 3277 1750 3332 spe
1780 3262 2016 3330 laborat,
2046 3265 2140 3320 sed

554 3354 610 3399 et
636 3345 724 3398 illa
750 3361 870 3414 qua:
901 3347 952 3400 in
981 3348 1132 3402 etelis
1153 3347 1276 3416 jure
1310 3351 1522 3420 gaudet,
1556 3351 1658 3406 iste
1683 3367 1852 3408 novus
1877 3354 2142 3425 interpres

558 3437 833 3492 hominem
862 3439 975 3492 vult
997 3439 1312 3504 solitarium,
1340 3439 1495 3506 juxta
1529 3441 1901 3498 Nestorianam
1930 3444 2014 3498 vel
2043 3444 2140 3498 Pe-

556 3527 824 3598 lagianam
862 3529 1216 3598 pravitatem,
1261 3530 1427 3585 credi.
1466 3531 1620 3598 Quod
1654 3533 1698 3586 si
1737 3549 1922 3587 verum
1959 3543 2044 3589 est
2079 3545 2139 3590 ut

560 3615 833 3670 simulatio
863 3625 1069 3671 tantum
1093 3621 1164 3672 sit
1191 3621 1546 3689 nuncupativa
1571 3623 1802 3676 nominis
1828 3623 1880 3676 in
1903 3623 2136 3687 Christo,

558 3721 665 3760 non
687 3707 890 3762 veritas
911 3707 1228 3774 divinitatis,
1249 3710 1518 3778 quomodo
1537 3719 1618 3765 est
1639 3727 1798 3768 verus
1819 3712 2142 3784 Redemptor

558 3799 781 3852 humani
816 3800 1062 3869 generis?
1089 3799 1145 3855 Si
1186 3809 1271 3854 est
1305 3801 1617 3872 imaginatio
1653 3805 1936 3873 potestatis
1964 3805 2017 3858 in
2047 3821 2138 3860 ca-

556 3887 698 3958 pite,
727 3888 869 3942 unde
896 3896 979 3943 est
1005 3889 1208 3944 veritas
1249 3889 1442 3944 salutis
1472 3891 1525 3944 in
1553 3891 1814 3960 corpore?
1841 3892 2007 3963 Igitur
2034 3908 2140 3947 una

557 3979 643 4033 his
675 3979 846 4034 tribus
877 3980 1158 4035 sententiis
1189 3981 1468 4050 responsio
1493 3982 1691 4051 poterit
1727 3997 1864 4045 esse,
1891 3998 2010 4052 quae
2034 3999 2139 4037 una

555 4070 820 4140 pravitate
855 4071 1268 4141 interpretantes
1308 4069 1424 4142 [F.,
1478 4069 1875 4143 interpretatte]
1913 4080 2038 4125 sunt
2073 4071 2141 4125 ab

556 4159 668 4215 illo.
694 4159 827 4214 Nam
856 4160 900 4215 si
925 4158 1168 4216 Christus
1199 4160 1403 4215 idcirco
1434 4176 1541 4215 non
1567 4169 1650 4215 est
1677 4161 1850 4225 Deus,
1887 4161 2011 4230 quia
2049 4161 2134 4215 di-

555 4252 663 4315 cit,
696 4251 836 4306 Deus
868 4261 978 4306 erat
1004 4253 1059 4305 in
1081 4250 1314 4315 Christo,
1344 4251 1473 4305 item
1493 4292 1508 4314 ,
1538 4251 1676 4305 Deus
1714 4261 1826 4305 erat
1863 4268 1980 4305 cum
2008 4251 2137 4316 illo;

556 4341 825 4410 quomodo
856 4341 1229 4410 intelligendus
1257 4349 1340 4394 est
1372 4340 1466 4394 Dei
1491 4339 1658 4394 Filius
1687 4340 1855 4405 Deus,
1889 4339 1980 4409 qui
2011 4340 2086 4394 ait
2119 4357 2131 4392 :

556 4430 670 4501 Ego
698 4432 753 4484 in
776 4429 955 4494 Patre,
977 4439 1025 4482 et
1052 4422 1214 4482 Pater
1244 4430 1298 4482 iu
1323 4445 1421 4481 me.
1453 4427 1511 4482 Si
1541 4428 1704 4498 igitur
1726 4444 1830 4483 non
1860 4438 1942 4484 est
1970 4429 2134 4494 Deus,

559 4521 684 4589 quia
709 4519 872 4574 Pater
899 4519 954 4573 in
984 4517 1119 4573 Filio
1141 4526 1242 4582 est,
1275 4533 1375 4572 nec
1400 4518 1558 4572 Pater
1582 4518 1694 4586 ipse
1715 4517 1857 4572 Deus
1880 4527 1980 4582 est,
2009 4520 2132 4588 quia

558 4611 774 4675 dicitur,
808 4609 974 4664 Filius
1003 4609 1055 4662 in
1094 4608 1251 4662 Patre
1281 4625 1293 4660 :
1322 4607 1467 4662 ldcm
1503 4607 1646 4660 enim
1671 4614 1785 4671 est,
1819 4608 1962 4677 quod
2008 4609 2084 4660 ait
2116 4623 2129 4661 :

559 4701 671 4771 Ego
697 4703 750 4755 in
783 4698 973 4766 Patre,
1004 4710 1050 4754 et
1083 4698 1244 4753 Pater
1272 4701 1326 4753 in
1354 4715 1434 4752 me
1451 4715 1468 4762 ;
1505 4714 1568 4752 ac
1595 4699 1640 4753 si
1666 4699 1889 4754 dixisset
1925 4719 1937 4752 :
1977 4699 2135 4754 Pater

559 4791 614 4846 in
648 4792 812 4858 Filio,
841 4803 895 4848 et
921 4794 1088 4849 Filius
1120 4794 1173 4848 in
1203 4793 1393 4858 Patre;
1431 4800 1486 4847 at
1522 4792 1567 4848 si
1597 4808 1782 4848 verum
1820 4802 1930 4859 est,
1965 4795 2132 4850 Deum

556 4897 677 4938 esse
699 4882 914 4946 Filium,
941 4892 996 4936 et
1024 4883 1190 4937 Deum
1217 4899 1336 4938 esse
1372 4883 1606 4947 Patrem,
1645 4885 1854 4938 tametsi
1889 4884 2000 4953 ipsa
2029 4885 2130 4939 Ve-

558 4975 691 5029 ritas
719 4972 924 5027 diceret
949 4986 963 5024 :
997 4972 1106 5042 Ego
1127 4974 1180 5026 in
1211 4971 1394 5036 Patre,
1426 4982 1471 5026 et
1500 4970 1663 5026 Pater
1690 4973 1743 5026 in
1770 4990 1850 5026 me
1879 4989 1896 5027 :
1925 4987 2052 5041 ergo
2077 4982 2132 5026 et

556 5063 804 5119 Christus
828 5071 913 5117 est
937 5062 1098 5127 Deus,
1130 5064 1343 5117 tametsi
1373 5063 1659 5132 Apostolus
1687 5063 1910 5137 dixisset
1944 5083 1955 5117 :
1989 5064 2130 5117 Deus

556 5166 667 5210 erat
701 5155 755 5210 in
783 5153 1007 5210 Christo.
1039 5154 1223 5224 Itaque
1247 5156 1290 5209 si
1319 5155 1607 5210 secundum
1632 5157 1773 5211 illius
1793 5156 1986 5210 Felicis
2007 5172 2131 5225 pro—

557 5246 846 5301 fessionem
874 5245 1122 5301 Christus
1150 5261 1255 5299 non
1281 5257 1364 5299 est
1391 5243 1596 5316 [SuppL
1629 5245 1810 5318 Deus],
1834 5246 1959 5314 quia
1982 5244 2127 5315 Apo-

556 5337 725 5392 stolus
754 5338 830 5391 ait
863 5355 875 5390 :
915 5336 1056 5390 Deus
1087 5345 1197 5390 erat
1225 5335 1279 5389 in
1315 5333 1551 5399 Christo,
1594 5336 1813 5390 omnino
1842 5337 1946 5390 duo
1983 5345 2128 5400 sunt,

560 5427 697 5484 Deus
736 5440 792 5485 et
822 5429 1101 5494 Christus;
1146 5435 1201 5483 et
1252 5435 1443 5514 quarta
1490 5429 1847 5485 introducitur
1880 5444 2128 5500 persona,

558 5520 697 5587 quod
727 5528 932 5574 avertat
976 5521 1044 5575 ab
1083 5519 1227 5575 omni
1266 5519 1426 5574 corde
1461 5517 1890 5573 Christianorum
1929 5517 2036 5582 ille,
2067 5518 2134 5573 de

558 5624 664 5678 quo
713 5612 864 5664 nobis
905 5619 986 5664 cst
1033 5625 1239 5672 sermo,
1277 5609 1368 5679 qui
1407 5617 1489 5662 est
1532 5609 1670 5663 Deus
1711 5625 1850 5664 unus
1885 5623 2044 5663 verus
2079 5617 2134 5664 et

561 5715 799 5755 summus
829 5698 983 5754 Jcsus
1008 5697 1252 5752 Christus
1288 5698 1546 5752 Dominus
1576 5708 1775 5754 noster.

2162 3134 2209 3196 C

2170 4473 2215 4531 ι)

2251 553 2368 594 mos
2397 550 2705 595 sanctorum
2735 541 2956 596 Patrum
2987 557 3206 607 sensus,
3244 543 3335 611 qui
3373 543 3532 597 aliter
3554 544 3652 600 has
3676 545 3834 601 intel-

2248 627 2495 684 lexerunt
2518 632 2836 697 sententias,
2860 647 3028 701 pauca
3051 640 3227 687 tamen
3249 633 3586 702 proferamus
3604 650 3669 689 ex
3694 636 3832 691 mul-

2248 722 2336 776 tis.
2368 723 2445 777 De
2473 723 2810 778 confessione
2840 725 3020 794 itaque
3057 726 3198 779 beati
3233 725 3378 780 Petri
3417 727 3675 797 principis
3702 745 3833 799 apo-

2246 813 2505 867 stolorum
2538 814 2606 868 ab
2638 813 2752 883 ipsa
2785 816 3024 870 Veritate
3052 815 3205 870 valde
3237 817 3566 871 excellenter
3594 818 3828 885 laudata,

2247 903 2376 958 illud
2416 907 2801 973 respondemus
2835 908 2980 975 quod
3021 907 3314 962 Cassianus
3345 909 3483 980 (Lib.
3527 927 3585 964 Ill
3629 911 3693 966 de
3734 912 3831 966 In—

2247 1011 2394 1048 curn.
2406 1033 2421 1058 ,
2437 1009 2555 1062 cap.
2577 994 2641 1046 li
2653 1003 2708 1048 et
2728 995 2814 1065 15)
2839 997 3169 1050 antecessori
3195 997 3352 1051 istius
3367 997 3560 1053 Felicis
3583 999 3832 1055 Nestorio

2248 1083 2525 1152 respondit
2552 1101 2564 1136 :
2603 1103 2622 1134 ‹
2653 1085 2952 1154 Respondit
2972 1087 3138 1152 enim,
3169 1088 3364 1157 inquit,
3389 1091 3595 1158 primus
3624 1105 3835 1163 aposto-

2250 1173 2421 1251 lorum
2444 1174 2657 1240 Petrus,
2683 1191 2824 1231 unus
2850 1177 3036 1246 utique
3059 1193 3157 1247 pro
3185 1180 3438 1235 omnibus
3470 1199 3484 1233 :
3514 1183 3652 1236 idem
3686 1185 3830 1238 enim

2247 1267 2407 1321 unius
2443 1267 2628 1321 habuit
2660 1268 2970 1338 responsio,
3014 1271 3157 1339 quod
3204 1271 3365 1325 habet
3397 1274 3636 1327 omnium
3673 1274 3826 1331 ﬁdes.

2251 1354 2359 1411 Sed
2395 1357 2628 1426 primum
2668 1342 3234 1429 decuit'respondere,
3271 1368 3330 1415 ut
3361 1362 3501 1418 idem
3529 1374 3672 1420 esset
3700 1368 3834 1422 ordo

2248 1449 2612 1517 responsionis
2649 1449 2740 1518 qui
2787 1461 2901 1503 erat
2947 1451 3202 1516 honoris,
3240 1461 3295 1506 et
3337 1453 3450 1524 ipse
3490 1456 3835 1513 antecederet

2248 1537 2587 1593 confessione
2627 1538 2718 1608 qui
2761 1541 3112 1594 antecedebat
3155 1549 3333 1596 aetate.
3377 1543 3515 1610 Quid
3549 1559 3679 1616 ergo
3719 1547 3835 1601 ait?

2250 1625 2328 1680 Tu
2354 1644 2424 1689 es,
2453 1627 2644 1697 inquit,
2673 1626 2847 1682 Filius
2874 1629 2970 1682 Dei
2997 1631 3113 1684 vivi.
3139 1630 3379 1700 Simplici
3411 1634 3836 1708 interrogatione

2245 1717 2408 1788 833
2434 1717 2502 1771 ad
2530 1717 2915 1773 confutandum
2945 1727 2998 1774 te
3025 1720 3176 1783 mihi,
3209 1722 3481 1788 haeretice,
3509 1725 3585 1778 uti
3610 1740 3836 1782 necesse

2245 1815 2346 1861 est.
2377 1806 2472 1862 Dic
2498 1808 2650 1872 mihi,
2684 1823 2898 1878 quaaso,
2930 1809 3052 1877 quis
3081 1810 3170 1864 ille
3197 1809 3362 1865 fuerit
3386 1813 3472 1867 cui
3505 1813 3698 1870 Petrus
3726 1817 3840 1872 ista

2245 1899 2556 1969 respondit?
2586 1900 2792 1971 Negare
2817 1917 2925 1956 non
2952 1911 3104 1972 potes
3131 1903 3406 1960 Christum
3438 1905 3621 1964 fuisse.
3654 1910 3832 1967 luter-

2243 2006 2376 2059 rogo
2392 2007 2544 2062 ergo,
2564 1991 2837 2047 Christum
2856 2009 3019 2064 quem
3038 2010 3220 2063 vocas,
3237 1997 3507 2055 hominem
3531 2017 3598 2056 an
3623 2002 3791 2057 Deum
3809 2006 3836 2058 ?-

2245 2081 2529 2138 Hominem
2573 2085 2776 2153 absque
2805 2087 2966 2141 dubio
2998 2101 3013 2140 :
3045 2087 3171 2142 hinc
3209 2089 3354 2143 enim
3395 2093 3572 2146 omnis
3613 2102 3697 2147 est
3736 2104 3840 2148 tua

2244 2171 2487 2237 haeresis,
2514 2174 2639 2242 quia
2661 2189 2824 2244 negas
2847 2173 3120 2231 Christum
3145 2177 3338 2232 Filium
3362 2179 3489 2246 Dei;
3517 2181 3636 2236 ideo
3661 2183 3832 2237 etiam

2244 2262 2466 2318 Mariam
2494 2264 2870 2322 Christotocon
2894 2281 3033 2334 esse,
3057 2285 3164 2325 non
3190 2270 3498 2328 Theotocon
3524 2274 3676 2339 dicis,
3697 2278 3838 2346 quia

2243 2355 2444 2412 Christi
2468 2359 2698 2427 genitrix
2727 2360 2825 2424 sit,
2855 2375 2961 2414 non
2997 2361 3115 2416 Dei.
3149 2361 3300 2428 Quod
3326 2378 3454 2434 ergo
3485 2365 3553 2419 ad
3591 2366 3706 2421 haec
3733 2383 3829 2421 re-

2244 2447 2459 2516 spondit
2498 2447 2719 2503 Petrus?
2764 2449 2842 2502 Tu
2881 2467 2962 2515 es,
3000 2451 3203 2520 inquit,
3245 2451 3482 2508 Christus
3526 2453 3698 2509 Filius
3731 2456 3838 2510 Dei

2243 2536 2344 2591 vivi
2366 2551 2384 2588 :
2413 2537 2686 2593 Christum
2714 2539 2876 2605 hunc,
2901 2555 3058 2610 quem
3087 2550 3140 2594 tu
3165 2542 3396 2596 hominis
3423 2551 3631 2598 tantum
3656 2545 3840 2599 tilium

2241 2642 2362 2683 esse
2390 2629 2612 2692 asseris,
2648 2629 2738 2684 ille
2765 2637 2991 2684 testatur
3017 2630 3207 2685 Filium
3237 2632 3351 2686 Dei.
3381 2631 3478 2686 Cui
3505 2634 3606 2698 vis,
3636 2635 3836 2690 creda-

2242 2730 2396 2780 mus,
2425 2716 2556 2780 tibi,
2589 2731 2655 2770 an
2686 2717 2880 2772 Petro?
2905 2716 3125 2786 Opinor,
3157 2734 3262 2773 non
3289 2735 3348 2774 es
3380 2727 3488 2774 tam
3521 2721 3834 2791 impudens,

2243 2813 2302 2859 ut
2326 2821 2636 2875 pratponere
2662 2814 2713 2861 te
2743 2807 2944 2862 audeas
2982 2809 3157 2877 primo
3182 2809 3563 2878 apostolorum.
3594 2811 3838 2876 Tamen,

2241 2897 2371 2966 quid
2415 2906 2500 2951 est
2543 2898 2685 2966 quod
2723 2906 2782 2952 tu
2831 2914 2935 2952 non
2971 2899 3203 2963 audeas,
3245 2908 3337 2952 aut
3375 2900 3835 2968 quemadmodum

2243 2989 2544 3058 apostolum
2575 3005 2678 3044 non
2703 2990 2968 3060 despicies
2986 3031 3000 3055 ,
3027 2992 3119 3061 qui
3145 2992 3309 3045 Deum
3340 3007 3535 3063 negare
3574 3009 3677 3047 non
3706 3010 3836 3049 mc-

2241 3080 2431 3134 tuisti?
2461 3079 2539 3133 Tu
2572 3097 2624 3134 es
2663 3097 2784 3150 ergo
2804 3122 2817 3144 ,
2863 3081 3066 3150 inquit,
3096 3079 3330 3136 Christus
3360 3081 3531 3136 Filius
3565 3084 3661 3137 Dei
3700 3086 3831 3140 vivi.

2243 3167 2493 3238 Nunquid
2517 3169 2618 3223 hoc
2641 3169 2876 3240 ambigui
2902 3177 2994 3223 aut
3013 3171 3227 3224 obscuri
3249 3170 3448 3240 aliquid
3474 3171 3528 3226 in
3550 3187 3607 3226 se
3628 3173 3838 3228 habet?

2243 3258 2479 3327 Simplex
2523 3266 2732 3312 tantum
2771 3266 2855 3312 est
2896 3267 2951 3314 et
2991 3267 3175 3330 aperta
3211 3259 3507 3322 confessio,
3547 3260 3838 3316 Christum

2243 3346 2339 3401 Dei
2375 3346 2568 3400 Filium
2602 3346 2879 3415 praedicat.
2915 3367 2932 3399 ι
2981 3348 3048 3400 Εῑ
3088 3349 3246 3416 paulo
3279 3356 3398 3418 post
3430 3367 3442 3401 :
3481 3368 3499 3399 ε
3535 3350 3850 3406 Videamus

2241 3437 2691 3507 quemadmodum
2719 3435 3109 3492 confessionem
3137 3437 3252 3506 ejus
3272 3439 3336 3504 is,
3359 3455 3516 3508 quem
3545 3440 3842 3497 confessus

2240 3533 2345 3590 est,
2372 3526 2684 3594 approbarit
2725 3545 2736 3580 :
2787 3527 2911 3596 quia
2949 3527 3070 3597 plus
3121 3529 3288 3583 multo
3325 3537 3436 3592 est,
3481 3545 3637 3599 quam
3675 3533 3842 3601 quod

2239 3612 2526 3682 Apostolus
2551 3614 2716 3679 dixit,
2753 3616 2799 3670 si
2831 3615 3034 3670 dictum
3063 3617 3206 3672 illius
3235 3617 3376 3673 Deus
3418 3619 3530 3688 ipse
3558 3619 3835 3676 laudavit.

2241 3703 2450 3758 Dicenti
2496 3717 2626 3774 ergo
2671 3705 2911 3774 apostolo
2959 3723 2971 3757 :
3021 3704 3098 3759 Tu
3132 3723 3185 3760 es
3233 3704 3469 3760 Christus
3508 3705 3677 3761 Filius
3727 3708 3842 3764 Dei

2240 3794 2360 3858 vivi,
2387 3794 2515 3864 quid
2538 3809 2568 3847 a
2591 3795 2817 3850 Domino
2843 3794 3120 3850 Salvatore
3143 3811 3458 3866 responsum
3481 3799 3595 3853 est?
3623 3798 3840 3855 Beatus

2239 3901 2324 3949 es,
2357 3884 2563 3954 inquit,
2597 3883 2776 3938 Simon
2803 3885 3070 3955 Barjona,
3095 3886 3216 3955 quia
3240 3903 3361 3940 caro
3396 3897 3444 3940 et
3470 3889 3679 3957 sanguis
3713 3906 3836 3942 non

2241 3975 2477 4029 reuelauit
2504 3975 2615 4040 tibi,
2634 3975 2723 4028 sed
2749 3975 2908 4028 Pater
2929 3993 3072 4030 meus
3093 3978 3181 4048 qui
3201 3979 3255 4031 in
3277 3978 3416 4032 cmlis
3443 3989 3537 4033 est.
3567 3977 3622 4033 Si
3639 3979 3846 4050 displi-

2240 4075 2328 4121 cet
2355 4066 2453 4120 tibi
2485 4066 2711 4136 apostoli
2743 4067 3055 4121 testimonio
3081 4068 3180 4132 uti,
3207 4068 3300 4123 Dei
3331 4078 3499 4125 utere.
3531 4070 3844 4126 Laudando

2239 4158 2384 4211 enim
2411 4156 2550 4211 Deus
2571 4157 2714 4226 quod
2742 4157 2941 4211 dictum
2972 4166 3075 4221 est,
3104 4159 3479 4214 auctoritatem
3512 4175 3660 4214 suam
3692 4177 3848 4230 apo-

2239 4247 2428 4301 stolico
2447 4247 2590 4301 dicto
2610 4247 2813 4301 addidit
2838 4266 2850 4301 :
2874 4248 2949 4301 ita
2975 4257 3033 4302 ut
3053 4249 3218 4302 etiam
3243 4250 3286 4304 si
3309 4249 3507 4304 dictum
3538 4249 3663 4303 illud
3691 4266 3849 4321 apo—

2239 4335 2361 4390 stoli
2387 4351 2480 4390 ore
2507 4335 2721 4405 prodiit,
2749 4351 2904 4390 suum
2926 4351 3046 4391 esse
3075 4337 3179 4391 hoc
3214 4346 3392 4391 tamen
3434 4337 3570 4392 Deus
3603 4337 3841 4403 fecerit,

2238 4427 2330 4496 qui
2355 4425 2620 4494 probavit.
2644 4425 2836 4478 Beatus
2869 4442 2942 4489 es,
2970 4425 3166 4494 inquit,
3200 4423 3382 4480 Simon
3407 4426 3659 4496 Barjona,
3694 4430 3843 4497 quia

2239 4535 2361 4572 caro
2376 4527 2424 4571 et
2441 4518 2652 4588 sanguis
2666 4535 2766 4570 non
2784 4515 3018 4571 revelavit
3033 4518 3144 4581 tibi,
3159 4518 3249 4570 sed
3263 4504 3680 4587 Spiritus‘Patris
3698 4522 3846 4584 mei,

2237 4610 2326 4677 qui
2338 4609 2391 4661 in
2409 4607 2548 4662 cazlis
2563 4619 2636 4662 est
2655 4608 2868 4679 (Matth.
2885 4624 2994 4672 xvi,
3017 4608 3123 4679 17).
3141 4607 3282 4678 Ergo
3297 4607 3349 4661 in
3367 4607 3588 4677 apostoli
3606 4609 3759 4662 dicto
3776 4621 3849 4664 et

2238 4697 2470 4770 Spiritus
2493 4701 2687 4765 sancti,
2707 4707 2761 4754 ct
2783 4698 3065 4768 prtcsentis
3089 4697 3230 4762 Filii,
3261 4706 3313 4752 et
3337 4698 3430 4752 Dei
3462 4698 3638 4751 Patris
3669 4700 3853 4754 testi-

2235 4791 2472 4846 monium
2493 4791 2660 4844 vides.
2688 4789 2827 4857 Quid
2845 4805 2972 4859 ergo
2993 4789 3221 4858 amplius
3240 4829 3252 4852 ,
3278 4797 3371 4841 aut
3389 4789 3515 4858 quid
3539 4787 3719 4841 simile
3744 4805 3856 4843 re—

2236 4881 2440 4950 quiris?
2463 4881 2628 4935 Filius
2649 4880 2883 4934 hominis
2907 4879 3160 4943 laudavit,
3191 4879 3348 4931 Pater
3367 4876 3628 4940 interfuit,
3651 4875 3853 4946 Spiri—

2235 4981 2322 5025 tus
2349 4970 2620 5025 revelavit.
2653 4969 2896 5040 Apostoli
2935 4984 3061 5038 ergo
3091 4969 3291 5022 dictum
3325 4967 3488 5021 totius
3518 4967 3851 5024 divinitatis

2235 5069 2319 5116 est
2345 5061 2732 5123 testimonium,
2762 5059 2886 5128 quia
2917 5057 3079 5121 illius,
3109 5071 3329 5111 necesse
3350 5065 3452 5120 est,
3480 5057 3585 5110 hoc
3614 5056 3854 5115 dictum

2235 5152 2607 5206 auctoritatem
2631 5148 2848 5213 habeat,
2877 5163 2985 5218 quo
3013 5156 3231 5201 auctore
3260 5146 3454 5218 [Cass.,
3479 5163 3587 5216 quo
3610 5150 3862 5224 actore]

2234 5243 2516 5313 processit.
2541 5242 2734 5295 Beatus
2756 5256 2896 5310 ergo,
2915 5239 3107 5308 inquit,
3133 5255 3185 5292 es
3209 5237 3387 5292 Simon
3412 5237 3671 5307 Barjona,
3697 5241 3862 5308 quia

2234 5350 2357 5386 caro
2381 5342 2426 5386 et
2454 5331 2666 5401 sanguis
2697 5347 2799 5384 non
2830 5331 3069 5384 revelavit
3097 5329 3222 5391 tibi,
3258 5327 3346 5380 sed
3382 5325 3610 5397 Spiritus
3639 5325 3868 5382 Patris

2234 5424 2336 5476 mei
2355 5462 2368 5487 ,
2391 5423 2478 5492 qui
2506 5422 2561 5475 in
2589 5419 2728 5474 cadis
2754 5429 2847 5473 est.
2877 5419 3016 5488 Ergo
3044 5417 3089 5471 si
3115 5417 3277 5471 Petro
3309 5415 3458 5487 [caro
3487 5423 3543 5470 et
3572 5415 3866 5491 sanguis]

2235 5528 2342 5567 non
2371 5510 2745 5564 rcvclaverunt
2769 5509 2891 5571 ista,
2911 5517 2964 5562 et
2991 5506 3408 5574 inspiraverunt,
3424 5502 3538 5572 jam
3564 5503 3879 5573 intelligis

2235 5605 2326 5673 qui
2366 5602 2710 5673 inspiraverit
2749 5601 2867 5656 tibi.
2915 5599 2973 5653 Si
3011 5595 3157 5651 illum
3202 5596 3436 5666 Spiritus
3475 5595 3573 5649 Dei
3611 5595 3868 5661 docuit,

2235 5697 2325 5766 qui
2349 5695 2619 5750 Christum
2635 5694 2730 5748 Dei
2753 5692 2918 5746 tilium
2940 5703 3058 5744 esse
3079 5688 3354 5744 confessus
3380 5688 3645 5755 est,vide=
3672 5697 3874 5760 quod
