3964 6186
131 305 215 363 195
853 308 1266 370 DOGMATICA.
1308 344 1378 354 —
1412 315 1575 373 ADV.
1609 316 1907 372 FELICEM
1944 317 2127 374 LIBRI
2167 310 2275 376 Vll.
2314 351 2383 361 —
2419 320 2548 378 LIB.
2593 323 2653 378 V.

3298 333 3401 391 194

130 431 167 478 tu
188 420 389 492 spiritu
416 420 690 478 daemonis
716 423 909 480 doctus
937 427 1045 492 sis,
1072 429 1166 499 qui
1206 444 1404 500 negare
1428 432 1705 502 potuisti.»
1740 437 1787 494 Α
1815 433 2113 502 serpentini
2141 450 2255 491 Ol'lS
2284 452 2490 494 venena
2521 438 2773 505 sibilans,
2799 442 2999 511 quaeris
3026 449 3294 515 quomodo
3318 460 3402 508 te-

180 513 259 570 γι.
323 513 540 569 Beatus
578 530 798 585 quoque
843 517 987 572 Beda
1036 520 1319 592 presbyter
1373 522 1428 577 in
1475 530 1710 579 tractatu

134 607 329 662 ictuum
378 606 758 675 apostolorum
801 607 955 679 (Cap.
993 608 1049 679 x)
1093 611 1161 665 de
1196 627 1261 666 eo
1301 613 1447 683 quod
1489 613 1708 679 dicitur,

136 700 234 753 Dm
261 707 391 751 erat
414 713 543 751 eum
570 696 689 763 illo,
717 699 790 752 ita
817 701 1074 770 exponit:
1108 720 1127 753 ι
1158 701 1331 768 Deus,
1360 704 1561 773 inquit,
1593 712 1713 759 erat

133 804 215 844 cum
245 787 371 853 illo,
397 787 460 842 id
480 799 592 851 est,
619 788 785 844 Pater
811 807 933 845 cum
956 791 1112 847 Filio.
1142 793 1332 849 Melius
1355 804 1441 850 est
1463 796 1611 850 enim
1632 795 1713 851 sic

130 879 427 950 intelligere,
448 895 621 950 quam
641 881 977 937 divinitatem
1000 883 1122 939 Filii
1145 900 1266 940 cum
1287 888 1523 947 homine.
1548 903 1711 959 quem

127 970 417 1039 assumpsit,
432 971 852 1026 cohabitantem
877 973 1194 1043 signiﬁcari,
1208 991 1277 1030 ne
1295 975 1497 1033 Christi
1522 993 1711 1047 perso-

125 1071 224 1111 nam
250 1058 581 1127 geminare,
613 1067 669 1114 et
704 1060 758 1114 in
786 1060 1167 1117 Nestori-mum
1193 1064 1386 1136 dogma
1415 1067 1611 1122 cadere
1631 1068 1713 1121 vi-

125 1149 341 1203 deamur.
378 1169 399 1201 ι
437 1149 526 1205 De
545 1165 616 1206 eo
642 1167 772 1208 vero
799 1154 942 1222 quod
966 1153 1256 1224 Apostolus
1283 1157 1360 1211 ait
1387 1176 1400 1211 :
1427 1157 1570 1212 Deus
1598 1168 1711 1214 erat

121 1243 162 1294 is
180 1238 418 1309 Christo,
451 1243 648 1299 Victor
670 1245 958 1315 episcopus
979 1246 1177 1317 Capuae
1204 1249 1261 1303 in
1287 1249 1452 1305 Libro
1479 1249 1714 1320 Sponsm

120 1350 247 1398 mm,
276 1334 534 1403 capitulo
577 1336 839 1407 vigesimo
879 1348 1075 1407 quarto
1108 1350 1135 1380 ι
1179 1357 1191 1393 :
1234 1357 1253 1390 ‹
1289 1340 1464 1405 Deus,
1514 1342 1707 1411 inquit,

120 1434 210 1478 erat
244 1425 305 1479 in
338 1425 608 1491 Christo,
637 1428 825 1497 utique
861 1428 1021 1484 Pater
1057 1431 1112 1484 in
1142 1430 1312 1496 Filio,
1345 1430 1472 1499 quia
1510 1430 1562 1485 in
1594 1430 1711 1500 ipso

119 1514 433 1583 complacuit
456 1530 679 1570 omnem
702 1516 1091 1585 plenitudinem
1115 1519 1363 1575 habitare
1387 1520 1706 1575 divinitatis.

120 1603 156 1656 in
178 1604 301 1658 aliis
331 1620 565 1675 quoque
597 1608 830 1672 sanctis,
857 1617 913 1663 et
936 1610 1214 1679 apostolis,
1245 1611 1331 1666 vel
1361 1611 1706 1680 patriarchis,

120 1693 202 1747 sive
227 1695 553 1764 prophetis,
584 1699 758 1766 gratia
789 1698 921 1764 fuit;
955 1700 1009 1753 in
1039 1699 1257 1755 Christo
1284 1710 1465 1757 autem
1493 1709 1603 1756 tota
1626 1702 1708 1757 di-

1812 521 1987 591 ipsum
2013 525 2242 594 perdere
2272 528 2449 596 possis
2484 547 2497 583 :
2530 529 2657 598 quia
2688 530 2829 585 unde
2855 532 2991 585 bene
3018 535 3226 603 prolata
3259 548 3405 594 recte

1811 613 2174 685 intelligentes
2214 615 2311 670 ﬁlii
2352 620 2728 689 acquisitionis
2775 621 3074 691 salvantur,
3122 628 3263 683 unde
3307 630 3404 685 ﬁlii

1811 702 2133 771 perditionis
2160 704 2507 773 damnantur,
2538 710 2663 765 dum
2694 712 2831 767 bene
2867 714 3076 782 prolata
3120 717 3172 772 in
3202 721 3405 776 sanctis

1814 789 2121 861 Scripturis
2146 794 2284 850 male
2310 796 2655 868 interpretari
2697 818 2802 858 non
2839 814 3104 861 metuunt.
3147 807 3405 880 Proponit

1810 880 1994 948 itaque
2022 884 2344 938 sententiam
2379 886 2446 940 de
2480 887 2719 958 Epistola
2753 895 3120 964 evangelistce,
3152 898 3240 952 ubi
3276 900 3352 955 ait
3385 920 3401 956 :

1813 966 2134 1022 Advocatum
2174 970 2422 1027 habemus
2467 977 2610 1046 apud
2636 976 2882 1047 Patrem,
2922 982 3105 1039 Iesum
3136 984 3402 1045 Christum

1803 1054 2010 1124 justum
2044 1072 2062 1109 :
2103 1069 2155 1113 et
2192 1061 2301 1131 ipse
2349 1074 2423 1118 est
2461 1068 2763 1136 propitiatio
2804 1089 2900 1141 pro
2943 1077 3167 1144 peccatis
3210 1082 3405 1137 nostris

1815 1144 1868 1215 (Ι
1889 1144 2053 1201 Joan.
2090 1164 2149 1206 ιι.
2183 1149 2267 1220 1);
2298 1168 2462 1221 quam
2488 1154 2562 1209 ita
2589 1172 2620 1209 a
2650 1151 3131 1232 te'intelligendam
3156 1170 3358 1224 asseris
3385 1187 3402 1225 :

1819 1252 1837 1285 ι
1870 1234 2210 1304 Advocatus,
2240 1239 2448 1310 inquis,
2482 1244 2623 1299 idem
2660 1257 2746 1303 est
2782 1251 2875 1319 qui
2904 1259 2959 1306 et
2995 1257 3282 1324 mediator,
3311 1262 3405 1331 qui

1812 1334 2034 1395 propter
2068 1327 2252 1397 culpas
2293 1330 2721 1404 delinquentium
2746 1342 2888 1408 apud
2922 1342 3134 1399 Patrem
3175 1327 3405 1407 interce—

1817 1418 1913 1483 dit,
1941 1419 2081 1488 quod
2112 1436 2218 1475 non
2249 1423 2315 1477 de
2349 1424 2459 1481 Deo
2484 1443 2633 1494 vero,
2662 1432 2755 1485 sed
2782 1432 2847 1487 de
2882 1435 3101 1493 homine
3127 1443 3404 1513 assumptd

1811 1509 2149 1565 sentiendum
2177 1521 2279 1567 est.
2320 1534 2338 1566 ι
2374 1514 2552 1583 Quare
2579 1529 2760 1575 autem
2793 1539 2900 1578 non
2938 1526 3224 1599 intelligis,
3257 1509 3403 1603 quod

1811 1599 2145 1670 evangelista
2174 1607 2421 1659 eumdem
2444 1609 2851 1678 propitiatorem
2879 1616 3030 1683 dicit,
3053 1634 3210 1688 quem
3241 1599 3404 1679 advo-

1813 1697 2029 1755 catum,
2060 1691 2186 1745 dum
2217 1694 2294 1747 ait
2326 1713 2339 1748 :
2371 1697 2689 1753 Advocatum
2726 1703 2979 1762 habemus
3012 1711 3152 1780 apud
3188 1712 3402 1770 Patrem

119 1782 291 1837 ﬁnitas
319 1782 633 1851 habitavit,
666 1786 720 1840 id
750 1795 854 1853 est,
884 1795 995 1842 tota
1013 1788 1127 1858 jam
1154 1788 1426 1857 plenitudo
1460 1790 1709 1845 divinita-
1741 1783 1784 1842 Β
1809 1775 2008 1875 Ιεδιιηι,
2031 1778 2298 1837 Christum
2322 1785 2532 1854 justum
2564 1805 2582 1842 ε
2620 1801 2667 1844 ει
2704 1792 2812 1862 ipse
2845 1805 2919 1849 εει
2960 1800 3262 1869 ρνορίιίατίο
3305 1821 3402 1875 pro

119 1872 588 1944 tiscorporaliter.
626 1895 646 1927 ι
678 1875 821 1930 idem
863 1891 1078 1946 quoque
1114 1877 1301 1933 Victor
1327 1878 1611 1948 episcopus
1638 1894 1707 1935 ex

117 1974 251 2028 mere
287 1961 493 2033 Cyrilli
526 1964 554 2004 ι)
592 1963 647 2018 in
676 1965 842 2019 Libro
870 1965 936 2019 ad
972 1964 1272 2037 Augustas,
1299 1966 1455 2037 cujus
1492 1969 1708 2023 initium

118 2060 178 2103 est
210 2070 225 2102 :
267 2051 382 2116 Qui
432 2053 677 2125 digitium
716 2055 1005 2124 prwdicant
1045 2064 1095 2110 et
1139 2055 1339 2112 cmleste
1379 2059 1704 2127 mysterium.

120 2159 134 2188 ι
161 2139 210 2194 In
233 2156 350 2211 quo
367 2184 384 2207 ,
414 2144 538 2211 ait,
571 2144 780 2199 habitat
805 2144 984 2201 omnis
1006 2146 1284 2215 plenitudo
1312 2148 1492 2203 divina
1518 2163 1707 2217 corpo-

116 2230 300 2295 raliter,
329 2233 384 2287 id
410 2242 536 2297 est,
568 2233 1024 2299 substantialiter,
1067 2251 1175 2291 non
1209 2252 1307 2307 per
1345 2239 1710 2309 participatio-

114 2337 248 2385 nem,
291 2338 483 2393 neque
519 2337 622 2393 per
657 2325 919 2396 gratiam,
968 2342 1089 2397 qua:
1118 2328 1374 2382 tribuitur
1402 2329 1703 2399 adoptivis;

112 2414 190 2468 sed
215 2416 616 2486 corporaliter,
646 2417 700 2471 id
725 2426 829 2482 est,
856 2419 1305 2486 substantialiter,
1348 2420 1487 2476 sicut
1523 2421 1574 2475 in
1610 2421 1709 2475 ho-

113 2504 238 2558 mine
264 2505 483 2560 dicitur
502 2506 757 2562 habitare
784 2506 901 2576 ejus
925 2509 1167 2578 spiritus,
1193 2516 1313 2564 cum
1340 2526 1446 2566 non
1477 2512 1548 2566 sit
1571 2511 1708 2566 alius

239 2597 415 2652 homo
458 2607 516 2653 et
557 2600 787 2669 spiritus
825 2599 962 2668 ejus.
1012 2621 1030 2653 ι
1071 2600 1217 2656 idem
1261 2617 1474 2672 quoque
1519 2604 1708 2658 doctor

112 2685 391 2743 Cassianus
426 2700 452 2726 ο
471 2729 489 2754 ,
515 2690 610 2759 qui
638 2698 694 2743 et
721 2705 916 2760 supra,
946 2691 1013 2746 de
1036 2692 1379 2761 inseparabili
1409 2693 1707 2750 divinitatis

114 2778 575 2850 hunanitatisque
608 2782 947 2851 operatione,
979 2792 1033 2838 et
1057 2783 1193 2838 mira
1223 2785 1598 2841 communione
1620 2800 1707 2841 re-

114 2886 206 2924 rum
242 2880 541 2943 gestarum
583 2872 639 2926 in
673 2872 891 2929 Christo
937 2890 1038 2945 pro
1079 2875 1387 2930 beatissima
1425 2876 1706 2932 catholica:

116 2959 205 3014 ﬁdei
237 2962 494 3016 veritate
529 2962 607 3017 ita
648 2963 905 3018 disseruit
934 2983 947 3017 :
980 2983 998 3015 ι
1033 2964 1365 3021 Confitentes
1403 2966 1583 3031 enim,
1621 2966 1707 3021 in-

117 3054 225 3117 erit,
268 3062 583 3122 utramque
630 3055 991 3109 substantiam
1024 3056 1204 3110 carnis
1240 3071 1306 3111 ac
1336 3056 1496 3111 Verbi
1537 3071 1704 3111 unum

1807 1872 2035 1938 peccatis
2062 1875 2275 1929 nostris.
2308 1876 2365 1931 In
2388 1893 2453 1933 eo
2479 1882 2622 1949 quod
2659 1884 2978 1942 advocatum
3007 1904 3129 1946 cum
3157 1872 3404 1952 nomina-

1810 1958 1911 2022 vit,
1955 1960 2229 2018 hominem
2268 1965 2517 2038 designat
2557 1988 2571 2023 :
2611 1975 2753 2042 quod
2800 1992 2928 2033 vero
2969 1984 3399 2053 propitiatorem,

1810 2047 1980 2103 Deum
2008 2050 2362 2110 demonstrat.
2404 2056 2509 2114 Sed
2540 2065 2808 2131 quomodo
2844 2068 2915 2123 sit
2949 2047 3275 2143 advocatus,
3308 2047 3402 2149 qui

1810 2139 1954 2196 Deus
1988 2151 2098 2209 est,
2146 2156 2459 2203 sanctorum
2502 2149 2721 2207 Patrum
2775 2159 3097 2216 testimoniis
3143 2139 3401 2239 intellige.

1807 2230 2144 2304 Augustinus
2164 2237 2309 2291 enim
2340 2250 2385 2303 ε,
2411 2239 2563 2309 cujus
2585 2245 2782 2313 smpius
2800 2249 3128 2307 mentionem
3152 2230 3397 2322 facimus,

1810 2325 1877 2380 de
1920 2326 2024 2382 hac
2071 2327 2501 2399 interpellatione
2540 2335 2594 2388 in
2636 2336 2775 2393 libro
2811 2350 2999 2397 contra
3034 2343 3222 2401 Arium
3261 2349 3337 2403 ait
3384 2369 3397 2404 :

1815 2435 1835 2467 ‹
1879 2415 2067 2474 Solent
2088 2420 2248 2490 plane
2286 2423 2473 2480 Ariani
2510 2443 2575 2482 ex
2613 2429 3060 2502 interpellationis
3095 2455 3258 2496 causa
3288 2457 3404 2498 mo-

1807 2524 1937 2564 vere
1964 2511 2290 2569 calumniam
2317 2516 2576 2583 dicentes,
2610 2524 2751 2591 quod
2781 2527 2871 2594 qui
2899 2528 3290 2601 interpellatur,
3318 2535 3402 2588 in-

1806 2601 2129 2672 terpellante
2183 2606 2254 2660 sit
2295 2606 2484 2676 major.
2540 2610 2748 2678 Quibus
2801 2620 3232 2687 respondendum
3282 2633 3396 2690 est,

1808 2688 1978 2746 Deum
2007 2694 2332 2752 oblivionem
2358 2715 2465 2754 non
2492 2703 2624 2770 pati,
2650 2713 2711 2758 ut
2738 2721 2835 2775 pro
2861 2707 2966 2763 illis
2993 2688 3401 2771 commoneatur

1807 2795 2041 2851 semper,
2067 2801 2202 2855 quos
2228 2787 2340 2857 ipse
2367 2789 2530 2861 elegit
2555 2811 2568 2846 :
2594 2796 2688 2851 sed
2713 2796 2766 2851 in
2798 2799 2899 2854 hoc
2920 2800 3226 2874 interpellat
3250 2822 3396 2871 eum,

1807 2871 1934 2926 dum
1979 2888 2192 2944 semper
2226 2876 2377 2934 Patri
2418 2881 2689 2939 hominem
2735 2902 2894 2956 quem
2935 2871 3203 2964 suscepit,
3244 2900 3400 2968 quasi

1805 2969 2052 3016 nostrum
2077 2964 2271 3036 pignus
2296 2971 2530 3025 ostendit
2554 3013 2568 3036 ,
2602 2982 2658 3028 et
2693 2975 2853 3031 oﬁ‘ert
2881 2987 2941 3033 ut
2966 2996 3128 3038 verus
3157 2964 3400 3055 pontifex

1806 3060 1863 3106 et
1883 3065 2139 3111 aeternus.
2175 3077 2194 3109 ι
2228 3058 2334 3123 Sed
2361 3071 2415 3116 et
2439 3063 2563 3120 huic
2591 3070 2771 3123 sensui
2800 3070 2942 3126 illius
2966 3078 3237 3143 quomodo
3264 3080 3399 3136 bea-

111 3144 459 3214 aundemque
490 3145 789 3211 hominem,
814 3161 1028 3216 semper
1055 3147 1468 3216 inseparabilem
1507 3148 1576 3202 ab
1597 3147 1704 3201 ini-
1734 3134 1777 3194 C
1919 3144 2368 3242 Beda-presbyter
2388 3153 2479 3223 (In
2500 3158 2649 3227 epist.
2676 3157 2708 3211 1
2740 3161 2898 3217 Joan.
2921 3134 3038 3236 cap.
3071 3167 3132 3239 ιι)
3159 3169 3212 3223 in
3237 3134 3402 3242 expo-

112 3234 166 3287 tio
193 3235 373 3305 ipsius
413 3235 828 3306 conceptionis,
860 3238 947 3306 pia
978 3237 1101 3293 ﬁdei
1132 3236 1454 3293 credulitate
1476 3237 1705 3307 suscipi-

109 3337 221 3388 ms,
247 3333 311 3379 et
332 3339 403 3379 ex
441 3324 618 3396 835
648 3334 892 3394 tempore
915 3334 1179 3396 susceptae
1205 3325 1387 3381 carnis
1411 3326 1490 3381 sic
1522 3326 1702 3380 omnia

106 3412 317 3468 Erimus
337 3429 470 3484 qua:
490 3423 652 3469 erant
675 3413 767 3469 Dei
793 3416 1073 3470 transiisse
1099 3415 1153 3469 in
1179 3415 1474 3482 hominem,
1505 3424 1565 3469 ut
1585 3432 1704 3472 om-

106 3503 174 3556 aia
199 3520 329 3574 quae
358 3512 528 3559 erant
553 3505 792 3560 hominis
820 3506 875 3560 in
909 3504 1078 3560 Deum
1102 3506 1377 3573 venirent;
1412 3514 1467 3562 et
1491 3507 1594 3564 hac
1619 3509 1703 3564 in-

103 3593 384 3663 teiiigentia
416 3594 666 3649 Verbum
695 3593 900 3651 factum
940 3598 1013 3653 sit
1045 3614 1173 3654 caro
1203 3620 1215 3654 :
1245 3618 1353 3658 non
1382 3587 1442 3658 ut
1467 3620 1699 3663 conver-

104 3682 235 3736 sione
270 3693 370 3737 aut
397 3684 773 3740 mutabilitate
798 3686 978 3756 aliqua
1004 3690 1231 3759 coeperit
1256 3706 1398 3759 esse,
1428 3696 1571 3764 quod
1593 3712 1701 3752 non

102 3781 234 3837 ent,
262 3775 366 3828 sed
405 3782 470 3827 ut
507 3775 752 3843 potentia
782 3776 977 3834 divina;
1018 3779 1435 3850 dispensationis
1462 3785 1700 3842 Verbum

101 3856 300 3926 Patris,
348 3879 639 3935 nunquam
681 3880 712 3919 a
759 3865 921 3922 Patre
954 3868 1266 3935 discedens,
1300 3872 1463 3928 homo
1483 3876 1703 3946 proprie

96 3948 197 4007 ﬁeri
222 3954 574 4024 dignaretur
602 3955 936 4014 incarnatus.
962 3958 988 3999 εἰ
1021 3958 1110 4032 [Ει
1138 3978 1244 4018 non
1272 3963 1548 4020 hominem
1577 3982 1701 4023 cum

97 4038 194 4097 Deo
221 4046 306 4099 ita
332 4056 535 4099 natum
561 4060 685 4102 esse
709 4047 910 4115 dicam,
943 4058 1003 4104 ut
1030 4066 1277 4107 seorsum
1304 4069 1425 4123 quae
1449 4054 1545 4111 Dei
1577 4066 1703 4112 sunt

94 4135 177 4188 inii
208 4136 332 4190 Deo
362 4137 518 4202 dem,
540 4144 595 4190 et
620 4152 865 4193 seorsum
897 4155 1015 4210 quae
1045 4151 1172 4196 sunt
1200 4143 1437 4200 hominis
1463 4147 1564 4201 soli
1598 4149 1698 4203 bo-

96 4226 208 4280 raini
250 4236 553 4295 repetem;
593 4236 648 4283 et
683 4229 749 4284 de
785 4246 892 4285 uno
930 4230 1065 4287 Filio
1101 4231 1196 4288 Dei
1225 4250 1332 4291 non
1372 4253 1573 4303 unum,
1605 4239 1700 4294 sed

96 4311 261 4369 facere
284 4315 565 4385 incipiam
589 4318 721 4374 duos
743 4317 985 4376 Christos
1012 4339 1025 4374 :
1051 4322 1196 4391 quod
1216 4339 1248 4379 a
1274 4327 1430 4382 nobis
1448 4326 1561 4396 jam
1587 4328 1700 4399 ipse

95 4401 351 4461 Dominus
378 4415 445 4460 et
472 4405 617 4462 Deus
641 4407 887 4464 Christus
921 4411 1152 4486 avertat]
1190 4428 1208 4470 :
1255 4416 1350 4471 sed
1387 4418 1467 4472 sic
1499 4418 1699 4473 alteru-

1805 3231 2000 3289 sitione
2021 3236 2262 3306 ejusdem
2286 3243 2593 3310 apostolicae
2612 3251 2891 3306 sententia:
2910 3231 3217 3325 conveniat,
3231 3231 3355 3317 audi
3381 3282 3394 3319 :

1810 3340 1829 3375 ι
1864 3323 2151 3396 Unigenito
2179 3330 2347 3397 enim,
2378 3334 2474 3400 ait,
2502 3335 2639 3392 Filio
2662 3354 2761 3408 pro
2792 3341 3010 3401 homine
3054 3323 3399 3421 interpellare

1802 3422 1909 3480 est,
1937 3418 2079 3487 apud
2108 3429 2433 3478 comternum
2463 3426 2676 3484 Patrem
2708 3433 2946 3504 seipsum
2981 3418 3393 3512 demonstrare;

1801 3507 1960 3579 eique
1986 3525 2085 3581 pro
2109 3512 2341 3570 humana
2368 3526 2560 3575 natura
2589 3537 2826 3594 rogasse,
2859 3537 2942 3582 est
2968 3534 3213 3589 eauidem
3242 3547 3397 3593 natu-

1802 3613 1919 3652 ram
1963 3599 2017 3653 in
2055 3601 2352 3662 divinitatis
2389 3624 2501 3664 sure
2540 3612 2914 3673 celsitudinem
2947 3626 3270 3695 suscepisse.
3309 3629 3399 3683 ln-

1802 3691 2053 3760 terpellat
2080 3694 2246 3766 igitur
2272 3714 2370 3769 pro
2391 3704 2547 3759 nobis
2570 3704 2830 3765 Dominus
2860 3721 2964 3766 non
2994 3691 3148 3783 voce,
3176 3719 3271 3774 sed
3297 3723 3400 3776 mi-

1801 3783 2091 3838 seratione.
2132 3804 2150 3836 ι
2201 3785 2494 3846 Sciendum
2543 3803 2629 3849 est
2671 3812 2819 3864 vere,
2868 3805 3011 3871 quod
3055 3820 3397 3879 nequaquam

1803 3872 1961 3928 modo
1982 3874 2183 3931 Christi
2209 3878 2279 3932 ad
2300 3879 2576 3937 dexteram
2605 3888 2843 3944 sedentis
2868 3872 3230 3964 interpellatio
3249 3872 3396 3970 apud

1799 3962 2014 4020 Patrem
2041 3966 2166 4023 talis
2188 3968 2412 4042 intelligi
2434 3974 2611 4039 debet,
2638 3979 2815 4046 qualis
2836 3962 3071 4039 hominis
3095 3989 3231 4042 solet
3252 3962 3395 4057 esse,

1799 4054 1926 4109 dum
1955 4057 2076 4125 quis
2101 4059 2238 4127 apud
2261 4060 2499 4131 judicem
2530 4068 2861 4136 supplicibus
2880 4075 3060 4130 verbis
3089 4054 3396 4149 interpellat

1797 4162 1896 4216 pro
1925 4163 1989 4204 eo
2016 4164 2031 4203 :
2060 4151 2155 4207 sed
2184 4154 2357 4221 patris
2382 4155 2494 4211 Deo
2508 4152 2654 4214 Patri
2678 4162 3033 4222 humanitatis
3061 4169 3112 4224 in
3139 4171 3233 4226 Dei
3258 4173 3395 4231 Filio

1798 4240 2131 4311 dispensatio
2173 4243 2367 4315 (Locus
2407 4253 2742 4325 corruptus),
2778 4254 3141 4327 interpellatio
3174 4274 3258 4319 est
3294 4284 3395 4338 pro

1796 4331 2034 4405 humano
2062 4350 2280 4405 genere.
2316 4338 2449 4395 Nam
2475 4350 2532 4397 et
2560 4344 2624 4399 de
2664 4345 2870 4417 Spiritu
2917 4363 3106 4410 sancto
3145 4331 3340 4428 legittir
3376 4376 3391 4416 :

1800 4419 1920 4492 Ipse
1941 4420 2170 4493 Spiritus
2198 4430 2431 4498 postulat
2449 4451 2543 4503 pro
2561 4437 2707 4492 nobis
2733 4444 3006 4509 gemitibus
3030 4419 3394 4505 inenarrabili-

96 4500 220 4548 tum
263 4510 420 4549 unus
464 4494 527 4549 ﬁt
571 4498 794 4551 verbum
828 4507 882 4552 et
923 4515 1081 4566 caro,
1127 4511 1188 4557 ut
1221 4516 1471 4561 manente
1510 4509 1564 4561 in
1599 4523 1694 4562 sua
1721 4486 1773 4546 Π
1800 4509 1894 4565 bus
1921 4510 2100 4584 (Rom.
2129 4532 2249 4583 Vill,
2272 4518 2396 4593 26);
2430 4538 2536 4577 non
2562 4526 2709 4581 enim
2733 4486 2972 4600 Spiritus
3001 4545 3221 4592 sanctus
3250 4538 3395 4609 inge-

96 4582 429 4609 mat-f..-02‘-_l.
479 4585 800 4609 n-l.._..|2a-_.
838 4597 1064 4609 -_._-_-__
1122 4608 1129 4609 ,
1182 4593 1197 4609 ι
1250 4602 1287 4609 ,γ
1347 4596 1380 4609 ,ι
1495 4596 1506 4606 ι
1686 4597 1697 4609 ο
1857 4602 1870 4609 -
1938 4604 1950 4609 -
2127 4606 2138 4609 -

92 4582 430 4646 perfectione
476 4585 800 4641 naturaliter
838 4597 1071 4660 utraque
1114 4593 1417 4648 substantia
1463 4596 1580 4651 sine
1617 4597 1699 4651 sui

91 4676 434 4745 τηῇιιόίςὶο,
464 4684 521 4729 et
550 4675 866 4734 humanitati
893 4681 1071 4736 divina
1097 4687 1517 4752 communicent,
1544 4698 1598 4744 et
1624 4690 1703 4745 di-

92 4765 292 4819 vinitati
334 4767 596 4820 humana
633 4768 994 4838 participent;
1031 4787 1133 4827 nec
1172 4773 1309 4828 alter
1350 4775 1519 4843 Deus,
1562 4779 1701 4835 alter

90 4852 275 4918 hamo,
304 4855 417 4911 sed
465 4854 611 4909 idem
641 4857 755 4926 ipse
796 4857 968 4924 Deus,
994 4863 1084 4931 qui
1124 4872 1179 4917 et
1211 4865 1376 4921 homo
1407 4884 1420 4920 :
1457 4876 1511 4922 et
1540 4870 1699 4925 vicis-

86 4946 175 5000 ὼ
200 4950 381 5004 homo
400 4989 421 5013 ,
455 4948 555 5017 qui
589 4957 643 5003 et
671 4949 815 5006 Deus
836 4950 992 5008 Jesus
1019 4955 1269 5011 Christus
1303 4974 1443 5012 unus
1474 4959 1633 5016 Dens.
1671 4982 1690 5014 ›

144 5036 259 5092 Vl].
299 5038 423 5094 Sed
456 5038 549 5092 his
574 5047 731 5109 atque
760 5040 1082 5109 hujusmodi,
1112 5061 1146 5101 ο
1170 5045 1341 5111 Felix,
1373 5046 1698 5105 ﬁrmissimis

82 5138 402 5185 nudorum
428 5128 661 5184 Patrum
691 5132 1016 5189 testimoniis
1045 5145 1353 5205 superatus,
1386 5139 1454 5193 ad
1483 5140 1586 5194 alia
1611 5156 1699 5197 era

84 5223 207 5277 turis
236 5223 317 5277 tui
346 5220 594 5276 latibula
618 5222 909 5294 confugere
937 5242 1041 5281 non
1065 5228 1294 5294 desiisti,
1319 5237 1481 5299 atque
1502 5233 1698 5288 exinde

138 5353 953 5435 fficpri-sHCapuaniAliber
1002 5360 1333 5435 Sponsorum
1398 5366 1696 5435 ignoratur.

136 5426 161 5465 ι
182 5426 266 5502 Δξ.
299 5425 512 5502 Cyrilli
546 5425 1291 5502 egistatAOi-atioad'Regiuas
1314 5425 1445 5490 ιοιηῖ
1473 5434 1538 5491 l’V
1560 5439 1701 5495 Con-

86 5498 153 5547 ρἹ.
182 5496 375 5575 liansi
404 5512 538 5568 pag.
564 5497 692 5575 8033.
722 5497 979 5575 Opusculi
998 5496 1405 5575 vero‘Victoris,
1433 5506 1587 5575 cujus
1612 5510 1698 5566 hic

90 5568 272 5621 mtto
299 5569 395 5633 ﬁt,
429 5583 599 5623 nemo
620 5567 1055 5625 alius'meminit.

140 5637 557 5720 (-Cassianus,
587 5637 717 5692 libr.
758 5654 774 5691 ι
803 5639 871 5692 de
906 5638 1113 5697 lncarn.
1152 5658 1271 5714 cap.
1303 5645 1353 5710 5,
1382 5662 1445 5701 ex
1482 5648 1695 5720 Leporii

1798 4602 2012 4671 miscit;
2047 4606 2141 4662 sed
2171 4612 2377 4680 tropica
2409 4613 2677 4673 locutione
2705 4619 2996 4690 Apostolus
3024 4642 3153 4682 usus
3184 4602 3395 4700 signifi-

1797 4703 1904 4759 cat,
1931 4698 2074 4766 quod
2108 4697 2342 4768 Spiritus
2369 4714 2590 4760 sanctus
2621 4723 2717 4764 nos
2748 4710 3101 4782 ingemiscere
3138 4697 3288 4774 facit.
3315 4721 3391 4777 Ita

1797 4786 1994 4841 dicitur
2021 4797 2077 4843 et
2106 4790 2256 4845 illum
2282 4795 2559 4862 postulare
2587 4812 2685 4866 pro
2721 4804 2943 4867 sanctis,
2965 4806 3089 4873 quia
3120 4811 3394 4876 postulare

1795 4876 1926 4931 facit
1954 4887 2173 4935 sanctos
2198 4898 2211 4934 :
2239 4883 2319 4937 sic
2337 4885 2503 4939 etiam
2528 4896 2581 4940 et
2605 4887 2656 4941 id
2679 4892 2819 4959 quod
2839 4891 2906 4948 de
2928 4893 3145 4953 Christo
3171 4899 3388 4967 dicitur,

1797 4972 1941 5039 quod
1965 4972 2037 5026 sit
2062 4972 2375 5034 advocatus.
2403 4979 2583 5034 altiori
2609 4984 2841 5053 mystico
2868 4984 3073 5058 [Forte,
3108 4992 3386 5065 mysterio]

1797 5060 2203 5133 intelligendum
2240 5076 2356 5133 est,
2387 5084 2549 5138 quam
2589 5072 2826 5131 humana
2856 5060 3234 5153 interpellandi
3262 5060 3391 5141 con:-

1797 5152 2024 5207 suctudo
2053 5153 2196 5208 inter
2222 5156 2469 5215 homines
2494 5162 2631 5218 solet
2661 5167 2959 5225 observari.

1875 5241 2001 5295 Vlll.
2042 5242 2244 5302 Deinde
2277 5247 2443 5317 igitur
2477 5251 2542 5305 ad
2577 5253 2928 5328 Evangelium
2966 5278 3252 5322 recurrens
3288 5268 3390 5324 hu-

1872 5377 1898 5416 d
1936 5378 2066 5457 [iam
2093 5381 2338 5457 nonnihil
2351 5381 2621 5457 differunt
2649 5391 2791 5457 apud
2826 5391 3165 5451 Cassianum.

1877 5460 1900 5530 ξ
1939 5447 1997 5503 S.
2038 5448 2177 5533 Aug.
2227 5450 2363 5533 Ubi?
2406 5447 2825 5533 lgnoroulliber
2865 5447 3164 5533 Augustini-
3197 5480 3388 5529 contra

1798 5516 1988 5612 Arium
2035 5516 2582 5612 pariterligno‘rétur.
2635 5525 2884 5612 Sensum
2915 5516 3162 5612 finisti;

1798 5588 1959 5651 stini,
2006 5604 2113 5671 non
2160 5588 2329 5645 verba
2370 5592 2571 5671 referre
2615 5597 2785 5654 voluit
2824 5588 3390 5671 Alcuinusrewx

1800 5666 1990 5713 contra
2020 5658 2338 5717 Sermonem
2368 5663 2725 5735 Arianorum,
2756 5685 2876 5744 cap.
2910 5673 2977 5731 i9
2999 5658 3172 5734 ειᾯᾶ
