3964 6186
570 322 674 381 195

1421 320 1481 376 Β.
1520 319 1582 375 F.
1622 317 1851 374 ALBlNl
1890 316 2023 373 SEU
2061 314 2338 373 ALCUlNl
2378 313 2665 371 OPERUM
2704 313 2886 370 PARS
2921 312 3009 370 lli.
3721 322 3808 378 lilii

562 438 802 515 jusmodi
828 436 1084 509 proponis
1107 437 1434 493 sententiam
1467 451 1482 489 :
1511 436 1591 490 ais
1613 434 1759 489 enim
1791 451 1803 486 :
1836 450 1855 483 ι
1882 430 2161 500 Nusquam
2186 432 2236 491 Α
2263 427 2626 483 obstinatione
2669 427 3069 497 permanendo,
3124 426 3335 481 alienus
3388 415 3677 486 censendus
3713 445 3805 491 est.

569 530 715 586 enim
745 530 799 583 in
830 529 1121 599 Evangelia
1147 528 1243 583 Dei
1267 527 1439 582 Filius
1476 541 1576 596 pro
1605 524 1791 587 nobis,
1823 522 1919 579 sed
1948 530 2161 576 tantum

570 619 713 674 ﬁlius
732 619 968 673 hominis
989 618 1222 673 traditus
1244 617 1461 687 legitur.
1491 635 1510 667 ι
1538 614 1749 670 Oblitus
1767 614 1997 678 scilicet,
2018 612 2162 683 quod

571 712 686 781 ipse
715 711 811 765 Dei
840 711 1007 765 Filius
1041 711 1109 765 de
1135 725 1231 765 sua
1261 709 1553 764 traditione
1577 707 1808 762 dixisset
1832 722 1847 761 :
1877 707 2041 778 835
2070 705 2162 761 Sic

569 804 707 857 enim
730 802 912 859 dilexit
942 801 1084 856 Deus
1113 800 1389 864 mundum,
1420 810 1477 852 ut
1512 797 1713 852 Filium
1741 814 1895 852 suum
1924 792 2165 867 unigeni-

570 903 682 947 tum
723 892 874 951 daret
918 892 1099 964 (Joan.
1130 907 1223 956 ιιι,
1269 889 1378 961 l6).
1416 889 1735 959 Unigenitus
1776 889 1959 957 itaque
1994 886 2166 941 Filius

572 983 704 1049 Dei,
737 992 820 1038 est
848 982 1020 1037 Filius
1044 982 1136 1051 qui
1171 984 1329 1037 datus
1356 990 1439 1036 est
1463 996 1561 1050 pro
1587 980 1772 1035 mundi
1801 980 1992 1035 salute.
2025 979 2166 1047 Quid

570 1085 703 1124 vero
732 1079 815 1125 est
844 1071 1025 1135 datus,
1047 1070 1152 1124 nisi
1178 1069 1449 1123 traditus?
1472 1069 1625 1136 Quod
1646 1067 1932 1139 Apostolus
1952 1058 2165 1138 quoque

572 1159 858 1214 conﬁrmat
893 1158 1080 1214 dicens
1120 1176 1131 1210 :
1168 1157 1271 1223 Qui
1306 1158 1518 1228 proprio
1549 1155 1692 1210 Filio
1720 1173 1815 1210 suo
1850 1174 1952 1210 non
1980 1172 2162 1226 peper-

572 1250 672 1312 cit,
702 1249 796 1301 sed
828 1264 923 1319 pro
955 1248 1103 1302 nobis
1129 1248 1369 1302 omnibus
1408 1248 1626 1301 tradidit
1654 1246 1804 1300 illum
1832 1246 2010 1318 (Rom.
2043 1262 2162 1309 vm,

572 1338 684 1410 52).
726 1339 859 1392 ltcm
896 1338 962 1392 de
999 1339 1189 1392 eodem
1226 1338 1321 1392 Dei
1356 1338 1493 1392 Filio
1534 1338 1673 1391 idem
1708 1336 1999 1406 Apostolus
2039 1337 2114 1389 ait
2148 1354 2160 1388 :

575 1424 680 1493 Qui
702 1427 919 1480 tradidit
940 1428 1272 1496 semetipsum
1294 1444 1390 1497 pro
1412 1426 1558 1480 nobis
1575 1425 1791 1497 (Ep/tes.
1815 1442 1868 1491 v,
1889 1426 1966 1497 2).
1993 1425 2164 1492 Quem

571 1519 734 1571 etiam
780 1519 992 1572 beatus.
1022 1516 1214 1571 Petrus
1249 1516 1451 1571 Judzeis
1486 1517 1790 1585 praedicans
1832 1515 2028 1569 Filium
2068 1514 2190 1594 Dei

572 1626 679 1664 non
700 1610 965 1663 dubitavit
985 1608 1265 1663 testiﬁcari
1294 1609 1481 1663 dicens
1505 1623 1519 1661 :
1544 1607 1685 1662 Deus
1715 1606 1940 1661 Patrum
1961 1616 2165 1661 nostro—

573 1718 688 1755 rum
711 1700 1021 1770 gloriﬁrarit
1049 1699 1245 1753 Filium
1270 1715 1423 1753 suum
1444 1699 1646 1764 Iesum,
1668 1714 1818 1769 quem
1841 1714 1926 1752 vos
1951 1697 2163 1767 quidem

2334 516 2425 571 lX.
2481 516 2686 571 Deinde
2734 516 2887 571 vadis
2933 517 3225 586 quierendo
3247 517 3378 586 quid
3404 517 3471 572 de
3507 519 3813 581 humanitate

2262 606 2487 670 Christi,
2516 605 2603 660 vel
2628 606 2758 675 quid
2779 606 2846 660 de
2880 604 3165 659 divinitate
3199 604 3507 675 specialiter
3544 608 3594 661 in
3632 613 3814 671 sanctis

2264 696 2561 766 Scripturis
2586 696 2825 759 dicatur;
2875 696 3200 763 tandemque
3224 693 3352 748 illuc
3393 696 3695 763 pervenisti,
3730 701 3815 758 ubi

2264 789 2331 844 de
2352 790 2439 844 die
2459 781 2637 843 ultimi
2661 785 2930 841 examinis
2957 786 3099 840 idem
3114 786 3376 841 Dominus
3394 786 3654 857 loquitur;
3680 790 3817 861 cujus

2265 881 2371 937 diei
2394 882 2757 951 cognitionem
2776 878 3018 943 Christo,
3048 878 3101 933 in
3129 887 3393 948 quantum
3414 879 3576 935 homo
3601 892 3698 946 est,
3737 885 3816 939 de-

2264 988 2464 1042 negare
2486 973 2723 1037 laboras,
2739 979 2800 1025 ut
2820 986 2887 1024 ex
2905 970 3011 1024 tuis
3026 970 3207 1024 verbis
3226 971 3444 1037 agnosci
3459 980 3648 1041 potest.
3682 993 3700 1024 ι
3717 974 3818 1044 Ipse

2263 1073 2347 1120 est
2361 1063 2526 1128 enim,
2552 1062 2750 1131 inquis,
2769 1061 2861 1131 qui
2886 1061 3182 1115 secundum
3206 1062 3599 1130 praescientiam
3617 1063 3818 1119 Deitatis

2265 1156 2409 1208 diem
2446 1153 2636 1223 judicii
2687 1169 2784 1222 per
2830 1153 3158 1223 Prophetam
3204 1153 3499 1221 praedixit:
3532 1153 3653 1209 Dies
3699 1157 3820 1209 enim

2266 1247 2479 1301 ultionis
2509 1248 2562 1300 in
2592 1248 2747 1301 corde
2772 1263 2886 1300 meo
2904 1287 2917 1309 ,
2952 1261 3123 1299 annus
3148 1245 3518 1316 redemptionis
3546 1264 3669 1301 mete
3704 1250 3820 1301 venit

2268 1339 2423 1411 (Isai.
2456 1356 2612 1403 Lxxn,
2634 1338 2711 1409 4).
2746 1339 2865 1409 Ipse
2907 1338 3258 1393 nihilominus
3286 1347 3371 1393 est
3399 1348 3621 1409 propter
3648 1340 3823 1394 huma-

2267 1430 2455 1484 nitatis
2485 1437 2757 1493 naturam,
2784 1429 2877 1498 qui
2908 1429 2961 1483 in
2988 1429 3268 1499 cvangelio
3293 1430 3588 1485 secundum
3610 1430 3823 1486 Marcum

2264 1528 2637 1591 protestatur:
2668 1520 2746 1573 De
2766 1521 2854 1573 die
2880 1529 3054 1573 autem
3080 1518 3174 1572 illa
3198 1530 3247 1573 et
3269 1520 3400 1573 hora
3424 1537 3576 1574 nemo
3606 1522 3717 1584 scit,
3745 1537 3828 1574 ne-

2265 1629 2364 1683 que
2399 1612 2571 1683 angeli
2600 1611 2868 1675 caelorum,
2921 1627 3085 1681 neque
3133 1609 3326 1672 Filius,
3364 1612 3466 1665 nisi
3503 1610 3665 1665 Pater
3699 1610 3828 1665 solus

2269 1700 2463 1772 (Marc.
2494 1717 2611 1765 xm,
2634 1701 2746 1769 5‘2).
2783 1721 2800 1753 ι
2838 1700 2989 1755 lianc
3028 1716 3156 1755 vero
3183 1703 3536 1768 sententiam,
3568 1718 3671 1772 qua
3704 1701 3831 1755 Mar-

572 1791 900 1856 tradidistis,
947 1798 991 1844 et
1033 1791 1260 1859 negastis
1293 1801 1413 1844 ante
1458 1791 1643 1859 faciem
1697 1789 1861 1844 Pilati
1889 1790 2167 1860 judicante
2197 1788 2245 1848 Β
2270 1808 2366 1847 cus
2391 1792 2720 1863 evangelista
2749 1792 2945 1847 Filium
2980 1793 3119 1847 diem
3141 1792 3334 1861 judicii
3360 1795 3643 1864 ignorasse
3687 1796 3826 1857 dixit,

572 1880 664 1934 illo
693 1881 886 1935 dimitti
915 1897 932 1934 :
958 1898 1044 1934 vos
1067 1892 1239 1934 autem
1262 1891 1502 1935 sanctum
1530 1891 1579 1935 et
1594 1882 1801 1951 justum
1829 1882 2085 1951 negastis,
2118 1890 2165 1934 et

572 1972 773 2044 petistis
816 1972 981 2025 virum
1022 1973 1336 2026 homicidam
1373 1973 1492 2026 dari
1527 1974 1691 2027 vobis.
1735 1974 2013 2027 Auctorem
2047 1990 2165 2027 vero

570 2063 696 2116 uitat
720 2062 1074 2131 inlerfecistis,
1106 2078 1257 2132 quem
1293 2062 1429 2115 Deus
1465 2064 1735 2116 suscitavit
1763 2080 1794 2115 a
1820 2064 2040 2117 mortuis
2063 2073 2168 2116 ter-

497 2174 514 2186 ·
574 2153 652 2208 tia
680 2154 764 2206 die
794 2154 931 2224 (Act.
960 2169 1038 2215 ιιι,
1071 2154 1157 2218 l3,
1200 2153 1283 2217 14,
1322 2154 1431 2225 l5).
1464 2154 1604 2220 Quid
1630 2156 1685 2209 in
1718 2156 1803 2209 his
1827 2156 2008 2211 verbis
2033 2172 2165 2225 apo-

575 2246 779 2300 stolica:
809 2247 1152 2301 auctoritatis
1173 2247 1527 2301 dubitationis
1563 2261 1683 2303 esse
1707 2248 1945 2317 poterit?
1971 2248 2167 2302 Filium

576 2334 668 2388 Dei
690 2335 1102 2400 testiﬁcabatur,
1120 2336 1211 2406 qui
1242 2338 1472 2392 traditus
1498 2345 1596 2400 est,
1617 2345 1673 2392 et
1690 2339 1782 2408 qui
1803 2347 2047 2394 mortuus
2062 2348 2163 2405 est,

574 2425 684 2479 imo
709 2434 764 2480 et
788 2428 1162 2481 resuscitatus.
1195 2428 1413 2482 Addidit
1441 2444 1655 2497 quoque
1687 2448 1699 2482 :
1733 2442 1999 2483 auctorem
2028 2431 2162 2485 vita’.

572 2514 708 2579 Quis
745 2525 829 2570 est
863 2531 995 2586 ergo
1022 2527 1212 2571 auctor
1251 2517 1404 2580 vitae,
1438 2518 1539 2572 nisi
1579 2518 1746 2573 Filius
1779 2519 1908 2583 Dei,
1949 2522 2038 2590 qui
2068 2537 2168 2590 pro

575 2604 750 2659 salute
778 2606 961 2659 mundi
998 2606 1082 2660 vel
1119 2621 1149 2659 a
1193 2606 1303 2658 Deo
1329 2607 1519 2671 Patre,
1551 2608 1636 2660 vel
1663 2623 1691 2659 a
1724 2610 1899 2677 seipso
1939 2610 2167 2663 traditus

576 2695 807 2750 dicitur?
840 2696 947 2751 Sed
977 2706 1032 2751 et
1071 2699 1139 2750 ah
1167 2698 1282 2766 ipso
1315 2699 1576 2753 traditore
1605 2715 1703 2754 suo
1726 2699 1862 2755 Juda
1888 2701 2164 2768 lscariote,

577 2801 678 2841 nec
706 2802 812 2841 non
839 2796 895 2841 et
923 2804 951 2841 a
989 2786 1189 2843 Judzeis
1232 2791 1463 2844 traditus
1496 2806 1616 2845 esse
1654 2791 1866 2861 legitur.
1902 2793 2163 2859 Tradidit,

575 2874 752 2944 inquit
791 2878 980 2932 beatus
1030 2877 1252 2941 Petrus,
1303 2880 1529 2948 seipsum
1566 2880 1827 2948 iudicanti
1870 2899 1925 2936 se
1972 2883 2168 2953 injuste

577 2962 631 3033 (Ι
661 2963 806 3018 Petr.
837 2982 898 3031 ιι,
926 2965 1041 3038 9.3),
1074 2967 1200 3021 licet
1219 2967 1379 3022 aliter
1401 2985 1430 3022 a
1456 2968 1566 3023 Deo
1592 2968 1774 3034 Patre,
1804 2970 2008 3026 alitera
2030 2973 2164 3028 Juda

577 3060 858 3124 traditore,
883 3068 937 3113 et
969 3060 1127 3114 aliter
1156 3077 1185 3114 a
1220 3062 1419 3129 seipse.
1451 3062 1608 3115 aliter
1636 3078 1665 3115 a
1692 3061 1893 3118 Judmis
1919 3066 2163 3119 tradere-

2266 1886 2423 1956 longe
2448 1885 2607 1939 aliter
2632 1885 2803 1940 sancti
2830 1884 3017 1941 Patres
3048 1886 3433 1941 intellexerunt
3483 1903 3645 1957 quam
3679 1898 3730 1941 tu
3751 1902 3831 1941 as-

2266 1978 2403 2033 seris
2440 1976 2863 2047 intelligendam.
2915 1977 3113 2032 Beatus
3138 1980 3336 2049 quippe
3377 1978 3740 2050 Hieronymus
3786 1979 3834 2032 in

2266 2068 2672 2124 Commentario
2700 2067 2939 2123 Matthrei
2991 2067 3143 2139 (cap.
3182 2085 3331 2133 xm’,
3368 2084 3512 2125 vers.
3547 2070 3663 2142 56),
3688 2068 3837 2125 simul

2266 2168 2321 2214 et
2349 2159 2491 2214 Beda
2515 2159 2860 2229 presbyterio
2884 2167 3117 2214 tractatu
3142 2158 3306 2214 Marci
3333 2161 3679 2232 evangelista:
3699 2159 3835 2231 (cap.

2265 2249 2409 2321 xm),
2450 2248 2609 2317 hujus
2659 2251 2943 2305 sententia:
2990 2251 3401 2321 intelligentiam
3452 2252 3530 2306 ita
3590 2267 3841 2323 exposuec

2266 2352 2435 2397 runt:
2472 2361 2490 2393 ι
2536 2341 2712 2398 Causa
2757 2343 2944 2413 igitur,
2976 2342 3245 2413 inquiunt,
3298 2344 3577 2399 reddenda
3600 2354 3705 2407 est,
3752 2358 3843 2398 cur

2267 2436 2518 2506 ignorare
2550 2435 2764 2503 dicitur.
2797 2435 3092 2504 Apostolus
3115 2436 3329 2505 scripsit
3349 2436 3414 2490 de
3438 2436 3715 2491 salvatore
3743 2451 3756 2489 :
3785 2435 3843 2489 In

2264 2544 2365 2597 quo
2387 2537 2507 2581 sunt
2533 2543 2709 2581 omnes
2739 2529 2975 2582 thesauri
2998 2529 3263 2599 sapientia:
3284 2538 3333 2582 et
3362 2530 3610 2584 scientia?
3636 2530 3843 2585 abscon-

2266 2615 2363 2668 diti
2413 2614 2637 2687 (Coloss.
2689 2633 2751 2681 ιι,
2802 2618 2880 2685 5).
2911 2615 3051 2672 Sunt
3087 2633 3212 2688 ergo
3262 2634 3454 2673 omnes
3505 2620 3755 2676 thesauri
3798 2621 3844 2674 in

2264 2703 2482 2760 Christo
2507 2707 2785 2776 sapientiae
2812 2716 2867 2762 et
2897 2709 3135 2764 scientia:
3168 2708 3491 2765 ahsconditi.
3527 2710 3715 2779 Quare
3738 2712 3850 2767 abs-

2265 2798 2506 2853 conditi?
2534 2799 2665 2854 Post
2686 2801 3138 2857 resurrectionem
3157 2802 3525 2873 interrogatus
3547 2803 3620 2859 ab
3642 2813 3849 2875 aposto-

2267 2889 2419 2944 stolis
2443 2890 2508 2945 de
2535 2890 2623 2947 die
2638 2889 2850 2959 judicii,
2880 2892 3220 2947 manifestius
3255 2896 3550 2963 respondet
3592 2913 3606 2949 :
3642 2895 3766 2950 Non
3784 2900 3855 2950 est

2267 2994 2491 3039 vestrum
2521 2988 2654 3041 scire
2680 2996 2912 3059 tempora
2946 2995 2994 3039 et
3031 2995 3312 3047 momenta,
3341 3004 3460 3058 qua?
3505 2987 3675 3042 Pater
3693 2989 3855 3060 posuit

2268 3075 2322 3130 in
2365 3094 2463 3131 sua
2506 3088 2758 3149 potestate
2782 3079 2918 3152 (Act.
2959 3094 3000 3145 ι,
3035 3076 3112 3152 7).
3146 3079 3370 3149 Quanzlo
3420 3079 3581 3149 dicit,
3630 3078 3755 3139 Non
3791 3086 3857 3138 est

467 3158 475 3166 '
576 3157 666 3204 ιω·
693 3168 705 3202 ε
740 3166 768 3202 ³
801 3150 910 3204 Deo
934 3149 1094 3205 Patre
1124 3160 1347 3221 ρτοριθν
1388 3152 1615 3206 εδιιιῑθιη
1662 3153 1878 3209 humani
1918 3158 2162 3226 generis;
2195 3136 2241 3198 Ο
2271 3136 2517 3233 vestrum;
2548 3136 2808 3236 ostendit;
2839 3172 2981 3241 quod
3015 3136 3127 3242 ipse
3158 3174 3313 3238 sciat,
3344 3175 3439 3230 sed
3472 3193 3588 3231 non
3614 3175 3859 3245 expediat

575 3256 609 3295 a
636 3242 917 3307 traditore,
948 3251 1009 3297 ut
1037 3258 1148 3297 sum
1174 3245 1417 3299 avaritia:
1442 3245 1693 3315 impleret
1724 3249 2101 3317 cupiditatem;
2136 3266 2165 3304 a

575 3332 784 3401 seipso,
816 3342 877 3387 ut
914 3344 1156 3402 paternae
1194 3337 1489 3392 voluntatis
1530 3337 1782 3408 impleret
1815 3340 2092 3407 eﬁ‘ectuin;
2135 3360 2167 3397 a

576 3421 799 3487 Iudaeis,
828 3432 889 3478 ut
913 3441 1023 3480 sua:
1050 3427 1289 3494 perﬁdiae
1321 3429 1668 3484 ostenderent
1693 3433 2007 3503 nequitiam.
2040 3435 2168 3489 Nul-

578 3514 793 3568 latenus
816 3531 946 3587 ergo
970 3518 1132 3571 dividi
1159 3519 1361 3585 poterit
1394 3520 1534 3574 ﬁlius
1573 3521 1809 3577 hominis
1835 3539 1865 3577 a
1893 3524 2027 3579 Filio
2048 3526 2166 3592 Dei,

576 3607 661 3661 vel
687 3610 929 3677 separari
957 3625 986 3662 a
1029 3609 1139 3663 ﬁlio
1165 3611 1400 3665 hominis
1433 3612 1600 3667 Filius
1628 3612 1744 3678 Dei,
1771 3616 1895 3684 quia
1919 3633 2059 3673 unus
2088 3628 2171 3673 est

578 3697 751 3752 Filius
774 3698 900 3760 Dei,
928 3698 1071 3755 Deus
1096 3708 1151 3755 et
1188 3702 1379 3765 homo,
1424 3703 1514 3773 qui
1557 3706 1788 3761 traditus
1827 3716 1911 3763 est
1951 3721 2169 3782 propter

496 3808 502 3819 δ
580 3789 773 3845 delicta
803 3799 987 3845 nostra
1023 3792 1078 3847 in
1110 3803 1356 3849 mortem.
1396 3795 1549 3863 Quod
1576 3798 1768 3855 beatus
1795 3800 2083 3860 Cassianus
2113 3806 2165 3861 in

577 3883 746 3949 libro,
776 3887 918 3941 unde
955 3889 1203 3958 superius
1232 3893 1539 3949 testimonia
1568 3898 1869 3965 posuimus,
1901 3899 2168 3954 veraciter

578 3976 816 4030 ostendit
845 3989 870 4016 ο
904 3995 917 4030 :
951 3996 970 4027 ι
1000 3977 1110 4033 Nec
1136 3981 1188 4035 in
1218 3989 1485 4053 tempore,
1519 3986 1725 4056 inquit,
1754 3988 2041 4044 admodum
2070 3990 2167 4046 hov

578 4064 777 4119 minem
813 4068 935 4135 quis
970 4084 998 4122 a
1033 4069 1142 4125 Deo
1170 4072 1223 4125 in
1258 4075 1510 4143 passione
1534 4077 1733 4145 possit,
1766 4078 1849 4131 vel
1889 4078 2058 4134 Deum
2099 4081 2166 4136 ab

582 4153 804 4210 homine
844 4160 1160 4213 secernere?
1188 4160 1243 4214 Si
1275 4163 1417 4216 enim
1448 4163 1513 4217 ad
1543 4172 1755 4236 tempus
1795 4168 2051 4237 respicis,
2085 4168 2167 4223 in-

591 4245 774 4299 venies
820 4262 1034 4316 semper
1069 4248 1234 4304 ﬁlium
1286 4252 1520 4308 hominis
1571 4272 1693 4310 cum
1722 4257 1814 4311 Dei
1843 4257 2010 4323 Filio;
2041 4258 2093 4330 [δ
2121 4259 2166 4314 si

584 4334 653 4389 ad
694 4336 1030 4403 passionem,
1078 4338 1319 4393 invenies
1363 4358 1580 4412 semper
1616 4362 1738 4400 cum
1780 4348 1888 4402 ﬁlio
1931 4350 2166 4405 hominis

568 4419 675 4478 Dei
705 4423 922 4496 Filium]
957 4444 970 4479 :
1005 4426 1076 4479 ita
1104 4428 1309 4483 scilicet
1347 4433 1555 4487 unitum
1593 4445 1647 4488 et
1686 4438 2017 4492 individuum
2062 4441 2162 4495 sibi

2269 3275 2429 3313 nosse
2450 3262 2728 3330 apostolis,
2770 3271 2828 3316 ut
2856 3279 3072 3334 semper
3100 3265 3293 3320 incerti
3320 3266 3386 3322 de
3429 3268 3678 3322 adventu
3705 3267 3866 3339 836

2262 3347 2463 3416 judicis
2491 3351 2569 3405 sic
2605 3353 2844 3421 quotidie
2869 3355 3075 3422 vivant,
3108 3358 3264 3426 quasi
3293 3359 3377 3413 die
3406 3359 3520 3413 alia
3555 3350 3758 3433 [Redin
3786 3362 3867 3414 die

2270 3439 2383 3512 illa]
2415 3439 2693 3508 iudicandi
2722 3444 2852 3500 sint.
2888 3465 2907 3497 ι
2938 3442 2999 3500 Si
3025 3447 3241 3518 ignorat
3266 3450 3407 3504 diem
3448 3448 3684 3519 judicii,
3733 3467 3865 3521 quo-

2269 3532 2429 3586 modo
2453 3548 2643 3588 verum
2696 3543 2799 3601 est,
2850 3537 2993 3606 quod
3042 3548 3167 3595 ante
3220 3542 3395 3596 dixit:
3428 3542 3641 3597 Omnia
3675 3544 3870 3596 tradita

2268 3633 2389 3677 sunt
2416 3626 2543 3679 mihi
2573 3643 2606 3679 a
2638 3623 2798 3681 Patre
2826 3644 2939 3682 meo
2986 3628 3138 3699 (Luc.
3168 3648 3201 3685 x
3228 3673 3243 3697 ,
3274 3632 3365 3704 22)
3406 3652 3417 3686 :
3453 3635 3505 3689 si
3551 3635 3666 3689 diei
3698 3634 3874 3688 ultimi

2268 3714 2507 3782 cognitio
2532 3731 2638 3769 non
2662 3728 2747 3771 est
2774 3717 2822 3771 ei
2849 3719 3047 3772 tradita
3065 3760 3078 3781 ,
3112 3722 3417 3778 nullatenus
3443 3726 3647 3779 omnia
3678 3726 3876 3779 tradita

2269 3813 2393 3859 sunt
2421 3805 2496 3859 illi
2527 3822 2556 3860 a
2590 3806 2771 3863 Patre.
2820 3808 3053 3865 Sanctus
3089 3826 3303 3881 quoque
3324 3814 3684 3885 Augustinus
3729 3817 3782 3871 in
3812 3813 3873 3869 li-

2266 3897 2366 3953 bro
2401 3898 2467 3953 de
2513 3908 2698 3954 sancta
2725 3900 2994 3957 Trinitate
3024 3903 3255 3973 capitulo
3283 3920 3356 3958 xu
3388 3904 3587 3976 (Num.
3620 3907 3718 3978 25)
3745 3950 3760 3971 ,
3791 3909 3878 3963 ho-

2267 4005 2388 4044 rum
2413 3990 2614 4046 Christi
2642 3993 2929 4048 verborum
2961 4008 3174 4048 sensum
3202 4009 3301 4063 per
3324 4003 3575 4064 tropum,
3609 3998 3708 4070 qui
3740 3999 3875 4069 apud

2267 4082 2646 4151 grammaticos
2669 4084 2981 4153 metonymia
3016 4083 3233 4148 dicitur,
3257 4085 3522 4155 explanat
3561 4107 3578 4121 ο
3614 4108 3637 4141 ι
3674 4088 3756 4144 De
3800 4089 3883 4143 die

2268 4190 2384 4227 vero
2406 4182 2454 4226 et
2480 4173 2610 4226 hora
2656 4190 2805 4227 nemo
2834 4164 2954 4238 scit,
3004 4192 3164 4245 neque
3193 4175 3366 4246 angeli
3382 4177 3438 4230 in
3470 4178 3618 4233 caelo
3640 4221 3653 4242 ,
3714 4196 3880 4249 neque

2269 4260 2461 4325 Filius,
2498 4264 2599 4317 nisi
2624 4262 2801 4317 Pater.
2830 4263 2942 4319 lloc
2966 4264 3110 4319 enim
3140 4266 3333 4329 nescit,
3369 4269 3522 4335 quod
3552 4271 3887 4325 nescientes

2268 4351 2397 4406 facit
2428 4370 2440 4406 :
2468 4353 2520 4407 id
2557 4360 2659 4417 est,
2686 4354 2827 4422 quod
2857 4371 2962 4409 non
3005 4356 3077 4411 ita
3106 4358 3328 4422 sciebat,
3369 4365 3427 4412 ut
3455 4368 3604 4415 tunc
3641 4361 3887 4430 discipu-

2267 4443 2333 4498 lis
2376 4446 2636 4499 indicaret
2668 4465 2680 4499 :
2714 4447 2854 4501 sicut
2885 4449 3085 4503 dictum
3110 4458 3193 4505 est
3228 4451 3294 4505 ad
3334 4450 3633 4509 Abraham
3673 4474 3688 4509 -.
3726 4453 3892 4510 Nunc

576 4514 850 4615 Christum
900 4517 1336 4615 ﬁliumﬁhqminis
1374 4539 1437 4577 ac
1483 4525 1574 4580 Dei
1605 4526 1830 4593 Filium,
1866 4530 1968 4603 [ut]
1995 4549 2165 4601 quan—
2194 4505 2244 4560 Ῑ)
2269 4538 2503 4605 cognovi,
2531 4538 2671 4608 quod
2721 4539 2868 4592 times
2896 4539 3062 4595 Deum
3094 4539 3244 4615 (Gen.
3300 4559 3432 4608 xxn,

581 4613 695 4659 tum
725 4607 792 4660 ad
819 4622 1007 4662 vocem
1054 4607 1348 4679 Scriptura:
1375 4615 1624 4681 pertinet,
1658 4625 1718 4670 ut
1754 4634 1854 4673 nec
1890 4620 2051 4676 homo
2076 4639 2164 4677 se-

580 4697 760 4761 parari
789 4712 817 4750 a
846 4697 955 4753 Deo
982 4708 1222 4771 tempore
1242 4743 1256 4767 ,
1283 4720 1380 4758 nec
1414 4706 1481 4759 ab
1521 4708 1735 4763 homine
1768 4710 1911 4767 Deus
1946 4716 2165 4771 omnino

582 4784 758 4837 valeat
785 4790 1052 4855 passione.
1094 4812 1112 4844 ι
1146 4792 1258 4847 Hoc
1279 4796 1438 4850 etiam
1463 4800 1705 4868 symbolo
1734 4806 2012 4863 catholicae
2041 4809 2164 4865 ﬁdei

580 4875 905 4931 conﬁtemur
932 4882 1237 4939 manifeste.
1263 4888 1404 4955 quod
1427 4887 1584 4945 Jesus
1605 4890 1850 4950 Christus
1872 4897 1963 4952 Dei
1996 4899 2165 4956 Filius

580 4967 905 5064 unigenitus.
938 4981 1096 5029 natus
1122 4977 1187 5030 de
1216 4976 1418 5046 Spiritu
1445 4993 1632 5038 sancto
1658 4993 1711 5039 et
1740 4986 1904 5043 Maria
1931 4992 2161 5064 virgine,

582 5072 772 5126 passus
798 5059 866 5112 sit
895 5076 992 5129 pro
1019 5062 1247 5119 humana
1279 5069 1469 5124 salute.
1514 5071 1860 5145 Nequaquam
1893 5059 2041 5150 ergo'
2058 5059 2160 5137 du?

582 5150 755 5205 hitare
782 5153 923 5208 ullus
952 5155 1247 5212 catholicus
1271 5159 1445 5225 debet,
1472 5164 1601 5231 quin
1624 5165 1717 5221 Dei
1741 5167 1907 5225 Filius
1935 5174 2165 5230 traditus

580 5251 722 5297 esset
749 5259 846 5313 pro
871 5247 1056 5301 mundi
1084 5247 1276 5302 salute.
1312 5248 1412 5316 Qui
1438 5254 1580 5308 enim
1611 5267 1801 5327 negat,
1841 5259 1937 5315 Dei
1964 5262 2162 5319 Filium

585 5333 837 5388 traditum
872 5351 992 5391 esse
1033 5337 1101 5392 ad
1141 5339 1479 5408 passionem,
1520 5344 1823 5403 nullatenus
1864 5352 2164 5410 catholicus

581 5433 701 5475 esse
725 5426 944 5492 poterit,
976 5426 1068 5482 sed
1091 5445 1120 5481 a
1142 5428 1421 5485 catholicae
1450 5431 1573 5489 ﬁdei
1597 5435 1949 5507 professione,
1977 5443 2030 5497 in
2058 5445 2161 5500 hac

656 5554 991 5639 {Cassianus
1024 5561 1146 5639 libr.
1178 5580 1228 5639 vi
1258 5563 1324 5619 de
1353 5564 1623 5622 lncarnat.
1652 5584 1769 5639 cap.
1799 5571 1888 5635 ‘22,
1920 5574 2011 5628 ubi
2043 5583 2157 5631 tex-

584 5631 670 5679 tus
694 5628 764 5679 ita
796 5628 958 5684 habet
983 5648 995 5683 :
1029 5651 1046 5681 ι
1085 5630 1192 5689 Nec
1215 5635 1269 5688 in
1300 5644 1540 5703 tempore
1564 5628 1852 5697 admodum
1878 5628 2156 5703 hominem

2268 4640 2412 4680 nunc
2439 4623 2542 4680 feci
2568 4635 2625 4680 ut
2652 4631 3169 4701 cognosceres,quia
3196 4638 3250 4685 et
3280 4632 3393 4702 ipse
3420 4632 3531 4688 sibi
3558 4636 3621 4690 in
3643 4636 3745 4692 illa
3772 4646 3899 4693 ten~

2269 4715 2473 4770 tatione
2517 4718 2776 4785 probatus
2823 4719 3074 4774 innotuit.
3134 4742 3153 4773 ι
3205 4721 3320 4787 Dic,
3372 4738 3536 4793 rogo,
3597 4730 3900 4796 quomodo

2267 4802 2385 4857 ﬁeri
2412 4805 2601 4875 possit,
2650 4805 2890 4874 utjudex
2918 4809 3160 4862 omnium
3188 4809 3328 4863 diem
3370 4809 3578 4878 judicii
3630 4818 3897 4883 nesciat;

2266 4901 2319 4946 et
2349 4895 2440 4963 qui
2471 4897 2664 4950 merita
2702 4897 3037 4966 singulorum
3062 4900 3457 4967 dijudicaturus
3491 4915 3620 4969 est,
3661 4917 3904 4980 tempus

2272 4984 2510 5053 ejusdem
2538 4987 2804 5042 examinis
2836 4988 3078 5058 ignoret?
3107 4990 3182 5046 De
3211 4990 3361 5058 cujus
3382 4990 3707 5060 judiciaria
3738 5009 3904 5068 pote-

2274 5083 2415 5131 state
2442 5076 2610 5131 multo
2634 5087 2760 5132 ante
2787 5080 2838 5132 in
2864 5080 3086 5150 psalmis
3118 5083 3430 5152 prmdicitur
3462 5103 3475 5138 :
3502 5086 3680 5145 Deus
3713 5104 3912 5149 noster

2270 5173 2420 5229 tunc,
2450 5165 2583 5220 dicit
2623 5164 2893 5236 Propheta
2918 5210 2933 5234 ,
2977 5171 3306 5240 manifestius
3336 5176 3501 5229 veniet
3540 5196 3562 5230 :
3599 5178 3772 5236 Deus
3807 5201 3908 5237 no-

2268 5265 2377 5310 ster
2402 5266 2525 5310 tunc
2550 5274 2653 5311 non
2685 5258 2874 5312 silebit.
2911 5259 3059 5330 Ignis
3088 5261 3143 5316 in
3173 5274 3448 5334 conspectu
3472 5265 3612 5335 ejus
3639 5273 3911 5334 ardebit.

2267 5357 2315 5400 et
2341 5347 2396 5401 in
2418 5348 2640 5402 circuitu
2669 5349 2784 5418 ejus
2807 5359 3084 5420 tempestas
3108 5352 3284 5407 valida
3316 5370 3334 5407 :
3366 5355 3672 5413 advocavit
3699 5364 3911 5417 ccelum

2264 5437 2328 5490 de
2352 5453 2584 5503 sursum,
2606 5448 2654 5492 et
2682 5448 2879 5494 terram
2896 5441 3189 5497 discernere
3210 5444 3459 5514 populum
3487 5463 3682 5506 suum
3714 5451 3914 5528 (Psal.

2266 5571 2389 5652 quis
2408 5587 2439 5625 a
2465 5572 2613 5637 Deo;
2646 5589 2746 5629 nec
2771 5576 2824 5630 in
2848 5577 3098 5652 passione
3124 5580 3296 5648 possit
3324 5580 3490 5637 Deum
3544 5587 3634 5643 ab
3662 5591 3917 5650 homine

2271 5643 2601 5707 discernere,
2627 5653 2733 5698 etc.
2768 5666 2788 5697 ι

2337 5710 2365 5750 δ
2391 5710 2555 5767 chis
2589 5714 2795 5771 inclusa
2823 5731 2887 5771 ex
2917 5715 3178 5775 Cassiano
3207 5722 3449 5790 suppleta
3476 5736 3660 5783 sunt.
