3964 6186
296 286 402 342 197
1045 291 1462 352 DOGMATICA.
1496 327 1566 339 ——
1608 300 1769 356 ADV.
1810 302 2108 360 FELICEM
2146 307 2326 365 LIBRI
2367 312 2475 366 VII.
2517 345 2586 353 —
2625 316 2752 371 LIB.
2798 320 2858 373 Υ.
3469 335 3571 392 198

293 415 452 512 ηιξ,
474 401 533 466 5,
555 399 634 473 4).
664 401 732 510 lilt
775 418 844 461 ne
884 420 1194 475 ignorares,
1228 408 1300 463 de
1338 426 1449 481 quo
1497 412 1599 468 hoc
1626 414 1853 470 dixisset
1875 456 1889 479 ,
1918 418 1968 477 Δ
1998 424 2168 475 turus.
2200 420 2355 478 Hunc
2393 426 2638 483 eumdem
2682 428 2850 486 ﬁlium
2888 432 3143 505 hominis,
3168 440 3262 509 qui
3295 440 3571 512 judicatu—

289 494 460 565 panlo
482 503 614 595 ante
664 496 804 552 idem
846 500 1107 568 propheta
1143 504 1443 572 praemisit:
1479 505 1623 561 Deus
1664 507 1880 561 deorum
1990 523 2084 564 rus
2109 519 2194 566 est
2219 514 2504 579 mundum,
2533 516 2820 587 Apostolus
2849 522 3019 579 Deum
3046 494 3154 583 non

287 584 557 640 Baetim
579 584 783 644 locutus
807 599 883 643 est
907 588 959 661 (1
964 590 1092 655 bid.,
1126 592 1201 659 1).
1226 594 1360 662 Quis
1379 605 1463 651 est
1485 597 1594 663 ille,
1618 598 1760 653 Deus
1785 601 1881 670 qui
1987 598 2213 655 minare.
2247 601 2336 655 Ait
2364 605 2509 659 enim
2545 625 2557 659 :
2581 584 2846 681 —Alioquin
2870 617 3129 683 quomodo
3148 584 3569 692 Deus—judico?“

285 685 377 730 es;
417 678 665 742 deorum,
704 680 846 735 idem
879 679 1097 752 [Fui-ie,
1134 685 1188 740 id
1215 686 1322 759 est]
1351 698 1659 746 εεηοιοι-υιη
1700 691 1882 747 Domi-
1983 686 2122 742 hunc
2165 694 2418 748 mundum
2460 696 2635 767 (Rom.
2666 678 2748 764 tu,
2782 703 2835 775 6)
2854 678 2959 760 ?-et
2986 708 3113 784 alibi
3143 728 3155 762 :
3188 678 3568 784 Exspectantes

286 769 431 824 nus?
460 769 600 826 vere
632 772 858 827 οιηηίυο
892 772 1161 840 Christus,
1204 779 1294 846 qui
1314 777 1657 847 judicaiurus
1680 791 1766 838 est
1800 786 1880 839 vi-
1984 776 2186 831 beatam
2198 798 2338 851 spem
2353 793 2401 836 et
2417 785 2694 842 adventum
2715 769 2897 859 gloria:
2918 772 3093 866 magni
3112 769 3355 872 Dei(Tit.
3375 769 3563 877 11,15):

283 874 382 916 vos
407 875 476 916 ac
503 871 768 919 mortuos.
800 863 973 936 Hujus
994 865 1168 922 locum
1194 870 1494 939 prophetiae
1538 873 1725 930 beatus
1746 874 1879 931 Cas-
2010 959 2023 965 _
2049 868 2213 965 83"]
2241 870 2307 925 Χ.
2348 873 2404 928 In
2430 879 2777 946 sequentibus
2804 863 3019 955 Quoque
3047 863 3253 958 ponens
3281 863 3446 948 verba
3487 863 3568 965 ip-

282 955 547 1013 είοάοηιε
592 956 685 1028 (ιη
722 956 875 1012 Ρεαι,
922 974 1069 1025 nix,
1114 959 1165 1025 ί,
1206 960 1262 1032 5)
1295 961 1369 1016 ita
1410 963 1695 1019 declarat;
1734 984 1753 1017 ε
1799 966 1876 1021 Ne
1980 959 2092 1014 sius
2118 960 2393 1029 Veritatis,
2424 968 2620 1035 quibus
2648 971 2861 1027 cuidam
2893 955 3138 1034 diviti—se
3167 981 3366 1038 bonum
3391 955 3566 1058 magi-

281 1047 431 1117 quis,
479 1047 593 1113 ait,
622 1048 1054 1104 incarnationem
1082 1048 1288 1106 Christi
1323 1050 1582 1108 mediocri
1627 1055 1876 1110 crederet
1976 1058 2148 1104 strum
2176 1054 2474 1111 nominanti
2504 1062 2816 1129 respondit:
2854 1065 3022 1122 Nemo
3048 1070 3212 1125 bonus
3231 1113 3246 1137 ,
3277 1075 3380 1129 nisi
3419 1047 3564 1134 solus

280 1138 650 1194 aestimatione
672 1140 999 1209 poscendam
1024 1138 1422 1215 [pensandam],
1440 1146 1680 1214 potentia
1704 1146 1872 1216 ipsius
1973 1138 2118 1195 Deus
2144 1141 2294 1213 (Luc.
2320 1162 2471 1213 xviii,
2499 1149 2605 1221 l9),
2632 1152 2787 1207 valde
2812 1155 3272 1229 inconvenienter,
3297 1176 3563 1234 quantum

277 1238 409 1283 ante
438 1228 781 1298 “adicitur,
803 1238 866 1284 ut
887 1230 1052 1287 totius
1103 1231 1498 1290 incredulitatis
1516 1238 1753 1305 pravitas
1775 1253 1871 1292 au-
1974 1232 2043 1287 ad
2091 1234 2453 1308 intelligentia:
2482 1244 2715 1310 pertinet
2761 1248 3048 1315 rationem,
3078 1228 3268 1319 verba,
3310 1228 3519 1312 oFelix
3540 1298 3560 1325 ,
3657 1328 3663 1334 ἰ

277 1321 513 1376 feratur.
567 1321 651 1377 Dii
694 1321 977 1385 dicuntur,
1028 1323 1120 1393 qui
1171 1324 1328 1380 bonis
1372 1328 1868 1384 convcrsationibus
1972 1324 2297 1398 conjungis:
2334 1348 2351 1380 ι
2384 1331 2500 1400 Ipse
2534 1335 2701 1400 enim,
2732 1337 2837 1401 ais,
2887 1340 2980 1408 qui
3029 1343 3396 1400 essentialiter
3435 1362 3559 1403 cum

275 1414 516 1481 gratiam
549 1428 800 1483 superna:
848 1413 1148 1481 maiestatis
1176 1416 1478 1486 accipiunt;
1512 1418 1652 1473 sicut
1682 1420 1734 1473 in
1760 1419 1866 1474 alio
1969 1412 2133 1469 Patre
2183 1426 2237 1472 et
2266 1417 2469 1488 Spiritu
2503 1435 2693 1478 sancto
2738 1426 2886 1481 solus
2913 1438 2995 1483 est
3025 1430 3221 1499 bonus,
3253 1443 3339 1488 est
3380 1437 3556 1504 Deus,

272 1502 495 1558 Psalmo
528 1505 605 1559 ait
634 1522 648 1558 :
685 1503 800 1575 Ego
825 1506 958 1569 dixi,
985 1507 1060 1560 dii
1092 1508 1236 1572 estis,
1268 1518 1315 1561 et
1338 1508 1438 1577 ﬁlii
1477 1509 1665 1565 excelsi
1689 1529 1834 1567 omne

1970 1501 2084 1571 ipse
2112 1504 2166 1558 in
2198 1507 2473 1563 hominem
2503 1510 2629 1566 licet
2654 1514 2725 1568 sit
2762 1514 2957 1581 bonus,
2995 1534 3100 1573 non
3133 1529 3310 1578 tamen
3338 1501 3560 1581 natura;

272 1591 455 1653 (Psal.
489 1610 676 1658 um,
704 1594 779 1667 6).
809 1595 892 1651 lta
915 1612 1045 1668 ergo
1071 1596 1167 1652 ﬁlii
1192 1599 1462 1664 dicuntur,
1488 1600 1629 1656 sicut
1661 1610 1717 1658 et
1765 1604 1834 1659 dii

1966 1589 2091 1646 liter
2115 1608 2146 1646 a
2171 1597 2461 1667 semetipso
2496 1599 2557 1653 ﬁt
2585 1601 2781 1657 bonus.
2820 1624 2839 1656 ι
2876 1605 3153 1672 Quomodo
3192 1620 3337 1668 stare
3378 1625 3559 1685 potest

268 1686 419 1748 quod
463 1693 761 1755 utrumque
785 1687 963 1756 gratia
1002 1697 1254 1758 praestat,
1304 1706 1411 1745 non
1463 1699 1676 1747 natura.
1722 1693 1863 1749 Deus
1965 1684 2110 1752 quod
2154 1686 2312 1753 dicis,
2340 1689 2454 1758 ipse
2498 1701 2580 1746 est
2625 1692 2818 1760 bonus,
2861 1705 2916 1751 et
2952 1698 3065 1767 ipse
3097 1684 3419 1761 naturaliter
3446 1723 3553 1763 non

268 1783 456 1827 amem
520 1774 748 1828 deorum
813 1784 900 1830 es;
956 1775 1227 1832 Christus,
1271 1800 1288 1831 ,
1355 1780 1421 1834 Ei
1486 1781 1646 1850 paulo
1695 1793 1862 1852 post;
1897 1769 1943 1830 Β
1969 1779 2053 1827 est
2081 1772 2251 1830 bonus
2278 1776 2335 1830 in
2364 1782 2691 1851 semetipso?
2719 1784 2775 1838 Si
2802 1801 2901 1854 per
2924 1802 2982 1841 sc
3009 1790 3180 1845 bonus
3200 1802 3286 1847 est
3304 1810 3426 1850 cum
3449 1796 3554 1852 Pa-

274 1864 456 1919 ,ηεαδ
503 1866 652 1920 enim
688 1865 1120 1925 Christianorum
1159 1871 1273 1941 ipse
1309 1881 1393 1927 εει
1428 1873 1572 1930 Deus
1608 1876 1861 1944 deorum,
1965 1872 2048 1918 tre
2078 1873 2133 1919 et
2163 1865 2363 1937 Spiritu
2394 1882 2604 1940 sancto,
2634 1877 2820 1947 utique
2847 1889 2903 1934 et
2930 1881 3044 1952 ipse
3068 1884 3241 1941 bonus
3265 1897 3349 1942 est
3371 1891 3426 1943 in
3455 1892 3554 1945 ho—

262 1956 447 2025 quiet
494 1958 776 2028 manifeste
820 1961 983 2014 veniet
1041 1972 1090 2015 et
1143 1979 1249 2018 non
1297 1964 1488 2020 silebit.
1550 1966 1685 2023 Silet
1718 1969 1862 2024 enim
1962 1953 2111 2048 mille
2140 1969 2443 2029 θεευιηνιο»
2488 1978 2594 2018 11οη
2627 1966 2803 2022 aliena
2830 1969 3094 2039 bonitate:
3126 1977 3221 2031 sed
3265 1981 3503 2035 Italum“
3533 2024 3548 2048 ι

261 2051 450 2114 modo.
498 2067 626 2106 cum
664 2053 901 2108 mundus
944 2054 1050 2110 iste
1097 2058 1402 2128 peragitur;
1450 2075 1574 2114 cum
1613 2061 1834 2131 blasphe

1961 2047 2089 2115 quia
2120 2049 2254 2119 ipse,
2288 2060 2343 2106 et
2372 2053 2485 2122 ipse
2518 2072 2681 2111 unam
2711 2059 3100 2130 signiﬁcaverit
3128 2083 3419 2137 personam
3439 2113 3455 2138 ,
3495 2047 3552 2129 et

258 2142 403 2196 mias
453 2153 515 2198 et
563 2143 858 2214 sacrilegas
903 2160 1066 2201 voces
1114 2149 1396 2203 sententiae
1447 2165 1560 2205 sum
1603 2153 1862 2208 severita-

259 2242 351 2297 te,
400 2250 517 2289 non
556 2234 812 2300 damnat,
862 2236 957 2291 sed
999 2238 1069 2291 ad
1115 2240 1488 2295 conversionis
1532 2242 1858 2298 medicinam

256 2326 505 2381 sustinet
529 2335 868 2395 peccatores.
894 2326 1043 2384 Tunc
1066 2337 1247 2385 autem
1273 2346 1378 2385 non
1419 2331 1614 2397 silebit,
1641 2335 1858 2402 quando

252 2416 545 2471 sceleratis
565 2417 813 2471 dicturus
838 2426 956 2472 est:
996 2418 1172 2473 [tein
1220 2421 1392 2490 ignem
1438 2432 1714 2487 ceternum,
1766 2427 1855 2497 qui

252 2516 479 2577 paratus
509 2516 587 2562 est
615 2507 825 2562 diabolo
847 2519 897 2562 et
920 2509 1122 2580 angelis
1146 2511 1265 2581 'ejus
1294 2511 1510 2579 (Matth.
1534 2530 1662 2579 xxv,
1682 2513 1794 2587 4|).
1828 2537 1846 2570 ι

253 2595 410 2651 lianc
432 2611 627 2651 vocem
648 2606 873 2661 metuat.
901 2598 992 2668 qui
1025 2600 1185 2654 modo
1212 2603 1635 2672 nuncupativnm
1659 2612 1715 2658 et
1743 2621 1851 2660 non

247 2701 447 2741 verum
474 2687 645 2740 Deum
677 2688 840 2742 audet
875 2687 1250 2759 hlasphemare
1293 2688 1593 2757 Christum,
1627 2695 1719 2764 qui
1756 2692 1848 2762 ju-

246 2777 542 2833 dicaturus
563 2790 649 2834 est
695 2781 977 2835 mundum.
1010 2779 1354 2853 Nuncupatio
1376 2802 1483 2843 non
1509 2795 1593 2843 est
1620 2788 1674 2842 in
1704 2789 1846 2845 veri-

247 2875 366 2920 tate
385 2868 701 2938 potestatis,
732 2870 829 2925 sed
850 2870 905 2925 in
923 2872 1158 2928 nominis
1178 2877 1547 2932 tantummodo
1563 2879 1841 2950 dignitate.

1956 2150 2065 2190 non
2079 2146 2164 2192 est
2175 2138 2379 2195 alterin
2400 2142 2585 2209 Patre,
2601 2146 2739 2201 alter
2766 2149 2818 2203 in
2835 2151 3075 2208 homine.
3095 2154 3398 2215 Mirandum
3418 2178 3549 2220 vero

1956 2233 2062 2319 est,
2099 2230 2369 2297 quomodo
2415 2234 2675 2304 magister
2719 2238 2854 2293 velis
2901 2241 3019 2296 ﬁeri
3067 2244 3191 2300 ﬁdei
3236 2250 3546 2319 catholicae,

1952 2313 2083 2370 dum
2136 2319 2450 2387 verborum,
2497 2339 2597 2393 per
2652 2342 2770 2395 quae
2821 2328 2956 2385 ﬁdes
3005 2333 3226 2402 dicitur,
3280 2341 3546 2398 rationem

1952 2405 2188 2478 ignores.
2216 2408 2388 2466 Corde
2424 2415 2562 2468 enim
2594 2417 2826 2472 creditur
2842 2422 2913 2473 ad
2932 2422 3224 2492 justitiam,
3256 2447 3346 2485 ore
3366 2442 3541 2489 autem

1951 2498 2208 2567 confessio
2231 2501 2292 2570 ﬁt
2312 2503 2382 2556 ad
2400 2503 2621 2559 salutem
2651 2506 2829 2578 (Rom.
2863 2527 2917 2576 ι,
2959 2514 3255 2586 10).1ἰθριθ
3280 2521 3460 2592 itaque
3483 2525 3537 2580 in

1950 2591 2112 2647 corde
2125 2593 2328 2648 credita
2357 2598 2799 2656 convenientibus
2811 2619 2954 2660 vera:
2970 2606 3092 2663 ﬁdei
3116 2612 3295 2666 verbis
3305 2591 3540 2684 proferri

1949 2682 2162 2739 debent.
2190 2683 2295 2741 Sed
2319 2690 2561 2757 qumdam
2576 2691 2705 2747 mihi
2731 2696 2971 2767 suspicio
2994 2714 3058 2755 ex
3086 2682 3535 2765 antecedentibus

1947 2773 2072 2829 ﬁdei
2088 2784 2190 2831 tua!
2217 2778 2661 2851 professionibus,
2684 2803 2736 2840 In
2761 2789 2846 2845 his
2869 2794 3108 2849 nascitur
3130 2798 3330 2868 verbis,
3355 2809 3407 2857 te
3422 2804 3539 2873 qni-

1947 2867 2068 2923 dem
2081 2869 2219 2926 velle
2249 2887 2497 2929 asserere
2525 2875 2619 2931 Dei
2651 2877 2841 2935 Filium
2861 2922 2876 2948 ,
2905 2885 2998 2954 qui
3026 2886 3296 2944 hominem
3317 2867 3537 2948 assum-

244 2956 356 3026 ρυί
384 2960 609 3016 vocab};
631 2961 830 3017 οωιιιηι
865 2970 922 3017 ει
950 2972 1154 3020 tenam
1201 2967 1268 3020 ad
1291 2967 1576 3037 judicium,
1608 2986 1714 3024 ηοη
1750 2986 1844 3026 so-
1942 2957 2621 3026 psit,naturaliterbonum
2635 2984 2782 3035 esse;
2802 2973 3073 3030 hominem
3098 2994 3247 3046 vero,
3267 2997 3426 3052 quem
3450 3000 3538 3040 as-

243 3048 363 3104 lmn
414 3065 618 3105 nomen
653 3051 817 3107 habet
860 3052 1101 3120 deitatis,
1151 3057 1244 3111 sed
1295 3058 1463 3112 etiam
1517 3067 1834 3129 potestatem

1946 3051 2196 3120 sumpsit,
2225 3055 2461 3109 naturali
2484 3056 2729 3115 bonitate
2757 3061 2958 3118 bonum
2992 3082 3099 3121 non
3125 3048 3408 3128 esse—Sed
3432 3074 3536 3130 iste

237 3139 575 3196 divinitatis.
623 3142 692 3196 Et
732 3157 801 3197 ne
845 3142 986 3199 forte
1024 3147 1369 3204 contradieas
1405 3125 1575 3204 ﬁlium
1606 3151 1834 3208 hominis

1950 3147 2075 3196 tuus
2098 3157 2291 3198 sensus
2315 3146 2500 3203 multis
2530 3158 2734 3206 sancta:
2765 3150 3061 3224 Scriptura:
3090 3161 3414 3218 testimoniis
3436 3164 3534 3219 de-

238 3248 386 3297 esse,
418 3235 517 3305 qui
544 3234 711 3291 habet
733 3244 1055 3307 ροιεεωωω
1072 3238 1373 3309 judicandi,
1396 3242 1521 3297 audi
1547 3242 1676 3312 quid
1698 3244 1841 3300 idem
1944 3233 2191 3287 struitur.
2230 3235 2414 3292 Primo
2445 3254 2570 3294 cum
2600 3239 2797 3312 legitur
2822 3244 2878 3298 in
2903 3243 3123 3313 Genesi,
3152 3248 3319 3304 Deum
3346 3255 3529 3310 omnia

242 3324 360 3394 ipse
388 3324 462 3380 de
501 3340 601 3381 sua
631 3334 900 3397 potestate
936 3327 1169 3395 diceret;
1194 3328 1274 3384 ait
1301 3330 1446 3385 enim
1479 3349 1490 3385 :
1524 3329 1657 3385 Cum
1694 3349 1844 3388 vene-

242 3419 313 3471 rit
351 3418 505 3487 ﬁlius
547 3419 777 3473 hominis
808 3420 864 3474 in
894 3420 1169 3490 majestate
1210 3440 1333 3488 sua,
1361 3433 1410 3477 et
1449 3440 1625 3479 omnes
1668 3426 1842 3497 angeli

241 3525 364 3561 εισι
391 3525 479 3572 eo,
519 3519 648 3562 tunc
687 3510 886 3564 sedebit
911 3512 965 3564 in
997 3512 1117 3566 sede
1155 3512 1448 3582 majestatis
1477 3531 1588 3570 stuc
1620 3515 1835 3583 (Matth.

241 3613 372 3663 xxv,
394 3599 513 3671 5i).
551 3599 750 3656 Filium
790 3602 1024 3658 hominis
1050 3612 1289 3659 testatur
1317 3605 1372 3659 in
1402 3621 1500 3661 sua
1529 3607 1832 3677 majestate,

242 3698 297 3742 et
326 3705 436 3744 non
470 3690 525 3745 in
576 3690 751 3746 aliena
793 3707 1068 3748 sessurum
1115 3703 1172 3749 et
1207 3692 1598 3763 iudicaturum,
1646 3707 1701 3752 et
1750 3714 1837 3756 re-

239 3788 406 3849 gnum
440 3780 526 3835 sui
573 3780 754 3837 Patris
797 3783 1004 3839 sanctis
1053 3785 1328 3840 daturum.
1380 3786 1451 3840 Et
1476 3787 1602 3842 alibi
1631 3807 1642 3842 :
1674 3787 1837 3845 Pater

238 3871 571 3940 nonjudicat
595 3889 931 3945 quemquam,
955 3875 1045 3930 sed
1058 3893 1208 3931 omne
1224 3877 1490 3947 judicium
1506 3879 1647 3933 dedit
1667 3879 1829 3948 Filio,

237 3972 297 4014 ut
336 3978 517 4016 omnes
564 3962 907 4033 honoriﬁcent
935 3963 1156 4033 Filium,
1185 3967 1319 4021 sicut
1355 3967 1701 4038 honorificam
1730 3971 1835 4025 Pa—

235 4062 396 4107 trem.
445 4054 511 4109 Et
539 4055 703 4125 paulo
728 4064 850 4126 post
879 4076 891 4110 :
935 4054 1081 4112 Sicut
1105 4055 1270 4113 Pater
1297 4057 1449 4114 habet
1480 4061 1635 4114 vitam
1668 4063 1723 4115 in
1754 4080 1833 4117 se-

236 4145 579 4215 netipso,sic
592 4146 733 4199 dedit
750 4156 799 4200 et
821 4144 964 4200 Filio
986 4149 1145 4202 vitam
1171 4148 1361 4203 habere
1384 4150 1439 4202 in
1464 4152 1760 4218 semetipso,
1783 4164 1830 4206 et

228 4244 552 4303 potestatem
573 4235 713 4290 dedit
743 4237 792 4290 ei
805 4237 1071 4307 judicium
1092 4238 1285 4309 facere,
1309 4240 1435 4311 quia
1467 4239 1612 4309 ﬁlius
1664 4242 1832 4295 homi-

229 4327 317 4380 nis
334 4335 420 4380 est
453 4324 632 4395 (lauit.
666 4343 717 4393 v,
748 4328 839 4393 25,
868 4328 960 4394 26,
994 4330 1110 4399 27).
1141 4332 1208 4386 Et
1241 4347 1310 4387 ne
1344 4332 1450 4387 ulla
1485 4334 1706 4389 cuilibet
1724 4334 1826 4390 du-

228 4417 435 4473 bitatio
462 4420 838 4487 remansisset,
878 4422 1000 4490 quis
1027 4422 1099 4477 sit
1139 4423 1230 4493 qui
1261 4424 1313 4478 in
1339 4424 1545 4495 judicio
1575 4425 1828 4480 omnibus

1939 3324 2080 3380 bona
2110 3328 2437 3385 condidisse.
2460 3331 2528 3386 Et
2546 3347 2668 3388 cum
2682 3349 2781 3404 per
2802 3337 3042 3409 singulos
3085 3340 3203 3396 dies
3228 3342 3361 3398 dicit
3384 3343 3533 3400 Scri-

1935 3423 2097 3485 ptura
2121 3435 2133 3469 :
2172 3416 2311 3473 Vidit
2333 3419 2497 3489 Deus,
2521 3425 2662 3491 quod
2687 3426 2879 3481 bonum
2905 3439 3036 3485 esset
3061 3472 3074 3484 .
3098 3439 3153 3486 et
3173 3432 3297 3487 dum
3322 3436 3528 3500 omnia.

1936 3509 2079 3564 sicut
2104 3510 2213 3566 Deo
2238 3512 2460 3582 placuit,
2488 3526 2675 3572 creata
2705 3528 2852 3585 sunt,
2888 3521 3093 3577 dictum
3123 3533 3245 3578 est:
3282 3525 3349 3579 Et
3377 3537 3525 3593 erant

1937 3603 2113 3656 omnia
2135 3603 2282 3658 valde
2309 3606 2441 3660 bona
2463 3605 2617 3678 (Gen.
2645 3609 2685 3680 ι)
2713 3628 2726 3663 :
2749 3613 3017 3680 quomodo
3044 3613 3134 3670 ille
3161 3616 3323 3671 homo
3350 3617 3521 3687 solus,

1932 3709 2094 3764 quem
2120 3695 2236 3767 ipse
2266 3698 2361 3753 Dei
2387 3699 2587 3767 Filius,
2617 3718 2716 3773 per
2742 3719 2903 3772 quem
2952 3705 3095 3762 facta
3136 3719 3264 3764 sunt
3305 3712 3524 3779 omnia,

1936 3782 2038 3837 sibi
2068 3784 2121 3837 in
2152 3787 2416 3841 unitatem
2462 3804 2708 3857 personae
2752 3794 2807 3847 in
2836 3802 2994 3851 utero
3019 3798 3269 3869 virginali
3313 3815 3526 3856 assunt-

1932 3874 2061 3944 psit,
2100 3890 2207 3929 non
2235 3886 2355 3931 erat
2385 3880 2707 3935 naturaliter
2731 3882 2945 3938 bonus?
2973 3885 3109 3951 Quid
3147 3888 3200 3941 in
3234 3887 3325 3942 illa
3352 3890 3522 3945 mira-

1934 3965 2027 4019 bili
2056 3966 2123 4020 de
2146 3965 2351 4036 Spiritu
2380 3978 2568 4024 sancto
2599 3979 2652 4025 et
2677 3971 2928 4043 virginali
2954 3979 3308 4047 conceptione
3336 3990 3391 4035 et
3414 3997 3514 4035 na-

1934 4055 2159 4120 tivitate,
2191 4056 2399 4123 peccati
2425 4055 2545 4121 fuit,
2572 4067 2630 4112 ut
2653 4060 2827 4116 bonus
2858 4063 3178 4120 naturaliter
3206 4082 3314 4121 non
3343 4079 3511 4137 esset,

1933 4147 2026 4217 qui
2050 4155 2211 4202 natus
2235 4154 2339 4211 est,
2384 4156 2440 4202 et
2476 4148 2570 4202 Dei
2610 4149 2745 4205 Filio
2787 4152 2841 4206 in
2869 4153 3133 4210 unitatem
3171 4173 3421 4227 persona:
3463 4162 3516 4216 in

1934 4239 2051 4309 ipso
2076 4239 2299 4294 exordio
2324 4239 2721 4297 incarnationis
2743 4242 3065 4313 adjunctus?
3086 4245 3274 4303 Omnis
3298 4251 3518 4318 quidem

1932 4328 2216 4383 rationalis
2246 4337 2499 4385 creatura
2532 4341 2628 4387 aut
2666 4332 2804 4390 bona
2834 4343 2941 4401 est,
2983 4344 3078 4390 aut
3102 4338 3263 4392 mala.
3295 4339 3519 4410 Legitur

1931 4418 2075 4473 enim
2105 4419 2159 4473 in
2193 4418 2489 4491 Scripturis
2514 4424 2719 4479 sanctis
2748 4427 2971 4497 angelus
2997 4427 3191 4496 bonus,
3217 4438 3270 4485 et
3293 4431 3517 4501 angelus

226 4508 536 4573 videbitur,
566 4509 705 4565 idem
731 4486 921 4566 beatus
954 4486 1190 4569 Joannes
1224 4486 1556 4586 evangelista
1596 4518 1828 4588 prophe-
1859 4486 1908 4546 D
1930 4513 2108 4568 malus
2147 4528 2163 4568 :
2203 4514 2454 4570 similiter
2496 4524 2552 4571 et
2588 4518 2763 4574 bonus
2812 4520 2993 4586 homo,
3045 4530 3099 4577 et
3146 4522 3321 4577 malus
3353 4523 3516 4577 homo

226 4596 401 4651 ﬁcum
432 4597 489 4651 in
525 4610 593 4651 eo
628 4600 996 4655 teStimoninm
1023 4600 1354 4671 implendum
1386 4620 1507 4660 esse
1543 4607 1824 4677 praedixit;

224 4685 307 4739 ait
333 4687 488 4742 enim
517 4703 534 4739 :
575 4684 689 4741 Hoc
707 4698 877 4743 totum
898 4688 1101 4760 factum
1128 4699 1233 4757 est,
1277 4702 1334 4747 ut
1358 4692 1663 4765 impleretur
1686 4695 1827 4766 quod

222 4777 435 4834 dictum
473 4790 562 4850 est
590 4797 608 4835 :
633 4780 706 4835 Os
735 4798 838 4836 non
879 4782 1242 4838 comminuetis
1288 4800 1352 4838 ex
1395 4801 1475 4838 eo.
1521 4784 1592 4838 Et
1635 4786 1825 4840 iterum

222 4868 336 4924 alia
364 4870 655 4943 Scriptura
680 4873 848 4927 dicit:
888 4872 1169 4941 Videbunt,
1190 4876 1247 4929 in
1266 4892 1419 4947 quem
1444 4877 1825 4946 transﬁxerunt

221 4959 416 5031 (locis.
449 4979 569 5025 nx,
597 4962 715 5035 36).
748 4962 984 5020 Vulnera
1016 4966 1201 5036 itaque
1222 4967 1335 5021 veri
1362 4969 1609 5037 corporis
1629 4984 1822 5025 verum

220 5053 399 5110 ﬁlium
424 5055 666 5112 hominis
706 5056 1015 5123 ostendent,
1046 5058 1140 5129 qui
1178 5057 1522 5129 judicaturus
1541 5068 1622 5115 cst
1668 5076 1824 5115 mun—

214 5145 355 5200 dum
391 5164 408 5200 :
442 5145 619 5204 forma
649 5146 742 5204 illa
768 5149 873 5204 erit
890 5147 1204 5220 judex,qua
1225 5151 1373 5206 stetit
1400 5158 1526 5205 ante
1562 5150 1819 5221 jndicem.

214 5234 377 5292 Talis
415 5237 700 5307 apparebit
727 5239 917 5309 judex,
962 5240 1139 5309 qualis
1176 5241 1346 5296 videri
1386 5241 1557 5312 possit
1595 5242 1663 5297 ab
1699 5242 1779 5298 eis
1805 5283 1821 5308 ,

210 5345 364 5400 quos
398 5339 768 5387 eoronaturus
797 5332 923 5396 erit,
955 5332 1100 5386 etab
1145 5333 1249 5399 eis,
1281 5347 1419 5402 quos
1442 5331 1817 5389 damnaturus.

211 5419 339 5475 Hoc
366 5421 549 5488 ipsum
579 5423 781 5493 quippe
805 5422 1026 5479 Christo
1052 5426 1376 5480 ascendente
1401 5424 1576 5496 angeli
1606 5434 1834 5496 aposto~

208 5508 281 5564 lis
304 5510 691 5580 praedixerunt
719 5531 732 5566 :
760 5512 872 5577 Sic,
903 5514 1172 5584 inquiunt,
1204 5515 1817 5585 venietquemadmodum

208 5601 429 5656 uidistis
453 5620 575 5658 eum
604 5614 819 5659 euntem
843 5606 899 5661 in
928 5605 1115 5660 ctelum
1154 5607 1291 5679 (Act.
1325 5624 1373 5671 ι,
1405 5608 1517 5677 Η),
1546 5608 1598 5663 id
1626 5619 1730 5673 est,
1761 5608 1814 5663 in

207 5690 417 5745 eadem
446 5690 625 5747 forma
650 5694 836 5748 carnis
864 5703 1030 5764 atque
1071 5696 1370 5751 substantia
1396 5697 1575 5750 veniet
1609 5697 1818 5767 judica-

1930 4603 2044 4673 ipsa
2075 4604 2315 4661 Veritate
2342 4613 2632 4664 attestante
2675 4627 2688 4663 :
2720 4609 2899 4664 Bonus
2927 4611 3083 4665 homo
3121 4612 3187 4665 de
3228 4612 3360 4666 bono
3403 4614 3514 4668 tlte-

1926 4712 2086 4752 sauro
2108 4698 2281 4753 cordis
2306 4700 2388 4753 sui
2413 4700 2537 4771 (etsi
2560 4701 2765 4765 omnia,
2791 4716 2911 4769 quae
2935 4701 3077 4755 Deus
3105 4703 3332 4768 creavit,
3355 4712 3514 4759 erant

1926 4787 2083 4843 valde
2126 4787 2290 4860 bona)
2336 4790 2532 4860 profert
2562 4790 2697 4844 bona
2721 4804 2739 4840 .'
2789 4798 2836 4843 et
2862 4789 3036 4846 malus
3080 4792 3234 4848 homo
3271 4794 3336 4848 de
3367 4795 3511 4850 malo

1926 4876 2171 4931 thesauro
2196 4878 2369 4932 cordis
2396 4880 2478 4932 sui
2506 4880 2703 4949 profert
2747 4879 2890 4934 mala
2929 4880 3080 4953 (Luc.
3119 4900 3207 4949 η,
3237 4884 3350 4955 45).
3400 4884 3508 4941 Sed

1928 4969 2108 5023 omnia
2153 4984 2275 5039 qua:
2316 4969 2456 5025 bona
2488 4979 2630 5036 sunt,
2679 4973 3001 5030 naturaliter
3029 4975 3169 5031 bona
3215 4984 3361 5041 sunt,
3412 4977 3508 5032 Dei

1928 5061 2103 5132 gratia
2135 5071 2328 5134 agente
2357 5080 2371 5128 ;
2412 5079 2531 5132 quae
2559 5079 2688 5122 vero
2722 5066 2863 5121 mala
2893 5077 3038 5134 sunt,
3067 5086 3133 5125 ex
3163 5068 3384 5139 proprio
3421 5069 3505 5123 vi-

1930 5151 2004 5205 tio
2042 5151 2185 5205 mala
2215 5151 2538 5208 elﬁciuntur.
2572 5155 2852 5222 Quomodo
2895 5174 3027 5230 ergo
3051 5160 3300 5215 Christus
3339 5168 3503 5214 natu-

1928 5244 2117 5299 raliter
2172 5259 2279 5299 non
2337 5254 2423 5301 est
2475 5247 2684 5314 bonus,
2747 5266 2846 5320 per
2908 5266 3070 5319 quem
3122 5264 3346 5315 omnes,
3387 5251 3507 5321 qui-

1928 5350 2140 5404 cunque
2187 5335 2314 5391 boni
2363 5347 2530 5402 sunt,
2578 5339 2882 5395 elliciuntur
2919 5341 3084 5394 boni?
3139 5339 3291 5397 Sicut
3354 5343 3501 5397 enim

1927 5441 2094 5496 prope
2124 5424 2328 5499 [Forte,
2360 5428 2599 5501 proprie]
2632 5438 2715 5484 est
2739 5430 2908 5486 Filius
2936 5432 3051 5498 Dei,
3086 5448 3186 5503 per
3204 5448 3365 5503 quem
3388 5450 3506 5490 oin-

1926 5533 2023 5570 nes
2051 5519 2222 5572 sancti
2247 5518 2368 5572 Filii
2396 5520 2491 5574 Dei
2521 5519 2648 5575 facti
2674 5530 2801 5576 sunt
2839 5539 2852 5576 :
2884 5524 2956 5578 ita
2985 5525 3306 5581 naturaliter
3331 5526 3504 5581 bonus

1924 5618 2024 5670 est,
2074 5611 2189 5663 sine
2213 5625 2321 5678 quo
2365 5610 2544 5665 nullus
2570 5614 2894 5670 naturaliter
2920 5618 3120 5686 poterit
3145 5632 3267 5673 esse
3307 5618 3499 5674 bonus.

1927 5701 2097 5771 Hujus
2127 5718 2256 5758 vero
2288 5704 2654 5775 responsionis
2682 5705 2879 5763 Christi
2909 5709 3073 5765 verba
3097 5710 3289 5766 beatus
3313 5708 3511 5765 Hiero-
