  <div class='ocr_page' id='page_1' title='image "/cluster/home/n/w/nwhite01/storage/ocr_20150623/101/hvd.32044054759683/105.png"; bbox 0 0 3964 6186; ppageno 0'>
   <div class='ocr_carea' id='block_1_1' title="bbox 400 275 3672 387">
    <p class='ocr_par' dir='ltr' id='par_1_1' title="bbox 400 275 3672 387">
     <span class='ocr_line' id='line_1_1' title="bbox 400 275 3672 387; baseline -0.006 -8"><span class='ocrx_word' id='word_1_1' title='bbox 400 328 499 385; x_wconf 70' lang='grc' dir='ltr'><strong>ωε)</strong></span> <span class='ocrx_word' id='word_1_2' title='bbox 708 381 714 387; x_wconf 66' lang='grc'><em>,</em></span> <span class='ocrx_word' id='word_1_3' title='bbox 1238 316 1301 373; x_wconf 91' lang='lat' dir='ltr'><strong>B.</strong></span> <span class='ocrx_word' id='word_1_4' title='bbox 1342 316 1405 372; x_wconf 63' lang='grc' dir='ltr'><strong>Ρ.</strong></span> <span class='ocrx_word' id='word_1_5' title='bbox 1445 315 1675 372; x_wconf 77' lang='lat' dir='ltr'><strong>ALBlNl</strong></span> <span class='ocrx_word' id='word_1_6' title='bbox 1715 315 1848 372; x_wconf 72' lang='lat' dir='ltr'><strong>seu</strong></span> <span class='ocrx_word' id='word_1_7' title='bbox 1885 313 2160 372; x_wconf 83' lang='lat' dir='ltr'><strong>ALCUlNl</strong></span> <span class='ocrx_word' id='word_1_8' title='bbox 2196 311 2486 371; x_wconf 74' lang='lat' dir='ltr'><strong>openuu</strong></span> <span class='ocrx_word' id='word_1_9' title='bbox 2523 311 2704 369; x_wconf 65' lang='lat' dir='ltr'><strong>rans</strong></span> <span class='ocrx_word' id='word_1_10' title='bbox 2735 275 2822 368; x_wconf 71' lang='lat' dir='ltr'><strong>in.</strong></span> <span class='ocrx_word' id='word_1_11' title='bbox 3560 309 3672 370; x_wconf 75' lang='lat'><strong>9.30</strong></span> 
     </span>
    </p>
   </div>
   <div class='ocr_carea' id='block_1_2' title="bbox 392 419 3669 512">
    <p class='ocr_par' dir='ltr' id='par_1_2' title="bbox 392 419 3669 512">
     <span class='ocr_line' id='line_1_2' title="bbox 392 419 3669 512; baseline -0.006 -16"><span class='ocrx_word' id='word_1_12' title='bbox 392 453 588 512; x_wconf 81' lang='lat' dir='ltr'><strong>uymus</strong></span> <span class='ocrx_word' id='word_1_13' title='bbox 612 434 883 509; x_wconf 70' lang='lat' dir='ltr'><strong>presbiter</strong></span> <span class='ocrx_word' id='word_1_14' title='bbox 901 433 1059 504; x_wconf 89' lang='lat' dir='ltr'><strong>longe</strong></span> <span class='ocrx_word' id='word_1_15' title='bbox 1088 430 1269 494; x_wconf 84' lang='lat' dir='ltr'><strong>aliter,</strong></span> <span class='ocrx_word' id='word_1_16' title='bbox 1297 441 1464 498; x_wconf 90' lang='lat' dir='ltr'><strong>quam</strong></span> <span class='ocrx_word' id='word_1_17' title='bbox 1492 433 1549 480; x_wconf 88' lang='lat' dir='ltr'><strong>tu</strong></span> <span class='ocrx_word' id='word_1_18' title='bbox 1573 424 1797 491; x_wconf 88' lang='lat' dir='ltr'><strong>asseris,</strong></span> <span class='ocrx_word' id='word_1_19' title='bbox 1824 423 1983 480; x_wconf 90' lang='lat' dir='ltr'><strong>intel-</strong></span> <span class='ocrx_word' id='word_1_20' title='bbox 2005 429 2055 487; x_wconf 74' lang='grc' dir='ltr'>Α</span> <span class='ocrx_word' id='word_1_21' title='bbox 2084 424 2224 480; x_wconf 87' lang='lat' dir='ltr'><strong>sicut</strong></span> <span class='ocrx_word' id='word_1_22' title='bbox 2238 423 2458 480; x_wconf 86' lang='lat' dir='ltr'><strong>humani</strong></span> <span class='ocrx_word' id='word_1_23' title='bbox 2479 423 2697 497; x_wconf 76' lang='lat' dir='ltr'><strong>generis</strong></span> <span class='ocrx_word' id='word_1_24' title='bbox 2709 436 2875 479; x_wconf 88' lang='lat' dir='ltr'><strong>causa</strong></span> <span class='ocrx_word' id='word_1_25' title='bbox 2898 421 3175 491; x_wconf 86' lang='lat' dir='ltr'><strong>poscebat,</strong></span> <span class='ocrx_word' id='word_1_26' title='bbox 3202 420 3257 474; x_wconf 91' lang='lat' dir='ltr'><strong>in</strong></span> <span class='ocrx_word' id='word_1_27' title='bbox 3297 419 3470 475; x_wconf 82' lang='lat' dir='ltr'><strong>beata</strong></span> <span class='ocrx_word' id='word_1_28' title='bbox 3493 421 3669 493; x_wconf 82' lang='lat' dir='ltr'><strong>Virgi-</strong></span> 
     </span>
    </p>
   </div>
   <div class='ocr_carea' id='block_1_3' title="bbox 393 513 3675 607">
    <p class='ocr_par' dir='ltr' id='par_1_3' title="bbox 393 513 3675 607">
     <span class='ocr_line' id='line_1_3' title="bbox 393 513 3675 607; baseline -0.005 -19"><span class='ocrx_word' id='word_1_29' title='bbox 393 535 485 607; x_wconf 76' lang='lat' dir='ltr'><strong>ligi</strong></span> <span class='ocrx_word' id='word_1_30' title='bbox 512 531 704 595; x_wconf 88' lang='lat' dir='ltr'><strong>voluit,</strong></span> <span class='ocrx_word' id='word_1_31' title='bbox 736 538 796 584; x_wconf 91' lang='lat' dir='ltr'><strong>ut</strong></span> <span class='ocrx_word' id='word_1_32' title='bbox 822 529 874 583; x_wconf 89' lang='lat' dir='ltr'><strong>in</strong></span> <span class='ocrx_word' id='word_1_33' title='bbox 904 525 1223 598; x_wconf 79' lang='lat' dir='ltr'><strong>prascripto</strong></span> <span class='ocrx_word' id='word_1_34' title='bbox 1252 520 1370 591; x_wconf 80' lang='lat' dir='ltr'><strong>ejus</strong></span> <span class='ocrx_word' id='word_1_35' title='bbox 1389 517 1815 607; x_wconf 70' lang='lat' dir='ltr'><strong>Commentario,</strong></span> <span class='ocrx_word' id='word_1_36' title='bbox 1837 516 1981 573; x_wconf 90' lang='lat' dir='ltr'><strong>unde</strong></span> <span class='ocrx_word' id='word_1_37' title='bbox 2081 521 2166 577; x_wconf 90' lang='lat' dir='ltr'><strong>nis</strong></span> <span class='ocrx_word' id='word_1_38' title='bbox 2193 528 2351 575; x_wconf 89' lang='lat' dir='ltr'><strong>utero</strong></span> <span class='ocrx_word' id='word_1_39' title='bbox 2382 516 2603 573; x_wconf 85' lang='lat' dir='ltr'><strong>Verbum</strong></span> <span class='ocrx_word' id='word_1_40' title='bbox 2617 533 2741 572; x_wconf 85' lang='lat' dir='ltr'><strong>caro</strong></span> <span class='ocrx_word' id='word_1_41' title='bbox 2753 517 2952 588; x_wconf 82' lang='lat' dir='ltr'><strong>factum</strong></span> <span class='ocrx_word' id='word_1_42' title='bbox 2966 524 3061 579; x_wconf 81' lang='lat' dir='ltr'><strong>est,</strong></span> <span class='ocrx_word' id='word_1_43' title='bbox 3090 529 3191 569; x_wconf 83' lang='lat' dir='ltr'><strong>nec</strong></span> <span class='ocrx_word' id='word_1_44' title='bbox 3204 513 3537 607; x_wconf 28' lang='lat' dir='ltr'><strong>Deum‘illum</strong></span> <span class='ocrx_word' id='word_1_45' title='bbox 3553 514 3675 573; x_wconf 86' lang='lat' dir='ltr'><strong>sine</strong></span> 
     </span>
    </p>
   </div>
   <div class='ocr_carea' id='block_1_4' title="bbox 391 603 3678 698">
    <p class='ocr_par' dir='ltr' id='par_1_4' title="bbox 391 603 3678 698">
     <span class='ocr_line' id='line_1_4' title="bbox 391 603 3678 698; baseline -0.008 -17"><span class='ocrx_word' id='word_1_46' title='bbox 391 603 553 698; x_wconf 74' lang='lat' dir='ltr'><strong>paulo</strong></span> <span class='ocrx_word' id='word_1_47' title='bbox 568 632 692 677; x_wconf 88' lang='lat' dir='ltr'><strong>ante</strong></span> <span class='ocrx_word' id='word_1_48' title='bbox 718 619 997 692; x_wconf 88' lang='lat' dir='ltr'><strong>posuimus</strong></span> <span class='ocrx_word' id='word_1_49' title='bbox 1021 613 1353 677; x_wconf 88' lang='lat' dir='ltr'><strong>testimonia,</strong></span> <span class='ocrx_word' id='word_1_50' title='bbox 1376 609 1691 679; x_wconf 65' lang='lat' dir='ltr'><strong>legiturtzr</strong></span> <span class='ocrx_word' id='word_1_51' title='bbox 1715 606 1856 674; x_wconf 81' lang='lat' dir='ltr'><strong>Quid</strong></span> <span class='ocrx_word' id='word_1_52' title='bbox 1877 623 1978 673; x_wconf 83' lang='lat' dir='ltr'><strong>me,</strong></span> <span class='ocrx_word' id='word_1_53' title='bbox 2081 610 2205 675; x_wconf 86' lang='lat' dir='ltr'><strong>hoc,</strong></span> <span class='ocrx_word' id='word_1_54' title='bbox 2246 607 2392 679; x_wconf 87' lang='lat' dir='ltr'><strong>quod</strong></span> <span class='ocrx_word' id='word_1_55' title='bbox 2431 608 2594 662; x_wconf 90' lang='lat' dir='ltr'><strong>homo</strong></span> <span class='ocrx_word' id='word_1_56' title='bbox 2615 615 2729 671; x_wconf 87' lang='lat' dir='ltr'><strong>est;</strong></span> <span class='ocrx_word' id='word_1_57' title='bbox 2773 618 2873 660; x_wconf 91' lang='lat' dir='ltr'><strong>nec</strong></span> <span class='ocrx_word' id='word_1_58' title='bbox 2912 604 3185 658; x_wconf 86' lang='lat' dir='ltr'><strong>hominem</strong></span> <span class='ocrx_word' id='word_1_59' title='bbox 3224 603 3342 658; x_wconf 87' lang='lat' dir='ltr'><strong>sine</strong></span> <span class='ocrx_word' id='word_1_60' title='bbox 3380 603 3485 658; x_wconf 89' lang='lat' dir='ltr'><strong>hoc</strong></span> <span class='ocrx_word' id='word_1_61' title='bbox 3510 603 3678 660; x_wconf 84' lang='lat' dir='ltr'><strong>liceat</strong></span> 
     </span>
    </p>
   </div>
   <div class='ocr_carea' id='block_1_5' title="bbox 396 692 3676 788">
    <p class='ocr_par' dir='ltr' id='par_1_5' title="bbox 396 692 3676 788">
     <span class='ocr_line' id='line_1_5' title="bbox 396 692 3676 788; baseline -0.01 -16"><span class='ocrx_word' id='word_1_62' title='bbox 396 692 595 788; x_wconf 86' lang='lat' dir='ltr'><strong>inquit,</strong></span> <span class='ocrx_word' id='word_1_63' title='bbox 643 717 934 782; x_wconf 79' lang='lat' dir='ltr'><strong>interrogas</strong></span> <span class='ocrx_word' id='word_1_64' title='bbox 977 710 1041 764; x_wconf 85' lang='lat' dir='ltr'><strong>de</strong></span> <span class='ocrx_word' id='word_1_65' title='bbox 1093 707 1266 762; x_wconf 79' lang='lat' dir='ltr'><strong>bona?</strong></span> <span class='ocrx_word' id='word_1_66' title='bbox 1320 720 1457 759; x_wconf 79' lang='lat' dir='ltr'><strong>unus</strong></span> <span class='ocrx_word' id='word_1_67' title='bbox 1513 711 1588 756; x_wconf 80' lang='lat' dir='ltr'><strong>est</strong></span> <span class='ocrx_word' id='word_1_68' title='bbox 1631 702 1798 755; x_wconf 82' lang='lat' dir='ltr'><strong>bonus</strong></span> <span class='ocrx_word' id='word_1_69' title='bbox 1839 697 1983 752; x_wconf 80' lang='lat' dir='ltr'><strong>Deus</strong></span> <span class='ocrx_word' id='word_1_70' title='bbox 2082 701 2342 773; x_wconf 76' lang='lat' dir='ltr'><strong>cogitare,</strong></span> <span class='ocrx_word' id='word_1_71' title='bbox 2372 699 2517 769; x_wconf 83' lang='lat' dir='ltr'><strong>quod</strong></span> <span class='ocrx_word' id='word_1_72' title='bbox 2541 699 2685 753; x_wconf 87' lang='lat' dir='ltr'><strong>Deus</strong></span> <span class='ocrx_word' id='word_1_73' title='bbox 2711 704 2813 752; x_wconf 87' lang='lat' dir='ltr'><strong>est.</strong></span> <span class='ocrx_word' id='word_1_74' title='bbox 2846 694 3097 788; x_wconf 76' lang='lat' dir='ltr'><strong>Ostendit</strong></span> <span class='ocrx_word' id='word_1_75' title='bbox 3116 692 3201 766; x_wconf 80' lang='lat'><strong>[8.</strong></span> <span class='ocrx_word' id='word_1_76' title='bbox 3236 692 3360 788; x_wconf 52' lang='lat' dir='ltr'><strong>Leo,</strong></span> <span class='ocrx_word' id='word_1_77' title='bbox 3391 694 3676 767; x_wconf 65' lang='lat' dir='ltr'><strong>exprimiq</strong></span> 
     </span>
    </p>
   </div>
   <div class='ocr_carea' id='block_1_6' title="bbox 398 785 3679 882">
    <p class='ocr_par' dir='ltr' id='par_1_6' title="bbox 398 785 3679 882">
     <span class='ocr_line' id='line_1_6' title="bbox 398 785 3679 882; baseline -0.007 -18"><span class='ocrx_word' id='word_1_78' title='bbox 398 785 613 882; x_wconf 60' lang='lat' dir='ltr'><strong>(Matth.</strong></span> <span class='ocrx_word' id='word_1_79' title='bbox 644 823 758 871; x_wconf 77' lang='lat' dir='ltr'><strong>xix,</strong></span> <span class='ocrx_word' id='word_1_80' title='bbox 786 806 872 871; x_wconf 84' lang='lat' dir='ltr'><strong>l7;</strong></span> <span class='ocrx_word' id='word_1_81' title='bbox 898 803 1028 857; x_wconf 83' lang='lat' dir='ltr'><strong>Luc.</strong></span> <span class='ocrx_word' id='word_1_82' title='bbox 1056 817 1216 865; x_wconf 76' lang='lat' dir='ltr'><strong>xvtu,</strong></span> <span class='ocrx_word' id='word_1_83' title='bbox 1241 797 1351 867; x_wconf 87' lang='grc'><strong>19).</strong></span> <span class='ocrx_word' id='word_1_84' title='bbox 1384 796 1521 864; x_wconf 84' lang='lat' dir='ltr'><strong>Quia</strong></span> <span class='ocrx_word' id='word_1_85' title='bbox 1549 794 1868 866; x_wconf 81' lang='lat' dir='ltr'><strong>magistrum</strong></span> <span class='ocrx_word' id='word_1_86' title='bbox 1888 805 1985 848; x_wconf 91' lang='lat' dir='ltr'><strong>vo-</strong></span> <span class='ocrx_word' id='word_1_87' title='bbox 2083 792 2302 866; x_wconf 88' lang='lat' dir='ltr'><strong>quidem</strong></span> <span class='ocrx_word' id='word_1_88' title='bbox 2354 790 2455 847; x_wconf 86' lang='lat' dir='ltr'><strong>sub</strong></span> <span class='ocrx_word' id='word_1_89' title='bbox 2511 788 2784 882; x_wconf 78' lang='lat' dir='ltr'><strong>distinctis</strong></span> <span class='ocrx_word' id='word_1_90' title='bbox 2826 786 3132 882; x_wconf 72' lang='lat' dir='ltr'><strong>actionibus</strong></span> <span class='ocrx_word' id='word_1_91' title='bbox 3174 785 3463 882; x_wconf 78' lang='lat' dir='ltr'><strong>veritatem</strong></span> <span class='ocrx_word' id='word_1_92' title='bbox 3519 801 3679 882; x_wconf 81' lang='lat' dir='ltr'><strong>suam</strong></span> 
     </span>
    </p>
   </div>
   <div class='ocr_carea' id='block_1_7' title="bbox 395 875 3683 965">
    <p class='ocr_par' dir='ltr' id='par_1_7' title="bbox 395 875 3683 965">
     <span class='ocr_line' id='line_1_7' title="bbox 395 875 3683 965; baseline -0.009 -7"><span class='ocrx_word' id='word_1_93' title='bbox 395 875 617 958; x_wconf 81' lang='lat' dir='ltr'><strong>caverat</strong></span> <span class='ocrx_word' id='word_1_94' title='bbox 640 902 858 962; x_wconf 89' lang='lat' dir='ltr'><strong>bonum,</strong></span> <span class='ocrx_word' id='word_1_95' title='bbox 884 904 938 952; x_wconf 89' lang='lat' dir='ltr'><strong>et</strong></span> <span class='ocrx_word' id='word_1_96' title='bbox 964 911 1069 950; x_wconf 91' lang='lat' dir='ltr'><strong>non</strong></span> <span class='ocrx_word' id='word_1_97' title='bbox 1103 889 1320 965; x_wconf 86' lang='lat' dir='ltr'><strong>[Deum]</strong></span> <span class='ocrx_word' id='word_1_98' title='bbox 1352 888 1437 944; x_wconf 95' lang='lat' dir='ltr'><strong>vel</strong></span> <span class='ocrx_word' id='word_1_99' title='bbox 1467 888 1561 943; x_wconf 91' lang='lat' dir='ltr'><strong>Dei</strong></span> <span class='ocrx_word' id='word_1_100' title='bbox 1609 885 1812 940; x_wconf 89' lang='lat' dir='ltr'><strong>Filium</strong></span> <span class='ocrx_word' id='word_1_101' title='bbox 1853 898 1985 938; x_wconf 90' lang='lat' dir='ltr'><strong>con-</strong></span> <span class='ocrx_word' id='word_1_102' title='bbox 2083 892 2317 955; x_wconf 86' lang='lat' dir='ltr'><strong>utraque</strong></span> <span class='ocrx_word' id='word_1_103' title='bbox 2342 889 2564 946; x_wconf 90' lang='lat' dir='ltr'><strong>natura,</strong></span> <span class='ocrx_word' id='word_1_104' title='bbox 2595 879 2691 935; x_wconf 90' lang='lat' dir='ltr'><strong>sed</strong></span> <span class='ocrx_word' id='word_1_105' title='bbox 2736 886 2929 933; x_wconf 90' lang='lat' dir='ltr'><strong>neutra</strong></span> <span class='ocrx_word' id='word_1_106' title='bbox 2970 891 3029 931; x_wconf 90' lang='lat' dir='ltr'><strong>se</strong></span> <span class='ocrx_word' id='word_1_107' title='bbox 3070 875 3139 930; x_wconf 85' lang='lat' dir='ltr'><strong>ab</strong></span> <span class='ocrx_word' id='word_1_108' title='bbox 3187 875 3415 965; x_wconf 84' lang='lat' dir='ltr'><strong>alterius</strong></span> <span class='ocrx_word' id='word_1_109' title='bbox 3449 875 3683 943; x_wconf 73' lang='lat' dir='ltr'><strong>conjun-</strong></span> 
     </span>
    </p>
   </div>
   <div class='ocr_carea' id='block_1_8' title="bbox 398 964 3679 1057">
    <p class='ocr_par' dir='ltr' id='par_1_8' title="bbox 398 964 3679 1057">
     <span class='ocr_line' id='line_1_8' title="bbox 398 964 3679 1057; baseline -0.009 -8"><span class='ocrx_word' id='word_1_110' title='bbox 398 995 576 1049; x_wconf 84' lang='lat' dir='ltr'><strong>t‘essus</strong></span> <span class='ocrx_word' id='word_1_111' title='bbox 616 1000 754 1046; x_wconf 85' lang='lat' dir='ltr'><strong>erat.</strong></span> <span class='ocrx_word' id='word_1_112' title='bbox 785 988 948 1053; x_wconf 87' lang='lat' dir='ltr'><strong>Dicit,</strong></span> <span class='ocrx_word' id='word_1_113' title='bbox 978 964 1225 1057; x_wconf 80' lang='lat' dir='ltr'><strong>quemvis</strong></span> <span class='ocrx_word' id='word_1_114' title='bbox 1254 988 1501 1036; x_wconf 89' lang='lat' dir='ltr'><strong>sanctum</strong></span> <span class='ocrx_word' id='word_1_115' title='bbox 1525 978 1803 1034; x_wconf 86' lang='lat' dir='ltr'><strong>hominem</strong></span> <span class='ocrx_word' id='word_1_116' title='bbox 1831 988 1983 1030; x_wconf 87' lang='lat' dir='ltr'><strong>com-</strong></span> <span class='ocrx_word' id='word_1_117' title='bbox 2082 975 2264 1030; x_wconf 85' lang='lat' dir='ltr'><strong>ctione</strong></span> <span class='ocrx_word' id='word_1_118' title='bbox 2291 971 2569 1043; x_wconf 75' lang='lat' dir='ltr'><strong>disiungit.</strong></span> <span class='ocrx_word' id='word_1_119' title='bbox 2607 968 2751 1024; x_wconf 85' lang='lat' dir='ltr'><strong>Nihil</strong></span> <span class='ocrx_word' id='word_1_120' title='bbox 2777 968 2849 1023; x_wconf 88' lang='lat' dir='ltr'><strong>ibi</strong></span> <span class='ocrx_word' id='word_1_121' title='bbox 2876 966 2945 1022; x_wconf 91' lang='lat' dir='ltr'><strong>ad</strong></span> <span class='ocrx_word' id='word_1_122' title='bbox 2967 967 3198 1020; x_wconf 81' lang='lat' dir='ltr'><strong>invicem</strong></span> <span class='ocrx_word' id='word_1_123' title='bbox 3228 964 3465 1020; x_wconf 90' lang='lat' dir='ltr'><strong>alienum</strong></span> <span class='ocrx_word' id='word_1_124' title='bbox 3495 976 3679 1021; x_wconf 82' lang='lat' dir='ltr'><strong>vacat.</strong></span> 
     </span>
    </p>
   </div>
   <div class='ocr_carea' id='block_1_9' title="bbox 399 1060 3683 1153">
    <p class='ocr_par' dir='ltr' id='par_1_9' title="bbox 399 1060 3683 1153">
     <span class='ocr_line' id='line_1_9' title="bbox 399 1060 3683 1153; baseline -0.005 -19"><span class='ocrx_word' id='word_1_125' title='bbox 399 1083 680 1153; x_wconf 81' lang='lat' dir='ltr'><strong>paratione</strong></span> <span class='ocrx_word' id='word_1_126' title='bbox 728 1078 823 1133; x_wconf 89' lang='lat' dir='ltr'><strong>Dei</strong></span> <span class='ocrx_word' id='word_1_127' title='bbox 870 1092 975 1131; x_wconf 92' lang='lat' dir='ltr'><strong>non</strong></span> <span class='ocrx_word' id='word_1_128' title='bbox 1026 1088 1149 1129; x_wconf 89' lang='lat' dir='ltr'><strong>esse</strong></span> <span class='ocrx_word' id='word_1_129' title='bbox 1198 1073 1424 1135; x_wconf 87' lang='lat' dir='ltr'><strong>bonum,</strong></span> <span class='ocrx_word' id='word_1_130' title='bbox 1474 1069 1540 1124; x_wconf 87' lang='lat' dir='ltr'><strong>de</strong></span> <span class='ocrx_word' id='word_1_131' title='bbox 1580 1083 1688 1138; x_wconf 84' lang='lat' dir='ltr'><strong>quo</strong></span> <span class='ocrx_word' id='word_1_132' title='bbox 1726 1065 1925 1121; x_wconf 79' lang='lat' dir='ltr'><strong>dieitur</strong></span> <span class='ocrx_word' id='word_1_133' title='bbox 1965 1078 1982 1117; x_wconf 84' lang='lat'><strong>:</strong></span> <span class='ocrx_word' id='word_1_134' title='bbox 2084 1066 2198 1122; x_wconf 84' lang='lat' dir='ltr'><strong>Nec</strong></span> <span class='ocrx_word' id='word_1_135' title='bbox 2236 1067 2382 1122; x_wconf 89' lang='lat' dir='ltr'><strong>enim</strong></span> <span class='ocrx_word' id='word_1_136' title='bbox 2408 1064 2666 1120; x_wconf 87' lang='lat' dir='ltr'><strong>divinitas</strong></span> <span class='ocrx_word' id='word_1_137' title='bbox 2703 1062 2901 1117; x_wconf 85' lang='lat' dir='ltr'><strong>anima</strong></span> <span class='ocrx_word' id='word_1_138' title='bbox 2932 1060 3168 1115; x_wconf 90' lang='lat' dir='ltr'><strong>tristanti</strong></span> <span class='ocrx_word' id='word_1_139' title='bbox 3199 1068 3325 1115; x_wconf 89' lang='lat' dir='ltr'><strong>ante</strong></span> <span class='ocrx_word' id='word_1_140' title='bbox 3366 1061 3683 1131; x_wconf 86' lang='lat' dir='ltr'><strong>passionem</strong></span> 
     </span>
    </p>
   </div>
   <div class='ocr_carea' id='block_1_10' title="bbox 399 1153 3686 1239">
    <p class='ocr_par' dir='ltr' id='par_1_10' title="bbox 399 1153 3686 1239">
     <span class='ocr_line' id='line_1_10' title="bbox 399 1153 3686 1239; baseline -0.008 -14"><span class='ocrx_word' id='word_1_141' title='bbox 399 1161 734 1239; x_wconf 74' lang='lat' dir='ltr'><strong>Cbnﬁtemini</strong></span> <span class='ocrx_word' id='word_1_142' title='bbox 760 1167 985 1220; x_wconf 83' lang='lat' dir='ltr'><strong>Domino</strong></span> <span class='ocrx_word' id='word_1_143' title='bbox 1007 1164 1257 1230; x_wconf 83' lang='lat' dir='ltr'><strong>quoniam</strong></span> <span class='ocrx_word' id='word_1_144' title='bbox 1285 1161 1450 1215; x_wconf 77' lang='lat' dir='ltr'><strong>bonus</strong></span> <span class='ocrx_word' id='word_1_145' title='bbox 1478 1157 1653 1231; x_wconf 80' lang='lat' dir='ltr'><strong>(Psal.</strong></span> <span class='ocrx_word' id='word_1_146' title='bbox 1684 1173 1773 1222; x_wconf 85' lang='lat' dir='ltr'><strong>cv,</strong></span> <span class='ocrx_word' id='word_1_147' title='bbox 1803 1154 1877 1228; x_wconf 81' lang='grc'><strong>1).</strong></span> <span class='ocrx_word' id='word_1_148' title='bbox 1906 1153 1986 1210; x_wconf 85' lang='lat' dir='ltr'><strong>Ne</strong></span> <span class='ocrx_word' id='word_1_149' title='bbox 2086 1163 2278 1229; x_wconf 62' lang='lat' dir='ltr'><strong>defuit,</strong></span> <span class='ocrx_word' id='word_1_150' title='bbox 2307 1176 2409 1219; x_wconf 77' lang='lat' dir='ltr'><strong>nec</strong></span> <span class='ocrx_word' id='word_1_151' title='bbox 2445 1175 2667 1216; x_wconf 74' lang='lat' dir='ltr'><strong>carnem</strong></span> <span class='ocrx_word' id='word_1_152' title='bbox 2694 1173 2847 1214; x_wconf 80' lang='lat' dir='ltr'><strong>suam</strong></span> <span class='ocrx_word' id='word_1_153' title='bbox 2879 1157 2932 1211; x_wconf 85' lang='lat' dir='ltr'><strong>in</strong></span> <span class='ocrx_word' id='word_1_154' title='bbox 2973 1155 3228 1226; x_wconf 81' lang='lat' dir='ltr'><strong>passione</strong></span> <span class='ocrx_word' id='word_1_155' title='bbox 3254 1155 3510 1211; x_wconf 71' lang='lat' dir='ltr'><strong>deseruit,</strong></span> <span class='ocrx_word' id='word_1_156' title='bbox 3541 1156 3686 1211; x_wconf 69' lang='grc' dir='ltr'><strong>Τοω</strong></span> 
     </span>
    </p>
   </div>
   <div class='ocr_carea' id='block_1_11' title="bbox 396 1244 1961 1331">
    <p class='ocr_par' dir='ltr' id='par_1_11' title="bbox 396 1244 1956 1331">
     <span class='ocr_line' id='line_1_11' title="bbox 396 1244 1956 1331; baseline -0.011 -16"><span class='ocrx_word' id='word_1_157' title='bbox 396 1262 518 1331; x_wconf 88' lang='lat' dir='ltr'><strong>quis</strong></span> <span class='ocrx_word' id='word_1_158' title='bbox 543 1267 724 1314; x_wconf 88' lang='lat' dir='ltr'><strong>autem</strong></span> <span class='ocrx_word' id='word_1_159' title='bbox 752 1264 905 1328; x_wconf 88' lang='lat' dir='ltr'><strong>putet</strong></span> <span class='ocrx_word' id='word_1_160' title='bbox 925 1257 980 1310; x_wconf 90' lang='lat' dir='ltr'><strong>in</strong></span> <span class='ocrx_word' id='word_1_161' title='bbox 1003 1269 1089 1320; x_wconf 90' lang='lat' dir='ltr'><strong>eo,</strong></span> <span class='ocrx_word' id='word_1_162' title='bbox 1122 1252 1265 1323; x_wconf 87' lang='lat' dir='ltr'><strong>quod</strong></span> <span class='ocrx_word' id='word_1_163' title='bbox 1293 1252 1468 1306; x_wconf 89' lang='lat' dir='ltr'><strong>bonus</strong></span> <span class='ocrx_word' id='word_1_164' title='bbox 1494 1249 1755 1306; x_wconf 89' lang='lat' dir='ltr'><strong>Dominus</strong></span> <span class='ocrx_word' id='word_1_165' title='bbox 1780 1244 1956 1319; x_wconf 72' lang='grc' dir='ltr'><strong>[Ηὶετ.</strong></span> 
     </span>
    </p>
   </div>
   <div class='ocr_carea' id='block_1_12' title="bbox 2123 1244 3688 1331">
    <p class='ocr_par' dir='ltr' id='par_1_12' title="bbox 2123 1245 3688 1323">
     <span class='ocr_line' id='line_1_12' title="bbox 2123 1245 3688 1323; baseline -0.008 -10"><span class='ocrx_word' id='word_1_166' title='bbox 2123 1267 2171 1314; x_wconf 88' lang='lat' dir='ltr'><strong>st</strong></span> <span class='ocrx_word' id='word_1_167' title='bbox 2205 1257 2260 1311; x_wconf 90' lang='lat' dir='ltr'><strong>in</strong></span> <span class='ocrx_word' id='word_1_168' title='bbox 2299 1252 2588 1323; x_wconf 86' lang='lat' dir='ltr'><strong>majestate</strong></span> <span class='ocrx_word' id='word_1_169' title='bbox 2627 1249 2926 1315; x_wconf 90' lang='lat' dir='ltr'><strong>humilitas,</strong></span> <span class='ocrx_word' id='word_1_170' title='bbox 2964 1255 3077 1302; x_wconf 89' lang='lat' dir='ltr'><strong>tota</strong></span> <span class='ocrx_word' id='word_1_171' title='bbox 3127 1247 3180 1301; x_wconf 91' lang='lat' dir='ltr'><strong>in</strong></span> <span class='ocrx_word' id='word_1_172' title='bbox 3218 1245 3523 1302; x_wconf 88' lang='lat' dir='ltr'><strong>humilitate</strong></span> <span class='ocrx_word' id='word_1_173' title='bbox 3564 1262 3688 1301; x_wconf 87' lang='lat' dir='ltr'><strong>ma-</strong></span> 
     </span>
    </p>
   </div>
   <div class='ocr_carea' id='block_1_13' title="bbox 397 1336 3690 1427">
    <p class='ocr_par' dir='ltr' id='par_1_13' title="bbox 397 1336 3690 1427">
     <span class='ocr_line' id='line_1_13' title="bbox 397 1336 3690 1427; baseline -0.008 -17"><span class='ocrx_word' id='word_1_174' title='bbox 397 1353 562 1427; x_wconf 84' lang='lat' dir='ltr'><strong>Deus]</strong></span> <span class='ocrx_word' id='word_1_175' title='bbox 607 1353 827 1414; x_wconf 90' lang='lat' dir='ltr'><strong>dicitur,</strong></span> <span class='ocrx_word' id='word_1_176' title='bbox 878 1349 1089 1405; x_wconf 78' lang='lat' dir='ltr'><strong>excludi</strong></span> <span class='ocrx_word' id='word_1_177' title='bbox 1117 1364 1148 1402; x_wconf 85' lang='lat' dir='ltr'><strong>a</strong></span> <span class='ocrx_word' id='word_1_178' title='bbox 1179 1347 1421 1402; x_wconf 81' lang='lat' dir='ltr'><strong>bonitate</strong></span> <span class='ocrx_word' id='word_1_179' title='bbox 1464 1344 1659 1399; x_wconf 87' lang='lat' dir='ltr'><strong>Filium</strong></span> <span class='ocrx_word' id='word_1_180' title='bbox 1689 1341 1809 1407; x_wconf 88' lang='lat' dir='ltr'><strong>Dei,</strong></span> <span class='ocrx_word' id='word_1_181' title='bbox 1854 1339 1987 1412; x_wconf 90' lang='lat' dir='ltr'><strong>legi-</strong></span> <span class='ocrx_word' id='word_1_182' title='bbox 2080 1346 2273 1416; x_wconf 67' lang='lat' dir='ltr'><strong>jesms,</strong></span> <span class='ocrx_word' id='word_1_183' title='bbox 2328 1345 2538 1401; x_wconf 82' lang='lat' dir='ltr'><strong>Idcirco</strong></span> <span class='ocrx_word' id='word_1_184' title='bbox 2581 1341 2825 1412; x_wconf 80' lang='lat' dir='ltr'><strong>ejusdem</strong></span> <span class='ocrx_word' id='word_1_185' title='bbox 2869 1352 2955 1396; x_wconf 72' lang='grc' dir='ltr'><strong>εει</strong></span> <span class='ocrx_word' id='word_1_186' title='bbox 2995 1337 3353 1402; x_wconf 83' lang='lat' dir='ltr'><strong>contumelia,</strong></span> <span class='ocrx_word' id='word_1_187' title='bbox 3402 1336 3557 1406; x_wconf 84' lang='lat' dir='ltr'><strong>cujus</strong></span> <span class='ocrx_word' id='word_1_188' title='bbox 3595 1348 3690 1395; x_wconf 73' lang='lat' dir='ltr'><strong>est</strong></span> 
     </span>
    </p>
   </div>
   <div class='ocr_carea' id='block_1_14' title="bbox 395 1429 3685 1510">
    <p class='ocr_par' dir='ltr' id='par_1_14' title="bbox 395 1429 3685 1510">
     <span class='ocr_line' id='line_1_14' title="bbox 395 1429 3685 1510; baseline -0.009 -7"><span class='ocrx_word' id='word_1_189' title='bbox 395 1461 521 1503; x_wconf 85' lang='lat' dir='ltr'><strong>mus</strong></span> <span class='ocrx_word' id='word_1_190' title='bbox 549 1447 602 1499; x_wconf 90' lang='lat' dir='ltr'><strong>in</strong></span> <span class='ocrx_word' id='word_1_191' title='bbox 634 1444 739 1497; x_wconf 89' lang='lat' dir='ltr'><strong>alio</strong></span> <span class='ocrx_word' id='word_1_192' title='bbox 781 1442 934 1496; x_wconf 87' lang='lat' dir='ltr'><strong>loco:</strong></span> <span class='ocrx_word' id='word_1_193' title='bbox 973 1439 1164 1493; x_wconf 85' lang='lat' dir='ltr'><strong>Pastor</strong></span> <span class='ocrx_word' id='word_1_194' title='bbox 1194 1438 1358 1491; x_wconf 83' lang='lat' dir='ltr'><strong>bonus</strong></span> <span class='ocrx_word' id='word_1_195' title='bbox 1386 1436 1532 1507; x_wconf 78' lang='lat' dir='ltr'><strong>ponit</strong></span> <span class='ocrx_word' id='word_1_196' title='bbox 1574 1436 1809 1488; x_wconf 84' lang='lat' dir='ltr'><strong>animam</strong></span> <span class='ocrx_word' id='word_1_197' title='bbox 1833 1444 1986 1485; x_wconf 76' lang='lat' dir='ltr'><strong>suam</strong></span> <span class='ocrx_word' id='word_1_198' title='bbox 2087 1438 2280 1510; x_wconf 66' lang='lat' dir='ltr'><strong>gloria,</strong></span> <span class='ocrx_word' id='word_1_199' title='bbox 2324 1435 2447 1507; x_wconf 76' lang='lat' dir='ltr'><strong>Ipse</strong></span> <span class='ocrx_word' id='word_1_200' title='bbox 2486 1441 2571 1490; x_wconf 79' lang='lat' dir='ltr'><strong>est</strong></span> <span class='ocrx_word' id='word_1_201' title='bbox 2610 1432 2666 1488; x_wconf 82' lang='lat' dir='ltr'><strong>in</strong></span> <span class='ocrx_word' id='word_1_202' title='bbox 2712 1431 3048 1495; x_wconf 78' lang='lat' dir='ltr'><strong>inﬁrmitate,</strong></span> <span class='ocrx_word' id='word_1_203' title='bbox 3099 1429 3191 1499; x_wconf 85' lang='lat' dir='ltr'><strong>qui</strong></span> <span class='ocrx_word' id='word_1_204' title='bbox 3238 1438 3293 1483; x_wconf 83' lang='lat' dir='ltr'><strong>et</strong></span> <span class='ocrx_word' id='word_1_205' title='bbox 3330 1430 3383 1483; x_wconf 84' lang='lat' dir='ltr'><strong>in</strong></span> <span class='ocrx_word' id='word_1_206' title='bbox 3430 1429 3685 1485; x_wconf 74' lang='lat' dir='ltr'><strong>virtute;</strong></span> 
     </span>
    </p>
   </div>
   <div class='ocr_carea' id='block_1_15' title="bbox 398 1518 3691 1608">
    <p class='ocr_par' dir='ltr' id='par_1_15' title="bbox 398 1518 3691 1608">
     <span class='ocr_line' id='line_1_15' title="bbox 398 1518 3691 1608; baseline -0.006 -15"><span class='ocrx_word' id='word_1_207' title='bbox 398 1553 493 1608; x_wconf 84' lang='lat' dir='ltr'><strong>pro</strong></span> <span class='ocrx_word' id='word_1_208' title='bbox 524 1535 699 1590; x_wconf 64' lang='lat' dir='ltr'><strong>oribus</strong></span> <span class='ocrx_word' id='word_1_209' title='bbox 723 1533 831 1587; x_wconf 75' lang='lat' dir='ltr'><strong>suis</strong></span> <span class='ocrx_word' id='word_1_210' title='bbox 868 1530 1050 1603; x_wconf 81' lang='lat' dir='ltr'><strong>(Joan-</strong></span> <span class='ocrx_word' id='word_1_211' title='bbox 1084 1545 1138 1593; x_wconf 67' lang='grc' dir='ltr'><strong>κ,</strong></span> <span class='ocrx_word' id='word_1_212' title='bbox 1178 1527 1287 1599; x_wconf 74' lang='lat' dir='ltr'><strong>il).</strong></span> <span class='ocrx_word' id='word_1_213' title='bbox 1331 1526 1399 1581; x_wconf 77' lang='lat' dir='ltr'><strong>Et</strong></span> <span class='ocrx_word' id='word_1_214' title='bbox 1423 1527 1478 1580; x_wconf 85' lang='lat' dir='ltr'><strong>in</strong></span> <span class='ocrx_word' id='word_1_215' title='bbox 1514 1524 1827 1595; x_wconf 70' lang='lat' dir='ltr'><strong>Propheta:</strong></span> <span class='ocrx_word' id='word_1_216' title='bbox 1863 1519 1988 1591; x_wconf 68' lang='grc' dir='ltr'><strong>δρί-</strong></span> <span class='ocrx_word' id='word_1_217' title='bbox 2089 1529 2230 1584; x_wconf 89' lang='lat' dir='ltr'><strong>idem</strong></span> <span class='ocrx_word' id='word_1_218' title='bbox 2257 1526 2451 1582; x_wconf 88' lang='lat' dir='ltr'><strong>mortis</strong></span> <span class='ocrx_word' id='word_1_219' title='bbox 2488 1539 2680 1596; x_wconf 81' lang='lat' dir='ltr'><strong>capax,</strong></span> <span class='ocrx_word' id='word_1_220' title='bbox 2709 1530 2767 1577; x_wconf 89' lang='lat' dir='ltr'><strong>et</strong></span> <span class='ocrx_word' id='word_1_221' title='bbox 2802 1521 2940 1576; x_wconf 89' lang='lat' dir='ltr'><strong>idem</strong></span> <span class='ocrx_word' id='word_1_222' title='bbox 2970 1521 3145 1575; x_wconf 90' lang='lat' dir='ltr'><strong>victor</strong></span> <span class='ocrx_word' id='word_1_223' title='bbox 3169 1526 3254 1574; x_wconf 88' lang='lat' dir='ltr'><strong>est</strong></span> <span class='ocrx_word' id='word_1_224' title='bbox 3290 1519 3501 1575; x_wconf 91' lang='lat' dir='ltr'><strong>mortis.</strong></span> <span class='ocrx_word' id='word_1_225' title='bbox 3546 1518 3691 1574; x_wconf 85' lang='lat' dir='ltr'><strong>Sus-</strong></span> 
     </span>
    </p>
   </div>
   <div class='ocr_carea' id='block_1_16' title="bbox 399 1609 3687 1690">
    <p class='ocr_par' dir='ltr' id='par_1_16' title="bbox 399 1609 3687 1690">
     <span class='ocr_line' id='line_1_16' title="bbox 399 1609 3687 1690; baseline -0.005 -10"><span class='ocrx_word' id='word_1_226' title='bbox 399 1628 557 1680; x_wconf 83' lang='lat' dir='ltr'><strong>ritum</strong></span> <span class='ocrx_word' id='word_1_227' title='bbox 586 1626 796 1687; x_wconf 60' lang='lat' dir='ltr'><strong>bonum,</strong></span> <span class='ocrx_word' id='word_1_228' title='bbox 842 1631 1136 1690; x_wconf 79' lang='lat' dir='ltr'><strong>terramque</strong></span> <span class='ocrx_word' id='word_1_229' title='bbox 1170 1619 1358 1673; x_wconf 86' lang='lat' dir='ltr'><strong>bonam</strong></span> <span class='ocrx_word' id='word_1_230' title='bbox 1396 1613 1570 1689; x_wconf 68' lang='lat' dir='ltr'><strong>(Paul.</strong></span> <span class='ocrx_word' id='word_1_231' title='bbox 1602 1630 1772 1680; x_wconf 78' lang='lat' dir='ltr'><strong>cmi,</strong></span> <span class='ocrx_word' id='word_1_232' title='bbox 1807 1611 1919 1684; x_wconf 77' lang='lat'><strong>‘10).</strong></span> <span class='ocrx_word' id='word_1_233' title='bbox 1960 1631 1979 1663; x_wconf 79' lang='grc' dir='ltr'><strong><em>ι</em></strong></span> <span class='ocrx_word' id='word_1_234' title='bbox 2088 1618 2229 1689; x_wconf 87' lang='lat' dir='ltr'><strong>cepit</strong></span> <span class='ocrx_word' id='word_1_235' title='bbox 2264 1630 2394 1686; x_wconf 82' lang='lat' dir='ltr'><strong>ergo</strong></span> <span class='ocrx_word' id='word_1_236' title='bbox 2432 1621 2604 1670; x_wconf 88' lang='lat' dir='ltr'><strong>totum</strong></span> <span class='ocrx_word' id='word_1_237' title='bbox 2648 1612 2926 1667; x_wconf 84' lang='lat' dir='ltr'><strong>hominem</strong></span> <span class='ocrx_word' id='word_1_238' title='bbox 2968 1609 3133 1675; x_wconf 85' lang='lat' dir='ltr'><strong>Deus,</strong></span> <span class='ocrx_word' id='word_1_239' title='bbox 3172 1617 3226 1662; x_wconf 89' lang='lat' dir='ltr'><strong>et</strong></span> <span class='ocrx_word' id='word_1_240' title='bbox 3259 1609 3334 1663; x_wconf 86' lang='lat' dir='ltr'><strong>ita</strong></span> <span class='ocrx_word' id='word_1_241' title='bbox 3371 1624 3430 1665; x_wconf 88' lang='lat' dir='ltr'><strong>se</strong></span> <span class='ocrx_word' id='word_1_242' title='bbox 3475 1609 3550 1663; x_wconf 83' lang='lat' dir='ltr'><strong>illi</strong></span> <span class='ocrx_word' id='word_1_243' title='bbox 3591 1618 3687 1663; x_wconf 83' lang='lat' dir='ltr'><strong>at-</strong></span> 
     </span>
    </p>
   </div>
   <div class='ocr_carea' id='block_1_17' title="bbox 397 1701 3686 1785">
    <p class='ocr_par' dir='ltr' id='par_1_17' title="bbox 397 1701 3686 1785">
     <span class='ocr_line' id='line_1_17' title="bbox 397 1701 3686 1785; baseline -0.004 -16"><span class='ocrx_word' id='word_1_244' title='bbox 397 1714 514 1770; x_wconf 80' lang='lat' dir='ltr'><strong>Non</strong></span> <span class='ocrx_word' id='word_1_245' title='bbox 545 1714 705 1785; x_wconf 78' lang='lat' dir='ltr'><strong>igitur</strong></span> <span class='ocrx_word' id='word_1_246' title='bbox 731 1711 990 1765; x_wconf 89' lang='lat' dir='ltr'><strong>Dominus</strong></span> <span class='ocrx_word' id='word_1_247' title='bbox 1016 1724 1075 1764; x_wconf 87' lang='lat' dir='ltr'><strong>se</strong></span> <span class='ocrx_word' id='word_1_248' title='bbox 1102 1709 1301 1763; x_wconf 89' lang='lat' dir='ltr'><strong>bonum</strong></span> <span class='ocrx_word' id='word_1_249' title='bbox 1341 1713 1522 1778; x_wconf 76' lang='lat' dir='ltr'><strong>negat,</strong></span> <span class='ocrx_word' id='word_1_250' title='bbox 1549 1704 1644 1759; x_wconf 84' lang='lat' dir='ltr'><strong>sed</strong></span> <span class='ocrx_word' id='word_1_251' title='bbox 1670 1717 1791 1759; x_wconf 81' lang='lat' dir='ltr'><strong>esse</strong></span> <span class='ocrx_word' id='word_1_252' title='bbox 1815 1702 1985 1757; x_wconf 84' lang='lat' dir='ltr'><strong>Deum</strong></span> <span class='ocrx_word' id='word_1_253' title='bbox 2092 1722 2199 1778; x_wconf 91' lang='lat' dir='ltr'><strong>que</strong></span> <span class='ocrx_word' id='word_1_254' title='bbox 2249 1706 2401 1762; x_wconf 93' lang='lat' dir='ltr'><strong>illum</strong></span> <span class='ocrx_word' id='word_1_255' title='bbox 2464 1703 2567 1760; x_wconf 88' lang='lat' dir='ltr'><strong>sibi</strong></span> <span class='ocrx_word' id='word_1_256' title='bbox 2604 1701 2995 1758; x_wconf 80' lang='lat' dir='ltr'><strong>misericordia</strong></span> <span class='ocrx_word' id='word_1_257' title='bbox 3043 1709 3100 1756; x_wconf 90' lang='lat' dir='ltr'><strong>et</strong></span> <span class='ocrx_word' id='word_1_258' title='bbox 3141 1702 3430 1771; x_wconf 86' lang='lat' dir='ltr'><strong>potestatis</strong></span> <span class='ocrx_word' id='word_1_259' title='bbox 3465 1702 3686 1759; x_wconf 87' lang='lat' dir='ltr'><strong>ratione</strong></span> 
     </span>
    </p>
   </div>
   <div class='ocr_carea' id='block_1_18' title="bbox 398 1787 3689 1877">
    <p class='ocr_par' dir='ltr' id='par_1_18' title="bbox 398 1787 3689 1877">
     <span class='ocr_line' id='line_1_18' title="bbox 398 1787 3689 1877; baseline -0.005 -13"><span class='ocrx_word' id='word_1_260' title='bbox 398 1806 689 1877; x_wconf 81' lang='lat' dir='ltr'><strong>signiﬁcat.</strong></span> <span class='ocrx_word' id='word_1_261' title='bbox 728 1803 843 1857; x_wconf 82' lang='lat' dir='ltr'><strong>Non</strong></span> <span class='ocrx_word' id='word_1_262' title='bbox 877 1817 935 1857; x_wconf 87' lang='lat' dir='ltr'><strong>se</strong></span> <span class='ocrx_word' id='word_1_263' title='bbox 979 1800 1300 1871; x_wconf 77' lang='lat' dir='ltr'><strong>magistrum</strong></span> <span class='ocrx_word' id='word_1_264' title='bbox 1331 1798 1530 1852; x_wconf 84' lang='lat' dir='ltr'><strong>bonum</strong></span> <span class='ocrx_word' id='word_1_265' title='bbox 1560 1809 1668 1849; x_wconf 83' lang='lat' dir='ltr'><strong>non</strong></span> <span class='ocrx_word' id='word_1_266' title='bbox 1693 1807 1849 1857; x_wconf 66' lang='lat' dir='ltr'><strong>esse.</strong></span> <span class='ocrx_word' id='word_1_267' title='bbox 1892 1790 1988 1847; x_wconf 69' lang='grc' dir='ltr'><strong>θεά</strong></span> <span class='ocrx_word' id='word_1_268' title='bbox 2020 1787 2064 1848; x_wconf 78' lang='grc' dir='ltr'><strong><em>Β</em></strong></span> <span class='ocrx_word' id='word_1_269' title='bbox 2093 1796 2392 1862; x_wconf 86' lang='lat' dir='ltr'><strong>conseruit,</strong></span> <span class='ocrx_word' id='word_1_270' title='bbox 2417 1803 2478 1851; x_wconf 89' lang='lat' dir='ltr'><strong>ut</strong></span> <span class='ocrx_word' id='word_1_271' title='bbox 2505 1802 2738 1864; x_wconf 88' lang='lat' dir='ltr'><strong>utraque</strong></span> <span class='ocrx_word' id='word_1_272' title='bbox 2763 1792 2918 1848; x_wconf 88' lang='lat' dir='ltr'><strong>alteri</strong></span> <span class='ocrx_word' id='word_1_273' title='bbox 2951 1798 3144 1846; x_wconf 89' lang='lat' dir='ltr'><strong>natura</strong></span> <span class='ocrx_word' id='word_1_274' title='bbox 3184 1792 3417 1859; x_wconf 87' lang='lat' dir='ltr'><strong>inesset,</strong></span> <span class='ocrx_word' id='word_1_275' title='bbox 3463 1800 3518 1846; x_wconf 87' lang='lat' dir='ltr'><strong>et</strong></span> <span class='ocrx_word' id='word_1_276' title='bbox 3545 1807 3689 1846; x_wconf 90' lang='lat' dir='ltr'><strong>neu-</strong></span> 
     </span>
    </p>
   </div>
   <div class='ocr_carea' id='block_1_19' title="bbox 400 1882 3687 1968">
    <p class='ocr_par' dir='ltr' id='par_1_19' title="bbox 400 1882 3687 1968">
     <span class='ocr_line' id='line_1_19' title="bbox 400 1882 3687 1968; baseline -0.008 -5"><span class='ocrx_word' id='word_1_277' title='bbox 400 1897 722 1968; x_wconf 72' lang='lat' dir='ltr'><strong>magistrum</strong></span> <span class='ocrx_word' id='word_1_278' title='bbox 762 1895 965 1961; x_wconf 70' lang='lat' dir='ltr'><strong>absque</strong></span> <span class='ocrx_word' id='word_1_279' title='bbox 990 1890 1103 1945; x_wconf 66' lang='lat' dir='ltr'><strong>Deo</strong></span> <span class='ocrx_word' id='word_1_280' title='bbox 1128 1888 1330 1943; x_wconf 68' lang='lat' dir='ltr'><strong>&quot;unum</strong></span> <span class='ocrx_word' id='word_1_281' title='bbox 1361 1887 1562 1942; x_wconf 73' lang='lat' dir='ltr'><strong>bonum</strong></span> <span class='ocrx_word' id='word_1_282' title='bbox 1587 1898 1708 1939; x_wconf 69' lang='lat' dir='ltr'><strong>esse</strong></span> <span class='ocrx_word' id='word_1_283' title='bbox 1731 1890 1984 1937; x_wconf 67' lang='grc' dir='ltr'><strong>ιθεωωτο</strong></span> <span class='ocrx_word' id='word_1_284' title='bbox 2094 1896 2182 1944; x_wconf 84' lang='lat' dir='ltr'><strong>tra</strong></span> <span class='ocrx_word' id='word_1_285' title='bbox 2216 1888 2272 1942; x_wconf 91' lang='lat' dir='ltr'><strong>in</strong></span> <span class='ocrx_word' id='word_1_286' title='bbox 2312 1886 2544 1941; x_wconf 87' lang='lat' dir='ltr'><strong>alteram</strong></span> <span class='ocrx_word' id='word_1_287' title='bbox 2583 1900 2616 1939; x_wconf 87' lang='lat' dir='ltr'><strong>a</strong></span> <span class='ocrx_word' id='word_1_288' title='bbox 2656 1899 2753 1939; x_wconf 89' lang='lat' dir='ltr'><strong>sua</strong></span> <span class='ocrx_word' id='word_1_289' title='bbox 2793 1883 3131 1953; x_wconf 82' lang='lat' dir='ltr'><strong>proprietate</strong></span> <span class='ocrx_word' id='word_1_290' title='bbox 3178 1883 3454 1937; x_wconf 89' lang='lat' dir='ltr'><strong>transiret.</strong></span> <span class='ocrx_word' id='word_1_291' title='bbox 3501 1882 3687 1954; x_wconf 80' lang='lat' dir='ltr'><strong>Atque</strong></span> 
     </span>
    </p>
   </div>
   <div class='ocr_carea' id='block_1_20' title="bbox 479 1972 3686 2054">
    <p class='ocr_par' dir='ltr' id='par_1_20' title="bbox 479 1972 3686 2054">
     <span class='ocr_line' id='line_1_20' title="bbox 479 1972 3686 2054; baseline -0.004 -13"><span class='ocrx_word' id='word_1_292' title='bbox 479 1987 569 2042; x_wconf 73' lang='lat' dir='ltr'><strong>XI.</strong></span> <span class='ocrx_word' id='word_1_293' title='bbox 608 1986 781 2041; x_wconf 79' lang='lat' dir='ltr'><strong>Addis</strong></span> <span class='ocrx_word' id='word_1_294' title='bbox 801 1998 1034 2054; x_wconf 84' lang='lat' dir='ltr'><strong>quoqne,</strong></span> <span class='ocrx_word' id='word_1_295' title='bbox 1067 1980 1156 2035; x_wconf 86' lang='lat' dir='ltr'><strong>ubi</strong></span> <span class='ocrx_word' id='word_1_296' title='bbox 1187 1980 1255 2034; x_wconf 85' lang='lat' dir='ltr'><strong>de</strong></span> <span class='ocrx_word' id='word_1_297' title='bbox 1290 1978 1499 2034; x_wconf 82' lang='lat' dir='ltr'><strong>duabus</strong></span> <span class='ocrx_word' id='word_1_298' title='bbox 1544 1977 1599 2031; x_wconf 85' lang='lat' dir='ltr'><strong>in</strong></span> <span class='ocrx_word' id='word_1_299' title='bbox 1640 1973 1859 2031; x_wconf 74' lang='lat' dir='ltr'><strong>Christo</strong></span> <span class='ocrx_word' id='word_1_300' title='bbox 1890 1987 1989 2027; x_wconf 78' lang='lat' dir='ltr'><strong>na-</strong></span> <span class='ocrx_word' id='word_1_301' title='bbox 2095 1980 2170 2034; x_wconf 91' lang='lat' dir='ltr'><strong>ita</strong></span> <span class='ocrx_word' id='word_1_302' title='bbox 2208 1979 2263 2034; x_wconf 92' lang='lat' dir='ltr'><strong>in</strong></span> <span class='ocrx_word' id='word_1_303' title='bbox 2303 1993 2468 2034; x_wconf 88' lang='lat' dir='ltr'><strong>carne</strong></span> <span class='ocrx_word' id='word_1_304' title='bbox 2505 1976 2725 2047; x_wconf 85' lang='lat' dir='ltr'><strong>propria</strong></span> <span class='ocrx_word' id='word_1_305' title='bbox 2761 1989 2956 2044; x_wconf 90' lang='lat' dir='ltr'><strong>passus</strong></span> <span class='ocrx_word' id='word_1_306' title='bbox 2992 1982 3077 2028; x_wconf 89' lang='lat' dir='ltr'><strong>est</strong></span> <span class='ocrx_word' id='word_1_307' title='bbox 3106 1972 3459 2044; x_wconf 89' lang='lat' dir='ltr'><strong>impassihilis</strong></span> <span class='ocrx_word' id='word_1_308' title='bbox 3498 1973 3646 2029; x_wconf 89' lang='lat' dir='ltr'><strong>Deus</strong></span> <span class='ocrx_word' id='word_1_309' title='bbox 3667 2013 3686 2039; x_wconf 93' lang='lat'><strong>,</strong></span> 
     </span>
    </p>
   </div>
   <div class='ocr_carea' id='block_1_21' title="bbox 400 2062 3689 2148">
    <p class='ocr_par' dir='ltr' id='par_1_21' title="bbox 400 2062 3689 2148">
     <span class='ocr_line' id='line_1_21' title="bbox 400 2062 3689 2148; baseline -0.005 -13"><span class='ocrx_word' id='word_1_310' title='bbox 400 2080 539 2135; x_wconf 87' lang='lat' dir='ltr'><strong>turis</strong></span> <span class='ocrx_word' id='word_1_311' title='bbox 568 2078 854 2148; x_wconf 90' lang='lat' dir='ltr'><strong>disputas:</strong></span> <span class='ocrx_word' id='word_1_312' title='bbox 902 2096 929 2130; x_wconf 77' lang='grc' dir='ltr'><strong>,ι</strong></span> <span class='ocrx_word' id='word_1_313' title='bbox 961 2072 1316 2144; x_wconf 87' lang='lat' dir='ltr'><strong>lmpassibilis</strong></span> <span class='ocrx_word' id='word_1_314' title='bbox 1350 2072 1403 2125; x_wconf 92' lang='lat' dir='ltr'><strong>in</strong></span> <span class='ocrx_word' id='word_1_315' title='bbox 1450 2085 1571 2134; x_wconf 91' lang='lat' dir='ltr'><strong>suo,</strong></span> <span class='ocrx_word' id='word_1_316' title='bbox 1614 2066 1892 2138; x_wconf 87' lang='lat' dir='ltr'><strong>passibilis</strong></span> <span class='ocrx_word' id='word_1_317' title='bbox 1931 2065 1989 2120; x_wconf 89' lang='lat' dir='ltr'><strong>in</strong></span> <span class='ocrx_word' id='word_1_318' title='bbox 2093 2076 2156 2123; x_wconf 92' lang='lat' dir='ltr'><strong>ut</strong></span> <span class='ocrx_word' id='word_1_319' title='bbox 2198 2081 2386 2123; x_wconf 82' lang='lat' dir='ltr'><strong>veram</strong></span> <span class='ocrx_word' id='word_1_320' title='bbox 2423 2066 2754 2136; x_wconf 89' lang='lat' dir='ltr'><strong>passionem,</strong></span> <span class='ocrx_word' id='word_1_321' title='bbox 2798 2064 2925 2133; x_wconf 85' lang='lat' dir='ltr'><strong>quia</strong></span> <span class='ocrx_word' id='word_1_322' title='bbox 2974 2062 3181 2128; x_wconf 92' lang='lat' dir='ltr'><strong>voluit,</strong></span> <span class='ocrx_word' id='word_1_323' title='bbox 3240 2064 3293 2118; x_wconf 93' lang='lat' dir='ltr'><strong>in</strong></span> <span class='ocrx_word' id='word_1_324' title='bbox 3347 2078 3474 2117; x_wconf 83' lang='lat' dir='ltr'><strong>vera</strong></span> <span class='ocrx_word' id='word_1_325' title='bbox 3514 2079 3689 2119; x_wconf 87' lang='lat' dir='ltr'><strong>carne</strong></span> 
     </span>
    </p>
   </div>
   <div class='ocr_carea' id='block_1_22' title="bbox 402 2155 3687 2235">
    <p class='ocr_par' dir='ltr' id='par_1_22' title="bbox 402 2155 3687 2235">
     <span class='ocr_line' id='line_1_22' title="bbox 402 2155 3687 2235; baseline -0.003 -11"><span class='ocrx_word' id='word_1_326' title='bbox 402 2170 598 2224; x_wconf 91' lang='lat' dir='ltr'><strong>alieno.</strong></span> <span class='ocrx_word' id='word_1_327' title='bbox 638 2189 656 2221; x_wconf 75' lang='grc' dir='ltr'><strong><em>ι</em></strong></span> <span class='ocrx_word' id='word_1_328' title='bbox 697 2168 834 2235; x_wconf 86' lang='lat' dir='ltr'><strong>Quid</strong></span> <span class='ocrx_word' id='word_1_329' title='bbox 862 2166 999 2221; x_wconf 91' lang='lat' dir='ltr'><strong>dicis</strong></span> <span class='ocrx_word' id='word_1_330' title='bbox 1034 2164 1269 2218; x_wconf 88' lang='lat' dir='ltr'><strong>alienum</strong></span> <span class='ocrx_word' id='word_1_331' title='bbox 1317 2176 1438 2217; x_wconf 90' lang='lat' dir='ltr'><strong>esse</strong></span> <span class='ocrx_word' id='word_1_332' title='bbox 1485 2159 1585 2215; x_wconf 90' lang='lat' dir='ltr'><strong>Dei</strong></span> <span class='ocrx_word' id='word_1_333' title='bbox 1619 2158 1758 2213; x_wconf 88' lang='lat' dir='ltr'><strong>Filio</strong></span> <span class='ocrx_word' id='word_1_334' title='bbox 1798 2157 1854 2212; x_wconf 89' lang='lat' dir='ltr'><strong>in</strong></span> <span class='ocrx_word' id='word_1_335' title='bbox 1896 2155 1990 2210; x_wconf 90' lang='lat' dir='ltr'><strong>illa</strong></span> <span class='ocrx_word' id='word_1_336' title='bbox 2095 2159 2357 2224; x_wconf 85' lang='lat' dir='ltr'><strong>sentiret,</strong></span> <span class='ocrx_word' id='word_1_337' title='bbox 2394 2166 2451 2214; x_wconf 88' lang='lat' dir='ltr'><strong>et</strong></span> <span class='ocrx_word' id='word_1_338' title='bbox 2487 2158 2541 2213; x_wconf 88' lang='lat' dir='ltr'><strong>in</strong></span> <span class='ocrx_word' id='word_1_339' title='bbox 2566 2159 2847 2217; x_wconf 84' lang='lat' dir='ltr'><strong>divinitate</strong></span> <span class='ocrx_word' id='word_1_340' title='bbox 2871 2173 3098 2228; x_wconf 89' lang='lat' dir='ltr'><strong>prorsus</strong></span> <span class='ocrx_word' id='word_1_341' title='bbox 3126 2159 3533 2229; x_wconf 82' lang='lat' dir='ltr'><strong>impassihiliter</strong></span> <span class='ocrx_word' id='word_1_342' title='bbox 3552 2174 3687 2228; x_wconf 87' lang='lat' dir='ltr'><strong>per-</strong></span> 
     </span>
    </p>
   </div>
   <div class='ocr_carea' id='block_1_23' title="bbox 399 2247 3694 2326">
    <p class='ocr_par' dir='ltr' id='par_1_23' title="bbox 399 2247 3694 2326">
     <span class='ocr_line' id='line_1_23' title="bbox 399 2247 3694 2326; baseline -0.004 -6"><span class='ocrx_word' id='word_1_343' title='bbox 399 2260 742 2316; x_wconf 81' lang='lat' dir='ltr'><strong>suscenlione</strong></span> <span class='ocrx_word' id='word_1_344' title='bbox 771 2255 1148 2319; x_wconf 62' lang='lat' dir='ltr'><strong>humanitatis.</strong></span> <span class='ocrx_word' id='word_1_345' title='bbox 1195 2268 1316 2324; x_wconf 59' lang='lat' dir='ltr'><strong>qua?</strong></span> <span class='ocrx_word' id='word_1_346' title='bbox 1347 2252 1402 2306; x_wconf 77' lang='grc' dir='ltr'><strong>ίη</strong></span> <span class='ocrx_word' id='word_1_347' title='bbox 1432 2259 1639 2306; x_wconf 55' lang='lat' dir='ltr'><strong>tamam</strong></span> <span class='ocrx_word' id='word_1_348' title='bbox 1664 2256 1720 2305; x_wconf 73' lang='grc' dir='ltr'><strong>ει</strong></span> <span class='ocrx_word' id='word_1_349' title='bbox 1749 2257 1860 2303; x_wconf 59' lang='lat' dir='ltr'><strong>tam</strong></span> <span class='ocrx_word' id='word_1_350' title='bbox 1889 2247 1993 2303; x_wconf 80' lang='grc' dir='ltr'><strong>ωί·</strong></span> <span class='ocrx_word' id='word_1_351' title='bbox 2097 2264 2373 2323; x_wconf 87' lang='lat' dir='ltr'><strong>maneret;</strong></span> <span class='ocrx_word' id='word_1_352' title='bbox 2405 2272 2506 2312; x_wconf 91' lang='lat' dir='ltr'><strong>nec</strong></span> <span class='ocrx_word' id='word_1_353' title='bbox 2537 2256 2675 2311; x_wconf 88' lang='lat' dir='ltr'><strong>alius</strong></span> <span class='ocrx_word' id='word_1_354' title='bbox 2718 2256 3067 2326; x_wconf 89' lang='lat' dir='ltr'><strong>semetipsum</strong></span> <span class='ocrx_word' id='word_1_355' title='bbox 3116 2256 3277 2309; x_wconf 89' lang='lat' dir='ltr'><strong>morti</strong></span> <span class='ocrx_word' id='word_1_356' title='bbox 3325 2254 3573 2325; x_wconf 84' lang='lat' dir='ltr'><strong>dignatus</strong></span> <span class='ocrx_word' id='word_1_357' title='bbox 3616 2253 3694 2308; x_wconf 89' lang='lat' dir='ltr'><strong>sit</strong></span> 
     </span>
    </p>
   </div>
   <div class='ocr_carea' id='block_1_24' title="bbox 402 2342 3689 2416">
    <p class='ocr_par' dir='ltr' id='par_1_24' title="bbox 402 2342 3689 2416">
     <span class='ocr_line' id='line_1_24' title="bbox 402 2342 3689 2416; baseline -0.002 -12"><span class='ocrx_word' id='word_1_358' title='bbox 402 2349 629 2405; x_wconf 87' lang='lat' dir='ltr'><strong>rabilem</strong></span> <span class='ocrx_word' id='word_1_359' title='bbox 674 2365 797 2403; x_wconf 92' lang='lat' dir='ltr'><strong>cum</strong></span> <span class='ocrx_word' id='word_1_360' title='bbox 847 2347 943 2403; x_wconf 90' lang='lat' dir='ltr'><strong>Dei</strong></span> <span class='ocrx_word' id='word_1_361' title='bbox 982 2345 1118 2400; x_wconf 86' lang='lat' dir='ltr'><strong>Filio</strong></span> <span class='ocrx_word' id='word_1_362' title='bbox 1157 2352 1433 2415; x_wconf 90' lang='lat' dir='ltr'><strong>assumpta</strong></span> <span class='ocrx_word' id='word_1_363' title='bbox 1478 2349 1560 2398; x_wconf 89' lang='lat' dir='ltr'><strong>est</strong></span> <span class='ocrx_word' id='word_1_364' title='bbox 1597 2342 1887 2406; x_wconf 89' lang='lat' dir='ltr'><strong>unitatem,</strong></span> <span class='ocrx_word' id='word_1_365' title='bbox 1932 2348 1995 2394; x_wconf 89' lang='lat' dir='ltr'><strong>ut</strong></span> <span class='ocrx_word' id='word_1_366' title='bbox 2097 2346 2335 2411; x_wconf 88' lang='lat' dir='ltr'><strong>tradere,</strong></span> <span class='ocrx_word' id='word_1_367' title='bbox 2375 2361 2539 2416; x_wconf 89' lang='lat' dir='ltr'><strong>quam</strong></span> <span class='ocrx_word' id='word_1_368' title='bbox 2580 2344 2668 2400; x_wconf 90' lang='lat' dir='ltr'><strong>ille</strong></span> <span class='ocrx_word' id='word_1_369' title='bbox 2691 2344 2784 2415; x_wconf 89' lang='lat' dir='ltr'><strong>qui</strong></span> <span class='ocrx_word' id='word_1_370' title='bbox 2828 2344 2908 2400; x_wconf 92' lang='lat' dir='ltr'><strong>sic</strong></span> <span class='ocrx_word' id='word_1_371' title='bbox 2945 2344 3121 2414; x_wconf 90' lang='lat' dir='ltr'><strong>potuit</strong></span> <span class='ocrx_word' id='word_1_372' title='bbox 3151 2343 3390 2398; x_wconf 91' lang='lat' dir='ltr'><strong>moriens</strong></span> <span class='ocrx_word' id='word_1_373' title='bbox 3416 2342 3481 2396; x_wconf 86' lang='lat' dir='ltr'><strong>de</strong></span> <span class='ocrx_word' id='word_1_374' title='bbox 3504 2351 3689 2397; x_wconf 88' lang='lat' dir='ltr'><strong>morte</strong></span> 
     </span>
    </p>
   </div>
   <div class='ocr_carea' id='block_1_25' title="bbox 401 2428 3687 2505">
    <p class='ocr_par' dir='ltr' id='par_1_25' title="bbox 401 2428 3687 2505">
     <span class='ocr_line' id='line_1_25' title="bbox 401 2428 3687 2505; baseline -0.004 -11"><span class='ocrx_word' id='word_1_375' title='bbox 401 2456 543 2496; x_wconf 91' lang='lat' dir='ltr'><strong>unus</strong></span> <span class='ocrx_word' id='word_1_376' title='bbox 570 2448 738 2505; x_wconf 88' lang='lat' dir='ltr'><strong>esset,</strong></span> <span class='ocrx_word' id='word_1_377' title='bbox 767 2454 873 2493; x_wconf 90' lang='lat' dir='ltr'><strong>non</strong></span> <span class='ocrx_word' id='word_1_378' title='bbox 900 2437 1045 2492; x_wconf 89' lang='lat' dir='ltr'><strong>duo?</strong></span> <span class='ocrx_word' id='word_1_379' title='bbox 1080 2435 1227 2490; x_wconf 84' lang='lat' dir='ltr'><strong>Idem</strong></span> <span class='ocrx_word' id='word_1_380' title='bbox 1263 2435 1317 2488; x_wconf 91' lang='lat' dir='ltr'><strong>in</strong></span> <span class='ocrx_word' id='word_1_381' title='bbox 1349 2433 1650 2488; x_wconf 86' lang='lat' dir='ltr'><strong>divinitatis</strong></span> <span class='ocrx_word' id='word_1_382' title='bbox 1678 2430 1870 2502; x_wconf 88' lang='lat' dir='ltr'><strong>gloria,</strong></span> <span class='ocrx_word' id='word_1_383' title='bbox 1897 2428 1991 2500; x_wconf 87' lang='lat' dir='ltr'><strong>qui</strong></span> <span class='ocrx_word' id='word_1_384' title='bbox 2097 2438 2349 2502; x_wconf 72' lang='lat' dir='ltr'><strong>vincere,</strong></span> <span class='ocrx_word' id='word_1_385' title='bbox 2395 2444 2457 2491; x_wconf 74' lang='lat' dir='ltr'><strong>ut</strong></span> <span class='ocrx_word' id='word_1_386' title='bbox 2500 2444 2729 2490; x_wconf 77' lang='lat' dir='ltr'><strong>mortem</strong></span> <span class='ocrx_word' id='word_1_387' title='bbox 2776 2450 2884 2489; x_wconf 78' lang='lat' dir='ltr'><strong>non</strong></span> <span class='ocrx_word' id='word_1_388' title='bbox 2925 2434 3095 2505; x_wconf 80' lang='lat' dir='ltr'><strong>possit,</strong></span> <span class='ocrx_word' id='word_1_389' title='bbox 3144 2434 3198 2488; x_wconf 80' lang='lat' dir='ltr'><strong>in</strong></span> <span class='ocrx_word' id='word_1_390' title='bbox 3245 2441 3417 2488; x_wconf 84' lang='lat' dir='ltr'><strong>morte</strong></span> <span class='ocrx_word' id='word_1_391' title='bbox 3457 2430 3687 2486; x_wconf 85' lang='lat' dir='ltr'><strong>sentire.</strong></span> 
     </span>
    </p>
   </div>
   <div class='ocr_carea' id='block_1_26' title="bbox 403 2510 3695 2593">
    <p class='ocr_par' dir='ltr' id='par_1_26' title="bbox 403 2510 3695 2593">
     <span class='ocr_line' id='line_1_26' title="bbox 403 2510 3695 2593; baseline -0.003 -8"><span class='ocrx_word' id='word_1_392' title='bbox 403 2539 460 2585; x_wconf 87' lang='lat' dir='ltr'><strong>et</strong></span> <span class='ocrx_word' id='word_1_393' title='bbox 488 2532 542 2584; x_wconf 91' lang='lat' dir='ltr'><strong>in</strong></span> <span class='ocrx_word' id='word_1_394' title='bbox 573 2529 927 2584; x_wconf 86' lang='lat' dir='ltr'><strong>humanitatis</strong></span> <span class='ocrx_word' id='word_1_395' title='bbox 973 2510 1311 2589; x_wconf 66' lang='lat' dir='ltr'><strong>infirmitate,</strong></span> <span class='ocrx_word' id='word_1_396' title='bbox 1348 2524 1492 2578; x_wconf 90' lang='lat' dir='ltr'><strong>idem</strong></span> <span class='ocrx_word' id='word_1_397' title='bbox 1533 2521 1705 2576; x_wconf 86' lang='lat' dir='ltr'><strong>Filius</strong></span> <span class='ocrx_word' id='word_1_398' title='bbox 1732 2520 1850 2585; x_wconf 88' lang='lat' dir='ltr'><strong>Dei,</strong></span> <span class='ocrx_word' id='word_1_399' title='bbox 1897 2519 1991 2589; x_wconf 86' lang='lat' dir='ltr'><strong>qui</strong></span> <span class='ocrx_word' id='word_1_400' title='bbox 2100 2525 2208 2583; x_wconf 87' lang='lat' dir='ltr'><strong>Sed</strong></span> <span class='ocrx_word' id='word_1_401' title='bbox 2246 2528 2350 2582; x_wconf 90' lang='lat' dir='ltr'><strong>hoc</strong></span> <span class='ocrx_word' id='word_1_402' title='bbox 2387 2526 2751 2581; x_wconf 88' lang='lat' dir='ltr'><strong>certissimum</strong></span> <span class='ocrx_word' id='word_1_403' title='bbox 2811 2526 2952 2581; x_wconf 89' lang='lat' dir='ltr'><strong>scire</strong></span> <span class='ocrx_word' id='word_1_404' title='bbox 2994 2524 3285 2589; x_wconf 90' lang='lat' dir='ltr'><strong>debemus,</strong></span> <span class='ocrx_word' id='word_1_405' title='bbox 3327 2522 3469 2593; x_wconf 74' lang='lat' dir='ltr'><strong>quod</strong></span> <span class='ocrx_word' id='word_1_406' title='bbox 3525 2520 3695 2591; x_wconf 58' lang='lat' dir='ltr'><strong>quid.</strong></span> 
     </span>
    </p>
   </div>
   <div class='ocr_carea' id='block_1_27' title="bbox 404 2610 3689 2687">
    <p class='ocr_par' dir='ltr' id='par_1_27' title="bbox 404 2610 3689 2687">
     <span class='ocr_line' id='line_1_27' title="bbox 404 2610 3689 2687; baseline -0.004 -10"><span class='ocrx_word' id='word_1_407' title='bbox 404 2633 460 2679; x_wconf 84' lang='lat' dir='ltr'><strong>et</strong></span> <span class='ocrx_word' id='word_1_408' title='bbox 496 2622 638 2677; x_wconf 88' lang='lat' dir='ltr'><strong>ﬁlius</strong></span> <span class='ocrx_word' id='word_1_409' title='bbox 682 2620 935 2681; x_wconf 89' lang='lat' dir='ltr'><strong>hominis,</strong></span> <span class='ocrx_word' id='word_1_410' title='bbox 967 2626 1021 2672; x_wconf 86' lang='lat' dir='ltr'><strong>et</strong></span> <span class='ocrx_word' id='word_1_411' title='bbox 1061 2617 1205 2671; x_wconf 88' lang='lat' dir='ltr'><strong>idem</strong></span> <span class='ocrx_word' id='word_1_412' title='bbox 1238 2615 1380 2669; x_wconf 77' lang='lat' dir='ltr'><strong>illius</strong></span> <span class='ocrx_word' id='word_1_413' title='bbox 1422 2613 1659 2669; x_wconf 85' lang='lat' dir='ltr'><strong>hominis</strong></span> <span class='ocrx_word' id='word_1_414' title='bbox 1684 2611 1857 2682; x_wconf 84' lang='lat' dir='ltr'><strong>quiet</strong></span> <span class='ocrx_word' id='word_1_415' title='bbox 1900 2610 1992 2665; x_wconf 77' lang='lat' dir='ltr'><strong>Fi—</strong></span> <span class='ocrx_word' id='word_1_416' title='bbox 2098 2617 2227 2686; x_wconf 86' lang='lat' dir='ltr'><strong>quid</strong></span> <span class='ocrx_word' id='word_1_417' title='bbox 2263 2616 2568 2671; x_wconf 84' lang='lat' dir='ltr'><strong>vexationis</strong></span> <span class='ocrx_word' id='word_1_418' title='bbox 2589 2624 2643 2671; x_wconf 89' lang='lat' dir='ltr'><strong>et</strong></span> <span class='ocrx_word' id='word_1_419' title='bbox 2679 2616 2948 2687; x_wconf 88' lang='lat' dir='ltr'><strong>passionis</strong></span> <span class='ocrx_word' id='word_1_420' title='bbox 2978 2613 3131 2669; x_wconf 80' lang='lat' dir='ltr'><strong>furor</strong></span> <span class='ocrx_word' id='word_1_421' title='bbox 3165 2614 3346 2669; x_wconf 91' lang='lat' dir='ltr'><strong>intulit</strong></span> <span class='ocrx_word' id='word_1_422' title='bbox 3373 2613 3689 2683; x_wconf 86' lang='lat' dir='ltr'><strong>impiorum,</strong></span> 
     </span>
    </p>
   </div>
   <div class='ocr_carea' id='block_1_28' title="bbox 405 2702 3700 2779">
    <p class='ocr_par' dir='ltr' id='par_1_28' title="bbox 405 2702 3700 2779">
     <span class='ocr_line' id='line_1_28' title="bbox 405 2702 3700 2779; baseline -0.003 -9"><span class='ocrx_word' id='word_1_423' title='bbox 405 2716 511 2770; x_wconf 89' lang='lat' dir='ltr'><strong>lius</strong></span> <span class='ocrx_word' id='word_1_424' title='bbox 559 2713 671 2768; x_wconf 87' lang='lat' dir='ltr'><strong>Dei.</strong></span> <span class='ocrx_word' id='word_1_425' title='bbox 706 2711 846 2779; x_wconf 80' lang='lat' dir='ltr'><strong>Quid</strong></span> <span class='ocrx_word' id='word_1_426' title='bbox 892 2709 1037 2764; x_wconf 89' lang='lat' dir='ltr'><strong>enim</strong></span> <span class='ocrx_word' id='word_1_427' title='bbox 1087 2707 1140 2761; x_wconf 90' lang='lat' dir='ltr'><strong>in</strong></span> <span class='ocrx_word' id='word_1_428' title='bbox 1187 2707 1289 2762; x_wconf 86' lang='lat' dir='ltr'><strong>hac</strong></span> <span class='ocrx_word' id='word_1_429' title='bbox 1335 2703 1713 2773; x_wconf 86' lang='lat' dir='ltr'><strong>conjunctione</strong></span> <span class='ocrx_word' id='word_1_430' title='bbox 1755 2702 1993 2758; x_wconf 85' lang='lat' dir='ltr'><strong>alienum</strong></span> <span class='ocrx_word' id='word_1_431' title='bbox 2097 2723 2205 2763; x_wconf 85' lang='lat' dir='ltr'><strong>non</strong></span> <span class='ocrx_word' id='word_1_432' title='bbox 2252 2708 2319 2762; x_wconf 88' lang='lat' dir='ltr'><strong>de</strong></span> <span class='ocrx_word' id='word_1_433' title='bbox 2360 2708 2685 2763; x_wconf 90' lang='lat' dir='ltr'><strong>necessitate</strong></span> <span class='ocrx_word' id='word_1_434' title='bbox 2735 2708 3025 2763; x_wconf 90' lang='lat' dir='ltr'><strong>toleratum</strong></span> <span class='ocrx_word' id='word_1_435' title='bbox 3063 2748 3079 2773; x_wconf 94' lang='lat'><strong>,</strong></span> <span class='ocrx_word' id='word_1_436' title='bbox 3121 2708 3217 2762; x_wconf 74' lang='lat' dir='ltr'><strong>sed</strong></span> <span class='ocrx_word' id='word_1_437' title='bbox 3278 2706 3346 2761; x_wconf 90' lang='lat' dir='ltr'><strong>de</strong></span> <span class='ocrx_word' id='word_1_438' title='bbox 3407 2705 3700 2760; x_wconf 77' lang='lat' dir='ltr'><strong>voluntate</strong></span> 
     </span>
    </p>
   </div>
   <div class='ocr_carea' id='block_1_29' title="bbox 403 2793 3695 2877">
    <p class='ocr_par' dir='ltr' id='par_1_29' title="bbox 403 2793 3695 2877">
     <span class='ocr_line' id='line_1_29' title="bbox 403 2793 3695 2877; baseline -0.003 -17"><span class='ocrx_word' id='word_1_439' title='bbox 403 2806 582 2877; x_wconf 88' lang='lat' dir='ltr'><strong>potuit</strong></span> <span class='ocrx_word' id='word_1_440' title='bbox 606 2818 749 2868; x_wconf 86' lang='lat' dir='ltr'><strong>esse,</strong></span> <span class='ocrx_word' id='word_1_441' title='bbox 775 2801 903 2855; x_wconf 89' lang='lat' dir='ltr'><strong>dum</strong></span> <span class='ocrx_word' id='word_1_442' title='bbox 926 2814 1116 2855; x_wconf 91' lang='lat' dir='ltr'><strong>omnes</strong></span> <span class='ocrx_word' id='word_1_443' title='bbox 1137 2806 1293 2854; x_wconf 90' lang='lat' dir='ltr'><strong>actus</strong></span> <span class='ocrx_word' id='word_1_444' title='bbox 1313 2806 1671 2867; x_wconf 89' lang='lat' dir='ltr'><strong>utrarumque</strong></span> <span class='ocrx_word' id='word_1_445' title='bbox 1698 2796 1752 2851; x_wconf 92' lang='lat' dir='ltr'><strong>in</strong></span> <span class='ocrx_word' id='word_1_446' title='bbox 1774 2794 1993 2851; x_wconf 91' lang='lat' dir='ltr'><strong>Christo</strong></span> <span class='ocrx_word' id='word_1_447' title='bbox 2097 2807 2407 2868; x_wconf 87' lang='lat' dir='ltr'><strong>susceptum</strong></span> <span class='ocrx_word' id='word_1_448' title='bbox 2445 2804 2531 2854; x_wconf 83' lang='lat' dir='ltr'><strong>est</strong></span> <span class='ocrx_word' id='word_1_449' title='bbox 2577 2816 2590 2852; x_wconf 93' lang='lat'><strong>:</strong></span> <span class='ocrx_word' id='word_1_450' title='bbox 2631 2818 2649 2851; x_wconf 75' lang='grc' dir='ltr'><strong><em>ι</em></strong></span> <span class='ocrx_word' id='word_1_451' title='bbox 2699 2799 2866 2855; x_wconf 88' lang='lat' dir='ltr'><strong>veluti</strong></span> <span class='ocrx_word' id='word_1_452' title='bbox 2914 2800 3081 2854; x_wconf 90' lang='lat' dir='ltr'><strong>etiam</strong></span> <span class='ocrx_word' id='word_1_453' title='bbox 3122 2798 3327 2863; x_wconf 90' lang='lat' dir='ltr'><strong>omnia,</strong></span> <span class='ocrx_word' id='word_1_454' title='bbox 3375 2810 3494 2867; x_wconf 84' lang='lat' dir='ltr'><strong>qua</strong></span> <span class='ocrx_word' id='word_1_455' title='bbox 3530 2793 3695 2849; x_wconf 61' lang='lat' dir='ltr'><strong>inﬁr.</strong></span> 
     </span>
    </p>
   </div>
   <div class='ocr_carea' id='block_1_30' title="bbox 406 2886 3697 2963">
    <p class='ocr_par' dir='ltr' id='par_1_30' title="bbox 406 2886 3697 2963">
     <span class='ocr_line' id='line_1_30' title="bbox 406 2886 3697 2963; baseline -0.003 -10"><span class='ocrx_word' id='word_1_456' title='bbox 406 2905 725 2953; x_wconf 88' lang='lat' dir='ltr'><strong>naturarum</strong></span> <span class='ocrx_word' id='word_1_457' title='bbox 748 2895 911 2949; x_wconf 91' lang='lat' dir='ltr'><strong>unius</strong></span> <span class='ocrx_word' id='word_1_458' title='bbox 930 2893 1162 2963; x_wconf 85' lang='lat' dir='ltr'><strong>propria</strong></span> <span class='ocrx_word' id='word_1_459' title='bbox 1177 2906 1299 2947; x_wconf 90' lang='lat' dir='ltr'><strong>esse</strong></span> <span class='ocrx_word' id='word_1_460' title='bbox 1318 2904 1564 2962; x_wconf 86' lang='lat' dir='ltr'><strong>persona</strong></span> <span class='ocrx_word' id='word_1_461' title='bbox 1591 2896 1802 2944; x_wconf 89' lang='lat' dir='ltr'><strong>certum</strong></span> <span class='ocrx_word' id='word_1_462' title='bbox 1825 2886 1992 2943; x_wconf 88' lang='lat' dir='ltr'><strong>habe-</strong></span> <span class='ocrx_word' id='word_1_463' title='bbox 2098 2890 2304 2946; x_wconf 84' lang='lat' dir='ltr'><strong>tuitatis</strong></span> <span class='ocrx_word' id='word_1_464' title='bbox 2347 2897 2473 2945; x_wconf 89' lang='lat' dir='ltr'><strong>sunt</strong></span> <span class='ocrx_word' id='word_1_465' title='bbox 2517 2890 2787 2955; x_wconf 85' lang='lat' dir='ltr'><strong>humana,</strong></span> <span class='ocrx_word' id='word_1_466' title='bbox 2817 2891 3096 2946; x_wconf 88' lang='lat' dir='ltr'><strong>voluntate</strong></span> <span class='ocrx_word' id='word_1_467' title='bbox 3118 2890 3398 2955; x_wconf 87' lang='lat' dir='ltr'><strong>sustinuit,</strong></span> <span class='ocrx_word' id='word_1_468' title='bbox 3440 2902 3543 2943; x_wconf 90' lang='lat' dir='ltr'><strong>non</strong></span> <span class='ocrx_word' id='word_1_469' title='bbox 3587 2902 3697 2944; x_wconf 87' lang='lat' dir='ltr'><strong>ne—</strong></span> 
     </span>
    </p>
   </div>
   <div class='ocr_carea' id='block_1_31' title="bbox 407 2979 3694 3055">
    <p class='ocr_par' dir='ltr' id='par_1_31' title="bbox 407 2979 3694 3055">
     <span class='ocr_line' id='line_1_31' title="bbox 407 2979 3694 3055; baseline -0.003 -12"><span class='ocrx_word' id='word_1_470' title='bbox 407 2998 517 3054; x_wconf 89' lang='lat' dir='ltr'><strong>tur,</strong></span> <span class='ocrx_word' id='word_1_471' title='bbox 548 2988 685 3042; x_wconf 86' lang='lat' dir='ltr'><strong>sicut</strong></span> <span class='ocrx_word' id='word_1_472' title='bbox 712 2987 902 3041; x_wconf 88' lang='lat' dir='ltr'><strong>beatus</strong></span> <span class='ocrx_word' id='word_1_473' title='bbox 928 2984 1038 3039; x_wconf 87' lang='lat' dir='ltr'><strong>Leo</strong></span> <span class='ocrx_word' id='word_1_474' title='bbox 1066 2999 1206 3055; x_wconf 88' lang='lat' dir='ltr'><strong>papa</strong></span> <span class='ocrx_word' id='word_1_475' title='bbox 1234 2985 1312 3038; x_wconf 89' lang='lat' dir='ltr'><strong>ait</strong></span> <span class='ocrx_word' id='word_1_476' title='bbox 1339 2983 1367 3023; x_wconf 79' lang='lat' dir='ltr'><strong>b</strong></span> <span class='ocrx_word' id='word_1_477' title='bbox 1395 3000 1407 3036; x_wconf 91' lang='lat'><strong>:</strong></span> <span class='ocrx_word' id='word_1_478' title='bbox 1439 3003 1460 3034; x_wconf 71' lang='grc' dir='ltr'><em>ς</em></span> <span class='ocrx_word' id='word_1_479' title='bbox 1492 2981 1655 3037; x_wconf 89' lang='lat' dir='ltr'><strong>Salva</strong></span> <span class='ocrx_word' id='word_1_480' title='bbox 1675 2988 1994 3036; x_wconf 85' lang='lat' dir='ltr'><strong>naturarum</strong></span> <span class='ocrx_word' id='word_1_481' title='bbox 2097 2980 2375 3046; x_wconf 88' lang='lat' dir='ltr'><strong>cessitate,</strong></span> <span class='ocrx_word' id='word_1_482' title='bbox 2419 2987 2481 3033; x_wconf 92' lang='lat' dir='ltr'><strong>ut</strong></span> <span class='ocrx_word' id='word_1_483' title='bbox 2508 2979 2728 3046; x_wconf 81' lang='lat' dir='ltr'><strong>famem,</strong></span> <span class='ocrx_word' id='word_1_484' title='bbox 2769 2981 2932 3045; x_wconf 80' lang='lat' dir='ltr'><strong>sitim,</strong></span> <span class='ocrx_word' id='word_1_485' title='bbox 2975 2980 3371 3041; x_wconf 80' lang='lat' dir='ltr'><strong>lassitudinem,</strong></span> <span class='ocrx_word' id='word_1_486' title='bbox 3409 2993 3694 3044; x_wconf 88' lang='lat' dir='ltr'><strong>somnum,</strong></span> 
     </span>
    </p>
   </div>
   <div class='ocr_carea' id='block_1_32' title="bbox 405 3070 3698 3152">
    <p class='ocr_par' dir='ltr' id='par_1_32' title="bbox 405 3070 3698 3152">
     <span class='ocr_line' id='line_1_32' title="bbox 405 3070 3698 3152; baseline -0.002 -18"><span class='ocrx_word' id='word_1_487' title='bbox 405 3078 758 3152; x_wconf 82' lang='lat' dir='ltr'><strong>proprietate,</strong></span> <span class='ocrx_word' id='word_1_488' title='bbox 786 3076 955 3148; x_wconf 75' lang='lat'><strong>838</strong></span> <span class='ocrx_word' id='word_1_489' title='bbox 983 3091 1102 3146; x_wconf 87' lang='lat' dir='ltr'><strong>qua</strong></span> <span class='ocrx_word' id='word_1_490' title='bbox 1128 3076 1223 3131; x_wconf 92' lang='lat' dir='ltr'><strong>Dei</strong></span> <span class='ocrx_word' id='word_1_491' title='bbox 1255 3083 1402 3141; x_wconf 89' lang='lat' dir='ltr'><strong>sunt,</strong></span> <span class='ocrx_word' id='word_1_492' title='bbox 1435 3073 1767 3129; x_wconf 88' lang='lat' dir='ltr'><strong>transierunt</strong></span> <span class='ocrx_word' id='word_1_493' title='bbox 1803 3073 1860 3127; x_wconf 89' lang='lat' dir='ltr'><strong>in</strong></span> <span class='ocrx_word' id='word_1_494' title='bbox 1899 3071 1993 3126; x_wconf 91' lang='lat' dir='ltr'><strong>ho-</strong></span> <span class='ocrx_word' id='word_1_495' title='bbox 2018 3136 2062 3152; x_wconf 74' lang='lat'>_</span> <span class='ocrx_word' id='word_1_496' title='bbox 2096 3073 2401 3139; x_wconf 84' lang='lat' dir='ltr'><strong>irrisiones,</strong></span> <span class='ocrx_word' id='word_1_497' title='bbox 2431 3086 2666 3137; x_wconf 88' lang='lat' dir='ltr'><strong>crucem,</strong></span> <span class='ocrx_word' id='word_1_498' title='bbox 2701 3080 2863 3143; x_wconf 88' lang='lat' dir='ltr'><strong>atque</strong></span> <span class='ocrx_word' id='word_1_499' title='bbox 2902 3072 3073 3143; x_wconf 89' lang='lat' dir='ltr'><strong>ipsam</strong></span> <span class='ocrx_word' id='word_1_500' title='bbox 3119 3079 3369 3126; x_wconf 90' lang='lat' dir='ltr'><strong>mortem.</strong></span> <span class='ocrx_word' id='word_1_501' title='bbox 3406 3071 3486 3125; x_wconf 84' lang='lat' dir='ltr'><strong>ita</strong></span> <span class='ocrx_word' id='word_1_502' title='bbox 3514 3078 3570 3125; x_wconf 91' lang='lat' dir='ltr'><strong>et</strong></span> <span class='ocrx_word' id='word_1_503' title='bbox 3597 3070 3698 3126; x_wconf 84' lang='lat' dir='ltr'><strong>ille</strong></span> 
     </span>
    </p>
   </div>
   <div class='ocr_carea' id='block_1_33' title="bbox 408 3136 3699 3240">
    <p class='ocr_par' dir='ltr' id='par_1_33' title="bbox 408 3136 3699 3240">
     <span class='ocr_line' id='line_1_33' title="bbox 408 3136 3699 3240; baseline -0.003 -15"><span class='ocrx_word' id='word_1_504' title='bbox 408 3136 630 3236; x_wconf 69' lang='lat' dir='ltr'><strong>inhient,</strong></span> <span class='ocrx_word' id='word_1_505' title='bbox 661 3179 718 3224; x_wconf 90' lang='lat' dir='ltr'><strong>et</strong></span> <span class='ocrx_word' id='word_1_506' title='bbox 743 3168 925 3223; x_wconf 90' lang='lat' dir='ltr'><strong>omnia</strong></span> <span class='ocrx_word' id='word_1_507' title='bbox 955 3183 1074 3238; x_wconf 88' lang='lat' dir='ltr'><strong>qua</strong></span> <span class='ocrx_word' id='word_1_508' title='bbox 1101 3167 1337 3222; x_wconf 89' lang='lat' dir='ltr'><strong>hominis</strong></span> <span class='ocrx_word' id='word_1_509' title='bbox 1360 3174 1521 3232; x_wconf 89' lang='lat' dir='ltr'><strong>sunt,</strong></span> <span class='ocrx_word' id='word_1_510' title='bbox 1563 3165 1899 3220; x_wconf 89' lang='lat' dir='ltr'><strong>transierunt</strong></span> <span class='ocrx_word' id='word_1_511' title='bbox 1937 3162 1993 3217; x_wconf 89' lang='lat' dir='ltr'><strong>in</strong></span> <span class='ocrx_word' id='word_1_512' title='bbox 2015 3136 2065 3199; x_wconf 62' lang='grc' dir='ltr'><strong>(ἶ</strong></span> <span class='ocrx_word' id='word_1_513' title='bbox 2094 3169 2187 3240; x_wconf 91' lang='lat' dir='ltr'><strong>qui</strong></span> <span class='ocrx_word' id='word_1_514' title='bbox 2224 3169 2441 3239; x_wconf 85' lang='lat' dir='ltr'><strong>propria</strong></span> <span class='ocrx_word' id='word_1_515' title='bbox 2489 3167 2767 3223; x_wconf 87' lang='lat' dir='ltr'><strong>voluntate</strong></span> <span class='ocrx_word' id='word_1_516' title='bbox 2797 3176 3041 3222; x_wconf 85' lang='lat' dir='ltr'><strong>mortuus</strong></span> <span class='ocrx_word' id='word_1_517' title='bbox 3070 3174 3174 3231; x_wconf 85' lang='lat' dir='ltr'><strong>est,</strong></span> <span class='ocrx_word' id='word_1_518' title='bbox 3203 3164 3420 3235; x_wconf 87' lang='lat' dir='ltr'><strong>propria</strong></span> <span class='ocrx_word' id='word_1_519' title='bbox 3470 3178 3699 3234; x_wconf 83' lang='lat' dir='ltr'><strong>quoque</strong></span> 
     </span>
    </p>
   </div>
   <div class='ocr_carea' id='block_1_34' title="bbox 408 3254 3695 3333">
    <p class='ocr_par' dir='ltr' id='par_1_34' title="bbox 408 3254 3695 3333">
     <span class='ocr_line' id='line_1_34' title="bbox 408 3254 3695 3333; baseline -0.001 -17"><span class='ocrx_word' id='word_1_520' title='bbox 408 3261 579 3316; x_wconf 91' lang='lat' dir='ltr'><strong>Deum</strong></span> <span class='ocrx_word' id='word_1_521' title='bbox 605 3279 618 3314; x_wconf 90' lang='lat'><strong>:</strong></span> <span class='ocrx_word' id='word_1_522' title='bbox 652 3268 709 3314; x_wconf 89' lang='lat' dir='ltr'><strong>ut</strong></span> <span class='ocrx_word' id='word_1_523' title='bbox 740 3275 840 3315; x_wconf 91' lang='lat' dir='ltr'><strong>nec</strong></span> <span class='ocrx_word' id='word_1_524' title='bbox 862 3261 978 3315; x_wconf 89' lang='lat' dir='ltr'><strong>sine</strong></span> <span class='ocrx_word' id='word_1_525' title='bbox 1007 3259 1225 3313; x_wconf 87' lang='lat' dir='ltr'><strong>homine</strong></span> <span class='ocrx_word' id='word_1_526' title='bbox 1255 3266 1480 3330; x_wconf 81' lang='lat' dir='ltr'><strong>agerent</strong></span> <span class='ocrx_word' id='word_1_527' title='bbox 1508 3257 1707 3319; x_wconf 83' lang='lat' dir='ltr'><strong>divina.</strong></span> <span class='ocrx_word' id='word_1_528' title='bbox 1733 3270 1838 3311; x_wconf 85' lang='lat' dir='ltr'><strong>nec</strong></span> <span class='ocrx_word' id='word_1_529' title='bbox 1878 3254 1995 3310; x_wconf 80' lang='lat' dir='ltr'><strong>sine</strong></span> <span class='ocrx_word' id='word_1_530' title='bbox 2091 3268 2360 3333; x_wconf 86' lang='lat' dir='ltr'><strong>potestate</strong></span> <span class='ocrx_word' id='word_1_531' title='bbox 2390 3261 2647 3325; x_wconf 71' lang='lat' dir='ltr'><strong>surrexit,</strong></span> <span class='ocrx_word' id='word_1_532' title='bbox 2680 3260 2845 3315; x_wconf 80' lang='lat' dir='ltr'><strong>veluti</strong></span> <span class='ocrx_word' id='word_1_533' title='bbox 2875 3269 3001 3316; x_wconf 89' lang='lat' dir='ltr'><strong>ante</strong></span> <span class='ocrx_word' id='word_1_534' title='bbox 3024 3259 3274 3331; x_wconf 84' lang='lat' dir='ltr'><strong>pradixit</strong></span> <span class='ocrx_word' id='word_1_535' title='bbox 3316 3278 3330 3313; x_wconf 88' lang='lat'><strong>:</strong></span> <span class='ocrx_word' id='word_1_536' title='bbox 3365 3258 3695 3314; x_wconf 75' lang='lat' dir='ltr'><strong>Potestatem</strong></span> 
     </span>
    </p>
   </div>
   <div class='ocr_carea' id='block_1_35' title="bbox 406 3345 3702 3421">
    <p class='ocr_par' dir='ltr' id='par_1_35' title="bbox 406 3345 3702 3421">
     <span class='ocr_line' id='line_1_35' title="bbox 406 3345 3702 3421; baseline -0.001 -15"><span class='ocrx_word' id='word_1_537' title='bbox 406 3352 517 3406; x_wconf 90' lang='lat' dir='ltr'><strong>Deo</strong></span> <span class='ocrx_word' id='word_1_538' title='bbox 554 3358 842 3421; x_wconf 86' lang='lat' dir='ltr'><strong>agerentur</strong></span> <span class='ocrx_word' id='word_1_539' title='bbox 884 3350 1140 3404; x_wconf 88' lang='lat' dir='ltr'><strong>humana.</strong></span> <span class='ocrx_word' id='word_1_540' title='bbox 1184 3349 1300 3405; x_wconf 82' lang='lat' dir='ltr'><strong>Hoc</strong></span> <span class='ocrx_word' id='word_1_541' title='bbox 1343 3350 1488 3404; x_wconf 90' lang='lat' dir='ltr'><strong>enim</strong></span> <span class='ocrx_word' id='word_1_542' title='bbox 1541 3347 1808 3403; x_wconf 89' lang='lat' dir='ltr'><strong>catholica</strong></span> <span class='ocrx_word' id='word_1_543' title='bbox 1859 3345 1995 3400; x_wconf 89' lang='lat' dir='ltr'><strong>ﬁdes</strong></span> <span class='ocrx_word' id='word_1_544' title='bbox 2093 3350 2279 3417; x_wconf 85' lang='lat' dir='ltr'><strong>habeo,</strong></span> <span class='ocrx_word' id='word_1_545' title='bbox 2295 3351 2492 3421; x_wconf 88' lang='lat' dir='ltr'><strong>inquit,</strong></span> <span class='ocrx_word' id='word_1_546' title='bbox 2506 3352 2734 3421; x_wconf 82' lang='lat' dir='ltr'><strong>ponendi</strong></span> <span class='ocrx_word' id='word_1_547' title='bbox 2755 3351 3572 3418; x_wconf 78' lang='lat' dir='ltr'><strong>animammeam,etpotestatem</strong></span> <span class='ocrx_word' id='word_1_548' title='bbox 3592 3350 3702 3402; x_wconf 84' lang='lat' dir='ltr'><strong>ha-</strong></span> 
     </span>
    </p>
   </div>
   <div class='ocr_carea' id='block_1_36' title="bbox 405 3437 3702 3513">
    <p class='ocr_par' dir='ltr' id='par_1_36' title="bbox 405 3437 3702 3513">
     <span class='ocr_line' id='line_1_36' title="bbox 405 3437 3702 3513; baseline -0.001 -17"><span class='ocrx_word' id='word_1_549' title='bbox 405 3441 596 3505; x_wconf 90' lang='lat' dir='ltr'><strong>tradit,</strong></span> <span class='ocrx_word' id='word_1_550' title='bbox 646 3443 751 3497; x_wconf 88' lang='lat' dir='ltr'><strong>hoc</strong></span> <span class='ocrx_word' id='word_1_551' title='bbox 798 3441 984 3510; x_wconf 73' lang='lat' dir='ltr'><strong>exigit,</strong></span> <span class='ocrx_word' id='word_1_552' title='bbox 1015 3450 1077 3495; x_wconf 91' lang='lat' dir='ltr'><strong>ut</strong></span> <span class='ocrx_word' id='word_1_553' title='bbox 1118 3442 1171 3495; x_wconf 89' lang='lat' dir='ltr'><strong>in</strong></span> <span class='ocrx_word' id='word_1_554' title='bbox 1214 3440 1575 3512; x_wconf 84' lang='lat' dir='ltr'><strong>Redemptore</strong></span> <span class='ocrx_word' id='word_1_555' title='bbox 1618 3448 1810 3495; x_wconf 90' lang='lat' dir='ltr'><strong>nostro</strong></span> <span class='ocrx_word' id='word_1_556' title='bbox 1857 3438 1997 3494; x_wconf 89' lang='lat' dir='ltr'><strong>duas</strong></span> <span class='ocrx_word' id='word_1_557' title='bbox 2099 3441 2395 3495; x_wconf 79' lang='lat' dir='ltr'><strong>beoiterum</strong></span> <span class='ocrx_word' id='word_1_558' title='bbox 2416 3440 2658 3495; x_wconf 79' lang='lat' dir='ltr'><strong>sumendi</strong></span> <span class='ocrx_word' id='word_1_559' title='bbox 2673 3440 2957 3513; x_wconf 82' lang='lat' dir='ltr'><strong>eam(Luc.</strong></span> <span class='ocrx_word' id='word_1_560' title='bbox 2981 3441 3164 3509; x_wconf 62' lang='lat'><strong>11,18).</strong></span> <span class='ocrx_word' id='word_1_561' title='bbox 3197 3441 3302 3497; x_wconf 87' lang='lat' dir='ltr'><strong>Sed</strong></span> <span class='ocrx_word' id='word_1_562' title='bbox 3319 3437 3702 3508; x_wconf 80' lang='lat' dir='ltr'><strong>uelongiorli-</strong></span> 
     </span>
    </p>
   </div>
   <div class='ocr_carea' id='block_1_37' title="bbox 403 3529 3705 3606">
    <p class='ocr_par' dir='ltr' id='par_1_37' title="bbox 403 3529 3705 3606">
     <span class='ocr_line' id='line_1_37' title="bbox 403 3529 3705 3606; baseline -0 -21"><span class='ocrx_word' id='word_1_563' title='bbox 403 3531 646 3585; x_wconf 88' lang='lat' dir='ltr'><strong>noverim</strong></span> <span class='ocrx_word' id='word_1_564' title='bbox 687 3529 768 3602; x_wconf 85' lang='lat'><strong>[8.</strong></span> <span class='ocrx_word' id='word_1_565' title='bbox 797 3529 924 3595; x_wconf 81' lang='lat' dir='ltr'><strong>Leo,</strong></span> <span class='ocrx_word' id='word_1_566' title='bbox 954 3530 1286 3603; x_wconf 82' lang='lat' dir='ltr'><strong>noverimus]</strong></span> <span class='ocrx_word' id='word_1_567' title='bbox 1315 3530 1633 3586; x_wconf 90' lang='lat' dir='ltr'><strong>convenisse</strong></span> <span class='ocrx_word' id='word_1_568' title='bbox 1654 3539 1914 3595; x_wconf 89' lang='lat' dir='ltr'><strong>naturas;</strong></span> <span class='ocrx_word' id='word_1_569' title='bbox 1940 3534 2023 3585; x_wconf 84' lang='lat' dir='ltr'><strong>et&#39;</strong></span> <span class='ocrx_word' id='word_1_570' title='bbox 2099 3533 2223 3590; x_wconf 85' lang='lat' dir='ltr'><strong>belli</strong></span> <span class='ocrx_word' id='word_1_571' title='bbox 2238 3534 2406 3590; x_wconf 86' lang='lat' dir='ltr'><strong>series</strong></span> <span class='ocrx_word' id='word_1_572' title='bbox 2427 3534 2638 3606; x_wconf 85' lang='lat' dir='ltr'><strong>legendi</strong></span> <span class='ocrx_word' id='word_1_573' title='bbox 2659 3533 2931 3589; x_wconf 82' lang='lat' dir='ltr'><strong>fastidium</strong></span> <span class='ocrx_word' id='word_1_574' title='bbox 2950 3543 3189 3606; x_wconf 82' lang='lat' dir='ltr'><strong>generet,</strong></span> <span class='ocrx_word' id='word_1_575' title='bbox 3206 3535 3296 3589; x_wconf 89' lang='lat' dir='ltr'><strong>hic</strong></span> <span class='ocrx_word' id='word_1_576' title='bbox 3310 3534 3379 3588; x_wconf 88' lang='lat' dir='ltr'><strong>sit</strong></span> <span class='ocrx_word' id='word_1_577' title='bbox 3403 3532 3558 3603; x_wconf 88' lang='lat' dir='ltr'><strong>hujus</strong></span> <span class='ocrx_word' id='word_1_578' title='bbox 3572 3546 3705 3585; x_wconf 68' lang='lat' dir='ltr'><strong>ser-</strong></span> 
     </span>
    </p>
   </div>
   <div class='ocr_carea' id='block_1_38' title="bbox 406 3620 3703 3691">
    <p class='ocr_par' dir='ltr' id='par_1_38' title="bbox 406 3620 3703 3691">
     <span class='ocr_line' id='line_1_38' title="bbox 406 3620 3703 3691; baseline 0 -15"><span class='ocrx_word' id='word_1_579' title='bbox 406 3621 752 3676; x_wconf 87' lang='lat' dir='ltr'><strong>manentihus</strong></span> <span class='ocrx_word' id='word_1_580' title='bbox 779 3621 1201 3691; x_wconf 88' lang='lat' dir='ltr'><strong>proprietatibus</strong></span> <span class='ocrx_word' id='word_1_581' title='bbox 1234 3623 1369 3686; x_wconf 89' lang='lat' dir='ltr'><strong>suis,</strong></span> <span class='ocrx_word' id='word_1_582' title='bbox 1400 3630 1609 3676; x_wconf 87' lang='lat' dir='ltr'><strong>tantam</strong></span> <span class='ocrx_word' id='word_1_583' title='bbox 1634 3620 1836 3676; x_wconf 83' lang='lat' dir='ltr'><strong>factam</strong></span> <span class='ocrx_word' id='word_1_584' title='bbox 1876 3620 1999 3675; x_wconf 91' lang='lat' dir='ltr'><strong>uni—</strong></span> <span class='ocrx_word' id='word_1_585' title='bbox 2100 3625 2279 3680; x_wconf 89' lang='lat' dir='ltr'><strong>monis</strong></span> <span class='ocrx_word' id='word_1_586' title='bbox 2318 3624 2464 3691; x_wconf 88' lang='lat' dir='ltr'><strong>ﬁnis,</strong></span> <span class='ocrx_word' id='word_1_587' title='bbox 2509 3632 2566 3679; x_wconf 93' lang='lat' dir='ltr'><strong>ut</strong></span> <span class='ocrx_word' id='word_1_588' title='bbox 2605 3625 2675 3680; x_wconf 90' lang='lat' dir='ltr'><strong>ab</strong></span> <span class='ocrx_word' id='word_1_589' title='bbox 2714 3624 2819 3680; x_wconf 90' lang='lat' dir='ltr'><strong>alio</strong></span> <span class='ocrx_word' id='word_1_590' title='bbox 2861 3624 3084 3681; x_wconf 81' lang='lat' dir='ltr'><strong>liberius</strong></span> <span class='ocrx_word' id='word_1_591' title='bbox 3116 3624 3292 3681; x_wconf 86' lang='lat' dir='ltr'><strong>oratio</strong></span> <span class='ocrx_word' id='word_1_592' title='bbox 3316 3630 3494 3680; x_wconf 86' lang='lat' dir='ltr'><strong>sumat</strong></span> <span class='ocrx_word' id='word_1_593' title='bbox 3527 3636 3703 3677; x_wconf 79' lang='lat' dir='ltr'><strong>exor-</strong></span> 
     </span>
    </p>
   </div>
   <div class='ocr_carea' id='block_1_39' title="bbox 407 3710 2276 3782">
    <p class='ocr_par' dir='ltr' id='par_1_39' title="bbox 407 3710 2276 3782">
     <span class='ocr_line' id='line_1_39' title="bbox 407 3710 2276 3782; baseline 0.003 -17"><span class='ocrx_word' id='word_1_594' title='bbox 407 3718 579 3766; x_wconf 86' lang='lat' dir='ltr'><strong>tatem</strong></span> <span class='ocrx_word' id='word_1_595' title='bbox 612 3710 892 3780; x_wconf 89' lang='lat' dir='ltr'><strong>utriusque</strong></span> <span class='ocrx_word' id='word_1_596' title='bbox 934 3712 1272 3777; x_wconf 87' lang='lat' dir='ltr'><strong>substantia,</strong></span> <span class='ocrx_word' id='word_1_597' title='bbox 1293 3720 1355 3767; x_wconf 90' lang='lat' dir='ltr'><strong>ut</strong></span> <span class='ocrx_word' id='word_1_598' title='bbox 1382 3711 1569 3767; x_wconf 90' lang='lat' dir='ltr'><strong>abillo</strong></span> <span class='ocrx_word' id='word_1_599' title='bbox 1606 3720 1869 3782; x_wconf 90' lang='lat' dir='ltr'><strong>tempore,</strong></span> <span class='ocrx_word' id='word_1_600' title='bbox 1890 3726 1999 3782; x_wconf 90' lang='lat' dir='ltr'><strong>quo</strong></span> <span class='ocrx_word' id='word_1_601' title='bbox 2104 3716 2276 3772; x_wconf 80' lang='lat' dir='ltr'><strong>dium;</strong></span> 
     </span>
    </p>
   </div>
   <div class='ocr_carea' id='block_1_40' title="bbox 480 3839 3615 3918">
    <p class='ocr_par' dir='ltr' id='par_1_40' title="bbox 480 3839 3615 3918">
     <span class='ocr_line' id='line_1_40' title="bbox 480 3839 3615 3918; baseline 0.001 -24"><span class='ocrx_word' id='word_1_602' title='bbox 480 3839 593 3918; x_wconf 63' lang='grc' dir='ltr'><strong>ξιξ.</strong></span> <span class='ocrx_word' id='word_1_603' title='bbox 630 3840 797 3918; x_wconf 85' lang='lat' dir='ltr'><strong>_Hier.</strong></span> <span class='ocrx_word' id='word_1_604' title='bbox 853 3842 911 3897; x_wconf 92' lang='lat' dir='ltr'><strong>in</strong></span> <span class='ocrx_word' id='word_1_605' title='bbox 941 3857 1073 3918; x_wconf 63' lang='lat' dir='ltr'><strong>cap.</strong></span> <span class='ocrx_word' id='word_1_606' title='bbox 1126 3858 1220 3918; x_wconf 57' lang='lat' dir='ltr'><strong>si;</strong></span> <span class='ocrx_word' id='word_1_607' title='bbox 1273 3843 1462 3918; x_wconf 80' lang='lat' dir='ltr'><strong>Matth.</strong></span> <span class='ocrx_word' id='word_1_608' title='bbox 1516 3859 1589 3918; x_wconf 57' lang='grc' dir='ltr'><strong>εξ</strong></span> <span class='ocrx_word' id='word_1_609' title='bbox 1628 3860 1739 3914; x_wconf 85' lang='lat' dir='ltr'><strong>quo</strong></span> <span class='ocrx_word' id='word_1_610' title='bbox 1783 3854 1991 3901; x_wconf 76' lang='lat' dir='ltr'><strong>textum</strong></span> <span class='ocrx_word' id='word_1_611' title='bbox 2029 3846 2266 3903; x_wconf 78' lang='lat' dir='ltr'><strong>maxime</strong></span> <span class='ocrx_word' id='word_1_612' title='bbox 2290 3847 2346 3901; x_wconf 92' lang='lat' dir='ltr'><strong>in</strong></span> <span class='ocrx_word' id='word_1_613' title='bbox 2369 3844 2542 3917; x_wconf 91' lang='lat' dir='ltr'><strong>priori</strong></span> <span class='ocrx_word' id='word_1_614' title='bbox 2572 3844 2822 3901; x_wconf 82' lang='lat' dir='ltr'><strong>Editione</strong></span> <span class='ocrx_word' id='word_1_615' title='bbox 2851 3855 3167 3918; x_wconf 83' lang='lat' dir='ltr'><strong>corruptum</strong></span> <span class='ocrx_word' id='word_1_616' title='bbox 3187 3846 3615 3903; x_wconf 87' lang='lat' dir='ltr'><strong>emendavimus.</strong></span> 
     </span>
    </p>
   </div>
   <div class='ocr_carea' id='block_1_41' title="bbox 480 3911 1596 3985">
    <p class='ocr_par' dir='ltr' id='par_1_41' title="bbox 480 3911 1596 3985">
     <span class='ocr_line' id='line_1_41' title="bbox 480 3911 1596 3985; baseline 0.004 -20"><span class='ocrx_word' id='word_1_617' title='bbox 480 3911 509 3952; x_wconf 72' lang='grc' dir='ltr'><strong>ιι</strong></span> <span class='ocrx_word' id='word_1_618' title='bbox 539 3912 596 3966; x_wconf 90' lang='lat' dir='ltr'><strong>S.</strong></span> <span class='ocrx_word' id='word_1_619' title='bbox 630 3911 739 3968; x_wconf 87' lang='lat' dir='ltr'><strong>Leo</strong></span> <span class='ocrx_word' id='word_1_620' title='bbox 769 3928 905 3983; x_wconf 87' lang='lat' dir='ltr'><strong>papa</strong></span> <span class='ocrx_word' id='word_1_621' title='bbox 937 3911 1116 3967; x_wconf 82' lang='lat' dir='ltr'><strong>Serm.</strong></span> <span class='ocrx_word' id='word_1_622' title='bbox 1146 3912 1235 3979; x_wconf 73' lang='grc'><strong>54,</strong></span> <span class='ocrx_word' id='word_1_623' title='bbox 1268 3930 1387 3985; x_wconf 90' lang='lat' dir='ltr'><strong>cap.</strong></span> <span class='ocrx_word' id='word_1_624' title='bbox 1422 3915 1448 3969; x_wconf 81' lang='grc'><strong>1</strong></span> <span class='ocrx_word' id='word_1_625' title='bbox 1479 3923 1535 3970; x_wconf 92' lang='lat' dir='ltr'><strong>et</strong></span> <span class='ocrx_word' id='word_1_626' title='bbox 1560 3914 1596 3969; x_wconf 76' lang='grc'><strong>2</strong></span> 
     </span>
    </p>
   </div>
   <div class='ocr_carea' id='block_1_42' title="bbox 1750 4140 2361 4202">
    <p class='ocr_par' dir='ltr' id='par_1_42' title="bbox 1750 4140 2361 4202">
     <span class='ocr_line' id='line_1_42' title="bbox 1750 4140 2361 4202; baseline -0.003 0"><span class='ocrx_word' id='word_1_627' title='bbox 1750 4142 1985 4202; x_wconf 81' lang='lat' dir='ltr'><strong>LIBER</strong></span> <span class='ocrx_word' id='word_1_628' title='bbox 2030 4140 2361 4201; x_wconf 83' lang='lat' dir='ltr'><strong>SEXTUS.</strong></span> 
     </span>
    </p>
   </div>
   <div class='ocr_carea' id='block_1_43' title="bbox 476 4335 3701 4410">
    <p class='ocr_par' dir='ltr' id='par_1_43' title="bbox 476 4335 3701 4410">
     <span class='ocr_line' id='line_1_43' title="bbox 476 4335 3701 4410; baseline -0.001 -15"><span class='ocrx_word' id='word_1_629' title='bbox 476 4340 517 4396; x_wconf 83' lang='grc' dir='ltr'><strong>Ι.</strong></span> <span class='ocrx_word' id='word_1_630' title='bbox 561 4337 878 4393; x_wconf 88' lang='lat' dir='ltr'><strong>Sublimitas</strong></span> <span class='ocrx_word' id='word_1_631' title='bbox 917 4338 1228 4408; x_wconf 84' lang='lat' dir='ltr'><strong>apostolica</strong></span> <span class='ocrx_word' id='word_1_632' title='bbox 1271 4340 1614 4395; x_wconf 85' lang='lat' dir='ltr'><strong>auctoritatis</strong></span> <span class='ocrx_word' id='word_1_633' title='bbox 1645 4348 1853 4395; x_wconf 87' lang='lat' dir='ltr'><strong>terrere</strong></span> <span class='ocrx_word' id='word_1_634' title='bbox 1896 4338 1989 4395; x_wconf 88' lang='lat' dir='ltr'><strong>de-</strong></span> <span class='ocrx_word' id='word_1_635' title='bbox 2095 4339 2226 4393; x_wconf 90' lang='lat' dir='ltr'><strong>tatis</strong></span> <span class='ocrx_word' id='word_1_636' title='bbox 2255 4339 2583 4410; x_wconf 88' lang='lat' dir='ltr'><strong>sequacibus</strong></span> <span class='ocrx_word' id='word_1_637' title='bbox 2609 4337 2829 4394; x_wconf 89' lang='lat' dir='ltr'><strong>Christo</strong></span> <span class='ocrx_word' id='word_1_638' title='bbox 2856 4336 3078 4406; x_wconf 84' lang='lat' dir='ltr'><strong>injicere</strong></span> <span class='ocrx_word' id='word_1_639' title='bbox 3108 4344 3277 4391; x_wconf 89' lang='lat' dir='ltr'><strong>tentat</strong></span> <span class='ocrx_word' id='word_1_640' title='bbox 3302 4335 3540 4390; x_wconf 84' lang='lat' dir='ltr'><strong>debitam</strong></span> <span class='ocrx_word' id='word_1_641' title='bbox 3567 4350 3701 4391; x_wconf 87' lang='lat' dir='ltr'><strong>ser-</strong></span> 
     </span>
    </p>
   </div>
   <div class='ocr_carea' id='block_1_44' title="bbox 406 4430 3703 4503">
    <p class='ocr_par' dir='ltr' id='par_1_44' title="bbox 406 4430 3703 4503">
     <span class='ocr_line' id='line_1_44' title="bbox 406 4430 3703 4503; baseline -0.002 -14"><span class='ocrx_word' id='word_1_642' title='bbox 406 4434 612 4489; x_wconf 87' lang='lat' dir='ltr'><strong>buisset</strong></span> <span class='ocrx_word' id='word_1_643' title='bbox 636 4432 770 4486; x_wconf 89' lang='lat' dir='ltr'><strong>istos</strong></span> <span class='ocrx_word' id='word_1_644' title='bbox 797 4431 1099 4500; x_wconf 86' lang='lat' dir='ltr'><strong>adoptionis</strong></span> <span class='ocrx_word' id='word_1_645' title='bbox 1129 4431 1210 4485; x_wconf 88' lang='lat' dir='ltr'><strong>vel</strong></span> <span class='ocrx_word' id='word_1_646' title='bbox 1239 4434 1654 4503; x_wconf 88' lang='lat' dir='ltr'><strong>nuncupationis</strong></span> <span class='ocrx_word' id='word_1_647' title='bbox 1688 4434 1743 4488; x_wconf 92' lang='lat' dir='ltr'><strong>in</strong></span> <span class='ocrx_word' id='word_1_648' title='bbox 1773 4433 1991 4489; x_wconf 88' lang='lat' dir='ltr'><strong>Christo</strong></span> <span class='ocrx_word' id='word_1_649' title='bbox 2096 4432 2346 4496; x_wconf 89' lang='lat' dir='ltr'><strong>vitutem,</strong></span> <span class='ocrx_word' id='word_1_650' title='bbox 2374 4439 2429 4485; x_wconf 89' lang='lat' dir='ltr'><strong>et</strong></span> <span class='ocrx_word' id='word_1_651' title='bbox 2458 4431 2819 4486; x_wconf 88' lang='lat' dir='ltr'><strong>conditionale</strong></span> <span class='ocrx_word' id='word_1_652' title='bbox 2865 4430 3145 4485; x_wconf 85' lang='lat' dir='ltr'><strong>servitium</strong></span> <span class='ocrx_word' id='word_1_653' title='bbox 3169 4470 3183 4494; x_wconf 94' lang='lat'><strong>,</strong></span> <span class='ocrx_word' id='word_1_654' title='bbox 3232 4438 3288 4483; x_wconf 92' lang='lat' dir='ltr'><strong>et</strong></span> <span class='ocrx_word' id='word_1_655' title='bbox 3319 4430 3703 4493; x_wconf 80' lang='lat' dir='ltr'><strong>necessariam</strong></span> 
     </span>
    </p>
   </div>
   <div class='ocr_carea' id='block_1_45' title="bbox 408 4517 3703 4594">
    <p class='ocr_par' dir='ltr' id='par_1_45' title="bbox 408 4517 3703 4594">
     <span class='ocr_line' id='line_1_45' title="bbox 408 4517 3703 4594; baseline -0.002 -14"><span class='ocrx_word' id='word_1_656' title='bbox 408 4534 737 4588; x_wconf 90' lang='lat' dir='ltr'><strong>assertores,</strong></span> <span class='ocrx_word' id='word_1_657' title='bbox 768 4531 1113 4588; x_wconf 87' lang='lat' dir='ltr'><strong>uttacerent,</strong></span> <span class='ocrx_word' id='word_1_658' title='bbox 1138 4525 1263 4594; x_wconf 87' lang='lat' dir='ltr'><strong>quia</strong></span> <span class='ocrx_word' id='word_1_659' title='bbox 1292 4540 1480 4579; x_wconf 89' lang='lat' dir='ltr'><strong>omnes</strong></span> <span class='ocrx_word' id='word_1_660' title='bbox 1507 4526 1774 4581; x_wconf 84' lang='lat' dir='ltr'><strong>novitates</strong></span> <span class='ocrx_word' id='word_1_661' title='bbox 1797 4541 1991 4581; x_wconf 89' lang='lat' dir='ltr'><strong>vocum</strong></span> <span class='ocrx_word' id='word_1_662' title='bbox 2017 4517 2071 4578; x_wconf 87' lang='lat' dir='ltr'><strong>D</strong></span> <span class='ocrx_word' id='word_1_663' title='bbox 2097 4521 2488 4591; x_wconf 88' lang='lat' dir='ltr'><strong>subjectionem</strong></span> <span class='ocrx_word' id='word_1_664' title='bbox 2538 4540 2551 4575; x_wconf 89' lang='lat'><strong>:</strong></span> <span class='ocrx_word' id='word_1_665' title='bbox 2588 4523 2715 4577; x_wconf 89' lang='lat' dir='ltr'><strong>dum</strong></span> <span class='ocrx_word' id='word_1_666' title='bbox 2762 4536 2952 4577; x_wconf 90' lang='lat' dir='ltr'><strong>omnes</strong></span> <span class='ocrx_word' id='word_1_667' title='bbox 2996 4519 3323 4590; x_wconf 68' lang='lat' dir='ltr'><strong>evangelica</strong></span> <span class='ocrx_word' id='word_1_668' title='bbox 3374 4520 3586 4589; x_wconf 79' lang='lat' dir='ltr'><strong>pagina</strong></span> <span class='ocrx_word' id='word_1_669' title='bbox 3634 4532 3703 4576; x_wconf 89' lang='lat' dir='ltr'><strong>et</strong></span> 
     </span>
    </p>
   </div>
   <div class='ocr_carea' id='block_1_46' title="bbox 410 4612 3702 4684">
    <p class='ocr_par' dir='ltr' id='par_1_46' title="bbox 410 4612 3702 4684">
     <span class='ocr_line' id='line_1_46' title="bbox 410 4612 3702 4684; baseline 0 -15"><span class='ocrx_word' id='word_1_670' title='bbox 410 4615 619 4669; x_wconf 84' lang='lat' dir='ltr'><strong>cunctis</strong></span> <span class='ocrx_word' id='word_1_671' title='bbox 644 4613 925 4669; x_wconf 75' lang='lat' dir='ltr'><strong>Catholica:</strong></span> <span class='ocrx_word' id='word_1_672' title='bbox 956 4613 1078 4668; x_wconf 89' lang='lat' dir='ltr'><strong>ﬁdei</strong></span> <span class='ocrx_word' id='word_1_673' title='bbox 1111 4613 1237 4670; x_wconf 91' lang='lat' dir='ltr'><strong>ﬁliis</strong></span> <span class='ocrx_word' id='word_1_674' title='bbox 1267 4614 1368 4670; x_wconf 87' lang='lat' dir='ltr'><strong>sub</strong></span> <span class='ocrx_word' id='word_1_675' title='bbox 1392 4615 1757 4670; x_wconf 86' lang='lat' dir='ltr'><strong>anathematis</strong></span> <span class='ocrx_word' id='word_1_676' title='bbox 1785 4623 1995 4671; x_wconf 91' lang='lat' dir='ltr'><strong>terrore</strong></span> <span class='ocrx_word' id='word_1_677' title='bbox 2098 4614 2409 4683; x_wconf 84' lang='lat' dir='ltr'><strong>apostolica</strong></span> <span class='ocrx_word' id='word_1_678' title='bbox 2440 4613 2737 4684; x_wconf 88' lang='lat' dir='ltr'><strong>Scriptura</strong></span> <span class='ocrx_word' id='word_1_679' title='bbox 2781 4613 3057 4669; x_wconf 90' lang='lat' dir='ltr'><strong>Christum</strong></span> <span class='ocrx_word' id='word_1_680' title='bbox 3087 4613 3357 4667; x_wconf 87' lang='lat' dir='ltr'><strong>veraciter</strong></span> <span class='ocrx_word' id='word_1_681' title='bbox 3399 4612 3702 4670; x_wconf 88' lang='lat' dir='ltr'><strong>Dominum</strong></span> 
     </span>
    </p>
   </div>
   <div class='ocr_carea' id='block_1_47' title="bbox 408 4703 3704 4776">
    <p class='ocr_par' dir='ltr' id='par_1_47' title="bbox 408 4703 3704 4776">
     <span class='ocr_line' id='line_1_47' title="bbox 408 4703 3704 4776; baseline 0.001 -17"><span class='ocrx_word' id='word_1_682' title='bbox 408 4705 708 4759; x_wconf 79' lang='lat' dir='ltr'><strong>interdixit.</strong></span> <span class='ocrx_word' id='word_1_683' title='bbox 766 4703 873 4759; x_wconf 91' lang='lat' dir='ltr'><strong>Sed</strong></span> <span class='ocrx_word' id='word_1_684' title='bbox 925 4704 1200 4760; x_wconf 88' lang='lat' dir='ltr'><strong>obstinata</strong></span> <span class='ocrx_word' id='word_1_685' title='bbox 1256 4721 1410 4761; x_wconf 89' lang='lat' dir='ltr'><strong>mens</strong></span> <span class='ocrx_word' id='word_1_686' title='bbox 1476 4704 1638 4761; x_wconf 91' lang='lat' dir='ltr'><strong>nullis</strong></span> <span class='ocrx_word' id='word_1_687' title='bbox 1694 4706 1996 4762; x_wconf 87' lang='lat' dir='ltr'><strong>terroribus</strong></span> <span class='ocrx_word' id='word_1_688' title='bbox 2099 4704 2292 4770; x_wconf 89' lang='lat' dir='ltr'><strong>Deum,</strong></span> <span class='ocrx_word' id='word_1_689' title='bbox 2319 4713 2484 4775; x_wconf 91' lang='lat' dir='ltr'><strong>atque</strong></span> <span class='ocrx_word' id='word_1_690' title='bbox 2509 4706 2604 4761; x_wconf 92' lang='lat' dir='ltr'><strong>Dei</strong></span> <span class='ocrx_word' id='word_1_691' title='bbox 2641 4705 2837 4760; x_wconf 85' lang='lat' dir='ltr'><strong>Filium</strong></span> <span class='ocrx_word' id='word_1_692' title='bbox 2867 4704 3209 4776; x_wconf 88' lang='lat' dir='ltr'><strong>apertissime</strong></span> <span class='ocrx_word' id='word_1_693' title='bbox 3240 4711 3527 4759; x_wconf 88' lang='lat' dir='ltr'><strong>testentur.</strong></span> <span class='ocrx_word' id='word_1_694' title='bbox 3576 4703 3704 4763; x_wconf 81' lang='lat' dir='ltr'><strong>Nec</strong></span> 
     </span>
    </p>
   </div>
   <div class='ocr_carea' id='block_1_48' title="bbox 408 4794 3706 4869">
    <p class='ocr_par' dir='ltr' id='par_1_48' title="bbox 408 4794 3706 4869">
     <span class='ocr_line' id='line_1_48' title="bbox 408 4794 3706 4869; baseline 0 -19"><span class='ocrx_word' id='word_1_695' title='bbox 408 4794 643 4850; x_wconf 89' lang='lat' dir='ltr'><strong>emollita</strong></span> <span class='ocrx_word' id='word_1_696' title='bbox 672 4810 701 4847; x_wconf 90' lang='lat' dir='ltr'><strong>a</strong></span> <span class='ocrx_word' id='word_1_697' title='bbox 725 4810 835 4849; x_wconf 82' lang='lat' dir='ltr'><strong>sua</strong></span> <span class='ocrx_word' id='word_1_698' title='bbox 863 4796 1237 4865; x_wconf 86' lang='lat' dir='ltr'><strong>perversitatis</strong></span> <span class='ocrx_word' id='word_1_699' title='bbox 1258 4796 1560 4867; x_wconf 88' lang='lat' dir='ltr'><strong>pertinacia</strong></span> <span class='ocrx_word' id='word_1_700' title='bbox 1591 4798 1989 4869; x_wconf 82' lang='lat' dir='ltr'><strong>compescitur:</strong></span> <span class='ocrx_word' id='word_1_701' title='bbox 2099 4796 2259 4851; x_wconf 91' lang='lat' dir='ltr'><strong>alicui</strong></span> <span class='ocrx_word' id='word_1_702' title='bbox 2287 4804 2598 4851; x_wconf 88' lang='lat' dir='ltr'><strong>sanctorum</strong></span> <span class='ocrx_word' id='word_1_703' title='bbox 2645 4804 2798 4851; x_wconf 89' lang='lat' dir='ltr'><strong>tanta</strong></span> <span class='ocrx_word' id='word_1_704' title='bbox 2840 4795 2941 4850; x_wconf 80' lang='lat' dir='ltr'><strong>fuit</strong></span> <span class='ocrx_word' id='word_1_705' title='bbox 2978 4795 3207 4850; x_wconf 91' lang='lat' dir='ltr'><strong>latitudo</strong></span> <span class='ocrx_word' id='word_1_706' title='bbox 3253 4794 3554 4864; x_wconf 76' lang='lat' dir='ltr'><strong>sapientia,</strong></span> <span class='ocrx_word' id='word_1_707' title='bbox 3601 4797 3706 4852; x_wconf 80' lang='lat' dir='ltr'><strong>vel</strong></span> 
     </span>
    </p>
   </div>
   <div class='ocr_carea' id='block_1_49' title="bbox 407 4884 3706 4960">
    <p class='ocr_par' dir='ltr' id='par_1_49' title="bbox 407 4884 3706 4960">
     <span class='ocr_line' id='line_1_49' title="bbox 407 4884 3706 4960; baseline 0.001 -20"><span class='ocrx_word' id='word_1_708' title='bbox 407 4900 509 4940; x_wconf 88' lang='lat' dir='ltr'><strong>nec</strong></span> <span class='ocrx_word' id='word_1_709' title='bbox 528 4899 718 4938; x_wconf 90' lang='lat' dir='ltr'><strong>eorum</strong></span> <span class='ocrx_word' id='word_1_710' title='bbox 748 4885 1109 4939; x_wconf 89' lang='lat' dir='ltr'><strong>damnationis</strong></span> <span class='ocrx_word' id='word_1_711' title='bbox 1136 4886 1385 4957; x_wconf 81' lang='lat' dir='ltr'><strong>exemplo</strong></span> <span class='ocrx_word' id='word_1_712' title='bbox 1406 4887 1694 4957; x_wconf 89' lang='lat' dir='ltr'><strong>semetipsa</strong></span> <span class='ocrx_word' id='word_1_713' title='bbox 1720 4889 1995 4960; x_wconf 87' lang='lat' dir='ltr'><strong>corrigere</strong></span> <span class='ocrx_word' id='word_1_714' title='bbox 2098 4895 2208 4941; x_wconf 89' lang='lat' dir='ltr'><strong>tam</strong></span> <span class='ocrx_word' id='word_1_715' title='bbox 2231 4887 2451 4957; x_wconf 88' lang='lat' dir='ltr'><strong>grandis</strong></span> <span class='ocrx_word' id='word_1_716' title='bbox 2479 4887 2801 4957; x_wconf 80' lang='lat' dir='ltr'><strong>eloquentia</strong></span> <span class='ocrx_word' id='word_1_717' title='bbox 2832 4887 3009 4956; x_wconf 88' lang='lat' dir='ltr'><strong>copia,</strong></span> <span class='ocrx_word' id='word_1_718' title='bbox 3039 4896 3099 4940; x_wconf 89' lang='lat' dir='ltr'><strong>ut</strong></span> <span class='ocrx_word' id='word_1_719' title='bbox 3125 4885 3337 4940; x_wconf 87' lang='lat' dir='ltr'><strong>laudem</strong></span> <span class='ocrx_word' id='word_1_720' title='bbox 3367 4893 3423 4940; x_wconf 92' lang='lat' dir='ltr'><strong>et</strong></span> <span class='ocrx_word' id='word_1_721' title='bbox 3457 4884 3706 4956; x_wconf 83' lang='lat' dir='ltr'><strong>gloriam</strong></span> 
     </span>
    </p>
   </div>
   <div class='ocr_carea' id='block_1_50' title="bbox 410 4973 3707 5050">
    <p class='ocr_par' dir='ltr' id='par_1_50' title="bbox 410 4973 3707 5050">
     <span class='ocr_line' id='line_1_50' title="bbox 410 4973 3707 5050; baseline 0.002 -22"><span class='ocrx_word' id='word_1_722' title='bbox 410 4982 583 5039; x_wconf 87' lang='lat' dir='ltr'><strong>curat,</strong></span> <span class='ocrx_word' id='word_1_723' title='bbox 616 4973 708 5043; x_wconf 91' lang='lat' dir='ltr'><strong>qui</strong></span> <span class='ocrx_word' id='word_1_724' title='bbox 756 4974 1020 5028; x_wconf 87' lang='lat' dir='ltr'><strong>anteactis</strong></span> <span class='ocrx_word' id='word_1_725' title='bbox 1049 4977 1382 5046; x_wconf 89' lang='lat' dir='ltr'><strong>temporibus</strong></span> <span class='ocrx_word' id='word_1_726' title='bbox 1423 4992 1594 5033; x_wconf 87' lang='lat' dir='ltr'><strong>novas</strong></span> <span class='ocrx_word' id='word_1_727' title='bbox 1626 4987 1824 5045; x_wconf 88' lang='lat' dir='ltr'><strong>sectas,</strong></span> <span class='ocrx_word' id='word_1_728' title='bbox 1865 4995 1995 5050; x_wconf 90' lang='lat' dir='ltr'><strong>apo-</strong></span> <span class='ocrx_word' id='word_1_729' title='bbox 2097 4978 2299 5034; x_wconf 87' lang='lat' dir='ltr'><strong>Cbristi</strong></span> <span class='ocrx_word' id='word_1_730' title='bbox 2327 4978 2420 5033; x_wconf 90' lang='lat' dir='ltr'><strong>Dei</strong></span> <span class='ocrx_word' id='word_1_731' title='bbox 2452 4979 2611 5049; x_wconf 82' lang='lat' dir='ltr'><strong>digne</strong></span> <span class='ocrx_word' id='word_1_732' title='bbox 2637 4979 2903 5048; x_wconf 88' lang='lat' dir='ltr'><strong>potuisset</strong></span> <span class='ocrx_word' id='word_1_733' title='bbox 2942 4992 3220 5033; x_wconf 89' lang='lat' dir='ltr'><strong>enarrare.</strong></span> <span class='ocrx_word' id='word_1_734' title='bbox 3271 4976 3503 5047; x_wconf 84' lang='lat' dir='ltr'><strong>Superat</strong></span> <span class='ocrx_word' id='word_1_735' title='bbox 3540 4978 3707 5034; x_wconf 84' lang='lat' dir='ltr'><strong>enim</strong></span> 
     </span>
    </p>
   </div>
   <div class='ocr_carea' id='block_1_51' title="bbox 409 5065 3708 5139">
    <p class='ocr_par' dir='ltr' id='par_1_51' title="bbox 409 5065 3708 5139">
     <span class='ocr_line' id='line_1_51' title="bbox 409 5065 3708 5139; baseline 0.002 -20"><span class='ocrx_word' id='word_1_736' title='bbox 409 5066 728 5135; x_wconf 89' lang='lat' dir='ltr'><strong>stolicisque</strong></span> <span class='ocrx_word' id='word_1_737' title='bbox 758 5065 1137 5121; x_wconf 88' lang='lat' dir='ltr'><strong>traditionibus</strong></span> <span class='ocrx_word' id='word_1_738' title='bbox 1166 5071 1472 5123; x_wconf 82' lang='lat' dir='ltr'><strong>contrarias</strong></span> <span class='ocrx_word' id='word_1_739' title='bbox 1502 5069 1849 5125; x_wconf 90' lang='lat' dir='ltr'><strong>introducere</strong></span> <span class='ocrx_word' id='word_1_740' title='bbox 1871 5080 1992 5126; x_wconf 88' lang='lat' dir='ltr'><strong>ten-</strong></span> <span class='ocrx_word' id='word_1_741' title='bbox 2096 5084 2312 5124; x_wconf 89' lang='lat' dir='ltr'><strong>omnem</strong></span> <span class='ocrx_word' id='word_1_742' title='bbox 2360 5082 2579 5124; x_wconf 88' lang='lat' dir='ltr'><strong>sensum</strong></span> <span class='ocrx_word' id='word_1_743' title='bbox 2630 5068 2912 5123; x_wconf 88' lang='lat' dir='ltr'><strong>rationalis</strong></span> <span class='ocrx_word' id='word_1_744' title='bbox 2947 5077 3213 5124; x_wconf 80' lang='lat' dir='ltr'><strong>creatura</strong></span> <span class='ocrx_word' id='word_1_745' title='bbox 3241 5068 3400 5138; x_wconf 87' lang='lat' dir='ltr'><strong>hujus</strong></span> <span class='ocrx_word' id='word_1_746' title='bbox 3441 5069 3708 5139; x_wconf 81' lang='lat' dir='ltr'><strong>mysterii</strong></span> 
     </span>
    </p>
   </div>
   <div class='ocr_carea' id='block_1_52' title="bbox 409 5158 3698 5231">
    <p class='ocr_par' dir='ltr' id='par_1_52' title="bbox 409 5158 3698 5231">
     <span class='ocr_line' id='line_1_52' title="bbox 409 5158 3698 5231; baseline 0.001 -20"><span class='ocrx_word' id='word_1_747' title='bbox 409 5166 610 5212; x_wconf 89' lang='lat' dir='ltr'><strong>tarunt.</strong></span> <span class='ocrx_word' id='word_1_748' title='bbox 639 5159 713 5213; x_wconf 88' lang='lat' dir='ltr'><strong>Ita</strong></span> <span class='ocrx_word' id='word_1_749' title='bbox 759 5158 903 5214; x_wconf 92' lang='lat' dir='ltr'><strong>enim</strong></span> <span class='ocrx_word' id='word_1_750' title='bbox 932 5172 1034 5212; x_wconf 90' lang='lat' dir='ltr'><strong>nec</strong></span> <span class='ocrx_word' id='word_1_751' title='bbox 1063 5158 1172 5223; x_wconf 88' lang='lat' dir='ltr'><strong>isti,</strong></span> <span class='ocrx_word' id='word_1_752' title='bbox 1204 5160 1296 5229; x_wconf 91' lang='lat' dir='ltr'><strong>qui</strong></span> <span class='ocrx_word' id='word_1_753' title='bbox 1344 5161 1506 5231; x_wconf 89' lang='lat' dir='ltr'><strong>hujus</strong></span> <span class='ocrx_word' id='word_1_754' title='bbox 1546 5163 1800 5217; x_wconf 86' lang='lat' dir='ltr'><strong>novitatis</strong></span> <span class='ocrx_word' id='word_1_755' title='bbox 1826 5163 1996 5218; x_wconf 90' lang='lat' dir='ltr'><strong>intro-</strong></span> <span class='ocrx_word' id='word_1_756' title='bbox 2097 5161 2435 5231; x_wconf 85' lang='lat' dir='ltr'><strong>magnitudo,</strong></span> <span class='ocrx_word' id='word_1_757' title='bbox 2461 5175 2570 5230; x_wconf 89' lang='lat' dir='ltr'><strong>quo</strong></span> <span class='ocrx_word' id='word_1_758' title='bbox 2599 5160 2694 5214; x_wconf 91' lang='lat' dir='ltr'><strong>Dei</strong></span> <span class='ocrx_word' id='word_1_759' title='bbox 2723 5159 2891 5214; x_wconf 82' lang='lat' dir='ltr'><strong>Filius</strong></span> <span class='ocrx_word' id='word_1_760' title='bbox 2922 5158 2975 5213; x_wconf 89' lang='lat' dir='ltr'><strong>in</strong></span> <span class='ocrx_word' id='word_1_761' title='bbox 3007 5160 3271 5214; x_wconf 88' lang='lat' dir='ltr'><strong>unitatem</strong></span> <span class='ocrx_word' id='word_1_762' title='bbox 3299 5174 3547 5229; x_wconf 79' lang='lat' dir='ltr'><strong>persona</strong></span> <span class='ocrx_word' id='word_1_763' title='bbox 3576 5159 3698 5213; x_wconf 80' lang='lat' dir='ltr'><strong>hu~</strong></span> 
     </span>
    </p>
   </div>
   <div class='ocr_carea' id='block_1_53' title="bbox 410 5244 3711 5323">
    <p class='ocr_par' dir='ltr' id='par_1_53' title="bbox 410 5244 3711 5323">
     <span class='ocr_line' id='line_1_53' title="bbox 410 5244 3711 5323; baseline 0.002 -25"><span class='ocrx_word' id='word_1_764' title='bbox 410 5244 693 5303; x_wconf 90' lang='lat' dir='ltr'><strong>ductiones</strong></span> <span class='ocrx_word' id='word_1_765' title='bbox 723 5248 845 5302; x_wconf 86' lang='lat' dir='ltr'><strong>ﬁdei</strong></span> <span class='ocrx_word' id='word_1_766' title='bbox 876 5246 1159 5303; x_wconf 82' lang='lat' dir='ltr'><strong>catholica</strong></span> <span class='ocrx_word' id='word_1_767' title='bbox 1190 5247 1431 5303; x_wconf 88' lang='lat' dir='ltr'><strong>inserere</strong></span> <span class='ocrx_word' id='word_1_768' title='bbox 1472 5260 1757 5317; x_wconf 89' lang='lat' dir='ltr'><strong>conantur,</strong></span> <span class='ocrx_word' id='word_1_769' title='bbox 1800 5267 1858 5307; x_wconf 91' lang='lat' dir='ltr'><strong>se</strong></span> <span class='ocrx_word' id='word_1_770' title='bbox 1903 5252 1992 5323; x_wconf 89' lang='lat' dir='ltr'><strong>pia</strong></span> <span class='ocrx_word' id='word_1_771' title='bbox 2097 5251 2376 5306; x_wconf 88' lang='lat' dir='ltr'><strong>manitatis</strong></span> <span class='ocrx_word' id='word_1_772' title='bbox 2424 5259 2672 5305; x_wconf 90' lang='lat' dir='ltr'><strong>naturam</strong></span> <span class='ocrx_word' id='word_1_773' title='bbox 2705 5266 2984 5305; x_wconf 89' lang='lat' dir='ltr'><strong>assumere</strong></span> <span class='ocrx_word' id='word_1_774' title='bbox 3013 5253 3268 5321; x_wconf 80' lang='lat' dir='ltr'><strong>dignatus</strong></span> <span class='ocrx_word' id='word_1_775' title='bbox 3308 5256 3412 5313; x_wconf 89' lang='lat' dir='ltr'><strong>est,</strong></span> <span class='ocrx_word' id='word_1_776' title='bbox 3449 5258 3506 5304; x_wconf 86' lang='lat' dir='ltr'><strong>et</strong></span> <span class='ocrx_word' id='word_1_777' title='bbox 3546 5249 3711 5306; x_wconf 87' lang='lat' dir='ltr'><strong>inter</strong></span> 
     </span>
    </p>
   </div>
   <div class='ocr_carea' id='block_1_54' title="bbox 412 5335 3714 5413">
    <p class='ocr_par' dir='ltr' id='par_1_54' title="bbox 412 5335 3714 5413">
     <span class='ocr_line' id='line_1_54' title="bbox 412 5335 3714 5413; baseline 0.004 -26"><span class='ocrx_word' id='word_1_778' title='bbox 412 5335 731 5392; x_wconf 81' lang='lat' dir='ltr'><strong>humilitatis</strong></span> <span class='ocrx_word' id='word_1_779' title='bbox 758 5337 1195 5393; x_wconf 85' lang='lat' dir='ltr'><strong>consideratione</strong></span> <span class='ocrx_word' id='word_1_780' title='bbox 1222 5338 1276 5392; x_wconf 90' lang='lat' dir='ltr'><strong>iu</strong></span> <span class='ocrx_word' id='word_1_781' title='bbox 1300 5338 1441 5392; x_wconf 91' lang='lat' dir='ltr'><strong>ovile</strong></span> <span class='ocrx_word' id='word_1_782' title='bbox 1462 5339 1785 5397; x_wconf 88' lang='lat' dir='ltr'><strong>universalis</strong></span> <span class='ocrx_word' id='word_1_783' title='bbox 1809 5342 1996 5397; x_wconf 87' lang='lat' dir='ltr'><strong>Eccle-</strong></span> <span class='ocrx_word' id='word_1_784' title='bbox 2096 5342 2346 5397; x_wconf 90' lang='lat' dir='ltr'><strong>homines</strong></span> <span class='ocrx_word' id='word_1_785' title='bbox 2376 5343 2538 5398; x_wconf 90' lang='lat' dir='ltr'><strong>homo</strong></span> <span class='ocrx_word' id='word_1_786' title='bbox 2567 5342 2710 5396; x_wconf 88' lang='lat' dir='ltr'><strong>Deus</strong></span> <span class='ocrx_word' id='word_1_787' title='bbox 2738 5343 3084 5408; x_wconf 87' lang='lat' dir='ltr'><strong>conversari,</strong></span> <span class='ocrx_word' id='word_1_788' title='bbox 3116 5343 3207 5413; x_wconf 92' lang='lat' dir='ltr'><strong>qui</strong></span> <span class='ocrx_word' id='word_1_789' title='bbox 3239 5343 3290 5396; x_wconf 92' lang='lat' dir='ltr'><strong>in</strong></span> <span class='ocrx_word' id='word_1_790' title='bbox 3314 5340 3469 5396; x_wconf 65' lang='lat' dir='ltr'><strong>caelis</strong></span> <span class='ocrx_word' id='word_1_791' title='bbox 3493 5341 3714 5399; x_wconf 81' lang='lat' dir='ltr'><strong>adora-</strong></span> 
     </span>
    </p>
   </div>
   <div class='ocr_carea' id='block_1_55' title="bbox 410 5423 3711 5504">
    <p class='ocr_par' dir='ltr' id='par_1_55' title="bbox 410 5423 3711 5504">
     <span class='ocr_line' id='line_1_55' title="bbox 410 5423 3711 5504; baseline 0.004 -25"><span class='ocrx_word' id='word_1_792' title='bbox 410 5423 505 5479; x_wconf 74' lang='lat' dir='ltr'><strong>sia</strong></span> <span class='ocrx_word' id='word_1_793' title='bbox 534 5441 632 5495; x_wconf 92' lang='lat' dir='ltr'><strong>per</strong></span> <span class='ocrx_word' id='word_1_794' title='bbox 675 5429 987 5498; x_wconf 88' lang='lat' dir='ltr'><strong>apostolica</strong></span> <span class='ocrx_word' id='word_1_795' title='bbox 1016 5428 1140 5485; x_wconf 89' lang='lat' dir='ltr'><strong>ﬁdei</strong></span> <span class='ocrx_word' id='word_1_796' title='bbox 1176 5431 1436 5484; x_wconf 87' lang='lat' dir='ltr'><strong>unitatem</strong></span> <span class='ocrx_word' id='word_1_797' title='bbox 1466 5445 1722 5486; x_wconf 88' lang='lat' dir='ltr'><strong>revocare</strong></span> <span class='ocrx_word' id='word_1_798' title='bbox 1750 5433 1990 5488; x_wconf 89' lang='lat' dir='ltr'><strong>student.</strong></span> <span class='ocrx_word' id='word_1_799' title='bbox 2095 5443 2186 5487; x_wconf 90' lang='lat' dir='ltr'><strong>tur</strong></span> <span class='ocrx_word' id='word_1_800' title='bbox 2214 5433 2283 5488; x_wconf 89' lang='lat' dir='ltr'><strong>ab</strong></span> <span class='ocrx_word' id='word_1_801' title='bbox 2311 5432 2554 5504; x_wconf 86' lang='lat' dir='ltr'><strong>angelis:</strong></span> <span class='ocrx_word' id='word_1_802' title='bbox 2589 5447 2749 5502; x_wconf 87' lang='lat' dir='ltr'><strong>quem</strong></span> <span class='ocrx_word' id='word_1_803' title='bbox 2776 5432 2961 5488; x_wconf 78' lang='lat' dir='ltr'><strong>infelix</strong></span> <span class='ocrx_word' id='word_1_804' title='bbox 3002 5435 3231 5490; x_wconf 90' lang='lat' dir='ltr'><strong>istorum</strong></span> <span class='ocrx_word' id='word_1_805' title='bbox 3263 5434 3549 5490; x_wconf 87' lang='lat' dir='ltr'><strong>temeritas</strong></span> <span class='ocrx_word' id='word_1_806' title='bbox 3590 5435 3711 5493; x_wconf 83' lang='lat' dir='ltr'><strong>de-</strong></span> 
     </span>
    </p>
   </div>
   <div class='ocr_carea' id='block_1_56' title="bbox 414 5513 3705 5595">
    <p class='ocr_par' dir='ltr' id='par_1_56' title="bbox 414 5513 3705 5595">
     <span class='ocr_line' id='line_1_56' title="bbox 414 5513 3705 5595; baseline 0.005 -28"><span class='ocrx_word' id='word_1_807' title='bbox 414 5513 480 5569; x_wconf 84' lang='lat' dir='ltr'><strong>Et</strong></span> <span class='ocrx_word' id='word_1_808' title='bbox 513 5531 619 5570; x_wconf 91' lang='lat' dir='ltr'><strong>non</strong></span> <span class='ocrx_word' id='word_1_809' title='bbox 646 5518 818 5573; x_wconf 86' lang='lat' dir='ltr'><strong>solum</strong></span> <span class='ocrx_word' id='word_1_810' title='bbox 849 5522 990 5577; x_wconf 89' lang='lat' dir='ltr'><strong>male</strong></span> <span class='ocrx_word' id='word_1_811' title='bbox 1024 5521 1235 5595; x_wconf 77' lang='lat' dir='ltr'><strong>prolata</strong></span> <span class='ocrx_word' id='word_1_812' title='bbox 1280 5523 1584 5579; x_wconf 86' lang='lat' dir='ltr'><strong>salubriore</strong></span> <span class='ocrx_word' id='word_1_813' title='bbox 1617 5539 1781 5580; x_wconf 90' lang='lat' dir='ltr'><strong>sensu</strong></span> <span class='ocrx_word' id='word_1_814' title='bbox 1810 5540 1994 5580; x_wconf 90' lang='lat' dir='ltr'><strong>emen-</strong></span> <span class='ocrx_word' id='word_1_815' title='bbox 2094 5525 2329 5581; x_wconf 89' lang='lat' dir='ltr'><strong>bitorem</strong></span> <span class='ocrx_word' id='word_1_816' title='bbox 2356 5525 2656 5591; x_wconf 89' lang='lat' dir='ltr'><strong>servitutis,</strong></span> <span class='ocrx_word' id='word_1_817' title='bbox 2698 5526 2783 5581; x_wconf 88' lang='lat' dir='ltr'><strong>vel</strong></span> <span class='ocrx_word' id='word_1_818' title='bbox 2812 5527 3231 5583; x_wconf 80' lang='lat' dir='ltr'><strong>conditionalem</strong></span> <span class='ocrx_word' id='word_1_819' title='bbox 3260 5542 3480 5582; x_wconf 90' lang='lat' dir='ltr'><strong>servum</strong></span> <span class='ocrx_word' id='word_1_820' title='bbox 3507 5530 3705 5584; x_wconf 84' lang='lat' dir='ltr'><strong>nomi-</strong></span> 
     </span>
    </p>
   </div>
   <div class='ocr_carea' id='block_1_57' title="bbox 412 5610 3706 5690">
    <p class='ocr_par' dir='ltr' id='par_1_57' title="bbox 412 5610 3706 5690">
     <span class='ocr_line' id='line_1_57' title="bbox 412 5610 3706 5690; baseline 0.003 -25"><span class='ocrx_word' id='word_1_821' title='bbox 412 5610 543 5666; x_wconf 83' lang='lat' dir='ltr'><strong>dare</strong></span> <span class='ocrx_word' id='word_1_822' title='bbox 572 5628 678 5666; x_wconf 90' lang='lat' dir='ltr'><strong>non</strong></span> <span class='ocrx_word' id='word_1_823' title='bbox 724 5617 1070 5671; x_wconf 90' lang='lat' dir='ltr'><strong>consentiunt</strong></span> <span class='ocrx_word' id='word_1_824' title='bbox 1114 5635 1129 5671; x_wconf 90' lang='lat'><strong>:</strong></span> <span class='ocrx_word' id='word_1_825' title='bbox 1166 5632 1355 5672; x_wconf 88' lang='lat' dir='ltr'><strong>verum</strong></span> <span class='ocrx_word' id='word_1_826' title='bbox 1387 5617 1554 5672; x_wconf 86' lang='lat' dir='ltr'><strong>etiam</strong></span> <span class='ocrx_word' id='word_1_827' title='bbox 1601 5616 1881 5687; x_wconf 87' lang='lat' dir='ltr'><strong>pejoribus</strong></span> <span class='ocrx_word' id='word_1_828' title='bbox 1934 5632 1992 5674; x_wconf 91' lang='lat' dir='ltr'><strong>se</strong></span> <span class='ocrx_word' id='word_1_829' title='bbox 2094 5631 2226 5671; x_wconf 91' lang='lat' dir='ltr'><strong>nare</strong></span> <span class='ocrx_word' id='word_1_830' title='bbox 2251 5633 2358 5672; x_wconf 90' lang='lat' dir='ltr'><strong>non</strong></span> <span class='ocrx_word' id='word_1_831' title='bbox 2399 5617 2608 5682; x_wconf 88' lang='lat' dir='ltr'><strong>metuit,</strong></span> <span class='ocrx_word' id='word_1_832' title='bbox 2637 5626 2693 5673; x_wconf 91' lang='lat' dir='ltr'><strong>et</strong></span> <span class='ocrx_word' id='word_1_833' title='bbox 2719 5617 2903 5673; x_wconf 88' lang='lat' dir='ltr'><strong>inﬁma</strong></span> <span class='ocrx_word' id='word_1_834' title='bbox 2935 5635 3165 5690; x_wconf 81' lang='lat' dir='ltr'><strong>quaque</strong></span> <span class='ocrx_word' id='word_1_835' title='bbox 3191 5620 3409 5675; x_wconf 87' lang='lat' dir='ltr'><strong>nomina</strong></span> <span class='ocrx_word' id='word_1_836' title='bbox 3446 5618 3706 5676; x_wconf 78' lang='lat' dir='ltr'><strong>Redem-</strong></span> 
     </span>
    </p>
   </div>
   <div class='ocr_carea' id='block_1_58' title="bbox 409 5699 3726 5783">
    <p class='ocr_par' dir='ltr' id='par_1_58' title="bbox 409 5699 3726 5783">
     <span class='ocr_line' id='line_1_58' title="bbox 409 5699 3726 5783; baseline 0.006 -32"><span class='ocrx_word' id='word_1_837' title='bbox 409 5699 590 5755; x_wconf 84' lang='lat' dir='ltr'><strong>dcnuo</strong></span> <span class='ocrx_word' id='word_1_838' title='bbox 622 5699 902 5770; x_wconf 85' lang='lat' dir='ltr'><strong>implicare</strong></span> <span class='ocrx_word' id='word_1_839' title='bbox 930 5705 1206 5760; x_wconf 85' lang='lat' dir='ltr'><strong>erroribus</strong></span> <span class='ocrx_word' id='word_1_840' title='bbox 1234 5705 1583 5760; x_wconf 89' lang='lat' dir='ltr'><strong>contendunt.</strong></span> <span class='ocrx_word' id='word_1_841' title='bbox 1618 5705 1770 5761; x_wconf 91' lang='lat' dir='ltr'><strong>Unde</strong></span> <span class='ocrx_word' id='word_1_842' title='bbox 1798 5714 1853 5761; x_wconf 92' lang='lat' dir='ltr'><strong>et</strong></span> <span class='ocrx_word' id='word_1_843' title='bbox 1893 5707 1994 5761; x_wconf 88' lang='lat' dir='ltr'><strong>iste</strong></span> <span class='ocrx_word' id='word_1_844' title='bbox 2092 5709 2233 5779; x_wconf 85' lang='lat' dir='ltr'><strong>ptori</strong></span> <span class='ocrx_word' id='word_1_845' title='bbox 2260 5717 2446 5764; x_wconf 91' lang='lat' dir='ltr'><strong>nostro</strong></span> <span class='ocrx_word' id='word_1_846' title='bbox 2469 5707 2705 5776; x_wconf 89' lang='lat' dir='ltr'><strong>Christo,</strong></span> <span class='ocrx_word' id='word_1_847' title='bbox 2723 5710 2833 5765; x_wconf 87' lang='lat' dir='ltr'><strong>Deo</strong></span> <span class='ocrx_word' id='word_1_848' title='bbox 2857 5725 3010 5777; x_wconf 89' lang='lat' dir='ltr'><strong>vero,</strong></span> <span class='ocrx_word' id='word_1_849' title='bbox 3033 5719 3090 5767; x_wconf 89' lang='lat' dir='ltr'><strong>et</strong></span> <span class='ocrx_word' id='word_1_850' title='bbox 3111 5712 3245 5783; x_wconf 82' lang='lat' dir='ltr'><strong>Regi</strong></span> <span class='ocrx_word' id='word_1_851' title='bbox 3272 5727 3479 5783; x_wconf 87' lang='lat' dir='ltr'><strong>regum,</strong></span> <span class='ocrx_word' id='word_1_852' title='bbox 3505 5710 3726 5772; x_wconf 74' lang='lat' dir='ltr'><strong>Domi-</strong></span> 
     </span>
    </p>
   </div>
   <div class='ocr_carea' id='block_1_59' title="bbox 412 5792 3320 5874">
    <p class='ocr_par' dir='ltr' id='par_1_59' title="bbox 412 5792 3320 5874">
     <span class='ocr_line' id='line_1_59' title="bbox 412 5792 3320 5874; baseline 0.003 -27"><span class='ocrx_word' id='word_1_853' title='bbox 412 5792 563 5849; x_wconf 73' lang='lat' dir='ltr'><strong>Fclix</strong></span> <span class='ocrx_word' id='word_1_854' title='bbox 599 5795 894 5853; x_wconf 83' lang='lat' dir='ltr'><strong>infcliciore</strong></span> <span class='ocrx_word' id='word_1_855' title='bbox 922 5797 1168 5863; x_wconf 85' lang='lat' dir='ltr'><strong>audacia,</strong></span> <span class='ocrx_word' id='word_1_856' title='bbox 1198 5814 1320 5853; x_wconf 87' lang='lat' dir='ltr'><strong>cum</strong></span> <span class='ocrx_word' id='word_1_857' title='bbox 1347 5798 1560 5854; x_wconf 83' lang='lat' dir='ltr'><strong>catcris</strong></span> <span class='ocrx_word' id='word_1_858' title='bbox 1587 5815 1698 5854; x_wconf 75' lang='lat' dir='ltr'><strong>sua</strong></span> <span class='ocrx_word' id='word_1_859' title='bbox 1726 5802 1993 5869; x_wconf 78' lang='lat' dir='ltr'><strong>pervcrsi-</strong></span> <span class='ocrx_word' id='word_1_860' title='bbox 2094 5816 2269 5872; x_wconf 80' lang='lat' dir='ltr'><strong>noque</strong></span> <span class='ocrx_word' id='word_1_861' title='bbox 2296 5800 2688 5856; x_wconf 86' lang='lat' dir='ltr'><strong>dominantium</strong></span> <span class='ocrx_word' id='word_1_862' title='bbox 2722 5803 2997 5871; x_wconf 80' lang='lat' dir='ltr'><strong>imponere</strong></span> <span class='ocrx_word' id='word_1_863' title='bbox 3024 5805 3320 5874; x_wconf 54' lang='lat' dir='ltr'><strong>praesumit.</strong></span> 
     </span>
    </p>
   </div>
   <div class='ocr_carea' id='block_1_60' title="bbox 3238 5994 3271 6005">
    <p class='ocr_par' dir='ltr' id='par_1_60' title="bbox 3238 5994 3271 6005">
     <span class='ocr_line' id='line_1_60' title="bbox 3238 5994 3271 6005; baseline 0 -2"><span class='ocrx_word' id='word_1_864' title='bbox 3238 5994 3271 6005; x_wconf 74' lang='grc' dir='ltr'><strong><em>,ο</em></strong></span> 
     </span>
    </p>
   </div>
  </div>
