3964 6186
231 392 328 445 id!

952 387 1345 447 DOCMATICA
1402 419 1469 430 -—
1508 387 1666 443 ADV.
1710 384 2001 440 FELICEM
2037 386 2214 441 LIBRI
2255 387 2360 443 ΥΠ.
2401 418 2471 430 —-—
2504 383 2631 443 UB.
2672 387 2755 443 νι.

3366 385 3475 440 101

294 503 467 579 839
501 505 561 561 ll.
602 502 757 570 Quod
801 514 930 573 ergo
972 502 1248 558 Christum
1291 504 1485 559 debitae
1529 500 1804 557 servitutis
1833 504 1876 557 A
1978 500 2062 555 lll.
2092 498 2224 555 Illud
2256 516 2385 556 vero
2411 501 2553 571 quod
2586 499 2667 556 sis
2696 520 2707 555 :
2739 519 2756 552 ι
2790 499 2942 555 illum
2971 505 3188 570 propter
3227 497 3475 569 ignobili-

227 599 554 655 necessitate
581 596 932 650 constrictum
966 609 1086 650 esse
1129 594 1429 659 contendis,
1456 593 1559 657 dic,
1590 607 1709 656 oro,
1751 592 1803 645 in

226 704 336 759 quo
376 685 480 741 fuit
518 685 772 744 Christus
811 683 969 740 Jesus
995 685 1250 739 debitor?
1293 683 1542 754 Nunquid
1584 692 1805 753 peccata

226 779 435 840 habuit,
466 786 526 830 ut
566 786 788 846 propter
810 784 1153 845 peccatorum
1183 775 1555 832 remissionem
1598 775 1808 829 debitor

226 871 404 927 esset?
442 869 583 923 Nam
612 870 667 924 in
704 869 949 923 oratione
974 868 1252 923 Dominica
1281 868 1459 922 debita
1488 876 1586 936 pro
1617 879 1806 935 pecca-

229 966 293 1017 tis
316 970 614 1032 ponuntur,
644 960 787 1014 sicut
827 960 1062 1014 solemus
1096 975 1161 1014 ex
1205 969 1473 1030 prmcepto
1505 960 1673 1028 ipsibs
1705 959 1807 1013 Vc-

227 1054 398 1108 ritatis
425 1051 674 1121 quotidie
720 1049 1012 1104 decantare
1052 1067 1064 1101 :
1115 1048 1181 1102 Et
1210 1050 1413 1103 dimitte
1444 1050 1590 1104 nobis
1634 1049 1805 1103 debita

228 1152 422 1197 nostra.
465 1142 606 1193 sicut
656 1148 704 1193 et
753 1151 846 1191 nos
893 1137 1200 1191 dimittimus
1255 1131 1574 1192 debitoribus
1616 1137 1804 1192 nostris

227 1230 440 1297 (Matth.
474 1245 553 1293 vr,
586 1228 690 1296 l2).
718 1228 872 1283 Unde
900 1237 956 1281 et
999 1241 1121 1281 mox
1152 1226 1310 1296 hujus
1348 1229 1629 1298 petitionis
1653 1242 1807 1282 reca-

223 1320 473 1391 pitulatio
519 1316 759 1386 subjecta
810 1326 914 1378 est,
963 1324 1024 1371 ut
1067 1314 1457 1389 intelligeretur
1502 1320 1566 1372 de
1611 1318 1807 1387 quibus

224 1411 452 1465 dixisset
479 1409 706 1471 debitis;
741 1408 817 1461 ait
840 1407 982 1462 enim
1013 1407 1127 1477 ipse
1158 1408 1418 1462 Dominus
1446 1408 1500 1461 in
1529 1407 1803 1477 sequenti-

220 1502 356 1559 bus:
389 1502 454 1557 Si
485 1501 792 1555 dimiseritis
820 1499 1117 1554 hominibus
1146 1508 1356 1569 peccata
1385 1515 1588 1562 eorum,
1629 1498 1806 1551 dimit-

220 1603 289 1647 tet
314 1602 365 1646 et
407 1593 555 1646 vobis
600 1590 761 1644 Pater
782 1600 944 1644 vester
977 1587 1192 1644 caelestis
1222 1588 1410 1642 delicta
1440 1598 1604 1642 uestra
1637 1587 1798 1657 ('Ibid.

223 1682 332 1749 lt).
362 1681 433 1736 Et
463 1680 557 1735 ubi
586 1695 725 1733 unus
753 1678 1078 1749 evangelista
1122 1677 1274 1741 dicit,
1301 1678 1473 1732 debita
1503 1687 1701 1742 nostra,
1729 1678 1801 1732 ibi

1906 597 2071 646 tatem
2101 592 2270 647 beatae
2313 591 2569 661 Virginis,
2611 606 2731 662 qua:
2769 606 2829 646 se
2870 589 3116 646 ancillam
3146 589 3242 645 Dei
3283 588 3471 644 humili

1905 696 2036 736 voce
2077 689 2435 751 protestatnr,
2476 696 2691 736 servum
2722 696 2842 736 esse
2871 680 3305 738 conditionalem.
3342 700 3362 730 ι
3412 677 3475 734 Si

1904 775 2240 830 sanctissima
2271 776 2423 845 virgo
2465 775 2631 831 Maria
2651 775 2804 844 juxta
2830 784 3066 831 vestram
3113 776 3474 832 temeritatem

1904 862 2280 922 conditionalis
2325 877 2407 921 est
2435 868 2652 931 ancilla,
2680 882 2808 939 ergo
2836 869 3067 923 nobilior
3089 876 3175 924 est
3206 868 3340 923 Sara
3382 882 3472 924 se-

1903 956 2136 1010 cundum
2166 957 2512 1026 apostolicam
2560 959 2956 1021 auctoritatem,
2993 958 3060 1014 de
3088 964 3201 1029 qua.
3220 958 3337 1030 ipse
3372 959 3474 1014 do-

1903 1057 2021 1105 ctor
2069 1050 2303 1121 gentium
2348 1049 2423 1103 ait
2464 1071 2475 1102 :
2512 1049 2776 1120 Scriptum
2804 1060 2878 1105 est
2920 1051 3166 1120 quoniam
3205 1050 3470 1103 Abraham

1902 1138 2033 1193 duos
2059 1140 2197 1208 ﬁlios
2238 1140 2437 1201 habuit,
2466 1156 2626 1194 unum
2667 1140 2733 1193 de
2772 1139 2987 1201 ancilla,
3031 1149 3080 1194 et
3118 1157 3277 1193 unum
3307 1139 3371 1194 de
3408 1139 3475 1192 li-

1903 1228 2044 1284 bera.
2094 1229 2198 1284 Sed
2226 1230 2314 1300 qui
2358 1230 2423 1283 de
2460 1229 2684 1293 ancilla,
2734 1228 3016 1284 secundum
3062 1246 3273 1283 carnem
3318 1240 3473 1283 natus

1902 1330 2000 1377 est.
2029 1320 2118 1390 qui
2144 1330 2315 1375 autem
2339 1318 2405 1374 de
2425 1318 2607 1381 libera,
2633 1331 2725 1391 per
2753 1320 3200 1389 repromissionem
3225 1318 3368 1389 (Cal.
3393 1328 3469 1379 tv.

1899 1411 1996 1473 22,
2037 1411 2149 1481 25).
2182 1411 2250 1465 Et
2294 1420 2418 1480 post
2438 1425 2647 1480 pauca:
2690 1409 2793 1465 Sed
2829 1412 2955 1480 quid
2991 1412 3119 1465 dicit
3162 1409 3479 1482 Scriptura?

1906 1501 2052 1572 Ejice
2073 1500 2321 1555 ancillam
2346 1511 2392 1555 et
2420 1501 2588 1569 ﬁlium
2616 1499 2731 1569 ejus
2756 1516 2774 1555 :
2801 1516 2906 1555 non
2931 1502 3066 1555 enim
3092 1502 3257 1555 htcres
3278 1503 3375 1555 erit
3401 1502 3465 1570 ﬁ-

1901 1592 2004 1646 lius
2035 1592 2242 1646 ancilla!
2262 1608 2379 1645 cum
2408 1590 2519 1660 ﬁlio
2544 1590 2719 1644 libera:
2742 1588 2905 1657 (Ibid.
2930 1590 3044 1661 30).
3066 1590 3229 1646 Forte
3254 1599 3309 1647 et
3332 1593 3474 1662 apud

1902 1690 1955 1738 te
1984 1682 2215 1737 nobilior
2240 1691 2325 1737 est
2365 1682 2514 1737 Isaac
2548 1697 2709 1752 quam
2735 1681 3020 1738 Christus:
3049 1683 3142 1753 qui
3180 1682 3475 1754 apostolicn

218 1774 359 1828 alius
403 1786 508 1842 pro
545 1770 743 1825 debitis
770 1780 993 1840 peccata
1038 1770 1191 1839 ponit
1218 1768 1369 1837 (Luc.
1396 1785 1470 1831 χι,
1500 1768 1576 1837 4).
1621 1766 1679 1822 Si
1709 1768 1802 1824 dc-
1903 1771 2209 1827 testimonio
2229 1772 2294 1827 de
2319 1770 2487 1825 libera
2514 1778 2670 1826 natus
2695 1778 2801 1837 est,
2829 1778 2885 1826 et
2919 1770 3187 1837 Christus,
3224 1780 3287 1827 ut
3310 1781 3365 1826 tu
3390 1788 3479 1826 as-

216 1864 361 1919 tutor
379 1868 490 1925 est.
512 1860 605 1932 qui
628 1868 683 1913 et
707 1866 1051 1930 peccatum!
1071 1858 1380 1928 evangelica
1404 1860 1605 1913 veritas
1624 1865 1802 1913 osten—
1833 1843 1875 1902 Β
1903 1865 2057 1925 seris,
2105 1864 2172 1919 de
2220 1863 2412 1919 ancilla
2464 1873 2563 1918 εει
2604 1876 2795 1919 omnes
2838 1863 3072 1934 adoptivi
3118 1864 3210 1919 ﬁlii
3244 1864 3339 1920 Dei
3382 1862 3476 1929 qui

214 1954 313 2017 dit,
342 1950 596 2019 nunquid
619 1958 674 2004 et
689 1948 936 2005 Christus
960 1956 1210 2019 peccator
1231 1948 1353 2011 fuit,
1380 1957 1440 2003 ut
1463 1948 1675 2004 debitor
1695 1948 1797 2004 dici

213 2043 449 2100 debeat?
482 2040 589 2097 nisi
616 2039 761 2096 forte
785 2038 892 2095 alio
917 2054 1077 2094 sensu
1114 2038 1413 2094 debitorem
1443 2038 1576 2094 velis
1603 2037 1800 2094 intelli-

124 2152 129 2159 ·
215 2150 357 2207 gere.
386 2132 633 2188 anteacti
662 2130 917 2185 videlicet
938 2129 1227 2199 cujuslibet
1254 2128 1501 2184 beneﬁcii
1550 2143 1801 2184 remune-

218 2236 485 2280 ratorem.
516 2221 653 2289 Quid
688 2236 817 2274 vero
845 2221 946 2275 hoc
974 2219 1039 2273 ad
1068 2217 1342 2273 Christum
1365 2218 1631 2288 pertinet?
1653 2217 1801 2272 Nun-

214 2320 337 2390 quid
369 2317 618 2387 primum
666 2313 768 2368 fuit
796 2315 978 2376 homo,
1010 2321 1063 2366 et
1087 2322 1275 2380 postea
1301 2310 1557 2380 singulari
1599 2309 1801 2364 benefl-

217 2412 369 2465 cioin
403 2409 503 2462 Dei
532 2406 730 2461 Filium
758 2404 962 2459 electus
982 2418 1100 2459 esse
1139 2402 1441 2459 credendus
1469 2410 1571 2461 est.
1601 2409 1663 2455 ut
1701 2402 1800 2455 hu-

213 2502 293 2569 ius
334 2500 478 2555 tanti
523 2495 779 2552 beneﬁcii
811 2496 1023 2551 debitor
1064 2494 1136 2549 sit
1176 2492 1470 2547 dicendus?
1516 2491 1704 2546 Nonne
1744 2492 1797 2545 in

215 2593 327 2663 ipso
372 2596 645 2659 conceptu
691 2588 835 2642 Deus
902 2601 1080 2648 verus,
1143 2592 1199 2638 et
1264 2599 1425 2639 verus
1486 2583 1577 2638 Dei
1632 2582 1799 2638 Filius

215 2692 509 2752 «nceptas
559 2690 675 2744 est,
714 2690 770 2736 et
808 2680 863 2734 in
897 2694 1059 2734 unam
1094 2692 1382 2749 personam
1423 2676 1650 2731 duarum
1702 2690 1800 2729 na—

215 2785 461 2830 turarum
520 2773 669 2827 facta
731 2780 816 2827 est
858 2769 1163 2839 coniunctio
1221 2769 1275 2823 in
1324 2770 1441 2840 ipso
1482 2779 1635 2823 utero
1688 2767 1799 2820 vir-

213 2868 399 2939 ginali,
455 2868 513 2921 in
538 2876 690 2920 tanta
734 2879 983 2936 personze
1027 2864 1263 2928 unitate,
1288 2864 1354 2917 "ut
1378 2862 1467 2917 hic
1499 2869 1664 2925 totus,
1705 2859 1797 2930 qui

214 2974 275 3013 ex
297 2959 524 3029 virgine
561 2966 722 3012 natus
753 2964 855 3019 cst,
891 2956 1254 3010 indubitanter
1292 2954 1396 3009 dici
1427 2962 1485 3008 et
1519 2952 1667 3008 credi
1707 2951 1799 3007 de-

213 3050 335 3106 beat
359 3065 508 3105 unus
538 3063 701 3104 verus
724 3047 892 3102 Filius
922 3047 1037 3101 Dei.
1069 3047 1208 3102 Alibi
1238 3060 1452 3117 quoque
1478 3046 1530 3100 in
1558 3043 1797 3113 Evange-

212 3138 280 3195 lio
298 3138 373 3195 de
401 3138 654 3195 debitore
692 3136 891 3191 dicitur
921 3150 937 3189 :
971 3135 1086 3189 Duo
1114 3135 1369 3189 debitores
1394 3135 1607 3205 fuerunt
1649 3133 1796 3203 fene-

213 3229 375 3282 raton'
387 3225 654 3297 uni(Luc.
678 3241 775 3287 vn,
802 3223 913 3294 41).
932 3222 1033 3290 Qui
1053 3222 1144 3278 hic
1171 3223 1444 3279 debitores
1467 3221 1797 3295 intelligendi

213 3328 354 3383 sunt,
400 3318 508 3372 nisi
534 3314 827 3384 cujuslibet
850 3315 993 3386 pacti
1024 3314 1350 3370 necessitate
1388 3314 1442 3368 in
1462 3312 1555 3382 jus
1584 3312 1798 3369 fenera-

212 3410 346 3463 toris
368 3406 623 3477 obligati,
650 3420 881 3475 quorum
908 3403 1041 3460 nihil
1068 3403 1134 3459 de
1156 3403 1371 3459 Christo
1392 3404 1480 3473 pia
1504 3403 1797 3459 credulitas

211 3501 479 3570 permittit
521 3496 668 3554 dici?
713 3495 866 3563 Quod
913 3511 1043 3552 vero
1089 3496 1171 3551 ais
1215 3495 1629 3551 conditionalem
1674 3511 1796 3551 esse

213 3605 427 3645 servum
453 3605 470 3643 :
498 3603 622 3659 quae
644 3586 926 3643 catholica:
953 3601 1112 3641 aures
1140 3586 1279 3641 hanc
1308 3593 1513 3640 tantam
1548 3586 1796 3656 blasphe-

215 3682 375 3735 miam
413 3682 691 3752 patienter
718 3678 1005 3743 snﬁ‘crunt,
1027 3687 1086 3733 ut
1111 3675 1363 3733 Christus
1394 3678 1488 3732 Dei
1519 3678 1686 3734 Filius
1704 3679 1795 3733 vili

210 3771 524 3826 conditione
550 3779 606 3824 et
628 3770 763 3824 dura
791 3769 1115 3824 necessitate
1139 3781 1331 3822 servus
1358 3766 1431 3821 sit
1466 3766 1560 3821 Dei
1586 3766 1798 3822 Patris?

212 3860 352 3928 Quid
387 3877 523 3931 ergo
549 3860 687 3915 dicis
714 3860 781 3915 de
806 3858 1013 3914 Adam?
1048 3857 1366 3914 Utrumnam
1410 3856 1578 3911 libera
1625 3858 1797 3929 digni—

212 3961 345 4011 tate,
371 3950 454 4005 vel
478 3951 662 4006 servili
697 3950 1005 4005 conditione
1046 3956 1266 4003 creatus
1304 3949 1411 4002 sit?
1439 3948 1496 4003 Si
1535 3950 1798 4005 conditio-

218 4041 354 4096 satis
381 4056 576 4094 servus
604 4038 867 4094 formatus
888 4046 1002 4103 est,
1032 4037 1302 4109 quomodo
1329 4046 1415 4092 est
1455 4037 1630 4107 imago
1663 4038 1798 4093 Dei?

218 4130 312 4183 τηε-1
335 4130 425 4184 ubi
453 4130 684 4185 liberum
715 4128 857 4184 illius
886 4128 1169 4183 arbitrium
1208 4126 1343 4181 fuit?
1370 4128 1476 4182 Aut
1515 4128 1643 4198 quid
1672 4144 1797 4200 pec-

210 4222 391 4274 cando
430 4219 704 4291 perdidit?
734 4218 791 4274 Si
821 4233 951 4274 vero
989 4218 1144 4282 liber,
1175 4217 1443 4288 quomodo
1482 4233 1587 4274 non
1629 4219 1796 4277 multo

210 4314 393 4384 magis
417 4312 709 4373 Chr'stum,
743 4312 795 4365 in
824 4325 931 4380 quo
958 4309 1223 4364 Divinitas
1245 4309 1422 4364 omnis
1443 4309 1798 4377 corporaliter

210 4399 521 4463 habitabat,
551 4400 718 4453 libera
741 4399 1022 4469 dignitate,
1053 4412 1160 4452 non
1186 4396 1536 4454 conditionali
1574 4397 1797 4453 servitio

208 4504 279 4546 es
305 4492 473 4562 regite
502 4490 798 4545 nobilitatis
829 4489 1048 4561 Virgine
1093 4498 1277 4544 natum
1319 4503 1441 4544 esse
1467 4490 1793 4546 credendum

205 4585 333 4638 est?
360 4584 439 4638 De
464 4597 575 4650 quo
596 4582 785 4636 beatus
821 4580 1153 4651 Augustinus
1188 4580 1242 4635 in
1288 4580 1513 4652 epistola
1556 4581 1625 4638 ad
1664 4581 1797 4637 Con-

210 4682 451 4733 sentium
484 4676 674 4747 (Epist.
717 4676 841 4739 $05,
891 4693 944 4730 η.
979 4676 1068 4746 12)
1107 4692 1122 4730 :
1157 4693 1176 4726 ι
1223 4675 1550 4747 Assumpsit,
1599 4675 1789 4746 inquit,

210 4772 443 4827 formam
494 4770 636 4824 servi
668 4784 770 4825 non
816 4769 1026 4825 Domini
1055 4767 1314 4823 mutando
1343 4777 1592 4823 naturam
1639 4782 1655 4822 :
1698 4768 1797 4823 im-

208 4863 499 4933 pertienda
547 4862 885 4918 Dominicam
920 4863 1173 4933 gratiam,
1212 4875 1319 4915 non
1361 4860 1611 4914 servilem
1652 4859 1795 4930 inju-

210 4956 349 5008 riam
395 4953 699 5008 retinendo.
735 4971 756 5005 ο
797 4950 855 5007 Si
891 4952 1034 5008 enim
1062 4952 1295 5006 humana
1336 4950 1591 5006 nobilitas
1629 4948 1797 5005 alicu-

206 5044 299 5111 ius
324 5044 587 5100 momenti
616 5044 697 5098 vel
722 5040 1001 5114 dignitatis
1037 5042 1353 5098 uastimanda
1383 5049 1487 5105 est,
1528 5041 1652 5110 quis
1695 5056 1792 5096 no-

204 5138 374 5192 tuiiior
400 5137 522 5207 ipso
548 5136 714 5190 David
740 5151 886 5207 rege.
914 5151 981 5191 ex
1012 5134 1166 5204 cujus
1186 5135 1392 5191 semine
1421 5134 1572 5204 quasi
1617 5133 1684 5190 de
1712 5149 1796 5189 rc-

200 5228 351 5298 gaﬁs
379 5225 718 5282 excellentiae
740 5225 1052 5289 nobilitate,
1092 5240 1196 5279 non
1226 5222 1439 5280 servilis
1472 5221 1798 5279 conditionis

200 5316 560 5388 ignobilitate
585 5315 838 5371 Christus
860 5315 1009 5372 nasci
1042 5316 1213 5371 voluit
1253 5315 1307 5371 in
1343 5313 1587 5369 mundo?
1629 5313 1686 5369 Si
1728 5315 1796 5370 ad

195 5408 447 5466 Deitatis
480 5406 708 5478 gloriam
751 5407 1014 5478 respicis,
1068 5406 1190 5476 quis
1262 5404 1356 5461 Dei
1404 5404 1540 5461 Filio
1568 5445 1583 5468 ,
1608 5404 1701 5475 qui
1743 5405 1796 5460 in

190 5503 429 5558 duabus
456 5501 669 5557 naturis
695 5515 834 5556 unus
855 5508 1017 5570 atque
1042 5500 1182 5556 idem
1211 5496 1331 5562 fuit,
1357 5498 1559 5568 mquari
1595 5505 1795 5567 potest,

195 5593 297 5647 cui
325 5590 511 5649 nullus
532 5599 842 5646 sanctorum
873 5589 1150 5647 nobilitate
1174 5590 1256 5644 vel
1297 5589 1565 5657 libertate,
1595 5587 1676 5644 vel
1702 5604 1798 5659 po-

195 5683 431 5737 testatis
453 5681 739 5753 privilegio
759 5682 950 5739 similis
970 5697 1090 5738 esse
1113 5684 1287 5752 potuit
1323 5682 1406 5735 vol
1442 5680 1671 5752 poterit?

279 5805 312 5833 ι
340 5791 399 5845 ς.
431 5792 616 5862 Crrg..
645 5793 743 5847 lib.
772 5808 900 5848 xxiv
924 5792 1131 5855 Moral.,
1159 5809 1274 5862 cap.
1307 5795 1360 5847 5.

620 5888 892 5948 Ριτιιοι..
930 5885 1026 5947 Cl.

1899 1962 2043 2017 sunt,
2074 1952 2363 2009 nobiliores
2395 1963 2520 2010 sunt
2542 1953 2777 2019 Christo,
2806 1954 2873 2009 de
2896 1950 3093 2025 quibus
3115 1956 3229 2026 ipsa
3261 1955 3478 2014 Veritas

1899 2046 1975 2099 ait
2012 2046 2176 2099 :Jam
2216 2060 2316 2100 non
2346 2046 2518 2100 dicam
2569 2062 2656 2102 vos
2679 2062 2876 2112 servos,
2913 2047 3005 2101 sed
3047 2050 3242 2103 amicos
3288 2050 3471 2119 (Joan.

1897 2151 1988 2199 xv,
2023 2135 2130 2206 15).
2156 2134 2232 2192 De
2259 2137 2455 2205 quibus
2489 2146 2545 2192 et
2570 2138 2889 2207 praedicator
2911 2139 3151 2209 gentium
3172 2141 3249 2197 ait
3278 2154 3294 2194 :
3327 2139 3476 2196 Misit

1902 2229 2041 2283 Deus
2084 2226 2322 2299 spiritum
2354 2226 2482 2282 Filii
2520 2231 2603 2283 sui
2629 2231 2685 2283 in
2728 2231 2889 2286 corda
2929 2242 3108 2287 nostra
3137 2231 3473 2291 clamantem,

1901 2319 2045 2372 Abba
2076 2329 2243 2389 pater.
2292 2316 2478 2389 Itaque
2515 2318 2632 2388 jam
2658 2335 2760 2374 non
2802 2330 2878 2376 est
2921 2337 3119 2386 seruus,
3149 2323 3240 2377 sed
3273 2319 3471 2375 Filius.

1901 2407 2053 2474 Quoi
2074 2408 2119 2462 si
2163 2404 2359 2469 Filius,
2389 2418 2436 2461 et
2462 2409 2629 2462 luere:
2654 2424 2744 2478 per
2786 2407 2951 2464 Deum
2983 2407 3127 2481 (Gal.
3151 2424 3225 2471 tv,
3254 2408 3332 2480 6).
3381 2409 3472 2464 Di-

1897 2497 2020 2552 cis:
2056 2515 2076 2548 ι
2109 2496 2247 2562 Quid
2270 2498 2446 2567 potuit
2478 2497 2544 2551 de
2585 2497 2778 2553 ancilla
2818 2499 2989 2563 nasci,
3035 2500 3140 2555 nisi
3183 2500 3406 2557 servus?
3435 2519 3459 2552 ι

1900 2587 2001 2643 Ubi
2048 2597 2131 2645 est
2178 2587 2528 2661 intelligentia
2561 2598 2666 2653 tua
2692 2629 2707 2651 ,
2749 2605 2858 2644 non
2891 2590 3244 2647 considerans
3299 2590 3471 2647 multa

1899 2679 2250 2734 animantium
2288 2693 2486 2747 genera
2522 2678 2589 2734 de
2629 2687 2775 2734 terra
2817 2694 2939 2735 esse
2975 2689 3184 2747 creata,
3220 2688 3277 2735 et
3308 2681 3479 2751 pluri-

1900 2783 2016 2822 mas
2054 2767 2282 2838 piscium
2323 2767 2664 2823 diversitates
2690 2782 2756 2822 ex
2800 2767 2994 2837 aquis?
3038 2764 3318 2835 Quomodo
3343 2782 3475 2840 ergo

1899 2858 2020 2913 viva
2059 2867 2311 2914 creatura
2335 2873 2402 2913 ex
2439 2857 2757 2924 insensibili,
2796 2859 2849 2914 id
2871 2868 2954 2914 est
2979 2900 2994 2921 ,
3029 2866 3191 2916 terra:
3212 2860 3297 2917 vel
3320 2876 3475 2932 aqua:

1899 2958 2093 3006 natura
2118 2950 2289 3005 creari
2316 2950 2549 3019 poterit?
2571 2949 2666 3003 Vel
2693 2951 2963 3020 quomodo
2988 2952 3055 3006 de
3075 2950 3296 3020 pulvere
3316 2953 3477 3008 arbo-

1900 3052 2008 3102 res,
2043 3047 2098 3093 et
2123 3037 2190 3093 de
2216 3034 2382 3108 840
2411 3038 2695 3093 arboribus
2721 3036 2881 3092 ﬂores
2911 3037 3225 3110 fructusque
3250 3055 3478 3096 nascun-

1900 3130 2028 3183 tur?
2065 3127 2246 3194 Quare
2283 3142 2387 3182 non
2420 3135 2626 3181 tantum
2658 3126 2832 3196 pulvis
2871 3128 2936 3181 de
2964 3125 3183 3196 pulvere
3208 3128 3475 3193 nascitur,

1822 3206 1871 3271 C
1899 3220 2043 3276 sicut
2068 3218 2225 3281 dicis,
2256 3216 2397 3287 quod
2422 3217 2496 3272 nil
2523 3217 2786 3286 potuisset
2813 3217 2879 3271 de
2928 3215 3120 3272 ancilla
3152 3218 3319 3279 nasci,
3367 3217 3475 3273 nisi

1897 3324 2104 3367 servus.
2139 3308 2207 3363 Ut
2232 3307 2444 3363 interim
2478 3307 2691 3362 beatam
2720 3306 2996 3379 Virginem
3026 3305 3275 3361 ancillam
3303 3307 3475 3362 nomi-

1899 3400 2016 3456 neri
2046 3414 2152 3454 non
2200 3411 2458 3467 negemus
2505 3415 2518 3451 :
2566 3402 2748 3451 tamen
2790 3396 3025 3452 concede
3070 3396 3476 3467 omnipotentiae

1896 3491 2111 3553 divinae,
2173 3497 2233 3543 ut
2272 3487 2339 3542 de
2395 3485 2587 3541 ancilla
2655 3500 2845 3542 creare
2894 3486 3157 3556 potuisset
3213 3486 3475 3557 quidquid

1896 3580 2193 3649 placuisset
2228 3593 2339 3634 suae
2377 3574 2630 3632 inellabili
2693 3573 2980 3637 voluntati,
3048 3577 3148 3631 nisi
3198 3575 3337 3633 forte
3386 3593 3478 3634 re.

1896 3673 2088 3727 sistere
2142 3669 2278 3724 velis
2319 3668 2447 3726 Deo.
2508 3660 2608 3740 [et]
2666 3664 2848 3723 dicere
2891 3685 2905 3720 :
2965 3665 3103 3720 Nolo
3159 3676 3222 3721 ut
3275 3666 3476 3738 aliquid

1897 3761 2039 3814 aliud
2076 3758 2170 3812 ﬁat
2198 3759 2262 3813 de
2289 3756 2504 3818 ancilla,
2535 3753 2636 3810 nisi
2666 3771 2856 3810 servus
2880 3764 3110 3810 tantum.
3150 3753 3257 3810 Sed
3285 3769 3475 3810 revera

1897 3853 2142 3909 Christus
2170 3851 2336 3915 solus,
2366 3858 2428 3903 ut
2452 3846 2719 3919 Propheta
2765 3848 2832 3903 de
2876 3864 2942 3904 eo
2970 3848 3312 3918 prtececinit,
3341 3850 3479 3904 inter

1898 3960 2128 4005 mortuos
2171 3948 2300 4001 liber
2344 3956 2420 4001 est
2465 3947 2701 4001 inuentus
2731 3944 2956 4015 (Psalm.
2997 3962 3238 4011 Lxxxvtt,
3273 3946 3354 4009 5).
3400 3948 3487 4004 De

1897 4057 2003 4112 qua
2045 4039 2161 4108 eius
2205 4037 2438 4110 gloriosa
2486 4036 2739 4091 libertate
2783 4036 2975 4089 beatus
3019 4033 3375 4091 Cassiodorus
3417 4037 3476 4094 in

1897 4132 2210 4204 octogesimi
2264 4127 2479 4200 septimi
2528 4126 2721 4196 psalmi
2767 4124 3106 4197 expositione
3158 4125 3233 4180 ita
3284 4127 3416 4184 dicit
3458 4147 3474 4185 ε

1902 4245 1922 4278 ‹
1957 4225 2114 4281 Solus
2155 4223 2298 4277 enim
2326 4220 2463 4274 inter
2484 4227 2713 4271 mortuos
2752 4216 2883 4269 liber
2927 4213 3047 4279 fuit,
3075 4214 3167 4285 qui
3194 4215 3311 4286 ipsa
3337 4230 3475 4287 quo.

1896 4333 2003 4388 quc
2030 4315 2221 4369 mortis
2250 4312 2489 4367 claustra
2519 4305 2786 4378 confregit
2820 4321 2833 4361 :
2866 4303 3036 4375 ipsius
3087 4305 3231 4362 enim
3266 4314 3475 4362 tantum

1899 4425 2044 4467 mors
2072 4409 2262 4471 libera,
2308 4406 2436 4476 quia
2465 4413 2521 4461 et
2554 4402 2857 4459 voluntaria
2904 4400 3025 4462 fuit,
3056 4401 3148 4471 qui
3170 4409 3478 4470 potestatem

1898 4500 2117 4557 habebat
2164 4496 2387 4569 ponendi
2431 4495 2665 4550 animum
2705 4508 2881 4556 suam,
2923 4499 2973 4546 et
3008 4490 3198 4545 iterum
3237 4489 3478 4544 sumendi

1901 4609 2016 4649 eam
2046 4590 2231 4663 (Iona.
2256 4604 2313 4653 ι,
2340 4586 2449 4657 18).
2485 4584 2593 4641 Sed
2615 4598 2739 4640 cum
2767 4583 2854 4639 ille
2883 4590 3028 4637 esset
3052 4580 3197 4635 inter
3234 4590 3477 4636 mortuos

1901 4684 2057 4745 liber,
2088 4683 2385 4738 aestimatus
2410 4686 2497 4735 cst
2522 4685 2701 4733 tamen
2737 4690 2767 4728 a
2797 4672 3157 4734 dementibus,
3188 4672 3323 4725 sicut
3359 4671 3477 4728 uul-

1903 4773 2072 4831 nerati
2097 4773 2430 4827 dormientes.
2462 4768 2602 4826 Vere
2646 4774 2828 4822 autem
2879 4765 3053 4822 dictus
3093 4771 3178 4819 est
3219 4761 3478 4821 Dominus

1903 4866 2056 4926 liber,
2109 4863 2200 4932 qui
2226 4863 2522 4918 humanum
2549 4873 2719 4930 genus
2744 4857 2977 4912 liberare
3000 4855 3251 4926 dignatus
3279 4864 3362 4911 est
3396 4873 3409 4907 :
3450 4877 3469 4907 ι

1903 4961 2152 5023 quemtu
2183 4949 2320 5005 forte
2362 4963 2461 5020 per
2500 4947 2605 5001 hoc
2639 4959 2854 5001 servum
2886 4958 3008 5000 esse
3054 4942 3473 4999 conditionalem

1898 5039 2272 5103 calumniaris,
2326 5038 2452 5107 quia
2499 5037 2797 5092 humanum
2842 5047 3013 5102 genus
3054 5031 3312 5088 benevola
3361 5045 3475 5085 suae

1895 5139 2218 5197 obedientite
2248 5133 2579 5203 subiectione
2611 5132 2840 5189 liberum
2868 5129 3016 5193 facit.
3045 5128 3155 5185 Sed
3179 5127 3336 5199 longe
3376 5126 3487 5182 ιιι..

1897 5240 1983 5288 ter
2027 5231 2222 5288 beatus
2266 5225 2558 5298 Gregorius
2605 5226 2660 5280 in
2707 5224 2847 5280 libro
2886 5220 3170 5278 Moralium
3211 5218 3475 5291 vigesimo

1901 5319 2062 5375 tertio
2104 5318 2173 5373 de
2207 5317 2311 5371 hac
2353 5314 2541 5370 eadem
2591 5312 2933 5373 liberatione,
2985 5308 3133 5363 unde
3160 5305 3472 5379 loquimur,

1902 5413 2104 5469 sentire
2126 5412 2385 5483 probatur
2412 5421 2437 5451 ι
2473 5428 2486 5462 :
2523 5427 2543 5460 ι
2577 5407 2861 5467 Mediator,
2888 5402 3081 5472 inquit,
3104 5400 3279 5458 Deiot
3296 5400 3475 5459 hami;

1894 5520 2025 5563 num
2051 5504 2208 5562 .lesus
2231 5503 2435 5578 [στερη
2465 5504 2630 5557 homo
2657 5499 2907 5555 Christus
2928 5494 3110 5570 Iesus)
3140 5496 3194 5552 in
3216 5512 3281 5554 eo
3309 5498 3473 5552 tntae-

1894 5609 2047 5655 retur
2076 5600 2329 5661 hominis,
2361 5611 2468 5667 quo
2512 5593 2741 5649 formam
2771 5590 3008 5648 hominis
3052 5593 3318 5659 sumpsit:
3363 5605 3467 5654 qua

1895 5689 2263 5746 misericordia
2313 5687 2590 5756 rctlempto
2633 5681 2830 5757 [Iduum
2884 5695 2986 5755 pro
3037 5671 3339 5752 redempta]
3366 5680 3468 5735 ho-

3165 5807 3194 5857 7
