3964 6186
518 374 625 429 203

1340 375 1405 430 Β.
1446 375 1505 431 F.
1548 375 1770 431 ALBINI
1809 376 1939 433 SEU
1977 376 2254 433 ALCUINI
2293 376 2577 433 OPERUM
2617 377 2795 432 ΡΑιιδ
2833 379 2916 433 Ill.

3653 387 3769 445 2οι

439 552 443 557 ,
522 491 666 545 mina
695 488 822 544 dicit
848 488 993 544 Patri
1022 507 1035 541 :
1065 487 1260 544 Libera
1303 494 1449 553 eunt,
1482 499 1544 543 ut
1572 503 1675 542 non
1702 488 1995 542 descendat
2034 487 2087 541 in
2117 492 2164 548 Α
2196 483 2261 537 Ut
2290 486 2344 540 in
2390 487 2596 542 nomine
2624 485 2757 541 Iesu
2786 505 2936 543 omne
2962 505 3098 558 genu
3140 491 3402 559 ﬂectatur,
3448 496 3728 554 calestiuni
3752 542 3769 568 ,

521 579 922 647 corruptionem
968 577 1111 650 (Job.
1162 593 1359 645 χχχιιι,
1408 578 1521 646 24).
1576 577 1730 633 Sicut
1768 576 1879 645 jam
1928 592 2089 648 supra

520 668 775 736 diximus,
803 668 983 725 dicere
1005 670 1122 740 ejus
1144 676 1249 735 est,
1278 668 1440 724 libera
1469 687 1586 724 cum
1613 670 1905 734 hominem,
1934 677 2092 724 natu-

519 774 638 815 ram
667 760 902 816 hominis
919 761 1242 816 assumendo
1267 760 1491 815 liberam
1511 761 1901 816 demonstrare.
1925 761 2003 815 Ex
2023 777 2089 816 ea

519 852 719 924 quippe
761 867 945 917 carne,
991 866 1154 922 quam
1185 852 1433 921 sumpsit,
1480 852 1641 908 etiam
1684 851 1825 907 hanc
1856 852 2091 907 ostendit

520 944 746 1001 liberam
773 984 788 1010 ,
836 958 997 1016 quam
1047 943 1291 1000 redemit.
1333 943 1464 1010 Quze
1516 945 1790 1013 redempta
1842 943 2091 1000 videlicet

520 1050 648 1091 caro
674 1050 774 1091 nos
813 1040 1021 1101 sumus,
1042 1033 1135 1104 qui
1152 1033 1457 1104 cognitione
1493 1034 1661 1088 nostri
1692 1041 1873 1088 reatus
1893 1032 2090 1088 astrin-

519 1127 714 1196 gimur,
741 1126 837 1181 sed
861 1125 1176 1180 mediatoris
1200 1125 1335 1179 tanti
1374 1124 1629 1194 aequitate
1655 1123 1967 1189 liberamur,
2010 1124 2087 1178 si-

518 1226 612 1270 cut
639 1216 754 1287 ipse
783 1215 860 1269 ait
889 1232 903 1267 :
937 1213 996 1270 Si
1019 1231 1105 1270 vos
1130 1212 1305 1269 Filius
1332 1213 1645 1278 liberaverit,
1670 1230 1785 1268 rere
1812 1212 1959 1267 liberi
1982 1213 2088 1266 eri-

518 1306 584 1360 tis
606 1323 653 1358 's
686 1304 866 1376 (Joan.
895 1321 1016 1371 vui,
1044 1303 1154 1376 36).
1186 1304 1419 1359 Nimium
1446 1318 1574 1374 ergo
1608 1303 1853 1375 ingratus
1888 1302 2090 1358 videris

510 1395 792 1450 liberatori
839 1396 1055 1450 humani
1087 1395 1323 1466 generis,
1354 1396 1447 1464 qui
1477 1395 1636 1452 toties
1676 1393 1825 1449 illum
1854 1408 1961 1449 non
2002 1407 2089 1449 so-

520 1488 627 1541 lum
656 1487 899 1542 absolute
924 1502 1139 1542 servum
1164 1487 1424 1557 appellari
1449 1487 1603 1552 dicis,
1635 1488 1730 1543 sed
1758 1488 1923 1541 etiam
1960 1502 2089 1543 con-

516 1577 826 1632 ditionalem
856 1588 1071 1632 servum
1125 1578 1388 1633 testaris:
1440 1577 1567 1632 dum
1613 1576 1855 1632 conditio
1894 1577 2088 1631 duram

516 1669 848 1724 demonstrat
898 1667 1307 1734 necessitatem,
1364 1681 1472 1723 non
1522 1666 1841 1722 voluntaria:
1894 1681 2090 1722 munus

514 1758 854 1813 obedientite.

2192 577 2512 631 terrestrium
2534 587 2582 631 et
2606 576 2950 645 infernarum,
2975 587 3024 631 et
3049 581 3218 635 omnis
3242 580 3424 652 lingua
3458 586 3771 654 conﬁteatur

2187 668 2313 738 quia
2340 668 2596 722 Dominus
2620 668 2775 723 Iesus
2803 667 3040 724 Christus
3062 670 3117 724 in
3138 670 3309 741 gloria
3337 683 3413 727 est
3438 674 3539 730 Dei
3560 676 3763 736 Patris.

2191 758 2247 813 Si
2273 758 2386 828 jam
2430 759 2688 814 Dominus
2717 767 2800 814 est
2839 758 3016 824 Iesus,
3042 768 3099 815 et
3140 761 3195 814 in
3220 762 3392 833 gloria
3421 775 3505 820 est
3530 767 3625 823 Dei
3665 770 3769 826 Pa-

2191 847 2307 913 tris,
2339 847 2394 902 id
2416 856 2521 913 est,
2548 848 2602 902 in
2627 847 2921 903 divinitatis
2946 848 3247 918 majestate,
3278 865 3406 922 ergo
3431 857 3771 914 conditiona-

2188 936 2255 991 lis
2278 937 2482 993 servitii
2509 937 2640 1009 jugo
2677 937 2953 1008 subjectus
2977 953 3084 993 non
3105 949 3189 994 est
3214 956 3227 992 :
3266 943 3381 1007 sed,
3411 944 3550 999 sicut
3577 946 3775 1005 beatus

2187 1025 2379 1082 Petrus
2426 1028 2676 1097 princeps
2720 1026 3083 1097 apostolorum
3131 1028 3246 1083 ait:
3292 1028 3567 1100 Profectus
3611 1039 3773 1093 estin

2186 1116 2371 1172 caelum
2395 1118 2640 1188 subjectis
2675 1118 2774 1172 sibi
2801 1116 2999 1187 angelis
3028 1127 3076 1172 et
3098 1121 3433 1189 potestatibus
3450 1162 3466 1187 ,
3492 1134 3540 1178 et
3564 1127 3773 1182 virtuti-

2188 1207 2282 1261 bus
2306 1206 2358 1279 (I
2403 1206 2549 1262 Petri
2595 1224 2682 1275 ιιι,
2711 1207 2823 1279 22).
2853 1207 3006 1275 Quod
3039 1218 3094 1263 et
3127 1209 3269 1265 idem
3317 1210 3599 1269 Psalmista
3626 1232 3773 1285 pre-

2186 1299 2325 1354 dixit
2366 1298 2535 1354 multo
2578 1307 2706 1354 ante
2747 1298 2986 1354 futurum
3032 1317 3045 1353 :
3108 1299 3373 1367 Minuisti,
3419 1303 3614 1373 inquit,
3644 1322 3772 1362 eum

2185 1393 2345 1465 paulo
2373 1394 2546 1449 minus
2589 1394 2676 1467 [ab
2703 1393 2946 1466 angelis],
2986 1394 3156 1464 gloria
3197 1406 3247 1449 et
3269 1396 3466 1452 honore
3500 1400 3774 1456 coronasti

2185 1499 2325 1549 eum,
2347 1494 2396 1539 et
2421 1485 2736 1539 constituisti
2755 1501 2873 1539 cum
2896 1501 3052 1555 super
3075 1501 3232 1556 opera
3255 1502 3505 1541 manuum
3527 1498 3766 1545 tuarum.

2190 1574 2383 1630 Omnia
2410 1576 2679 1647 subjecisti
2720 1577 2816 1632 sub
2842 1576 3056 1646 pedibus
3084 1576 3198 1647 ejus
3240 1576 3412 1649 (Psal.
3449 1594 3568 1644 VIII,
3595 1579 3671 1653 6).
3719 1581 3770 1639 Ο

2187 1664 2422 1735 gloriosa
2450 1664 2758 1721 ohedientia
2806 1674 2862 1721 et
2887 1667 3035 1721 omni
3064 1665 3221 1722 laude
3248 1667 3563 1738 dignissima
3583 1709 3599 1737 ,
3642 1686 3771 1742 quae

2189 1754 2245 1809 in
2275 1764 2479 1812 tantam
2506 1758 2702 1814 divinae
2722 1758 3009 1829 potestatis
3032 1760 3453 1829 magnitudinem
3472 1763 3771 1821 sublimata

508 1854 532 1901 ‘.
583 1848 670 1903 IV.
711 1848 817 1903 Sed
853 1857 912 1904 et
956 1848 1099 1903 inter
1142 1858 1359 1913 cetera,
1405 1863 1512 1918 quo
1551 1856 1604 1904 te
1628 1863 1797 1922 vagus
1820 1847 2087 1904 sermonis
2112 1837 2164 1898 Β
2190 1863 2295 1920 est,
2325 1863 2385 1908 ut
2406 1867 2570 1925 super
2592 1853 2773 1907 omnia
2814 1866 2979 1921 opera
3021 1850 3119 1907 Dei
3147 1853 3598 1911 constitueretur!
3629 1857 3770 1914 item

516 1939 594 1993 tui
617 1938 868 2008 perduxit
890 1944 1102 2002 textus,
1126 1938 1290 1992 etiam
1324 1937 1391 1992 ad
1418 1938 1523 1993 hoc
1564 1938 1877 2009 pervenisti,
1906 1947 1967 1992 ut
2006 1938 2088 1992 di-

516 2038 670 2084 ceres
698 2030 803 2084 duo
829 2042 1026 2100 genera
1047 2029 1329 2084 servitutis
1353 2044 1474 2084 esse
1502 2029 1555 2084 in
1586 2029 1870 2095 creaturis,
1896 2027 2088 2084 volun-

512 2123 708 2178 tarium
735 2108 954 2193 quidem
982 2130 1037 2176 et
1065 2120 1447 2187 conditionale,
1474 2122 1621 2192 quia,
1669 2122 1871 2191 inquis,
1919 2121 2086 2175 omnis

510 2223 754 2268 creatura
799 2211 1065 2267 uoluntate
1109 2226 1202 2267 seu
1247 2214 1551 2268 necessitate
1600 2226 1695 2283 per
1740 2213 2087 2267 conditionem

510 2304 622 2359 Deo
649 2304 824 2359 seruit.
855 2302 1021 2359 Plane
1044 2304 1297 2359 omnibus
1334 2313 1485 2376 patet
1510 2303 1740 2360 inferius
1763 2320 1882 2360 esse
1920 2320 2089 2376 genus

402 2463 409 2467 ,
515 2395 891 2452 eonditionalis
933 2397 1161 2461 servitii,
1190 2410 1353 2466 quam
1380 2396 1697 2461 voluntarii,
1747 2395 1849 2451 sub
1872 2390 1980 2466 quo
2007 2397 2088 2451 in-

512 2490 698 2545 teriori
730 2490 896 2558 gradu
923 2489 1088 2559 impia
1119 2490 1423 2545 temeritate
1449 2489 1731 2545 Christum
1769 2497 2087 2557 computare

510 2594 617 2633 non
660 2579 838 2643 times,
867 2580 1012 2633 sicut
1054 2595 1119 2635 ex
1168 2580 1278 2634 tuis
1305 2579 1485 2635 verbis
1507 2580 1621 2649 jam
1659 2591 1819 2634 antea
1848 2579 2089 2634 ostendi-

508 2684 650 2725 mus.
692 2669 750 2724 in
777 2682 883 2739 quo
910 2671 1075 2724 etiam
1121 2670 1293 2740 gradu
1341 2668 1720 2725 eonditionalis
1747 2670 1989 2735 servitii,
2031 2680 2088 2726 et

506 2763 683 2833 ipsum
723 2762 994 2817 diabolqu
1036 2762 1264 2832 posuisti
1307 2760 1494 2817 dicens
1545 2779 1558 2816 :
1599 2761 1799 2833 Nempe
1843 2761 2086 2816 diabolus

506 2868 684 2908 seruus
710 2851 923 2905 Domini
946 2868 1039 2923 per
1062 2852 1411 2907 conditionem
1438 2854 1494 2907 in
1518 2869 1670 2907 sacro
1708 2852 1913 2924 eloquio
1954 2853 2086 2907 dici-

508 2955 617 2998 tur.
651 2942 876 2999 Videsne
903 2959 1011 3014 quo
1038 2953 1091 2999 te
1117 2952 1207 2999 tua
1232 2946 1483 3015 perduxit
1509 2946 1870 3016 blasphemia,
1897 2957 1956 3001 ut
1975 2961 2085 3002 uno

509 3037 783 3093 servitutis
800 3048 998 3109 genere
1023 3035 1296 3094 Christum
1321 3046 1377 3093 et
1412 3038 1683 3094 diabolum
1703 3046 2080 3109 computares:

511 3146 611 3186 nec
638 3133 811 3202 ipsum
832 3130 1108 3187 Christum
1137 3132 1474 3188 eonsentires
1494 3132 1798 3187 voluntaria
1828 3133 2085 3188 obedien-

511 3225 582 3278 tia
616 3223 729 3278 Deo
757 3223 901 3279 Patri
948 3226 1221 3281 deservire
1267 3227 1320 3281 in
1366 3225 1557 3281 diebus
1600 3227 1779 3282 carnis
1815 3242 1947 3294 sure,
1990 3227 2085 3283 sed

2188 1946 2242 2001 in
2277 1947 2383 2002 alio
2412 1945 2529 2001 loco
2555 1944 2843 2015 Apostolus
2875 1961 2887 1998 :
2921 1943 3025 2011 Qui
3049 1945 3267 1999 tradidit
3301 1948 3631 2019 semetipsum
3666 1968 3768 2021 pro

2186 2035 2335 2090 nobis
2386 2034 2701 2089 oblationem
2743 2042 2792 2088 et
2830 2033 3055 2088 hostiam
3084 2032 3301 2105 (Ephes.
3342 2051 3396 2101 ν,
3436 2036 3513 2096 2).
3559 2038 3618 2094 lu
3660 2041 3768 2097 hoc

2184 2124 2329 2193 quod
2356 2124 2431 2178 ait
2460 2143 2471 2177 :
2501 2122 2742 2177 Tradidit
2766 2124 3119 2194 semetipsum,
3146 2123 3449 2181 voluntarie
3470 2141 3532 2183 se
3549 2130 3768 2185 traden-

2180 2212 2278 2279 tis,
2309 2228 2418 2268 uon
2443 2212 2879 2268 conditionaliter
2897 2213 3205 2279 servientis,
3229 2217 3467 2272 ostendit
3486 2215 3765 2276 allectum.

2186 2301 2328 2358 Dicit
2354 2313 2411 2358 et
2436 2302 2551 2373 ipse
2577 2302 2747 2357 David
2775 2301 2877 2357 sub
2903 2316 3134 2371 persona
3174 2311 3487 2359 sanctorum
3511 2322 3524 2359 :
3567 2304 3769 2362 Volun-

2185 2396 2319 2450 tarie
2344 2394 2657 2465 sacriﬁcabo
2682 2394 2776 2448 tibi
2806 2392 2977 2466 (Psal.
3005 2410 3123 2460 mu,
3146 2393 3224 2465 8).
3256 2393 3314 2450 Si
3342 2405 3653 2452 sanctorum
3675 2414 3768 2454 sa-

2184 2483 2408 2551 criﬁcia,
2459 2499 2579 2554 qua:
2604 2484 2716 2539 Deo
2763 2483 2941 2539 solent
2981 2483 3197 2551 oli'erri,
3245 2486 3548 2543 voluntaria
3591 2488 3768 2546 fuisse

2184 2577 2532 2634 manifestum
2556 2586 2660 2642 est,
2691 2578 2964 2647 quomodo
2988 2578 3093 2632 hoe
3115 2577 3289 2633 solum
3314 2579 3662 2646 sacriﬁcium,
3705 2581 3767 2637 in

2184 2687 2292 2741 quo
2323 2672 2491 2726 totius
2537 2670 2722 2725 mundi
2753 2668 3055 2741 redemptio
3094 2678 3211 2737 est,
3262 2685 3360 2741 per
3386 2672 3766 2727 necessitatem

2185 2761 2351 2819 fuisse
2399 2760 2770 2825 ealumniaris,
2821 2767 2877 2815 et
2909 2775 3017 2816 non
3059 2776 3157 2831 per
3195 2760 3523 2817 voluntatem
3569 2772 3770 2834 sponte

2184 2855 2419 2924 seipsum
2447 2852 2762 2910 oll‘erentis?
2785 2853 2927 2909 sicut
2949 2852 3091 2908 idem
3114 2852 3380 2923 propheta
3415 2853 3471 2908 in
3493 2852 3600 2908 alio
3637 2852 3769 2909 loco

2185 2947 2262 3001 ait
2290 2964 2301 3000 :
2337 2946 2406 3000 In
2434 2947 2602 3017 capite
2625 2944 2746 2999 libri
2766 2945 3018 3017 scriptum
3042 2956 3118 2999 est
3143 2946 3208 2999 de
3228 2961 3330 3010 me,
3352 2956 3409 2999 ut
3430 2946 3655 3015 facerem
3679 2963 3771 3002 oo-

2184 3036 2434 3093 luntatem
2477 3046 2621 3091 tuam
2647 3052 2665 3092 :
2691 3035 2833 3091 Deus
2870 3050 3016 3090 meus
3056 3035 3217 3102 uolui,
3260 3035 3491 3107 etlegem
3521 3046 3667 3092 tuam
3702 3038 3771 3092 in

2180 3131 2354 3184 medio
2380 3128 2555 3183 cordis
2579 3128 2680 3182 mei
2707 3125 2880 3199 (Psal.
2909 3142 3098 3193 XXXIX,
3119 3127 3195 3199 8).
3211 3126 3215 3130 ’
3232 3123 3406 3194 Volui,
3432 3127 3631 3197 inquit,
3648 3136 3768 3184 non

2182 3234 2327 3275 sicut
2354 3233 2410 3275 tu
2454 3222 2598 3275 soles
2648 3221 2851 3285 dicere,
2902 3220 3059 3274 debui
3101 3219 3300 3290 (debita
3327 3220 3471 3275 enim
3517 3222 3601 3276 ais
3646 3236 3773 3277 ser-

512 3316 862 3372 conditionali
910 3320 1253 3385 necessitate,
1310 3320 1451 3375 sicut
1495 3320 1785 3375 diabolum.
1834 3321 2084 3391 Nunquid

2186 3309 2373 3381 vitute)
2410 3310 2522 3366 Deo
2547 3310 2697 3365 Patri
2745 3310 3022 3380 subjectus
3048 3324 3187 3366 esse.
3223 3310 3377 3378 Quod
3416 3311 3636 3381 quidem
3667 3311 3772 3368 de-

512 3422 617 3460 uon
682 3422 841 3461 omne
902 3406 1328 3463 Christianorum
1381 3408 1660 3462 servitium
1720 3409 1773 3463 iu
1825 3409 2085 3480 religione
2178 3401 2353 3455 bitum
2382 3410 2438 3456 et
2459 3401 2822 3457 eondit‘ionale
2848 3402 3153 3468 servitium,
3195 3403 3264 3458 ab
3292 3403 3676 3461 ecclesiastica:
3697 3404 3773 3459 ἢ-
3846 3396 3855 3405 “

509 3496 817 3551 sanctitatis
842 3497 1205 3551 voluntarium
1248 3498 1361 3553 Deo
1389 3498 1548 3552 debet
1574 3513 1693 3553 esse
1722 3501 1894 3570 magis
1921 3515 2082 3569 quam
2183 3492 2267 3547 dei
2288 3493 2519 3548 veritate
2536 3493 2757 3548 omnino
2779 3493 3014 3549 alienum
3038 3507 3159 3550 esse
3186 3494 3537 3566 dignoscitur.
3564 3495 3774 3553 Catho-

508 3585 895 3651 necessarium,
926 3588 977 3641 in
1010 3595 1244 3652 tantum,
1274 3596 1334 3641 ut
1364 3588 1613 3643 voluntas
1642 3590 1777 3643 bona
1805 3606 1903 3660 pro
1921 3605 2085 3661 opere
2182 3585 2284 3640 lica
2298 3600 2531 3654 namque
2553 3584 2752 3640 veritas
2777 3586 2831 3639 in
2858 3601 2965 3641 uno
2990 3587 3286 3657 eodemque
3309 3586 3528 3643 Christo
3561 3589 3768 3655 credit,

508 3684 869 3746 computetur,
925 3677 1171 3746 quamvis
1224 3676 1404 3749 aliqua
1463 3678 1762 3735 necessitas
1822 3681 2080 3750 cperandi
2180 3676 3774 3743 etconﬁtetursecundumveramsubstantiamcarnis,om-

511 3767 767 3836 impediat
812 3766 1156 3823 facultatem?
1199 3768 1365 3824 Addis
1405 3770 1581 3826 adimo
1623 3769 1689 3825 de
1730 3772 2081 3827 conditionali
2180 3778 2279 3824 ‘nes
2312 3768 2553 3841 ejusdem
2587 3769 2787 3832 carnis,
2820 3784 2957 3839 quas
2984 3770 3244 3841 suscepit,
3277 3770 3617 3826 inﬁrmitates
3663 3786 3770 3827 vo-

511 3859 732 3913 servitio
760 3856 961 3914 Christi
990 3854 1107 3914 lucc
1138 3861 1299 3915 verba
1331 3877 1344 3914 :
1390 3879 1408 3911 ι
1450 3860 1718 3931 Nunquid,
1743 3863 1844 3928 ais,
1874 3878 1965 3933 qui
1993 3878 2085 3918 ve-
2182 3859 2450 3915 luutarias
2477 3859 2680 3914 habere
2701 3858 3001 3923 Christum,
3029 3875 3152 3915 cum
3181 3859 3456 3915 voluisset.
3498 3861 3769 3917 Volunta-

506 3964 603 4005 rus
620 3959 711 4006 est
736 3951 895 4016 Deus,
946 3950 1059 4005 ﬁeri
1092 3959 1292 4021 potest,
1320 3960 1379 4005 ut
1420 3954 1728 4008 conditione
1768 3968 1957 4009 servus
1988 3954 2081 4010 Dei
2180 3949 2320 4003 riam
2352 3963 2585 4019 namque
2613 3958 2667 4003 εί
2696 3962 2878 4002 V'el‘am
2907 3947 3126 4012 famem.
3158 3964 3282 4005 cum
3308 3949 3556 4004 esuriens
3593 3950 3660 4004 ad
3694 3952 3769 4005 ﬁ-

512 4039 603 4105 sit,
630 4039 769 4096 sicut
792 4039 1044 4096 Christus
1071 4040 1328 4096 Dominus
1350 4042 1406 4096 in
1438 4041 1610 4096 forma
1636 4045 1806 4109 servi,
1830 4044 1922 4114 qui
1948 4045 2083 4099 mul-
2180 4039 2425 4097 culneam
2445 4040 2686 4094 veniret:
2710 4038 3070 4093 voluntariam
3083 4048 3137 4093 et
3152 4053 3338 4094 veram
3358 4040 3763 4107 lassitudinem,

506 4129 581 4183 tis
622 4131 799 4186 ιηοσῑε
845 4131 1132 4201 multisque
1180 4133 1532 4193 documentis,
1568 4146 1673 4189 non
1723 4144 1927 4189 tantum
1955 4152 2083 4207 pro-
2181 4142 2303 4183 cum
2334 4128 2590 4199 fatigatus
2615 4128 2904 4183 abitinere
2946 4137 3348 4199 superantem
3375 4131 3626 4195 sederet;
3658 4146 3770 4186 vo-

504 4224 630 4287 pter
655 4218 1039 4283 obedientiam,
1069 4229 1125 4274 ut
1164 4221 1407 4292 plerique
1436 4223 1621 4277 volunt
1639 4264 1654 4289 ,
1686 4225 1779 4279 sed
1822 4227 1985 4283 etiam
2028 4236 2083 4282 ei
2181 4219 2474 4275 luntarium
2501 4228 2557 4274 et
2579 4230 2765 4273 verum
2791 4219 3008 4286 vulnus,
3036 4236 3159 4275 cum
3194 4222 3383 4277 militis
3418 4223 3600 4278 lancea
3628 4238 3768 4293 per-

506 4316 609 4378 per
637 4316 885 4364 naturam
916 4322 1104 4364 servus
1128 4310 1307 4365 Patris
1333 4319 1390 4365 et
1435 4312 1576 4367 ﬁlius
1601 4314 1811 4369 ancillae
1836 4316 1957 4386 ‘ejus
1982 4330 2079 4371 ve-
2180 4320 2456 4367 cuteretur
2485 4312 2537 4365 in
2563 4310 2763 4374 latere;
2795 4310 3151 4365 voluntariam
3176 4321 3231 4366 et
3270 4328 3453 4367 veram
3495 4322 3727 4368 mortem
3746 4355 3765 4378 ,

510 4398 726 4456 rissilne
756 4401 1051 4457 educetur?
1086 4421 1103 4453 ι
1142 4399 1297 4468 Quod
1342 4415 1504 4471 quam
1560 4404 1855 4459 absurdum
1882 4406 1987 4464 si;.
2026 4413 2082 4461 et
2180 4417 2303 4457 eum
2352 4402 2608 4456 iueliuato
2652 4401 2829 4470 capite
2871 4401 3120 4470 spiritum
3164 4402 3434 4458 emisisset
3471 4402 3524 4457 in
3553 4418 3760 4468 cruce;

506 4500 670 4559 quam
712 4491 956 4563 ineptum
1000 4490 1106 4547 hoc
1133 4493 1200 4547 de
1224 4493 1355 4557 Deo,
1388 4492 1481 4547 Dei
1513 4492 1673 4559 Filio,
1706 4509 1773 4549 ac
1792 4496 1907 4552 Deo
1946 4512 2078 4554 vero
2108 4525 2157 4586 Β
2179 4491 2537 4545 voluntariam
2562 4500 2617 4545 et
2644 4505 2828 4545 veram
2857 4491 3207 4561 sepulturam,
3235 4506 3359 4545 eum
3389 4506 3512 4546 eum
3541 4493 3772 4563 deposi-

504 4585 730 4640 credere
754 4584 964 4655 piorum
990 4585 1207 4656 ignorat
1230 4599 1409 4640 nemo.
1442 4584 1588 4641 inter
1609 4601 1916 4658 pterosque,
1944 4604 2079 4661 imos
2108 4578 2146 4586 ⁷
2180 4591 2296 4637 ιιιιιι
2337 4583 2405 4636 de
2443 4581 2588 4651 ligno
2620 4578 2816 4650 Josepb
2846 4590 2901 4635 et
2936 4579 3257 4635 Nicodamus
3287 4590 3549 4651 ponerent
3574 4582 3626 4636 iu
3667 4596 3768 4636 se-

508 4670 644 4728 diels
674 4674 953 4731 Christum
981 4683 1173 4747 putare
1195 4686 1294 4748 per
1320 4676 1682 4732 obedientiam
1713 4680 1919 4736 servire
1960 4679 2077 4748 )eo,

510 4768 649 4817 unus
698 4764 915 4836 quidem
955 4776 1041 4823 est
1088 4768 1279 4824 beatus
1322 4766 1520 4825 Paulus
1564 4770 1840 4839 apostolus
1891 4772 2082 4829 doctor

506 4854 773 4925 gentium,
812 4859 904 4926 qui
942 4860 1019 4913 ait
1047 4873 1065 4913 :
1090 4858 1330 4915 Christus
1357 4859 1602 4916 obearens
1642 4862 1794 4917 Patri
1825 4860 1987 4936 usque
2010 4866 2080 4919 ad

509 4952 746 5013 mortem,
778 4956 997 5003 mortem
1032 4961 1204 5005 autem
1231 4954 1419 5019 crucis,
1449 4963 1660 5025 propter
1686 4955 1826 5025 quod
1849 4966 1898 5009 et
1937 4955 2082 5010 Dens

509 5037 755 5092 exaltabit
796 5037 945 5092 illum
969 5078 984 5103 ,
1032 5047 1083 5094 et
1123 5041 1267 5095 dedit
1311 5043 1359 5096 ei
1395 5060 1580 5098 nmuen
1620 5060 1758 5116 quoa
1799 5054 1874 5099 est
1925 5060 2080 5100 super

500 5140 660 5184 “omne
692 5138 881 5183 nonten
909 5127 1130 5203 (Philip.
1156 5140 1224 5194 ιι,
1253 5133 1307 5195 8,
1334 5130 1411 5202 9).
1459 5131 1663 5188 Servus
1700 5120 2079 5190 eonditlonalis

510 5228 617 5274 nan
649 5230 737 5276 est
782 5230 947 5292 super
970 5230 1133 5278 omne
1176 5232 1396 5289 nmen,
1447 5224 1542 5279 sed
1572 5224 1797 5281 inferius
1845 5225 2076 5283 ﬁliorum

510 5310 748 5366 nomine.
800 5310 925 5371 Filii
952 5312 1149 5384 quippe
1189 5316 1390 5369 nomen
1428 5316 1681 5371 omnibus
1729 5318 1947 5381 sanctis,
1981 5318 2076 5374 Dei

510 5395 839 5465 dignatione,
865 5401 1227 5457 communiter
1243 5400 1501 5459 donatam
1529 5412 1631 5459 est.
1658 5404 1815 5472 Quod
1841 5414 1926 5461 est
1952 5422 2080 5478 ergo

512 5485 641 5540 illud
686 5488 1038 5549 excellentius
1077 5493 1292 5549 cateris
1337 5495 1644 5551 nominibus
1672 5511 1889 5562 nomen,
1939 5499 2080 5567 quod

510 5575 728 5632 Cllt'lttlo
756 5594 787 5633 a
814 5576 924 5633 Deo
951 5579 1132 5646 Patre,
1165 5581 1422 5652 Apostolo
1455 5592 1612 5648 teste,
1643 5584 1831 5640 datura
1859 5601 1980 5641 esse
1998 5585 2080 5641 di-

508 5679 673 5732 citur,
701 5682 929 5740 propter,
956 5672 1275 5728 obedientize
1304 5676 1553 5731 mirabile
1580 5675 1739 5747 84],
1772 5692 2077 5733 εεεηιωειιφ

510 5762 657 5816 tum?
682 5761 815 5817 illud
839 5763 1043 5819 scilicet
1071 5766 1212 5835 quod
1232 5765 1370 5819 idem
1395 5766 1795 5838 lpsesubjuugit
1815 5767 2070 5823 dicendo:

2182 4671 2392 4741 pulcro.
2435 4669 2543 4725 Has
2576 4669 2720 4724 enim
2763 4670 2943 4724 carnis
2964 4683 3152 4723 omnes
3190 4669 3535 4725 inﬁrmitates
3569 4670 3769 4725 volun-

2186 4764 2351 4817 tarias
2372 4763 2607 4832 quidem,
2648 4763 2743 4817 sed
2767 4776 2923 4817 veras
2960 4760 3208 4816 Christus
3236 4762 3440 4826 habuit,
3482 4762 3605 4832 quia
3635 4778 3773 4818 car-

2180 4854 2271 4907 nis
2294 4854 2543 4907 hlmtaute
2578 4860 2850 4917 naturam,
2889 4864 2995 4905 non
3036 4850 3093 4904 in
3125 4850 3434 4920 phantasia,
3462 4850 3556 4906 sed
3586 4852 3640 4907 in
3664 4868 3775 4907 ve-

2184 4946 2344 5000 ritate
2380 4945 2652 5014 suseepit:
2699 4958 2835 5014 quas
2866 4942 3145 5014 passiones
3183 4951 3464 5013 propterea
3508 4944 3563 4998 in
3591 4958 3774 5003 carne

2184 5038 2515 5094 voluntarias
2557 5037 2766 5101 habuit,
2794 5045 2855 5091 ut
2892 5036 2947 5089 in
2991 5037 3224 5091 veritate
3254 5036 3435 5091 carnis
3459 5035 3638 5090 divina
3660 5049 3777 5106 po-

2176 5130 2371 5193 tentia,
2400 5143 2524 5198 quaa
2569 5142 2669 5182 nec
2694 5127 2804 5197 pati
2829 5127 3005 5195 potuit
3036 5126 3326 5199 aliquando
3350 5139 3455 5182 nec
3486 5125 3648 5190 mori,
3676 5125 3780 5181 in-

2174 5221 2495 5276 ﬁrmitatem
2542 5227 2879 5289 mortemque
2902 5217 3232 5285 devinceret,
3262 5227 3321 5275 et
3343 5233 3565 5275 carnem
3603 5233 3777 5274 stram

2180 5312 2238 5365 in
2260 5311 2424 5366 vitam
2445 5311 2806 5380 virtutemque
2826 5317 3141 5381 perpetuam
3165 5310 3454 5366 suscitaret
3476 5324 3494 5364 :
3515 5323 3681 5380 quem
3700 5320 3778 5367 tu

2183 5415 2400 5460 reterns:
2427 5402 2777 5473 subjectionis
2809 5404 3033 5459 servitio
3059 5402 3364 5473 opprimere
3391 5401 3603 5457 niteris.

2253 5497 2316 5553 γ.
2348 5496 2490 5551 Dicis
2518 5496 2700 5551 enim:
2754 5495 2846 5550 Vel
2885 5498 2939 5551 in
2961 5512 3065 5566 qua
3095 5497 3266 5566 [arma
3305 5496 3405 5549 erit
3423 5496 3479 5549 in
3498 5506 3783 5553 mentum

2181 5586 2333 5641 Patri
2371 5587 2631 5652 subditus,
2665 5589 2711 5641 si
2749 5589 2887 5641 inter
2921 5588 3244 5641 divinitatem
3286 5587 3401 5656 ejus
3437 5597 3485 5641 et
3511 5586 3782 5641 humani-

2178 5687 2335 5732 tatem
2368 5677 2515 5733 nulla
2555 5678 2853 5747 di/ferentia
2877 5677 3120 5747 nullaque
3152 5676 3483 5746 inatqualitas
3508 5676 3622 5745 fore
3646 5693 3784 5729 cre-

2175 5771 2379 5824 datur?
2436 5771 2671 5827 Dicimus
2715 5771 2893 5841 itaque
2944 5772 2998 5825 in
3044 5771 3151 5826 Deo
3189 5770 3405 5826 Christo
3453 5771 3589 5827 dans
3639 5786 3787 5827 esse
