3964 6186
190 320 286 375 205

887 313 1300 376 DOGMATICA.
1341 351 1384 360 -
1449 321 1606 377 ADV.
1647 322 1943 379 FELICEM
1981 324 2158 382 LIBRI
2198 327 2306 382 VII.
2347 359 2418 368 -—
2455 329 2584 384 LIB.
2625 331 2710 387 VI.

3330 345 3438 400 806

187 446 398 497 namus
425 436 684 509 proprias
711 455 725 492 :
755 453 918 493 unam
959 439 1206 499 Deitatis.
1252 438 1475 494 alteram
1518 439 1769 494 humani-
1795 447 1841 499 Α
1872 439 2175 497 indulturus
2202 441 2270 496 sit
2315 441 2366 496 id
2394 458 2606 514 quoque
2647 462 2742 500 nos
2764 461 2883 502 esse
2915 450 3054 517 quod
3086 466 3190 508 non
3234 470 3438 513 sumus.

188 529 334 593 tatis;
359 529 454 585 sed
469 543 664 584 veram
682 529 736 584 in
758 544 825 585 eo
839 530 1132 586 divinitatis
1153 531 1378 600 gloriam
1400 531 1687 595 credimus,
1704 547 1772 587 ne

189 622 506 696 nuncupatio
536 624 652 677 sola
682 623 1005 689 divinitatis,
1033 639 1064 678 a
1091 633 1143 679 te
1169 640 1340 696 nuper
1385 627 1688 683 introducta
1715 629 1770 684 in

186 717 411 772 humana
454 725 657 771 natura
698 731 730 769 a
771 715 1068 770 divinitatis
1113 724 1307 772 natura
1361 728 1663 790 segregata,
1715 720 1770 774 in

187 810 312 865 duos
338 810 472 864 deos
502 808 631 864 fidei
678 814 879 863 nostra:
906 807 1172 862 divideret
1213 807 1641 877 professionem;
1677 810 1769 865 sed

187 918 338 957 unum
366 899 702 956 conﬁtemur
725 899 898 953 Deum
924 900 1024 954 sub
1051 880 1381 968 proprietate
1419 901 1646 955 duarum
1670 917 1770 956 na-

190 1007 442 1059 turarum,
476 994 571 1063 qui
611 990 956 1059 iudicaturus
1001 999 1084 1046 est
1115 992 1375 1047 mundum
1423 991 1618 1058 forma,
1665 1009 1769 1064 qua

189 1087 340 1141 videri
385 1086 598 1155 poterit
627 1085 696 1138 ab
736 1083 1010 1149 omnibus,
1055 1098 1216 1154 quam
1259 1085 1690 1140 conditionaliter
1713 1095 1771 1142 tu

189 1178 372 1232 asseris
408 1178 526 1231 Deo
555 1175 708 1230 Patri
756 1173 1052 1242 subiectam
1077 1191 1237 1232 esse:
1274 1175 1431 1230 aliter
1468 1177 1770 1247 intelligens

188 1270 316 1323 illius
341 1267 542 1323 formae
564 1265 957 1334 subiectionem
983 1283 1000 1332 ;
1043 1266 1203 1321 aliter
1227 1267 1398 1322 sancti
1433 1267 1646 1332 Patres,
1677 1269 1770 1338 qui

185 1361 351 1416 altiori
374 1374 572 1424 sensu,
601 1368 792 1414 sancto
831 1358 1036 1428 Spiritu
1073 1359 1395 1428 inspirante,
1438 1359 1617 1414 divina
1655 1375 1772 1430 my-

183 1455 334 1509 steria
360 1453 719 1507 considerare
748 1451 1052 1506 valuerunt.
1104 1449 1212 1506 Sed
1241 1452 1385 1508 beati
1429 1451 1616 1505 Hilarii
1657 1451 1769 1507 cla-

183 1547 372 1601 rissimi
405 1545 656 1601 doctoris
685 1547 1057 1602 tantummodo
1081 1561 1271 1600 sensus
1293 1545 1524 1601 sufficiat
1545 1560 1768 1616 ponere,

179 1639 262 1709 qui
301 1639 647 1692 undecimum
688 1636 959 1690 catholica
1006 1636 1132 1705 ﬁdei
1159 1635 1389 1690 libellum
1438 1637 1672 1690 maxime
1703 1637 1771 1691 de

179 1729 329 1798 huius
357 1728 722 1798 subiectionis
749 1727 1112 1800 disputatione
1138 1727 1571 1782 consummavit:
1603 1744 1620 1776 ι
1649 1726 1770 1781 Pri-

179 1838 339 1882 mum,
370 1820 559 1890 inquit
591 1818 733 1889 (Lib.
759 1835 813 1872 x1
846 1819 909 1872 de
949 1817 1166 1883 Trinit.,
1192 1833 1341 1872 num.
1373 1816 1488 1891 50),
1529 1831 1770 1872 commu-

178 1928 292 1966 nem
339 1927 571 1967 sensum
621 1912 916 1981 interrogo,
959 1920 1142 1965 utrum
1190 1925 1334 1964 nunc
1381 1907 1771 1978 subiectionem

179 2004 246 2056 ita
270 2001 684 2072 intelligendam
715 2011 986 2072 putemus,
1027 2009 1282 2069 tanquam
1311 1999 1626 2054 servitutem
1670 1998 1768 2052 do-

181 2096 420 2158 minatui,
446 2102 547 2148 aut
572 2093 940 2147 inﬁrmitatem
967 2091 1173 2154 virtuti,
1207 2099 1302 2146 aut
1326 2089 1517 2145 honori
1544 2089 1772 2144 inhono-

181 2190 464 2250 rationem,
497 2186 792 2241 contrariis
817 2184 1162 2254 qualitatibus
1190 2183 1418 2238 subditis
1456 2180 1619 2253 [Hil.,
1644 2182 1772 2236 sub—

181 2279 398 2352 dimus],
423 2288 490 2334 ut
517 2279 690 2333 Filius
717 2278 1010 2332 secundum
1038 2277 1154 2331 haec
1183 2276 1294 2330 Deo
1321 2274 1472 2328 Patri
1504 2274 1576 2328 sit
1605 2273 1766 2328 dissi-

182 2375 344 2429 dentis
363 2383 585 2428 naturte
600 2372 913 2427 diversitate
929 2368 1168 2438 abiectus
1186 2366 1262 2442 [H
1266 2367 1304 2422 il
1311 2408 1322 2421 .
1335 2409 1349 2432 ,
1367 2364 1663 2437 subjectus]
1676 2366 1716 2419 ?.
1727 2405 1740 2419 .
1751 2404 1765 2418 .

185 2465 312 2522 Nihil
332 2469 524 2536 itaque
547 2479 693 2519 nunc
711 2463 857 2518 aliud
876 2460 1220 2531 subiectionis
1241 2459 1582 2532 significatio,
1606 2474 1770 2529 quam

183 2561 417 2630 mysterii
447 2556 841 2613 demonstratio
868 2563 970 2610 est.
996 2575 1014 2606 ι
1048 2553 1117 2608 Et
1137 2553 1192 2607 in
1216 2552 1565 2622 sequentibus
1584 2549 1764 2622 (Num.

180 2650 260 2722 ιο)
289 2669 303 2705 :
333 2670 352 2702 ι
381 2649 505 2704 Non
537 2649 644 2702 alia
672 2649 852 2717 itaque
888 2645 1239 2716 subiectionis
1269 2661 1431 2702 causa
1470 2643 1634 2722 842
1661 2651 1766 2708 est,

178 2754 331 2808 quam
361 2748 427 2793 ut
451 2738 636 2793 omnia
661 2737 715 2790 in
744 2735 996 2791 omnibus
1040 2735 1180 2790 Deus
1203 2734 1295 2800 sit,
1323 2733 1468 2796 nulla
1510 2749 1575 2788 ex
1614 2739 1770 2802 parte

179 2831 371 2885 terreni
405 2832 466 2885 in
503 2845 571 2884 eo
598 2829 848 2900 corporis
891 2829 1160 2883 residente
1204 2837 1420 2892 natura,
1452 2834 1513 2881 ut
1555 2836 1679 2881 ante
1711 2826 1766 2880 in

178 2937 231 2977 se
258 2923 363 2978 duo
392 2919 567 2995 [Ilil.,
595 2919 752 2992 duos]
778 2919 1078 2982 continens,
1101 2934 1244 2972 nunc
1265 2917 1407 2972 Deus
1431 2925 1640 2971 tantum
1661 2916 1764 2984 sit;

178 3028 275 3067 non
303 3011 524 3081 abiecto
566 3026 818 3081 corpore,
867 3009 961 3065 sed
989 3026 1056 3064 ex
1091 3009 1426 3079 subiectione
1463 3007 1765 3073 translato;

176 3118 347 3172 nemine
374 3117 476 3172 per
498 3101 854 3156 defectionem
894 3101 1116 3165 abolito,
1163 3100 1258 3154 sed
1285 3115 1352 3154 ex
1381 3097 1769 3154 clarificatione
1795 3123 1843 3188 ο

174 3205 400 3250 mutato.
429 3195 734 3264 Acquirens
782 3192 885 3248 sibi
920 3206 985 3247 eo
1015 3191 1178 3265 [Hil.,
1207 3189 1340 3264 Deo]
1387 3190 1568 3262 potius
1592 3191 1768 3246 homi-

173 3303 314 3350 nem,
347 3303 517 3359 qnam
548 3287 715 3342 Deum
744 3303 841 3358 per
868 3287 1140 3342 hominem
1167 3287 1422 3342 amittens
1448 3303 1460 3339 :
1497 3283 1771 3354 subiectus

171 3394 301 3433 vero
321 3381 393 3434 ob
425 3379 500 3442 id,
543 3393 650 3432 non
681 3387 742 3431 ut
772 3393 880 3432 non
926 3379 1018 3440 sit,
1054 3377 1148 3432 sed
1195 3384 1256 3432 ut
1287 3376 1468 3430 omnia
1499 3375 1552 3429 in
1596 3375 1771 3429 omni-

172 3469 274 3523 bus
323 3469 468 3524 Deus
509 3469 602 3522 sit.
639 3488 657 3520 ι
702 3468 837 3522 Item
881 3469 1043 3538 paulo
1087 3476 1213 3538 post
1261 3467 1328 3521 de
1381 3465 1770 3522 elarilicatione

174 3559 342 3628 ipsius
361 3559 606 3624 Domini,
633 3574 738 3628 qua
779 3574 838 3613 se
864 3559 917 3613 in
943 3560 1233 3631 Evangelio
1261 3561 1583 3615 testificatur
1605 3559 1768 3614 clari-

173 3649 449 3705 ﬁcandum
478 3666 622 3717 esse,
657 3651 748 3705 ubi
797 3651 912 3705 ait:
944 3651 1102 3708 Nunc
1144 3651 1469 3722 gloriﬁcatus
1506 3661 1582 3706 est
1624 3650 1770 3721 ﬁlius

170 3740 398 3795 bonum“:
454 3740 640 3811 (Joan.
674 3757 796 3806 xm,
831 3741 943 3813 5|).
973 3760 991 3792 ι
1042 3740 1376 3797 Glorilicavit
1409 3757 1549 3800 eum.
1597 3742 1774 3812 inquit

172 3831 354 3903 (Nam.
383 3833 501 3904 42),
533 3834 590 3888 in
617 3848 677 3888 se
705 3835 868 3898 Deus,
898 3843 958 3888 ut
980 3835 1104 3903 quia
1140 3833 1252 3902 iam
1297 3832 1558 3904 regnatin
1581 3832 1769 3904 gloria,

169 3939 384 3992 quaex
431 3925 529 3978 Dei
578 3923 748 3995 gloria
789 3933 892 3986 est,
924 3925 1037 3994 ipse
1081 3924 1278 3979 exinde
1307 3924 1362 3978 in
1409 3923 1503 3978 Dei
1544 3923 1772 3995 gloriam

169 4021 416 4069 transeat
445 4030 460 4077 ;
493 4014 549 4066 in
575 4027 635 4067 se
664 4013 808 4066 enim
856 4014 998 4067 Deus
1025 4028 1148 4066 eum
1193 4012 1537 4082 glorificavit,
1585 4012 1638 4066 id
1667 4020 1768 4074 est,

166 4103 226 4157 in
253 4120 314 4158 ea
345 4113 547 4159 natura
572 4119 679 4174 qua
711 4104 851 4159 Deus
876 4111 958 4159 est
998 4105 1141 4174 quod
1165 4112 1268 4172 est,
1298 4112 1356 4157 ut
1385 4105 1456 4158 sit
1480 4103 1628 4159 Deus
1654 4119 1774 4158 om-

168 4194 264 4247 nia
289 4194 345 4248 in
372 4193 654 4248 omnibus.
686 4213 704 4245 ι
757 4193 889 4248 Item
932 4193 1093 4264 paulo
1120 4202 1244 4263 post
1289 4193 1471 4264 (Num.
1495 4194 1586 4265 45)
1613 4210 1626 4247 :
1657 4211 1676 4242 ‹
1709 4193 1777 4247 Et

166 4285 226 4340 in
257 4301 323 4341 eo
359 4285 604 4354 quidem,
651 4286 748 4350 ait,
781 4295 981 4356 quanta
1021 4285 1222 4340 furoris
1257 4285 1502 4340 haeretici
1548 4284 1773 4340 stultitia

165 4387 278 4441 est,
305 4379 606 4447 desperare
631 4377 685 4432 id
712 4379 778 4433 de
804 4379 933 4443 Deo,
965 4379 1108 4450 quod
1137 4378 1388 4433 humanis
1413 4377 1526 4432 suis
1547 4377 1774 4448 pedibus

1872 533 2006 587 Vita:
2033 532 2177 587 enim
2213 533 2459 588 humanae
2503 543 2662 604 atque
2688 538 2878 594 mortis
2905 539 3028 596 finis
3072 552 3155 598 est
3196 560 3442 604 resurre-

1870 625 1977 679 ctio
2003 641 2017 677 :
2048 634 2102 679 et
2147 614 2520 680 certissimum.
2549 627 2755 684 militiae
2797 631 3119 701 stipendium
3163 645 3246 694 est
3272 639 3447 695 incor—

1871 729 2025 791 rupta
2051 721 2343 786 mternitas,
2382 737 2488 777 non
2518 722 2585 777 ad
2616 738 2791 793 poena:
2833 731 3286 796 perseverantiam
3330 750 3446 789 ma-

1870 825 2020 871 nens,
2059 811 2150 864 sed
2176 811 2242 864 ad
2267 819 2535 880 perpetuae
2558 813 2738 882 gloria:
2774 815 3004 873 fructum
3032 818 3448 888 iucunditatem-

1870 915 1975 970 que
2016 915 2120 954 non
2157 901 2426 956 desinens.
2475 902 2607 958 Cum
2652 905 2816 975 igitur
2857 908 2972 964 haec
2997 919 3178 966 nostra
3206 922 3449 971 terreno-

1870 1007 1988 1045 rum
2015 1006 2300 1060 corporum
2347 993 2500 1064 origo
2526 993 2580 1047 in
2625 995 2811 1050 habitu
2840 1007 3046 1054 natura:
3087 1003 3312 1070 potioris
3349 1019 3449 1060 ex-

1870 1081 2047 1144 cedat,
2083 1090 2138 1136 et
2165 1081 2460 1139 conformis
2504 1084 2686 1155 gloria:
2727 1088 2990 1144 Dominici
3022 1095 3263 1161 corporis
3308 1096 3447 1161 fiat;

1871 1172 2013 1226 Deus
2045 1173 2098 1226 in
2126 1171 2297 1227 fomia
2329 1175 2470 1230 servi
2515 1187 2760 1246 repertus
2807 1178 2937 1251 [Αι.,
2963 1185 3300 1258 perpetuus],
3325 1187 3453 1242 licet

1863 1261 1974 1329 iam
2005 1263 2333 1331 glorificatus
2380 1265 2435 1319 in
2477 1281 2700 1336 corpore
2744 1269 2832 1335 sit,
2880 1275 3174 1328 secundum
3219 1278 3361 1346 quod
3392 1279 3446 1332 in

1869 1352 2043 1407 forma
2073 1355 2211 1408 servi
2258 1355 2346 1420 sit,
2394 1363 2570 1410 tamen
2601 1357 2897 1416 conformis
2936 1362 3046 1418 Deo
3075 1379 3182 1420 non
3221 1367 3362 1421 erit:
3392 1377 3453 1422 ut

1869 1443 1960 1512 qui
2008 1444 2163 1499 nobis
2216 1444 2440 1500 formam
2497 1447 2778 1517 gloriﬁcati
2826 1453 3068 1521 corporis
3121 1455 3205 1510 sui
3262 1459 3455 1519 tribuit

1871 1533 2034 1606 [Hil.,
2062 1535 2309 1607 tribuet],
2356 1537 2470 1604 ipse
2514 1539 2725 1606 corpori
2771 1554 2868 1593 suo
2897 1542 3030 1596 nihil
3072 1543 3212 1598 ultra
3253 1548 3450 1616 possit,

1870 1641 2030 1694 quam
2057 1625 2212 1680 nobis
2237 1641 2302 1680 ac
2323 1625 2422 1680 sibi
2452 1627 2543 1691 sit,
2569 1628 2622 1680 in
2654 1643 2937 1684 commune
2959 1640 3237 1700 praestare.
3269 1655 3288 1687 ι
3323 1635 3450 1692 Haec

1872 1715 2052 1785 itaque
2083 1718 2388 1771 testimonia
2416 1718 2589 1772 sancti
2620 1717 2796 1774 Patris
2822 1719 3008 1775 Hilarii
3035 1723 3101 1779 de
3123 1724 3454 1794 subiectione

1799 1783 2019 1870 BFilii,
2072 1821 2234 1874 quam
2288 1813 2341 1860 tu
2391 1806 2625 1861 debitam
2671 1817 3038 1880 aeternamque
3088 1783 3325 1868 asseris:
3368 1817 3454 1871 vel

1870 1893 2032 1947 etiam
2059 1894 2126 1948 de
2151 1893 2535 1949 clarificatione
2558 1897 2800 1965 corporis
2825 1896 2878 1951 in
2905 1899 3200 1956 divinitatis
3226 1903 3450 1973 gloriam

1868 1978 2108 2053 eiusdem
2141 1985 2352 2040 Domini
2377 1988 2546 2042 nostri
2572 1985 2700 2042 Jesu
2727 1988 2950 2056 Christi,
2975 1991 3120 2060 quod
3142 2007 3210 2047 ex
3235 1995 3454 2070 Virgine

1870 2078 2181 2148 assumpsit,
2213 2078 2354 2134 dicta
2385 2079 2674 2133 sufﬁciant.

1940 2188 2026 2246 VI.
2052 2188 2207 2244 Nunc
2232 2203 2411 2260 operae
2449 2190 2808 2266 pretiumpst
2844 2192 3022 2266 aliqua
3047 2209 3114 2250 ex
3141 2206 3451 2254 sanctorum

1870 2279 2152 2334 doctorum
2182 2277 2376 2334 libellis
2413 2279 2717 2335 testimonia
2745 2281 3010 2350 proferre,
3057 2299 3176 2352 qua:
3205 2293 3262 2340 tu
3287 2288 3452 2344 etiam

1869 2371 2141 2426 contrario
2165 2386 2323 2428 sensu
2345 2369 2560 2426 flectere
2579 2369 2646 2426 ad
2673 2379 2778 2426 tuae
2795 2372 2966 2440 partis
2989 2372 3451 2432 confirmationem

1868 2461 2080 2526 niteris,
2111 2476 2232 2530 quae
2258 2461 2478 2514 omnino
2520 2460 2614 2515 tibi
2644 2475 2765 2516 esse
2809 2464 3137 2529 adversaria,
3181 2473 3238 2519 et
3264 2466 3342 2520 tui
3369 2482 3458 2522 er—

1867 2551 2011 2606 roris
2032 2560 2193 2607 secta:
2226 2551 2381 2607 valde
2420 2552 2690 2608 contraria
2721 2553 3109 2625 intelligentur.
3150 2555 3377 2627 Insuper
3402 2568 3458 2614 et

1868 2643 2110 2716 quaedam
2134 2643 2444 2698 calliditatis
2466 2654 2570 2699 tum
2591 2644 2829 2713 nequitia
2852 2643 3143 2711 subtrahis,
3167 2661 3286 2717 qua:
3308 2655 3456 2704 tuam

1868 2733 2118 2790 haeresim
2147 2735 2406 2790 damnare
2432 2735 2722 2791 videntur:
2765 2737 3009 2806 quaedam
3041 2753 3174 2793 vero
3197 2748 3457 2796 consueta

1868 2826 1969 2881 tibi
1995 2825 2241 2882 versutia
2270 2826 2555 2883 immutare
2597 2843 2705 2883 non
2734 2828 2914 2896 limes,
2944 2837 3006 2884 ut
3049 2829 3103 2884 in
3133 2829 3286 2886 libris
3309 2832 3459 2888 beati

1870 2919 2056 2975 Hilarii
2101 2919 2296 2976 fecisse
2322 2919 2524 2986 videris
2552 2939 2566 2975 :
2607 2919 2698 2975 ubi
2739 2919 2828 2974 ille
2853 2921 3159 2994 praecipuus
3187 2923 3377 2977 doctor
3403 2931 3460 2977 et

1871 3011 2170 3068 catholicus
2195 3011 2274 3067 ait
2321 3023 2347 3052 α
2377 3029 2390 3066 :
2441 3009 2681 3066 Potestas
2721 3010 2994 3081 dignitatis
3018 3008 3146 3066 'non
3178 3014 3456 3078 amittitur,

1873 3112 1931 3158 tu
1957 3104 2178 3159 omnino
2201 3103 2608 3176 perversissime
2633 3101 2769 3157 dicis
2797 3119 2810 3155 :
2856 3101 3136 3172 adoptatur
3165 3118 3184 3158 :
3214 3103 3305 3158 ubi
3334 3105 3459 3158 bea-

1872 3200 1961 3247 tus
1988 3191 2224 3248 Hilarius
2251 3192 2350 3258 ait,
2395 3191 2670 3245 adoretur.
2719 3189 2916 3249 Carnis
2953 3191 3204 3261 equidem
3231 3208 3262 3247 a
3289 3191 3460 3263 Magis

1871 3284 2148 3340 humilitas
2168 3285 2389 3339 adorata
2411 3291 2513 3350 est,
2532 3292 2588 3338 et
2609 3282 2852 3353 mysticis
2869 3299 3153 3342 munerum
3175 3285 3459 3356 speciebus

1872 3375 2153 3439 honorata,
2183 3390 2287 3430 non
2311 3375 2600 3444 adoptata:
2649 3373 2790 3443 quod
2817 3375 3102 3445 perspicue
3128 3389 3194 3430 ex
3237 3384 3457 3431 antece-

1871 3467 2121 3524 dentibus
2144 3467 2324 3521 verbis
2351 3465 2594 3536 ejusdem
2631 3464 2870 3522 doctoris
2893 3463 3115 3535 intelligi
3141 3473 3338 3534 potest,
3366 3467 3459 3522 ubi

1872 3560 1968 3622 ait,
1993 3558 2134 3629 quod
2159 3566 2215 3612 tu
2245 3559 2357 3628 ipse
2389 3557 2634 3630 posuisti,
2664 3558 2721 3611 in
2744 3557 2934 3628 pannis
2961 3557 3134 3616 adhuc
3159 3556 3301 3613 Deus
3323 3557 3457 3614 ado-

1873 3657 2040 3701 ratur.
2067 3647 2210 3702 Idem
2240 3647 2375 3717 ipse,
2403 3647 2494 3717 qui
2526 3647 2579 3701 in
2623 3646 2904 3710 cunabulis
2934 3643 3126 3727 iacuit,
3155 3647 3224 3701 ab
3250 3647 3460 3722 angelis

1871 3737 2119 3792 Christus
2163 3736 2424 3792 Dominus
2457 3738 2802 3809 praedicatur,
2830 3745 2887 3791 et
2907 3752 2936 3790 a
2969 3735 3137 3808 Magis
3161 3737 3304 3794 Deus
3332 3740 3463 3804 ιιᾶο-

1873 3836 2044 3895 ratur,
2073 3844 2179 3883 non
2213 3845 2243 3882 a
2265 3829 2425 3883 Patre
2462 3829 2747 3899 adoptatur
2777 3829 2830 3882 in
2860 3828 3076 3883 Filium.
3123 3827 3181 3884 In
3208 3844 3316 3899 quo
3342 3829 3461 3884 loco

1873 3921 2176 3975 certissime
2205 3921 2270 3975 de
2299 3919 2574 3989 Magorum
2614 3920 2929 3975 adoratione
2973 3920 3115 3981 idem
3160 3919 3321 3976 Pater
3366 3920 3460 3975 Hi-

1875 4013 2038 4066 larius
2067 4012 2324 4081 disputat,
2353 4025 2457 4065 non
2482 4009 2548 4063 de
2587 4017 2812 4078 paterna
2853 4007 3160 4080 adoptione,
3201 4023 3364 4080 quam
3402 4016 3460 4064 tu

1871 4104 2192 4173 pravissime
2230 4102 2355 4158 huic
2400 4101 2518 4156 loco
2566 4101 2805 4166 inserere
2841 4100 3074 4158 conaris.
3107 4098 3215 4156 Sed
3249 4111 3307 4155 et
3334 4117 3457 4158 cum

1874 4195 2242 4252 testimonium
2268 4195 2333 4250 de
2357 4193 2717 4264 disputatione
2762 4191 2906 4262 beati
2931 4190 3216 4263 Augustini
3243 4192 3454 4261 posuis-

1875 4304 1984 4355 ses,
2012 4304 2175 4358 quam
2200 4287 2388 4352 habuit
2415 4301 2538 4342 cum
2568 4285 2840 4354 Feliciano
2863 4284 3066 4350 Ariano
3108 4283 3361 4355 episeopo
3403 4283 3455 4344 δ,

1876 4380 2098 4437 subdola
2141 4380 2430 4444 calliditate
2475 4379 2720 4448 quaedam
2755 4378 2810 4434 in
2851 4376 3028 4434 media
3063 4367 3330 4434 scntentia
3380 4383 3462 4429 ta-

166 4467 346 4542 ]Leg,.
377 4469 607 4542 spebus]
629 4469 964 4526 blandiatur:
991 4478 1046 4526 et
1065 4471 1208 4541 quod
1231 4470 1504 4525 hominem
1530 4467 1700 4541 [Leg.,
1727 4469 1780 4524 in
1811 4468 1859 4527 ι)
1884 4471 2066 4535 cuisti,
2115 4485 2236 4540 qua:
2282 4480 2388 4526 tua:
2433 4468 2574 4541 parti
2615 4469 2866 4526 videntur
2916 4467 3208 4532 contraire,
3244 4467 3337 4524 ubi
3381 4467 3460 4534 ait

165 4561 423 4634 homine]
453 4563 601 4616 Deus
626 4572 816 4633 potens
856 4563 949 4628 sit,
979 4563 1030 4617 id
1068 4563 1124 4616 in
1165 4562 1343 4632 seipso
1372 4561 1650 4617 efﬁciendo
1692 4561 1774 4616 in-

166 4655 369 4710 ﬁrmus
399 4655 497 4708 sit.
549 4653 657 4708 Nec
681 4669 862 4709 sermo
887 4653 1054 4718 istud,
1086 4668 1183 4708 nec
1211 4669 1400 4707 sensus
1429 4652 1655 4707 rationis
1684 4667 1774 4706 ca-

162 4761 278 4816 pax
304 4747 579 4820 loquitur,
611 4756 669 4801 ut
687 4746 919 4802 naturali
942 4746 1174 4816 quadam
1199 4745 1523 4800 necessitate
1550 4745 1618 4798 ad
1644 4759 1774 4799 con-

165 4839 472 4893 sulmdum
499 4837 658 4892 nobis
685 4837 952 4893 obnoxius
977 4838 1120 4892 Deus
1142 4837 1244 4892 sibi
1268 4837 1400 4891 nihil
1425 4835 1622 4892 atl'erre
1646 4834 1774 4889 bea-
1809 4865 1821 4876 -

161 4930 430 4985 titndinis
457 4930 664 4999 possit:
694 4946 802 4985 non
823 4931 963 4999 quod
993 4928 1239 5000 profectu
1263 4937 1432 4998 egeat,
1458 4927 1550 4997 qui
1575 4927 1773 4997 imper-

161 5022 417 5075 turbata:
441 5029 653 5078 natura:
689 5021 1013 5091 virtutisque
1041 5020 1126 5084 sit,
1153 5020 1250 5075 sed
1284 5019 1408 5089 quia
1436 5033 1536 5088 per
1559 5017 1773 5086 dispen-

155 5112 452 5167 sationem
477 5120 535 5166 et
575 5120 976 5167 sacramentum
1003 5125 1212 5182 magna:
1236 5109 1474 5182 pietatis,
1504 5107 1596 5178 qui
1631 5107 1773 5161 Deus

154 5214 274 5271 est,
310 5213 373 5261 et
418 5221 648 5277 magnus
688 5213 773 5260 est
821 5203 988 5282 [Hil.,
1032 5212 1089 5259 et
1130 5205 1293 5259 homo
1325 5200 1453 5274 est],
1504 5201 1773 5272 impotens

151 5298 270 5355 sibi
302 5298 408 5360 sit,
437 5297 543 5352 hoc
567 5304 672 5361 est,
721 5305 890 5351 totum
914 5305 1171 5367 praestare
1199 5292 1358 5367 [Ilil.,
1387 5294 1491 5348 hoc
1516 5307 1575 5347 se
1601 5298 1772 5346 totum

147 5388 469 5462 mare]
497 5389 643 5460 quod
692 5389 836 5445 Deus
863 5398 967 5454 est,
1000 5403 1122 5444 cum
1170 5388 1324 5443 nobis
1372 5401 1480 5441 non
1526 5386 1778 5466 ambigue

301 5520 373 5577 S.
403 5519 640 5578 Hilarius
665 5521 763 5577 lib.
795 5538 834 5577 ιι
862 5521 930 5577 de
963 5521 1249 5582 Trinitate,
1278 5534 1397 5589 cap.
1423 5518 1516 5574 27.
1544 5511 1622 5574 De
1647 5534 1774 5574 vera

149 5594 418 5649 Italicae
453 5594 616 5664 huius
669 5600 853 5664 textus
899 5592 1037 5664 apud
1067 5590 1124 5664 _S.
1171 5590 1433 5664 Hilarium
1479 5590 1788 5664 etiamnum.

150 5666 396 5720 Extent
415 5661 611 5719 eruditi
641 5662 847 5726 critici,
877 5661 1431 5732 antiquiscodicibus
1467 5661 1776 5732 discrepan-

151 5738 350 5791 tibus.
381 5732 452 5790 De
475 5751 581 5807 qua
611 5749 672 5790 rc
697 5733 788 5789 hic
817 5733 970 5787 nobis
992 5730 1096 5787 non
1124 5731 1249 5785 licet
1271 5745 1388 5786 esse
1421 5730 1666 5801 prolixis.

1875 4561 2029 4633 (Cap.
2058 4561 2110 4634 6)
2137 4579 2149 4616 :
2181 4580 2201 4614 ι
2235 4553 2492 4630 Filiorum
2515 4573 2747 4629 namque
2783 4559 3020 4628 adoptivi
3049 4558 3160 4621 alii,
3187 4561 3464 4620 naturales

1877 4655 1965 4709 alii
1994 4664 2118 4708 sunt
2142 4669 2157 4708 :
2186 4654 2242 4714 hi
2272 4653 2361 4722 qui
2388 4653 2555 4725 geniti
2581 4653 2650 4708 ab
2680 4651 2835 4708 initio
2862 4649 2955 4703 ﬁlii
2984 4656 3110 4711 sunt
3134 4663 3200 4712 ac
3216 4652 3464 4720 proprii;

1877 4746 1952 4800 illi
1996 4747 2173 4814 primo
2211 4743 2394 4807 alieni,
2431 4751 2554 4828 post
2581 4741 2748 4798 ﬁlium
2786 4738 2920 4810 [Αι.,
2949 4737 3103 4812 ﬁlii]:
3132 4754 3255 4802 cum
3295 4741 3458 4828 843

1876 4860 1973 4915 per
1994 4843 2336 4912 adoptionem
2366 4825 2706 4906 inifamiliam
2741 4839 2992 4912 videntur
3017 4840 3267 4900 adscisci.
3303 4825 3329 4895 »ν
3354 4825 3460 4896 Cas

1879 4944 1992 4990 tera
2025 4948 2153 4988 vero
2179 4947 2298 5002 quae
2323 4930 2550 5006 posuisti
2573 4929 2629 4984 in
2659 4928 2849 4992 eodem
2877 4928 3019 4996 loco,
3058 4945 3126 4990 ex
3162 4945 3323 4985 sensu
3355 4929 3461 4982 ha»

1877 5027 2030 5082 retici
2058 5025 2198 5080 idem
2223 5023 2415 5082 beatus
2439 5021 2772 5095 Augustinus
2795 5021 2956 5088 dixit,
2975 5038 3083 5086 non
3107 5036 3173 5079 ex
3193 5035 3314 5084 suo,
3338 5034 3460 5074 cum

1877 5133 1986 5188 quo
2013 5115 2430 5189 disputationem
2473 5113 2541 5169 de
2567 5111 2674 5172 ﬁde
2709 5112 2973 5174 catholica
3004 5112 3213 5176 habuit,
3245 5110 3370 5166 licet
3404 5117 3460 5163 tu

1877 5224 1984 5264 non
2013 5206 2366 5264 intellexisses
2393 5219 2462 5262 ex
2489 5203 2641 5274 cuius
2664 5218 2896 5274 persona
2922 5202 3150 5262 dixisset
3189 5201 3331 5276 quod
3367 5215 3463 5272 po-

1879 5299 2026 5364 suit;
2055 5298 2135 5354 sic
2153 5296 2296 5361 enim
2327 5297 2402 5352 ait
2428 5315 2440 5350 :
2465 5315 2484 5347 ι
2518 5293 2658 5362 Quid
2678 5294 2884 5366 igitur?
2911 5292 3049 5350 dicis
3067 5305 3133 5350 ex
3161 5293 3460 5351 substantia

1884 5390 2083 5456 Patris,
2113 5389 2296 5455 credo,
2324 5387 2474 5444 nasci
2501 5375 3044 5460 Filium‘nequivisse,
3073 5397 3144 5442 ne
3164 5382 3459 5454 ingenitum

1953 5520 2158 5603 illam
2184 5513 3458 5603 diawlensmﬁdeietsrﬁdentissime

1882 5593 2037 5667 beati
2066 5586 2370 5667 Augustini.
2428 5587 2704 5667 Tribuitur
2755 5586 2954 5643 ibidem
3003 5587 3122 5650 haec
3165 5586 3459 5656 disputatio

1883 5663 2076 5734 Vigilio
2102 5660 2381 5730 Tapsensi.
