3964 6186
468 422 475 455 1
488 407 596 463 207

1352 409 1412 465 Β.
1453 410 1513 466 F.
1554 410 1778 468 ALBlNl
1817 411 1950 469 εει]
1987 408 2263 469 ALCUINI
2299 408 2584 469 OPERUM
2622 407 2801 466 PARS
2836 406 2920 465 III.

3631 367 3736 463 eos

466 527 706 586 ~Patrem
750 522 875 580 Filii
921 522 1272 595 generatione
1316 523 1594 580 videamur
1636 524 1911 580 dividere:
1943 542 1962 575 ι
2006 530 2063 578 et
2090 531 2135 585 Α
2166 522 2539 590 investigatur,
2571 520 2669 575 hoc
2688 519 2818 589 ﬁdes
2846 515 3046 583 credat,
3074 513 3415 587 intelligentia
3439 533 3544 572 non
3568 521 3734 587 requi.

463 615 717 687 treliqua,
761 630 880 685 qua:
906 615 977 669 ibi
1021 614 1195 685 posita
1233 622 1379 681 sunt,
1418 629 1538 684 quae
1579 615 1884 671 certissime
1923 613 2067 669 illius

463 694 724 764 vlneretici
767 706 943 763 sensui
985 705 1331 771 conveniunt,
1382 721 1491 760 non
1540 706 1711 761 sancti
1762 705 2063 777 Augustini.

468 796 642 854 'Sicut
680 807 736 852 et
778 796 907 853 illud
953 796 1111 852 solita
1160 796 1256 851 tibi
1303 796 1570 867 pravitate
1620 797 1939 863 immutasti,
1975 796 2065 852 ubi

464 888 625 943 .libro
653 887 802 960 (Loc.
834 887 951 951 cit.,
982 902 1100 957 cap.
1134 884 1222 957 10)
1259 904 1272 939 :
1302 885 1637 956 impossibilia
1668 888 1723 941 in
1747 904 1865 953 suo,
1894 887 2067 958 passi-

467 979 604 1033 σὺίιίε
625 979 679 1032 in
708 987 881 1032 nostra
904 1019 920 1042 ,
948 985 1003 1031 tu
1041 977 1195 1046 ponis
1227 994 1241 1031 :
1277 976 1611 1047 impassibilis
1640 979 1697 1032 in
1717 994 1836 1043 suo,
1878 994 2065 1049 passus

467 1070 540 1121 .in
565 1067 735 1120 alieno
757 1083 777 1132 ;
820 1065 974 1135 quasi
1002 1080 1199 1136 corpus
1239 1080 1416 1131 suum,
1460 1068 1603 1137 quod
1643 1068 1744 1122 sibi
1783 1069 2062 1138 proprium

471 1158 614 1212 fecit
632 1157 800 1211 Filius
826 1155 949 1220 Dei,
975 1155 1207 1210 alienum
1233 1165 1377 1212 esset
1402 1171 1433 1210 a
1460 1171 1537 1211 se.
1581 1156 1733 1223 Quod
1764 1157 1945 1227 itaque
1968 1172 2067 1212 no-

478 1263 606 1303 men
630 1246 788 1302 alieni
814 1247 1033 1302 omnino
1055 1255 1243 1302 contra
1273 1247 1504 1317 teipsum
1534 1249 1729 1317 ponis;
1778 1255 2065 1318 utrumque

482 1339 625 1392 enim
658 1351 767 1391 non
808 1345 987 1408 potest
1008 1352 1164 1392 esse:
1212 1352 1340 1392 caro
1373 1335 1574 1393 Christi
1617 1337 1811 1404 aliena,
1840 1345 1897 1392 et
1935 1338 2066 1393 ado-

481 1428 628 1498 ptiva
654 1426 791 1483 Filio
812 1426 906 1481 Dei
930 1443 945 1492 ;
985 1427 1112 1497 quia
1141 1427 1265 1482 dum
1293 1428 1579 1499 adoptatur
1605 1429 1658 1483 in
1700 1428 1919 1494 Filium,
1947 1428 2065 1485 nul-

483 1521 696 1573 latenus
743 1517 951 1573 alienus
990 1516 1095 1572 erit
1136 1516 1186 1571 ei
1228 1518 1320 1586 qui
1356 1533 1414 1573 se
1444 1519 1717 1588 adoptavit
1746 1519 1799 1573 in
1846 1518 2062 1584 Filium,

482 1611 576 1665 sed
605 1611 657 1663 in
686 1608 804 1663 Filii
828 1608 1139 1679 dignitatem
1159 1617 1468 1678 assumptus
1491 1612 1726 1667 cessabit
1754 1612 1960 1667 alienus
1980 1627 2067 1667 es-

482 1716 561 1755 se.
594 1699 795 1755 Christi
825 1714 951 1754 vero
975 1698 1284 1753 humanitas
1307 1715 1581 1770 nunquam
1615 1700 1787 1755 aliena
1813 1700 1933 1766 fuit,
1964 1718 2065 1758 nec

481 1792 682 1857 anima,
711 1806 810 1846 nec
848 1804 1096 1860 corpore,
1130 1788 1425 1844 divmitatis
1454 1804 1581 1853 sum,
1628 1791 1697 1845 ab
1731 1791 1885 1845 initio
1929 1806 2062 1846 con-

2169 613 2299 667 rat?
2346 610 2628 681 Singulare
2667 609 2813 663 enim
2855 606 3069 662 esthoc
3093 613 3150 661 et
3194 605 3311 660 sine
3343 607 3590 677 exemplo
3622 623 3732 682 my-

2165 700 2411 756 sterium.

2238 789 2346 846 Vll.
2389 788 2537 845 Dicis
2582 800 2795 857 quoque
2828 785 3216 841 humanitatem
3255 784 3376 840 Filii
3419 785 3516 841 Dei
3545 789 3742 845 extrin-

2165 895 2322 936 secus
2344 879 2542 935 l‘actam
2561 880 2717 950 quasi
2742 879 2971 934 alienam
2998 895 3015 944 ;
3042 878 3127 933 vel
3151 880 3323 951 magis
3347 880 3521 950 ipsum
3546 881 3741 939 Filium

2165 968 2261 1024 Dei
2286 969 2623 1024 extrinsecus
2653 966 2877 1032 factum,
2918 966 3061 1022 sicut
3087 974 3139 1021 te
3182 969 3453 1024 scribente
3492 969 3740 1041 legimus.

2170 1077 2190 1110 ε
2224 1058 2318 1113 liae
2338 1066 2485 1123 sunt,
2513 1058 2617 1123 ais,
2646 1056 2927 1113 sententiae
2945 1055 3154 1125 praefati
3176 1058 3483 1128 egregiique
3514 1060 3746 1118 doctoris

2164 1150 2468 1220 Augustini,
2518 1165 2624 1204 non
2651 1150 2717 1205 de
2761 1149 3098 1204 humanitate
3124 1147 3248 1202 Filii
3275 1148 3393 1209 Dei.
3435 1150 3490 1205 in
3523 1166 3630 1220 qua
3655 1167 3743 1207 ex-

2167 1241 2435 1296 trinsecus
2456 1239 2634 1295 factus
2660 1247 2760 1303 est,
2794 1254 2899 1295 non
2928 1239 2995 1294 de
3020 1239 3322 1295 substantia
3363 1240 3541 1298 Patris
3569 1245 3744 1300 subsi-

2165 1340 2333 1396 stens,
2361 1330 2453 1385 sed
2477 1343 2542 1384 ex
2568 1344 2732 1385 carne
2774 1329 2963 1384 matris
2986 1338 3043 1385 et
3087 1339 3245 1386 natus
3269 1339 3370 1386 est.
3404 1352 3423 1384 ι
3472 1332 3749 1399 Quomodo

2166 1422 2335 1479 Filius
2367 1423 2463 1478 Dei
2495 1430 2598 1486 est,
2630 1423 2677 1478 si
2702 1424 3040 1479 extrinsecus
3085 1423 3261 1480 factus
3299 1425 3425 1480 est?
3458 1425 3630 1481 Filius
3653 1426 3747 1481 Dei

2165 1515 2497 1571 :eternaliter
2534 1522 2692 1569 natus
2719 1522 2803 1570 est
2848 1514 2914 1570 de
2950 1515 3128 1578 Patre,
3171 1528 3332 1583 quem
3370 1514 3460 1569 hic
3485 1516 3621 1571 dicis
3648 1532 3745 1572 ex-

2167 1606 2435 1660 trinsecus
2488 1604 2709 1658 factum.
2763 1601 2821 1657 Si
2860 1603 2926 1659 de
2966 1603 3301 1658 humanitate
3345 1602 3460 1671 ejus
3502 1604 3606 1659 hoc
3650 1602 3747 1660 tibi

2165 1698 2342 1767 placet
2364 1695 2611 1767 intelligi,
2643 1709 2771 1764 ergo
2797 1693 3046 1749 eumdem
3071 1693 3205 1749 dicis
3240 1693 3519 1749 nobiscum
3551 1693 3744 1749 Filium

2166 1787 2284 1853 Dei,
2316 1787 2409 1857 qui
2451 1801 2520 1841 ex
2565 1786 2784 1856 Virgine
2831 1793 2993 1841 natus
3036 1792 3138 1840 est.
3188 1784 3391 1840 Tamen
3419 1784 3477 1841 S.
3518 1784 3751 1856 Cyrillus

481 1882 742 1953 ceptionis
767 1890 822 1936 et
867 1879 1167 1935 nativitatis
1204 1878 1258 1932 in
1302 1879 1687 1949 praprietatem
1732 1881 1890 1935 unius
1933 1896 2061 1952 per-
2090 1889 2138 1949 Β
2168 1877 2471 1932 nullatenus
2498 1877 2564 1932 de
2591 1876 2811 1931 homine
2838 1874 3057 1931 Christo
3086 1876 3189 1930 hoc
3214 1877 3501 1942 consentit,
3542 1877 3749 1932 scilicet

484 1986 628 2025 sonte
656 1977 951 2039 assumpta,
983 1977 1043 2022 ut
1070 1983 1232 2022 verus
1257 1975 1313 2023 et
1337 1969 1589 2039 proprius
1617 1969 1673 2023 in
1701 1969 1905 2025 duabus
1931 1970 2063 2025 sub-

482 2064 696 2120 stantiis
717 2072 861 2119 esset
898 2061 992 2116 Dei
1022 2060 1208 2115 Filius.
1259 2059 1326 2114 Et
1370 2075 1538 2129 quare
1580 2062 1796 2115 tacuisti
1840 2062 1983 2130 quod
2008 2062 2063 2116 in

479 2159 668 2216 eodem
710 2157 847 2211 libro
889 2155 955 2210 de
980 2152 1367 2209 clarificatione
1394 2153 1640 2223 corporis
1681 2152 1882 2208 Christi
1920 2163 1976 2207 et
1997 2153 2065 2208 de

481 2246 687 2301 unitate
718 2242 1017 2299 divinitatis
1044 2242 1260 2312 legitur,
1306 2240 1395 2294 ubi
1426 2241 1541 2310 ipse
1578 2240 1834 2310 praefatus
1877 2240 2068 2296 doctor

476 2336 556 2391 ait
570 2335 717 2407 (Luc.
738 2349 860 2388 mox
875 2330 993 2405 cit.)
1013 2346 1027 2385 :
1057 2350 1075 2382 ε
1107 2332 1289 2400 itaque
1303 2330 1601 2401 glorificata
1617 2346 1745 2386 caro
1757 2331 2061 2401 majestate,

477 2426 604 2481 dum
629 2420 1308 2495 majestasbumilis[Aug.,
1326 2421 1630 2492 humiliata]
1645 2422 1867 2476 docetur
1880 2423 1934 2476 in
1947 2438 2070 2477 car-

478 2533 565 2571 ne.
589 2517 694 2571 Sed
716 2525 1001 2584 utrumque
1015 2528 1120 2567 non
1135 2512 1201 2567 de
1211 2513 1420 2566 duobus
1439 2512 1689 2577 Christis,
1702 2523 1761 2567 ut
1779 2522 1955 2584 putas,
1970 2515 2066 2570 sed

480 2606 548 2659 de
572 2620 681 2660 uno
704 2614 865 2674 atque
887 2603 1075 2658 eodem
1096 2603 1234 2672 ipso,
1260 2617 1418 2671 quem
1447 2611 1570 2672 post
1589 2612 1803 2673 partum
1832 2604 2069 2676 Virginis

478 2696 647 2751 Deum
673 2705 727 2751 et
754 2695 1025 2750 hominem
1067 2696 1336 2757 novimus,
1386 2678 1486 2747 nos
1524 2701 1732 2748 certum
1762 2703 1845 2748 est
1871 2694 2066 2764 praedi-

480 2802 628 2842 care.
662 2806 680 2838 ι
727 2785 794 2839 Ει
840 2785 997 2855 paulo
1029 2792 1151 2854 post
1197 2783 1348 2855 (Loc.
1398 2784 1493 2837 cit.
1528 2798 1646 2853 cap.
1683 2783 1809 2856 ll):
1846 2802 1865 2835 ‹
1915 2783 2065 2840 Unus

479 2887 659 2932 autem
695 2887 856 2946 atque
883 2876 1024 2931 idem
1048 2874 1294 2929 Christus
1323 2883 1426 2940 est,
1454 2874 1543 2943 qui
1571 2884 1627 2929 et
1653 2872 1877 2942 injurias
1918 2883 2061 2929 totus

476 2970 672 3042 {Aug.,’
686 2968 905 3041 totiens]
927 2966 1169 3038 pertulit,
1192 2976 1245 3022 et
1266 2975 1420 3021 actus
1447 2966 1501 3020 in
1519 2964 1840 3037 profundum
1865 2965 2061 3039 [Idem,

481 3061 538 3116 in
576 3060 863 3134 profundo]
891 3078 998 3116 non
1030 3061 1237 3116 mersit.
1265 3061 1346 3116 Ex
1376 3061 1478 3117 hoc
1504 3072 1660 3131 pacto
1686 3063 1738 3116 in
1766 3062 2064 3117 mediatore

482 3152 577 3206 Dei
602 3160 657 3206 et
681 3153 980 3218 hominum,
1010 3151 1203 3221 injuria
1241 3152 1503 3222 assumpti
1528 3152 1771 3223 corporis
1813 3151 2062 3208 affectam

2163 1970 2305 2041 quod
2330 1969 2665 2024 extrinsecus
2686 1967 2865 2024 factus
2888 1968 2959 2024 sit
2983 1968 3139 2038 quasi
3163 1968 3385 2029 alienus,
3409 1968 3556 2023 velut
3578 1968 3749 2043 8“

2164 2062 2536 2117 indumentum
2584 2061 2854 2131 quoddam
2902 2061 3247 2128 divinitatis;
3291 2063 3381 2117 sed
3424 2065 3646 2119 omnino
3697 2064 3748 2117 in

2163 2151 2373 2208 duabus
2397 2153 2605 2207 naturis
2640 2152 2921 2222 proprium
2969 2166 3088 2207 esse
3118 2163 3172 2206 et
3205 2150 3503 2222 perfectum
3549 2153 3750 2208 Filium

2165 2245 2261 2301 Dei
2285 2245 2578 2309 aliirmans,
2609 2245 2740 2299 dicit
2766 2244 2823 2298 in
2852 2244 2943 2298 illo
2968 2242 3149 2299 libello
3175 2258 3337 2313 quem
3361 2251 3548 2298 contra
3575 2244 3751 2299 Theo-

2165 2338 2412 2393 doretum
2448 2336 2664 2406 scripsit
2695 2353 2709 2389 :
2738 2354 2758 2386 ‹
2808 2334 2926 2390 Non
2952 2335 3224 2389 hominem
3254 2342 3586 2403 assumptum
3617 2333 3755 2390 dici-

2167 2443 2286 2483 mus
2314 2444 2342 2481 a
2371 2427 2482 2480 Deo
2522 2426 2722 2492 Verbo,
2746 2433 2801 2480 et
2830 2424 3135 2494 copulatum
3164 2424 3212 2479 ei
3260 2425 3553 2479 secundum
3598 2424 3753 2479 habi-

2166 2526 2279 2572 tum
2329 2516 2664 2571 extrinsecus
2704 2514 3075 2580 adinventum,
3111 2514 3206 2569 sed
3250 2514 3429 2584 potius
3471 2514 3747 2568 hominem

2166 2624 2286 2665 eum
2328 2606 2530 2663 factum
2554 2622 2675 2663 esse
2705 2607 3065 2663 decernimus.
3094 2626 3112 2659 ι
3162 2606 3296 2660 ltcm
3330 2606 3569 2678 ejusdem
3604 2607 3753 2664 unde

2166 2713 2363 2768 supra:
2394 2716 2411 2747 ‹
2449 2696 2553 2753 Sed
2582 2697 2730 2763 licet,
2760 2697 2952 2767 inquit,
2980 2697 3321 2752 nominemur
3346 2696 3541 2765 templa
3576 2695 3752 2753 Deum

2165 2789 2555 2845 inhabitantem
2598 2768 2852 2843 habe'ntia
2876 2803 2975 2858 per
3001 2786 3263 2857 Spiritum
3293 2785 3525 2859 (Cyrill.,
3550 2785 3755 2856 templa

2164 2878 2283 2944 Dei,
2331 2895 2452 2934 cum
2480 2878 2777 2934 habeamus
2822 2878 2988 2933 Deum
3030 2879 3421 2934 inbabitantem
3444 2892 3542 2948 per
3579 2876 3757 2948 Spiri-

2166 2969 2324 3043 tum],
2351 2979 2586 3025 attamen
2615 2969 2843 3024 alterum
2884 2970 3133 3025 novimus
3162 2969 3376 3023 modum
3419 2968 3755 3023 sacramenti

2166 3063 2463 3118 secundum
2486 3061 2782 3117 Christum.
2816 3059 3032 3117 Unitam
3055 3061 3197 3116 enim
3220 3060 3331 3117 Deo
3354 3060 3533 3115 Verbo
3559 3075 3758 3115 secun-

2166 3152 2292 3205 dum
2323 3153 2602 3207 veritatem
2629 3167 2847 3207 carnem
2876 3152 3169 3207 asserimus
3195 3166 3315 3207 cum
3354 3152 3533 3205 anima
3568 3152 3760 3222 utique

478 3242 716 3298 fatemur
747 3244 1023 3308 deitatem,
1068 3244 1208 3299 sicut
1257 3244 1536 3312 majestate
1580 3244 1876 3300 divinitatis
1904 3243 2137 3316 glori-c
2171 3245 2436 3299 rationali.
2477 3265 2496 3297 ι
2546 3244 2678 3299 item
2726 3245 2780 3299 in
2827 3247 3015 3301 eodem
3062 3244 3266 3317 (Cyrill.
3310 3247 3366 3300 in
3411 3244 3644 3316 Erplan.
3679 3261 3757 3300 xu

477 3335 694 3388 iicatam
725 3335 972 3389 novimus
996 3349 1238 3389 carnem.
1271 3354 1290 3386 ι
1320 3333 1426 3389 Sed
1454 3334 1569 3389 haec
1592 3332 1771 3389 omnia
1797 3350 1918 3403 quae
1941 3347 2067 3403 pas-

482 3442 577 3481 sus
597 3435 680 3481 est
707 3440 806 3495 pro
840 3428 1074 3480 humana
1110 3426 1284 3481 salute
1311 3427 1495 3482 mundi
1540 3426 1810 3493 Salvator,
1848 3443 1978 3492 non,
2008 3435 2068 3480 ut

479 3527 539 3570 tu
568 3517 665 3577 vis.
699 3517 878 3571 debita
922 3519 1268 3583 necessitate,
1315 3523 1408 3571 sed
1445 3518 1613 3573 libera
1635 3520 1913 3574 voluntate
1944 3533 2066 3588 pas-

480 3624 627 3675 sum,
660 3609 797 3664 idem
826 3609 986 3663 Pater
1009 3610 1064 3663 in
1095 3610 1282 3664 eodem
1309 3608 1449 3665 libro
1490 3617 1737 3676 testatur,
1772 3610 1958 3665 dicens
1986 3610 2068 3664 in-

483 3713 565 3757 ter
586 3709 779 3756 caetera
809 3699 963 3772 (Cap.
993 3698 1079 3772 14)
1106 3714 1120 3753 :
1148 3717 1166 3751 ‹
1205 3698 1387 3755 Sensit
1407 3700 1586 3769 igitur,
1609 3698 1806 3769 inquit,
1838 3706 2064 3754 mortem

479 3792 734 3847 divinitas
755 3789 951 3847 Christi
968 3791 1383 3862 participatione
1397 3789 1619 3845 humani
1639 3789 1887 3856 aﬂ‘ectus,
1904 3805 2062 3860 quem

482 3892 670 3954 sponte
692 3892 1004 3952 susceperat
1028 3900 1042 3948 ;
1094 3898 1198 3938 non
1232 3891 1439 3937 natura:
1467 3897 1586 3938 suae
1610 3882 1904 3952 potentiam
1935 3896 2062 3951 per—

480 3974 634 4040 didit,
678 3989 776 4046 per
819 3989 981 4045 quam
1024 3982 1218 4029 cuncta
1269 3973 1531 4028 vivificat.
1586 3972 1677 4027 Sic
1712 3973 1766 4028 in
1813 3973 2063 4042 sepulcro

478 4081 698 4122 carnem
745 4083 901 4122 suam
948 4066 1350 4123 commorieudo
1392 4082 1497 4122 non
1545 4066 1803 4130 deseruit,
1831 4065 1972 4121 sicut
2007 4066 2063 4120 in

478 4163 635 4212 utero
661 4157 894 4229 Virginis
921 4156 1297 4213 connascendo
1320 4154 1573 4212 formavit
1597 4174 1609 4210 :
1639 4164 1693 4212 et
1724 4156 1804 4212 sic
1836 4157 1891 4211 in
1916 4166 2064 4212 utro-

479 4263 582 4320 que
602 4256 657 4304 et
680 4249 828 4304 nasci
856 4257 911 4303 et
937 4248 1072 4305 mori
1102 4263 1208 4303 non
1238 4256 1455 4304 coactus
1479 4248 1545 4303 ab
1571 4248 1765 4314 altero,
1789 4248 1881 4303 sed
1904 4263 2065 4318 spon-

476 4351 534 4395 te
564 4340 750 4403 vo‘luit,
778 4340 969 4394 ethoc
1011 4352 1137 4393 eum
1175 4345 1386 4393 constet
1420 4337 1704 4407 pertulisse
1729 4338 1871 4408 quod
1914 4337 2060 4393 fecit.

478 4430 588 4485 Nec
615 4430 734 4486 ideo
764 4443 868 4484 non
890 4427 1202 4497 patientem,
1230 4426 1359 4496 quia
1382 4426 1496 4496 ipse
1522 4425 1791 4493 faciebat;
1821 4442 1920 4482 nec
1943 4427 2063 4483 ideo

476 4536 588 4577 non
613 4518 922 4582 facientem,
945 4516 1069 4589 quia
1101 4531 1204 4571 non
1235 4516 1374 4570 alius
1395 4516 1678 4571 tolerabat.
1709 4537 1728 4570 ›
1763 4515 1914 4572 Hanc
1931 4532 2065 4586 quo-

2167 3336 2308 3407 cap.)
2337 3355 2349 3390 :
2378 3336 2532 3403 «.Qui
2575 3337 2739 3407 igitur
2780 3337 3025 3394 dividunt
3055 3339 3431 3394 subsistentias
3474 3347 3595 3409 post
3637 3340 3761 3395 uni-

2167 3434 2351 3489 tatem,
2382 3435 2436 3480 et
2478 3426 2879 3496 particulariter
2922 3439 3129 3500 ponunt
3166 3436 3472 3498 utrumque,
3504 3429 3610 3484 hoc
3648 3438 3759 3495 est,

2167 3518 2438 3573 hominem
2463 3527 2519 3572 et
2543 3517 2736 3584 Deum,
2767 3520 3227 3589 subintelligentes
3267 3521 3665 3591 copulationem
3700 3522 3760 3576 in

2164 3611 2244 3665 eis
2292 3626 2411 3680 quze
2441 3610 2732 3665 secundum
2769 3613 2937 3667 solam
2980 3614 3298 3685 dignitatem
3335 3622 3442 3681 est,
3472 3612 3608 3670 duos
3638 3631 3764 3671 mo-

2167 3699 2250 3753 dis
2274 3699 2525 3755 omnibus
2560 3708 2802 3754 statuunt
2845 3700 3001 3766 filios,
3030 3717 3151 3756 cum
3188 3700 3468 3772 Scriptura
3495 3702 3765 3758 divinitus

2165 3788 2419 3857 inspirata
2454 3805 2618 3843 unum
2649 3788 2780 3843 dicit
2826 3790 3022 3844 Filium
3067 3799 3228 3861 atque
3279 3791 3582 3846 Dominum.
3613 3791 3770 3857 Quo—

2164 3881 2306 3935 circa
2332 3888 2450 3950 post
2475 3880 2797 3936 ineffabilem
2824 3881 3084 3936 unitatem
3114 3883 3227 3935 sive
3265 3880 3432 3935 Deum
3480 3883 3762 3947 nomines,

2166 3971 2479 4026 Emmanuel
2514 3973 2851 4028 incarnatum
2882 3980 2937 4026 et
2969 3972 3138 4027 Deum
3171 3972 3370 4028 factum
3398 3974 3762 4045 intelligimus

2163 4078 2229 4117 ex
2265 4063 2374 4117 Deo
2393 4062 2554 4118 Patre
2582 4061 2857 4117 Verbum:
2900 4063 3015 4117 sive
3040 4063 3315 4117 hominem
3357 4064 3521 4126 dicas,
3556 4065 3771 4122 nihilo-

2165 4153 2343 4208 minus
2379 4154 2431 4207 in
2462 4153 2729 4207 mensuris
2761 4152 3013 4207 humanis
3052 4153 3432 4222 participatum
3466 4152 3767 4222 dispensa-

2168 4244 2274 4299 tive
2303 4243 2676 4314 cognoscimus
2716 4239 2949 4313 [CyriH.,
2980 4242 3092 4296 sive
3120 4240 3546 4306 Emmanuclcm,
3587 4249 3646 4295 et
3672 4243 3768 4295 in—

2164 4341 2447 4388 carnatum
2474 4340 2529 4388 et
2557 4332 2964 4385 inhumanatum
3002 4316 3178 4386 Deum
3214 4333 3477 4396 nomines,
3517 4346 3616 4386 nos
3657 4332 3769 4388 Dei

2164 4422 2342 4479 Patris
2380 4423 2613 4478 Verbum
2660 4422 2992 4492 accipimus:
3042 4423 3154 4477 sive
3203 4424 3474 4479 hominem
3525 4408 3769 4489 dixeris,

2164 4531 2263 4569 nos
2283 4530 2433 4586 teque
2462 4514 2587 4569 illud
2619 4514 2793 4584 ipsum
2825 4513 2939 4585 (Dei
2969 4513 3224 4585 Verbum)
3248 4516 3390 4585 quod
3418 4531 3516 4588 per
3536 4516 3774 4587 dispen—

480 4628 584 4681 que
615 4610 911 4666 mirabilem
938 4621 991 4663 et
1032 4604 1354 4662 ineffabilem
1398 4606 1453 4660 in
1486 4604 1625 4661 Filio
1670 4605 1766 4661 Dei
1802 4608 2064 4663 unitatem
2093 4590 2141 4650 ί)
2167 4605 2431 4660 sationem
2475 4605 2745 4660 mensuris
2787 4604 3139 4659 humanitatis
3174 4619 3291 4660 sese
3316 4606 3551 4674 demisit,
3580 4622 3770 4679 agno-

482 4715 793 4760 naturarum
838 4705 892 4760 in
937 4717 1169 4774 persona
1218 4710 1273 4756 et
1318 4708 1585 4771 potestate
1628 4715 1787 4756 mens
1829 4702 2066 4756 humana

482 4795 692 4862 credat,
722 4812 826 4851 non
854 4795 1116 4865 requirat,
1145 4794 1281 4849 utin
1307 4791 1497 4848 eodem
1538 4791 1677 4846 libro
1718 4792 1931 4863 legitur.
1975 4792 2069 4847 'Ait

483 4886 629 4941 cnim
656 4884 798 4940 idem
822 4883 1008 4938 doctor
1033 4882 1185 4956 (Cap.
1217 4882 1271 4954 8)
1298 4897 1313 4937 :
1342 4901 1360 4934 ι
1392 4880 1546 4937 Sicut
1569 4883 1713 4936 enim
1743 4883 1859 4938 sine
1887 4898 2069 4939 exem-

483 4979 575 5049 plo
608 4975 1012 5046 mater’genuit
1055 4984 1330 5030 auctorem
1378 4989 1555 5041 suum,
1603 4976 1682 5030 sic
1728 4974 2069 5032 inell‘abiliter

485 5071 646 5127 Pater
671 5068 971 5127 credendus
1000 5075 1082 5123 est
1129 5069 1379 5137 genuisse
1407 5076 1731 5124 coaeternum
1756 5088 1769 5123 :
1801 5071 1868 5123 de
1895 5079 2067 5126 matre

487 5171 644 5217 natus
676 5170 780 5226 est,
808 5159 901 5230 qui
933 5166 1113 5213 tamen
1158 5167 1284 5213 ante
1324 5156 1464 5223 fuit;
1512 5159 1581 5214 de
1618 5158 1807 5224 Patre,
1839 5161 1929 5230 qui
1964 5160 2065 5215 ali-

488 5254 702 5323 quando
733 5269 840 5310 non
887 5250 1075 5308 defuit.
1120 5250 1235 5307 Hoc
1281 5250 1414 5306 fides
1460 5251 1666 5316 credat,
1716 5252 2067 5324 intelligentia

488 5361 595 5400 non
617 5347 878 5416 requirat,
907 5361 980 5401 ne
1007 5352 1102 5399 aut
1120 5360 1225 5399 non
1257 5344 1530 5398 inventum
1556 5352 1708 5413 putet
1730 5344 2067 5410 incredibile,

487 5445 583 5492 aut
607 5446 879 5506 repertum
902 5452 1007 5491 non
1032 5437 1218 5492 credat
1238 5433 1527 5505 singulare.
1561 5454 1579 5488 ι
1609 5435 1667 5489 Si
1693 5445 1869 5490 mater
1887 5437 2072 5507 genuit

490 5539 769 5587 auctorem
794 5540 1055 5593 suum,-et
1078 5531 1143 5586 de
1184 5538 1357 5585 matre
1396 5541 1556 5584 natus
1583 5536 1667 5583 est
1698 5528 1790 5598 qui
1820 5528 1888 5584 de
1907 5528 2071 5583 Patre

491 5621 593 5676 fuit
619 5635 633 5675 :
658 5621 924 5690 quomodo
961 5628 1018 5674 tu
1043 5634 1174 5676 ausu
1200 5620 1485 5675 temerario
1508 5619 1651 5675 soles
1675 5633 1873 5689 negare
1899 5617 2068 5674 Deum

489 5728 612 5769 esse
641 5725 828 5766 verum
854 5709 946 5779 qui
972 5724 1038 5764 ex
1066 5709 1285 5778 Virgine
1310 5717 1470 5764 natus
1517 5718 1600 5764 est
1616 5710 1645 5763 ἲ
1670 5711 1776 5764 Aut
1800 5711 2071 5779 quomodo

488 5819 597 5858 non
623 5810 790 5857 terret
820 5809 873 5855 te
898 5797 1039 5869 quod
1067 5796 1332 5866 sequitur,
1362 5806 1421 5850 ut
1449 5798 1570 5867 quia
1602 5798 1703 5853 hoc
1733 5800 1938 5854 ratione
1962 5815 2065 5854 non

2170 4694 2434 4768 scimus]:
2479 4694 2680 4749 factum
2710 4710 2841 4750 vero
2867 4696 3096 4752 dicimus
3135 4697 3474 4768 palpabilcm,
3508 4700 3598 4768 qui
3646 4701 3775 4753 im-

2171 4786 2453 4859 palpabilis
2498 4793 2627 4851 est;
2677 4786 2965 4849 visibilem,
3011 4788 3100 4856 qui
3147 4788 3430 4843 invisibilis
3474 4797 3592 4854 est;
3643 4806 3773 4846 non

2169 4882 2314 4936 enim
2345 4880 2442 4933 fuit
2482 4888 2797 4933 extraneum
2822 4880 2868 4934 ei
2907 4881 3115 4934 unitum
3148 4880 3320 4949 ipsum
3367 4897 3579 4952 corpus,
3608 4883 3781 4951 quod

2171 4974 2333 5027 etiam
2377 4970 2606 5024 dicimus
2645 4984 2764 5023 esse
2788 4970 3055 5040 palpabile
3083 4979 3137 5025 et
3165 4970 3392 5025 visibile.
3422 4991 3440 5023 ι
3474 4970 3605 5026 Item
3630 4984 3781 5041 post

2170 5063 2350 5133 aliqua
2375 5080 2387 5115 :
2417 5079 2435 5111 ι
2477 5059 2593 5115 Νοη
2614 5060 2731 5114 sine
2755 5059 3045 5124 voluntate,
3077 5060 3168 5114 sed
3194 5069 3386 5128 sponte
3434 5060 3784 5132 Unigenitus

2170 5157 2347 5214 factus
2365 5166 2447 5213 est
2473 5158 2635 5213 homo
2662 5173 2676 5221 ;
2718 5169 2770 5208 et
2799 5170 2926 5220 non,
2954 5155 3095 5209 sicut
3119 5154 3200 5209 ais
3236 5162 3308 5215 tu,
3340 5152 3629 5221 assumpsit
3658 5152 3784 5206 ho-

2169 5250 2390 5314 minem,
2418 5263 2515 5319 per
2542 5245 2914 5301 habitudinem
2945 5246 2993 5299 ei
3012 5245 3411 5315 copulationem
3452 5244 3685 5301 donans.
3715 5250 3785 5298 et

2172 5339 2448 5395 liliationis
2473 5336 2642 5407 gratia
2681 5350 2965 5396 coronans.
2993 5334 3130 5390 sicut
3160 5350 3278 5389 nos.
3310 5354 3328 5386 ι
3364 5333 3427 5387 Et
3466 5342 3586 5403 post
3615 5346 3790 5402 pau-

2171 5447 2236 5487 ca
2263 5450 2274 5485 :
2299 5451 2323 5482 v
2359 5430 2521 5487 Unita
2549 5444 2675 5482 vero
2698 5426 2863 5481 semel
2892 5426 3131 5482 dividere
3153 5444 3257 5482 non
3288 5436 3370 5481 est
3396 5436 3632 5483 cantum.
3664 5442 3796 5482 ne-

2171 5536 2276 5589 que
2301 5521 2355 5575 in
2386 5519 2523 5574 filios
2546 5518 2734 5588 partiri
2779 5518 2933 5579 duos.
2970 5531 3135 5572 unum
3173 5515 3448 5571 Christum
3475 5523 3532 5570 et
3558 5512 3791 5571 Filium

2170 5622 2226 5666 et
2248 5612 2554 5669 Dominum.
2579 5630 2597 5662 ο

2243 5699 2371 5761 vm.
2402 5703 2651 5773 Nunquid
2696 5713 2752 5757 tu
2798 5718 2901 5757 non
2947 5699 3122 5756 solum
3167 5706 3355 5755 contra
3392 5694 3552 5767 hujus
3578 5698 3796 5753 sancti

2170 5796 2346 5851 Patris
2391 5796 2554 5857 dicta,
2603 5809 2789 5849 verum
2847 5795 3009 5848 etiam
3053 5802 3238 5847 contra
3288 5787 3644 5843 universalem
3723 5800 3801 5844 ct
