3902 6180
367 248 467 309 2H

371 380 486 430 cos,
514 362 656 417 sicut
677 360 976 416 Theotocos
1002 376 1013 412 :
1041 358 1164 428 quia
1191 364 1314 411 ante
1342 353 1564 409 Mariam
1587 352 1802 405 fuerunt
1823 347 1941 403 alire
1969 351 2014 407 Α
2043 344 2215 400 stolus
2262 360 2275 396 :

371 455 748 517 Christotocae,
780 451 874 506 sed
901 465 1007 505 non
1035 449 1294 519 virgines,
1324 461 1424 500 nec
1449 443 1650 513 Spiritu
1682 448 1866 496 sancto
1892 447 1947 493 et

372 547 572 600 virtute
599 542 859 598 Altissimi
887 543 1238 597 obumbratae.
1276 531 1402 592 Ilaec
1429 543 1606 589 autem
1631 541 1685 588 et
1707 532 1948 589 Christo-

373 646 547 701 tocos,
591 643 646 688 et
683 633 795 690 sola
825 633 1146 694 Theotocos,
1189 637 1243 683 et
1281 627 1394 684 sola
1433 626 1608 696 virgo,
1647 631 1700 678 et
1743 621 1947 691 Spiritu

375 735 586 794 sancto,
611 737 666 783 et
685 727 882 780 virtute
906 723 1167 780 Altissimi
1193 720 1518 790 concipiens.
1547 738 1566 770 ι
1594 729 1620 758 α
1647 715 1786 783 Quid
1805 715 1949 769 enim

375 822 585 876 ratione
625 820 874 874 humanae
915 813 1311 872 consuetudinis
1358 808 1785 879 investigandum
1828 813 1948 872 est,

377 913 520 981 quod
558 911 749 966 divinae
785 907 1064 978 potestatis
1098 901 1356 957 miraculo
1381 899 1581 955 factum
1610 913 1730 952 esse
1758 898 1953 968 proha-

377 1004 499 1058 tur?
523 1003 688 1072 Virgo
715 998 976 1068 concepit,
1209 995 1363 1064 virgo
1386 991 1613 1062 peperit,
1651 989 1804 1059 virgo
1831 1002 1953 1058 per-

379 1096 596 1151 mansit.
632 1093 862 1148 Paterna
888 1087 1166 1158 majestate
1195 1087 1572 1149 obumbrante,
1601 1082 1806 1152 Spiritu
1831 1096 1955 1135 san-

379 1196 469 1244 cto
496 1195 711 1242 uterum
751 1183 1154 1254 imprtegnante,
1200 1179 1368 1233 Deum
1394 1175 1639 1244 concepit
1665 1181 1721 1228 et
1745 1172 1840 1226 Dei
1866 1169 1956 1226 Fi-

381 1277 510 1332 lium
551 1275 778 1346 peperit.
818 1270 1189 1342 Archangelus
1224 1268 1448 1322 verbum
1478 1265 1698 1320 auribus
1738 1260 1955 1324 infudit,

381 1367 525 1422 Deus
549 1381 607 1420 se
633 1363 888 1419 membris
917 1358 1212 1415 immiscuit
1238 1356 1487 1412 humanis
1517 1373 1530 1409 :
1569 1354 1702 1408 ﬁdes
1753 1350 1960 1419 accepit

383 1471 542 1525 quem
567 1454 785 1508 castitas
813 1450 1015 1522 genuit,
1044 1447 1348 1502 maledictio
1373 1445 1594 1514 antiqua
1634 1457 1772 1497 nova
1797 1441 1960 1494 bene-

385 1547 619 1602 dictione
641 1544 812 1599 deleta
842 1550 944 1597 est.
984 1540 1117 1595 Nam
1143 1539 1269 1593 Evae
1295 1537 1497 1591 dictum
1524 1540 1608 1588 est
1639 1551 1651 1586 :
1684 1531 1753 1585 In
1782 1528 1960 1583 dolore

383 1638 554 1708 paries
583 1643 637 1689 et
660 1634 899 1698 tristitia,
928 1641 975 1685 et
1015 1630 1083 1684 ad
1123 1630 1290 1683 virum
1330 1627 1426 1680 erit
1455 1623 1717 1679 conversio
1761 1623 1874 1686 tua,
1911 1627 1960 1672 et

383 1691 493 1798 ipse
520 1691 986 1780 dominabit‘ur'tui
1014 1718 1164 1792 (Gen.
1195 1736 1282 1784 ιιι,
1311 1717 1421 1789 16).
1467 1716 1663 1771 Tribus
1686 1713 1772 1768 his
1806 1711 1962 1768 malis
1989 1691 2036 1752 Β

385 1817 607 1872 multata
619 1827 701 1871 est
712 1815 886 1885 prima
901 1821 1075 1868 mater
1094 1809 1313 1866 humani
1335 1807 1564 1878 generis,
1581 1805 1786 1868 dolore,
1799 1803 1964 1857 tristis

387 1907 482 1973 tia,
524 1907 801 1962 servitute.
848 1905 1042 1960 Tribus
1085 1919 1116 1959 e
1156 1900 1428 1957 contrario
1469 1895 1784 1953 clarissimis
1809 1893 1966 1950 bonis

390 1995 548 2052 beata
565 1997 718 2068 virgo
741 1997 906 2050 Maria
923 1996 1186 2050 honorata
1210 2000 1312 2057 est,
1330 1991 1382 2045 id
1400 1997 1504 2054 est,
1519 1985 1857 2042 salutationis
1877 1998 1968 2038 an-

392 2087 607 2156 gelicae,
643 2069 1032 2140 benedictionis
1059 2083 1252 2138 divinae
1286 2090 1341 2135 et
1379 2077 1724 2150 plenitudinis
1756 2075 1963 2146 gratiae.

393 2177 526 2231 Nam
549 2177 756 2247 primus
776 2178 938 2231 homo
959 2176 1025 2229 de
1050 2183 1194 2228 terra
1221 2173 1429 2242 virgine
1457 2178 1657 2226 sanctae
1689 2166 1968 2222 Trinitatis

392 2268 617 2324 consilio
641 2266 902 2322 formatus
922 2273 1006 2321 est
1027 2265 1236 2321 dicente
1257 2262 1483 2318 Domino
1509 2280 1521 2315 :
1550 2259 1837 2313 Faciamus
1875 2257 1970 2311 ho-

395 2363 584 2414 minem
607 2359 974 2429 ad'imaginem
994 2366 1043 2410 et
1069 2353 1465 2410 similitudinem
1492 2360 1720 2406 nostram
1747 2347 1900 2419 (Gen.
1927 2363 1964 2410 1,

396 2451 520 2522 25);
565 2451 832 2506 secundus
855 2463 983 2504 vero
1007 2447 1200 2511 Adam,
1236 2446 1290 2500 id
1311 2453 1395 2500 est
1427 2443 1694 2506 Christus,
1729 2442 1795 2495 de
1824 2448 1970 2494 terra

394 2540 672 2606 virginalis
694 2540 833 2594 uteri
863 2537 1174 2607 operatione
1198 2533 1435 2603 ejusdem
1465 2542 1665 2588 sanctae
1694 2529 1972 2584 Trinitatis

397 2633 612 2690 creatus
637 2641 741 2698 est,
777 2646 884 2686 non
922 2629 1093 2684 solum
1135 2627 1296 2682 homo
1333 2639 1431 2694 per
1456 2623 1635 2678 omnia
1661 2634 1846 2684 verus,
1877 2617 1973 2672 sed

392 2729 558 2783 "etiam
579 2726 719 2780 Deus
736 2738 834 2794 per
854 2721 1032 2776 omnia
1052 2718 1343 2789 perlectus.
1375 2735 1393 2768 ‹
1421 2715 1487 2770 Ει
1509 2711 1577 2769 ad
1598 2711 1972 2769 resolvendum

404 2811 726 2872 conditionis
771 2821 968 2868 nostra:
1007 2811 1247 2866 debitum
1293 2816 1483 2863 natura
1524 2805 1846 2862 inviolabilis
1880 2819 1977 2859 na-

405 2917 541 2963 turae
561 2912 642 2962 cst
661 2905 808 2959 unita
829 2902 1092 2973 passibili,
1115 2907 1174 2955 ut
1195 2899 1336 2971 quod
1356 2898 1555 2954 nostris
1577 2897 1827 2974 remediis
1849 2911 1977 2951 con-

1221 243 1281 298 B.
1322 245 1383 298 F.
1422 239 1647 297 ALBINI
1686 237 1818 294 SEU
1846 233 2121 294 ALCUINI
2157 227 2438 290 OPERUM
2476 227 2653 282 PARS
2687 226 2772 281 lll.

3509 217 3615 270 2P2

2326 341 2429 406 Qui
2479 357 2534 394 se
2576 339 2751 409 jungit
2797 335 3038 399 Domino,
3091 349 3226 386 unus
3277 330 3491 400 spiritus
3537 340 3613 382 est

2043 435 2092 507 (Ι
2122 433 2244 489 Cor.
2272 447 2347 499 vr,
2382 430 2491 502 17).

2111 549 2181 604 Χ.
2221 549 2287 602 Ει
2313 546 2604 616 quomodo,
2647 543 2860 614 quando
2896 555 2956 598 se
2987 538 3168 610 junxit
3207 537 3350 592 Deus
3387 534 3616 598 homini,

2044 655 2181 696 unus
2210 640 2350 693 Deus
2390 651 2496 691 non
2524 635 2642 690 est?
2680 633 2822 688 Dicit
2847 631 2992 687 enim
3034 637 3252 685 sanctus
3289 625 3621 696 Augustinus

2045 731 2100 784 in
2122 729 2352 799 quadam
2378 725 2597 782 homilia
2623 725 2689 780 de
2717 723 2883 777 natali
2909 721 3118 776 Domini
3151 736 3163 771 :
3193 718 3221 757 δ
3260 736 3278 768 ι
3313 716 3481 770 Filius
3503 729 3624 769 sus-

2047 822 2189 891 cepit
2226 832 2465 883 carnem,
2510 825 2566 870 et
2592 831 2699 870 non
2730 813 2968 870 deseruit
2994 812 3208 865 Patrem
3227 849 3242 874 ,
3271 821 3372 862 nec
3399 821 3458 862 se
3485 806 3626 860 dm-

2049 913 2120 968 sit
2161 927 2192 966 a
2233 911 2414 964 Patre.
2457 905 2727 976 Suscepit,
2767 904 3020 974 inquam,
3063 901 3232 955 Filius
3270 913 3514 964 carnem,
3554 911 3628 951 an

2049 1002 2432 1076 proprietatem
2473 997 2592 1070 [F.,
2622 998 2677 1052 in
2716 993 3162 1067 proprietatem]?
3201 991 3309 1046 Sed
3348 998 3529 1044 tamen
3570 996 3632 1044 et

2050 1094 2213 1149 Pater
2241 1099 2296 1147 et
2340 1089 2572 1159 Spiritus
2611 1095 2830 1143 sanctus
2869 1101 2976 1141 non
3017 1084 3188 1140 defuit
3231 1083 3285 1136 in
3324 1082 3629 1152 majestate,

2053 1183 2346 1246 divinitate,
2371 1179 2702 1250 aequalitate;
2727 1178 2783 1232 in
2801 1192 2962 1234 carne
2982 1176 3093 1232 sola
3112 1175 3233 1230 Filii
3254 1174 3578 1245 proprietas.
3606 1192 3627 1225 ι

2054 1275 2171 1342 Qua
2205 1274 2380 1329 fronte
2413 1271 2758 1340 adoptionem
2795 1269 2851 1323 in
2884 1282 3050 1322 carne
3073 1265 3275 1321 Christi
3299 1263 3539 1327 creditis,
3578 1264 3636 1318 in

2055 1383 2162 1438 qua
2200 1366 2364 1421 etiam
2393 1371 2576 1418 tantus
2603 1363 2788 1418 doctor
2819 1368 2874 1415 et
2905 1368 3012 1413 tam
3047 1355 3341 1428 probabilis
3368 1354 3639 1410 universis

2057 1455 2256 1524 ubique
2286 1452 2552 1515 ﬁdelibus,
2598 1449 2788 1521 procul
2813 1448 2974 1504 dubio
2997 1447 3382 1517 proprietatem
3410 1446 3507 1500 ﬁlii
3549 1460 3640 1500 as-

2059 1543 2267 1600 seruit?
2311 1543 2379 1597 Et
2419 1541 2755 1612 proprietas,
2804 1547 2860 1594 et
2898 1536 3114 1606 adeptio
3161 1551 3326 1589 unum
3369 1548 3490 1590 esse
3529 1549 3639 1589 non

2061 1633 2278 1704 poterit.
2308 1632 2648 1700 Quaecunque
2671 1644 2802 1685 vero
2837 1629 2894 1683 in
2922 1625 3159 1698 Virginis
3185 1633 3342 1695 partu
3368 1633 3423 1680 et
3447 1625 3642 1678 nativi-

2065 1735 2174 1782 tate
2217 1723 2419 1781 Christi
2460 1731 2610 1794 gesta
2650 1736 2771 1777 esse
2808 1718 3115 1789 evangelica
3160 1724 3346 1772 narrat
3388 1715 3642 1779 historia,

2061 1819 2244 1875 omnia
2274 1817 2468 1872 divinae
2494 1814 2748 1885 potentiae
2778 1811 3056 1866 miraculis
3082 1818 3137 1864 et
3162 1807 3516 1879 investigabili
3541 1808 3642 1862 hu-

2065 1910 2239 1966 manis
2266 1907 2538 1962 mentibus
2568 1903 2967 1976 dispensatione
2996 1909 3145 1974 gesta
3182 1915 3303 1956 esse
3329 1899 3517 1970 procul
3545 1899 3644 1953 du-

2063 2000 2153 2055 bio
2199 1992 2462 2053 credenda
2508 2003 2654 2050 sunt.
2702 1992 2839 2048 Nam
2887 1993 3050 2062 Virgo
3098 1990 3298 2047 clausis
3347 1989 3646 2044 visceribus

2065 2087 2313 2158 concepit
2355 2096 2411 2143 et
2447 2087 2688 2158 peperit;
2721 2093 2778 2142 et
2808 2083 2899 2154 qui
2934 2091 3093 2138 natus
3122 2091 3204 2138 est
3230 2097 3297 2157 ex
3326 2095 3411 2144 ea,
3437 2080 3532 2135 Dei
3562 2088 3648 2135 est

2065 2179 2256 2243 Filius,
2296 2192 2456 2232 verus
2485 2185 2540 2230 et
2568 2173 2858 2245 perfectus,
2889 2188 3028 2228 unus
3059 2187 3128 2228 ex
3161 2172 3321 2228 unius
3357 2185 3551 2234 carne;
3590 2178 3650 2226 et

2066 2269 2160 2340 qui
2198 2269 2341 2324 Deus
2370 2283 2436 2323 ex
2469 2266 2601 2332 Deo,
2635 2267 2778 2321 idem
2816 2266 2976 2319 homo
3005 2278 3069 2319 ex
3105 2263 3320 2318 homine
3350 2261 3649 2332 procedens

2071 2373 2326 2431 tanquam
2350 2374 2579 2430 sponsus
2604 2359 2669 2414 de
2695 2357 2950 2422 thalamo,
2979 2357 3204 2428 geminae
3225 2356 3376 2427 gigas
3400 2357 3651 2410 substan-

2072 2460 2182 2524 tiae,
2219 2466 2364 2512 totus
2407 2455 2658 2526 proprius
2695 2451 2792 2507 Dei
2840 2451 3018 2506 Patris
3050 2450 3238 2514 Filius,
3269 2458 3326 2504 et
3353 2457 3498 2503 totus
3525 2462 3653 2519 pro-

2069 2549 2220 2618 prius
2245 2546 2470 2617 virginis
2491 2544 2682 2598 matris
2704 2541 2894 2607 Filius,
2922 2539 3295 2610 inseparabilis
3324 2541 3378 2594 in
3404 2552 3656 2608 persons

2073 2639 2299 2703 unitate,
2327 2635 2412 2691 vel
2439 2635 2533 2689 ﬁlii
2563 2633 2893 2704 proprietate
2922 2647 3080 2695 unus,
3109 2638 3164 2686 et
3182 2630 3236 2684 in
3257 2637 3519 2700 potestate
3554 2627 3656 2681 ha-

2072 2728 2206 2782 bens
2231 2727 2286 2782 in
2321 2740 2410 2791 se,
2437 2723 2580 2778 unde
2605 2720 2934 2778 aeternaliter
2957 2719 3162 2774 viveret
3185 2725 3240 2772 et
3275 2717 3416 2771 unde
3445 2724 3657 2785 tempo-

2075 2820 2262 2875 raliter
2290 2825 2594 2873 moreretur
2621 2834 2634 2870 :
2663 2815 2816 2886 cujus
2842 2812 3083 2884 potentia
3111 2809 3350 2866 condidit
3374 2822 3490 2871 nos,
3521 2807 3658 2862 dum

2076 2929 2184 2970 non
2210 2911 2442 2976 fuimus;
2473 2908 2628 2979 cujus
2651 2908 2866 2965 bonitas
2895 2905 3122 2960 redemit
3153 2918 3273 2967 nos,
3301 2901 3428 2957 dum
3453 2900 3656 2970 perditi

397 2999 808 3098 ξῐῗιξθδθξνευξπξε
829 3002 989 3098 at?“
1015 2990 1157 3098 idm.“
1177 2985 1560 3093 meqiator'Dei
1591 2997 1645 3043 οι
1668 2986 1971 3088 hominum:
2000 3031 2050 3098 ο
2078 3003 2312 3067 fuimus;
2343 3000 2497 3070 cujus
2531 3000 2651 3055 laus
2685 2997 2829 3054 salus
2863 3004 2947 3051 est
2984 3003 3190 3059 nostra,
3215 2993 3427 3048 dicente
3447 3006 3512 3046 eo
3540 2991 3660 3059 ipso

401 3086 562 3140 homo
598 3079 847 3140 Christus
883 3077 1040 3137 Jesus
1079 3088 1130 3136 et
1153 3080 1288 3134 mori
1309 3080 1477 3150 possit
1500 3092 1567 3133 ex
1601 3090 1728 3142 uno,
1752 3086 1807 3131 et
1838 3077 1975 3131 mori

401 3181 510 3231 non
541 3175 717 3247 possit
747 3187 817 3230 “ex
856 3173 1045 3228 altero.
1083 3171 1142 3226 In
1183 3172 1390 3242 integra
1427 3183 1556 3241 ergo
1593 3169 1708 3224 veri
1745 3166 1980 3222 hominis

402 3268 749 3338 perfectaque
787 3264 981 3320 natura
1014 3269 1178 3319 verus
1214 3273 1375 3318 natus
1410 3271 1492 3317 est
1529 3263 1700 3326 Deus,
1737 3261 1886 3315 totus
1925 3259 1980 3312 in

403 3358 540 3422 suis,
575 3361 724 3410 totus
766 3354 819 3409 in
856 3354 1076 3408 nostris.
1119 3352 1312 3408 Nostra
1351 3361 1529 3407 autem
1564 3349 1822 3415 dicimus,
1863 3357 1982 3418 qua:

403 3447 460 3500 i‘n
495 3445 650 3500 nobis
682 3446 750 3500 ab
787 3441 940 3498 initio
960 3443 1184 3498 Creator
1215 3443 1450 3498 condidit
1484 3452 1647 3510 atque
1684 3439 1981 3510 reparanda

408 3535 662 3604 suscepit.
698 3533 833 3588 Nam
858 3532 949 3586 illa
979 3546 1098 3603 quae
1132 3531 1384 3600 deceptor
1411 3529 1590 3584 intulit
1617 3537 1674 3585 et
1700 3529 1861 3584 homo
1892 3528 1985 3583 de-

407 3632 596 3694 ceptus
623 3623 859 3689 admisit,
884 3624 1087 3678 nullum
1112 3623 1416 3677 habuerunt
1443 3621 1496 3676 in
1521 3620 1800 3676 Salvatnre
1823 3620 1986 3676 vesti-

410 3715 624 3784 gium...
655 3712 956 3784 Assuinpsi‘t
983 3713 1209 3767 formam
1243 3712 1385 3768 servi
1424 3711 1540 3767 sine
1573 3709 1730 3766 sorde
1755 3710 1980 3782 peccati,

414 3803 647 3858 humana
670 3807 892 3874 augens,
921 3803 1099 3858 divina
1128 3817 1232 3856 non
1260 3802 1510 3856 minuens
1532 3821 1549 3854 ι
1570 3799 1650 3872 (S.
1677 3799 1806 3866 Leo,
1823 3801 1982 3870 epist.

413 3897 506 3963 28,
538 3897 606 3950 ad
647 3895 992 3958 Flavianum,
1040 3909 1160 3964 cap.
1199 3893 1276 3967 '5).
1328 3892 1478 3949 Unus
1519 3892 1766 3961 idemque
1806 3901 1891 3947 est
1929 3891 1985 3945 in

415 3994 640 4045 duarum
661 3986 1035 4057 conjunctione
1061 3996 1374 4042 naturarum
1397 3985 1491 4040 Dci
1515 3984 1700 4048 Filius,
1730 3998 1836 4037 non
1861 3982 1988 4036 ado-

413 4081 610 4150 ptionis
639 4079 829 4151 gratia,
872 4079 967 4134 sed
1005 4076 1350 4148 proprietatis
1385 4087 1636 4144 persona.
1681 4071 1831 4128 Unus
1869 4070 1987 4124 uni-

409 4173 627 4243 genitus
651 4181 705 4226 et
729 4169 1140 4242 primogenitus,
1175 4183 1280 4222 non
1311 4166 1448 4220 alter
1471 4163 1800 4234 unigenitus,
1829 4168 1885 4216 et
1909 4161 1988 4214 al-

417 4275 500 4320 ter
524 4263 910 4335 primogenitus
938 4259 1126 4334 (Ibid.,
1152 4275 1271 4328 cap.
1301 4259 1379 4331 5).
1416 4275 1434 4311 ‹
1471 4257 1623 4313 Unde
1656 4255 1986 4326 unigenitum

2079 3109 2178 3164 per
2197 3091 2518 3161 Prophetam
2545 3104 2560 3144 :
2587 3087 2923 3156 Sacriﬁcium
2952 3084 3124 3138 laudis
3152 3081 3512 3151 honoriﬁcabit
3539 3095 3622 3133 me
3639 3093 3660 3130 :

2079 3187 2188 3242 illic
2234 3188 2334 3241 iter
2355 3195 2466 3251 νει,
2507 3200 2609 3255 quo
2647 3180 2917 3235 ostendam
2958 3177 3037 3232 illi
3075 3175 3305 3230 salutare
3344 3173 3440 3229 Dei
3481 3170 3660 3243 (Psal.

2082 3295 2229 3342 XLIX,
2257 3276 2368 3349 25).
2401 3275 2554 3330 Hunc
2583 3270 2908 3327 versiculum
2939 3268 3031 3338 qui
3057 3266 3287 3322 ﬁdeliter
3314 3264 3474 3334 legat,
3505 3277 3667 3316 vera-

2083 3371 2221 3424 citer
2250 3368 2513 3436 intelligat
2535 3364 2681 3420 omni
2709 3363 2914 3418 homini
2943 3360 3136 3415 melius
3157 3373 3278 3414 esse
3307 3357 3527 3412 laudare
3558 3355 3666 3411 bo-

2083 3463 2308 3516 nitatem
2335 3458 2476 3512 illius
2501 3470 2663 3526 quam
2689 3454 2957 3510 discutere
2981 3451 3273 3522 potentiam
3296 3449 3412 3520 ejus
3441 3467 3454 3502 :
3485 3447 3668 3503 humi-

2084 3553 2208 3607 liter
2232 3550 2450 3606 obedire
2478 3546 2761 3618 praeceptis
2789 3545 2952 3610 illius,
2986 3559 3148 3614 quam
3181 3542 3344 3614 847
3374 3541 3669 3613 pertinaci-

2085 3657 2168 3700 ter
2207 3642 2438 3700 scrutari
2483 3640 2740 3712 mysteria
2781 3638 2925 3692 illius
2954 3653 2968 3692 :
3004 3643 3060 3691 et
3086 3635 3388 3690 amabiliter
3414 3631 3668 3688 venerari

2087 3738 2256 3801 illum,
2302 3749 2462 3804 quam
2509 3738 2934 3800 presumptuose
2981 3726 3290 3783 ratiocinari
3342 3725 3408 3780 de
3448 3723 3559 3779 illo.
3603 3724 3667 3778 In

2085 3828 2239 3898 cujus
2261 3823 2662 3895 comparatione
2695 3821 2907 3876 dicente
2933 3820 3198 3891 propheta
3228 3835 3241 3871 :
3276 3815 3466 3872 Omnes
3490 3825 3668 3886 gentes

2085 3930 2206 3975 sunt
2231 3917 2382 3988 quasi
2411 3914 2583 3970 situla:
2619 3912 2763 3968 stilla
2789 3910 2943 3984 (Isai.
2971 3926 3062 3976 XL,
3094 3910 3210 3982 15);
3233 3910 3324 3980 qui
3357 3920 3586 3979 magnus
3609 3915 3672 3961 et

2088 4008 2408 4065 metuendus
2435 4015 2519 4062 est
2540 4019 2702 4075 super
2725 4017 2913 4060 omnes
2935 4004 3026 4072 qui
3049 4004 3103 4058 in
3128 4003 3356 4058 circuitu
3377 3997 3492 4068 ejus
3515 4007 3667 4054 sunt.

2091 4102 2147 4158 Si
2178 4108 2359 4155 autem
2397 4097 2652 4170 angelicis
2677 4095 2958 4151 ordinibus
2983 4099 3038 4148 et
3081 4092 3360 4163 spiritibus
3394 4088 3670 4157 justorum

2091 4210 2314 4266 magnus
2337 4201 2423 4249 est
2447 4201 2502 4248 et
2526 4189 2859 4252 metuendus,
2888 4188 3018 4259 quid
3045 4202 3142 4243 nos
3167 4187 3338 4239 luteas
3362 4183 3672 4238 habitantes

2091 4287 2277 4342 domos
2305 4285 2371 4339 de
2409 4281 2515 4338 ﬁde
2550 4280 2696 4336 illius
2732 4278 3103 4348 magnitudine
3132 4275 3215 4330 vel
3253 4273 3492 4344 potentia
3524 4271 3674 4340 judi-

413 4355 612 4409 qum
637 4354 733 4407 Dei
766 4351 1084 4407 cmcmxum
1114 4359 1169 4403 et
1207 4347 1472 4418 sepultum
1506 4358 1702 4444 fomnes
1730 4347 1894 4401 etiam
1935 4345 1988 4400 in
2022 4381 2069 4444 ο
2093 4389 2218 4429 care
2243 4371 2324 4426 vel
2351 4370 2660 4426 discernere
2696 4345 3105 4437 praesumimus?
3147 4363 3282 4417 Dum
3328 4360 3512 4424 voluit,
3539 4357 3673 4411 fecit

415 4450 660 4524 symbolo
695 4447 1015 4505 conﬁtemur
1055 4444 1348 4500 secandum
1393 4443 1524 4496 illud
1559 4442 1800 4512 Apostoli
1842 4441 1992 4496 testi-

414 4545 659 4602 monium
687 4560 701 4596 :
733 4539 794 4598 Si
821 4541 957 4594 enim
992 4537 1372 4607 cognovissent,
1415 4540 1680 4604 nunquam
1709 4533 1992 4587 Dominum

421 4635 601 4706 gloria:
625 4631 916 4703 majestatis
943 4628 1320 4696 cruci/ixissent
1349 4645 1369 4678 ›
1403 4624 1455 4697 (I
1484 4621 1608 4679 Cor.
1647 4640 1716 4690 ιι,
1745 4621 1822 4694 8).
1852 4622 1993 4692 Ergo

423 4734 481 4780 et
504 4723 760 4778 Dominus
780 4721 962 4792 gloria:
987 4730 1040 4776 et
1058 4718 1203 4773 Deus
1219 4718 1478 4773 virtutum
1503 4716 1690 4770 habuit
1717 4715 1770 4768 in
1793 4715 1991 4784 seipso,

423 4815 566 4871 unde
595 4812 835 4884 cruciﬁgi
871 4813 1047 4882 potuit
1088 4819 1144 4866 et
1181 4809 1340 4866 mori.
1383 4807 1500 4864 Non
1541 4807 1677 4862 alter
1703 4807 1996 4862 cruciﬁxus

424 4917 509 4966 est
534 4922 632 4978 pro
658 4906 844 4962 mundi
869 4905 1076 4971 salute,
1107 4905 1244 4960 alter
1267 4904 1362 4974 qui
1392 4904 1498 4958 vita
1527 4911 1610 4958 est
1645 4902 1886 4957 omnium
1915 4901 1998 4956 vi-

424 5001 699 5065 ventium;
729 4996 823 5053 sed
863 5005 1002 5051 unus
1045 4996 1292 5065 idemque
1317 5010 1426 5050 non
1459 4995 1743 5064 adoptione
1770 4994 1994 5060 divisus,

429 5093 524 5152 sed
548 5088 878 5162 proprietate
905 5084 1240 5157 cenjunctus.
1280 5082 1503 5137 Verbum
1529 5100 1650 5138 caro
1682 5083 1876 5152 factum
1900 5091 1994 5147 est,

424 5191 492 5238 ut
526 5184 690 5238 homo
715 5193 843 5234 caro
883 5182 1291 5248 promoveretur
1331 5173 1384 5227 in
1413 5173 1634 5243 gloriam
1658 5174 1778 5238 Dei,
1805 5188 1912 5228 non
1939 5180 2000 5227 ut

426 5273 573 5328 Deus
595 5273 653 5328 in
691 5270 872 5327 carnis
899 5275 1199 5324 verteretur
1223 5264 1496 5336 injuriam,
1527 5265 1666 5319 sicut
1693 5264 1822 5319 dicit
1849 5262 1995 5334 Apo-

505 5501 530 5529 ι
572 5485 710 5554 Quid
737 5487 893 5540 enim.
924 5485 1050 5539 Haec
1076 5491 1130 5537 et
1155 5479 1432 5554 sequentia
1459 5475 1698 5554 ineditis
1723 5474 1998 5554 deﬁci_un_t.

433 5545 697 5613 Videntur
735 5570 855 5611 esse
893 5555 1114 5608 alterius
1157 5545 1450 5605 SfPatris.
1500 5547 1632 5600 Vide
1676 5562 1839 5600 serm.
1872 5545 1902 5598 7
1947 5545 2000 5600 in

435 5629 608 5685 Eatali
632 5625 841 5681 Domin.
875 5623 1113 5691 Append.
1148 5623 1210 5674 ad
1238 5617 1369 5689 Opp.
1403 5617 1460 5672 S.
1486 5617 1644 5683 Aug.,
1674 5633 1725 5670 n.
1758 5616 1810 5670 2.

2093 4465 2350 4520 mundum
2383 4479 2396 4516 :
2424 4470 2484 4516 et
2528 4460 2668 4514 sicut
2696 4457 2899 4523 voluit,
2933 4456 3080 4511 venit
3124 4455 3178 4508 in
3218 4453 3496 4508 mundum.
3539 4449 3670 4516 Qui,

2093 4555 2304 4609 dicente
2331 4549 2660 4621 evangelista
2688 4565 2704 4604 :
2738 4547 2808 4602 In
2841 4546 3038 4601 mundo
3072 4553 3205 4608 erat,
3242 4553 3290 4598 et
3327 4541 3551 4597 mundus
3577 4556 3676 4610 per

2091 4647 2262 4716 ipsum
2302 4643 2471 4713 factus
2511 4649 2606 4704 est,
2648 4648 2698 4694 et
2738 4637 2965 4694 mundus
2994 4652 3111 4690 eum
3149 4651 3254 4689 non
3289 4632 3522 4704 cognouit
3553 4644 3570 4682 :
3603 4629 3674 4684 In

2093 4736 2304 4809 propria
2340 4735 2492 4798 venit,
2533 4744 2584 4788 et
2610 4733 2694 4788 sui
2733 4747 2851 4786 eum
2882 4747 2985 4784 non
3024 4736 3321 4798 reteperunt
3363 4739 3381 4777 :
3421 4731 3674 4795 quotquot

2093 4836 2267 4882 autem
2297 4832 2593 4895 receperunt
2621 4838 2762 4888 eum,
2788 4819 2930 4875 dedit
2959 4819 3032 4872 eis
3065 4824 3368 4888 potestatem
3399 4812 3537 4882 ﬁlios
3575 4810 3675 4864 Dei

2095 4915 2211 4986 ﬁeri
2240 4913 2419 4986 (Joan.
2451 4930 2492 4979 ι,
2521 4910 2742 4983 10,12).
2781 4909 2883 4978 Qui
2926 4907 3048 4962 aliis
3083 4905 3311 4961 tradidit
3351 4909 3676 4974 potestatem

2097 5005 2236 5060 ﬁlios
2278 5004 2372 5058 Dei
2412 5017 2552 5068 esse,
2581 5001 2850 5071 quomodo
2885 5005 3066 5069 potest!
3101 4997 3218 5052 ﬁeri
3255 5003 3315 5048 ut
3351 4999 3676 5064 potestatem

2096 5110 2204 5149 non
2233 5095 2459 5149 haberet
2493 5109 2553 5149 se
2586 5093 2760 5161 ipsum
2787 5091 2984 5145 Filium
3013 5089 3108 5143 Dei
3145 5087 3423 5158 proprium
3459 5083 3679 5139 facere?

2099 5185 2196 5241 Vel
2229 5187 2495 5254 quomodo
2518 5184 2766 5254 quamvis
2802 5183 2857 5239 in
2895 5183 3100 5237 duabus
3123 5181 3348 5243 naturis,
3377 5176 3679 5233 divinitatis

2099 5275 2306 5331 scilicet
2343 5282 2397 5330 et
2433 5275 2802 5341 humanitatis,
2844 5273 3094 5346 proprius
3134 5272 3308 5342 potuit
3335 5284 3463 5326 “esse
3504 5268 3681 5325 Filius

2172 5470 2202 5512 ι)
2241 5469 2415 5525 Verba
2439 5484 2559 5539 qutc
2593 5467 2682 5524 hic
2703 5484 2768 5524 ex
2799 5467 2934 5538 Aug.
2965 5467 3129 5539 refert
3159 5465 3436 5539 Aletrinusj
3468 5475 3569 5539 nec
3595 5462 3681 5539 in-

2105 5550 2189 5596 ter
2228 5532 2506 5610 genuinos,
2553 5554 2652 5594 nec
2694 5540 2835 5610 inter
2879 5532 3099 5610 Spurius
3125 5537 3362 5606 ejusdem
3399 5536 3458 5589 S.
3501 5532 3679 5587 Patris

2108 5607 2384 5668 sermones
2413 5610 2467 5664 in
2498 5609 2668 5665 Natali
2697 5607 2920 5664 Domini
2932 5607 3292 5677 reperiuntur.
