3964 6186
235 260 330 315 213

933 256 1348 315 DOGMATICA.
1389 289 1460 297 —-
1494 258 1652 315 ADV.
1693 257 1989 315 FELICEM
2026 257 2205 314 LIBRI
2244 258 2349 314 Vl].
2390 288 2461 299 -—-—
2500 258 2625 314 LIB.
2670 260 2775 316 Vl].

3373 259 3481 316 ειι

234 373 474 434 hominis,
509 382 566 426 et
594 387 699 426 non
740 373 911 444 potuit
936 382 1077 428 totus
1105 373 1159 427 in
1192 371 1400 426 duabus
1436 372 1643 426 naturis
1675 386 1798 441 pro-
1826 389 1876 447 Α
1902 386 2032 441 gare
2064 385 2168 426 non
2204 372 2404 442 poterit
2433 371 2698 442 quomodo
2725 369 2817 441 qui
2843 370 2969 426 fecit
2992 372 3170 425 omnia
3200 371 3371 428 iactus
3402 383 3489 429 est

232 464 373 534 prius
414 477 538 517 esse
581 462 749 518 Filius
779 462 908 517 Dei?
951 464 1090 534 Ergo
1116 465 1163 518 si
1205 462 1291 517 ille
1314 462 1404 532 qui
1447 470 1605 517 natus
1629 471 1801 518 estex

233 550 448 625 Virgine
472 562 621 611 totus
647 562 730 609 est
756 554 1004 624 preprius
1028 553 1263 624 Virginis
1297 551 1453 616 ﬁlius,
1481 567 1690 622 aequum
1720 561 1804 608 est

231 655 283 699 ut
311 644 604 700 credamus
630 645 876 700 eumdem
903 659 1021 700 esse
1050 646 1145 699 Dei
1184 644 1362 698 Patris
1402 644 1675 714 proprium
1708 642 1800 698 Fi-

230 734 370 790 lium.
419 730 751 789 Naturarum
791 734 933 788 enim
968 733 1245 789 Conditori
1289 733 1435 788 nulla
1477 740 1667 788 natura
1712 748 1800 788 re—

229 826 383 891 sistit,
415 833 479 879 ut
504 842 569 880 ex
594 840 659 880 ea
687 824 866 881 facere
893 840 999 880 non
1026 825 1197 895 possit
1219 824 1361 895 quod
1388 824 1534 890 velit,
1564 823 1655 893 qui
1681 839 1799 879 om-

1911 461 2052 515 inter
2087 461 2284 515 omnia.
2327 461 2403 516 De
2429 477 2535 531 quo
2578 461 2745 515 multa
2775 461 2881 517 dici
2924 470 3167 532 possunt.
3213 461 3281 518 Et
3320 465 3490 519 estin

1911 550 2092 621 aliquo
2117 552 2240 606 talis
2268 552 2525 608 sanctitas
2558 552 2703 617 vitm,
2734 561 2788 608 et
2818 553 2988 608 sancti
3026 552 3259 623 Spiritus
3289 555 3487 626 gratia.

1911 647 1971 695 ut
2007 640 2208 710 aliquid
2231 640 2298 696 d‘c
2324 656 2388 697 eo
2412 641 2570 713 digne
2596 642 2778 697 dicere
2807 642 3019 699 valeat?
3048 642 3154 701 Sed
3181 643 3269 698 hic
3303 642 3489 714 paulu-

1910 730 2020 784 lum
2048 731 2395 801 respiremus,
2430 740 2695 802 quatenus
2734 733 2839 789 tuis
2876 734 3238 800 sermonibus,
3265 749 3397 803 quos
3434 742 3489 787 tu

1908 820 1994 881 vel
2035 822 2092 876 in
2135 830 2334 878 sancta:
2380 824 2632 880 Ecclesia:
2668 825 3072 891 adversitatem,
3103 825 3189 882 vel
3225 827 3390 881 etiam
3431 824 3495 879 in.

230 916 310 970 nia
349 930 421 970 ex
464 914 639 972 nihilo
668 930 853 971 creare
891 915 1066 986 potuit
1105 915 1231 971 dum
1258 914 1444 969 voluit.
1489 915 1567 969 Ex
1612 914 1810 969 creatis
1906 911 2076 968 nostri
2121 914 2353 969 nominis
2395 914 2825 985 suggillationem
2872 916 3231 987 multiplicare
3272 915 3492 978 studes,

231 1004 386 1073 igitur
411 1004 587 1061 multo
626 1005 800 1077 magis
826 1005 1085 1075 perﬁcere
1123 1013 1334 1075 poterat
1371 1004 1631 1076 quidquid
1670 1005 1810 1060 illius
1908 1005 2149 1063 acutiora
2171 1005 2328 1076 stylo,
2357 1007 2530 1076 gratia
2571 1006 2749 1062 divina
2787 1022 2886 1073 nos
2926 1008 3230 1080 adjuvante,
3270 1021 3489 1076 respou-

226 1095 633 1166 omnipotentite
667 1096 888 1166 placuit.
920 1096 1162 1153 Humana
1191 1095 1387 1166 quippe
1424 1097 1561 1151 ratio
1589 1095 1809 1150 investi-

247 1213 562 1233 ...ιη-

1912 1093 2040 1148 dere
2077 1094 2370 1148 valeamus.

1502 1308 1733 1368 LIBER
1778 1306 2187 1370 SEPTIMUS.

284 1532 331 1589 1.
369 1534 602 1606 Legitur
630 1534 853 1588 beatum
887 1531 1267 1604 Hieronymum
1305 1533 1654 1589 fortissimum
1685 1550 1811 1589 con-

225 1633 306 1679 tra
352 1625 652 1681 hereticos
696 1624 990 1693 pravitates
1027 1623 1280 1680 Ecclesia:
1316 1625 1515 1681 Christi
1555 1626 1811 1681 athletam

1913 1528 2013 1584 sibi
2046 1529 2096 1585 in
2128 1539 2283 1585 utero
2311 1531 2557 1602 virginali
2589 1531 2817 1603 ﬁngens,
2848 1543 2966 1588 erat
2996 1548 3117 1589 cum
3145 1546 3407 1606 concepto
3438 1546 3493 1591 et

1914 1616 2144 1674 formato
2175 1637 2187 1673 :
2220 1634 2323 1688 qua
2353 1621 2525 1690 gratia
2564 1629 2619 1675 et
2649 1632 2890 1677 sanctam
2921 1624 3066 1677 illam
3097 1622 3369 1695 Virginem
3397 1625 3493 1680 Dei

227 1714 424 1769 dixisse
457 1731 472 1767 :
503 1713 654 1768 omni
683 1712 863 1768 studio
895 1726 952 1767 se
980 1713 1280 1781 intendere,
1313 1726 1372 1770 ut
1399 1716 1580 1772 hostes
1607 1717 1807 1772 Christi
1843 1739 1886 1799 Β
1915 1707 2229 1777 genitricem
2253 1709 2580 1777 appellamus
2610 1729 2621 1763 ε
2653 1727 2758 1765 non
2788 1721 3040 1782 tanquam
3063 1713 3233 1769 Deum
3255 1726 3496 1785 generet.

224 1804 365 1862 illius
392 1813 589 1861 essent
617 1811 672 1859 et
696 1804 897 1859 hostes.
929 1803 1082 1873 Quod
1105 1804 1270 1859 etiam
1300 1820 1399 1874 pro
1427 1821 1634 1860 summa
1657 1805 1813 1862 laude

227 1913 327 1955 non
367 1896 555 1952 solum
598 1894 707 1961 ille,
749 1909 936 1949 verum
969 1895 1133 1950 etiam
1172 1911 1358 1951 omnes
1390 1896 1666 1952 catholicae
1694 1897 1812 1952 ﬁdei

227 1984 539 2044 defensores
561 1984 665 2039 sibi
693 1999 722 2037 a
745 1984 857 2040 Deo
877 1983 1058 2039 datum
1080 1998 1274 2039 munus
1296 1984 1634 2054 reputabant.
1662 1984 1815 2041 Unde

227 2084 276 2131 et
300 2090 402 2144 ego
442 2073 697 2129 tantillus
735 2071 988 2129 Ecclesiae
1025 2071 1230 2128 Christi
1259 2074 1577 2130 vernaculus
1616 2075 1815 2146 impro.

224 2165 371 2237 peria
398 2164 517 2220 mei
559 2164 798 2219 nominis
838 2163 1102 2234 patienter
1130 2162 1347 2228 suii‘ero,
1378 2166 1503 2233 quia
1533 2180 1665 2221 mete
1688 2181 1816 2234 par-

222 2254 408 2309 vitatis
448 2253 677 2310 modulo
716 2253 943 2308 multum
983 2262 1068 2310 est
1103 2253 1432 2316 delectabile,
1473 2262 1528 2309 et
1563 2256 1816 2327 gaudium

225 2343 467 2414 plenum,
501 2358 819 2401 communes
847 2344 1048 2400 habere
1077 2345 1260 2401 hostes
1288 2359 1410 2399 cum
1444 2344 1668 2400 Domino
1698 2359 1817 2400 meo

226 2432 351 2489 lcsu
387 2432 643 2498 Christo,
687 2447 846 2502 quem
884 2432 1105 2504 diligere
1149 2448 1357 2491 summa
1404 2441 1487 2489 est
1529 2434 1815 2503 sapientia,

225 2534 278 2581 et
318 2524 552 2579 laudare
594 2523 836 2595 perfecta
874 2530 957 2578 est
995 2524 1300 2588 beatitudo,
1344 2540 1503 2578 nosse
1544 2539 1671 2580 vero
1708 2528 1817 2582 vita

220 2624 427 2670 eterna
461 2632 477 2668 :
513 2614 657 2673 sicut
681 2629 714 2668 e
732 2613 1007 2669 contrario
1037 2630 1145 2668 non
1173 2629 1382 2670 amasse
1403 2614 1817 2684 profundissima

222 2714 305 2757 est
346 2702 621 2769 stultitia;
668 2700 785 2772 ejus
820 2710 997 2757 autem
1045 2703 1229 2773 glorize
1269 2703 1468 2773 aliquid
1505 2707 1820 2763 subtrahere

224 2794 363 2849 velle
400 2793 604 2848 ultima
644 2801 727 2849 est
765 2794 983 2849 miseria
1014 2811 1027 2848 :
1068 2800 1121 2850 et
1159 2793 1305 2850 illum
1343 2795 1595 2867 ignorare
1631 2799 1821 2854 mortis

222 2893 303 2940 est
326 2892 621 2954 perpetua:
647 2884 968 2956 periculum.

285 2975 356 3032 Il.
400 2975 613 3045 Objicis
650 2991 778 3048 ergo
817 2989 905 3030 me
936 2976 1152 3042 dixisse,
1195 2987 1248 3033 et
1278 2994 1463 3034 verum
1494 2980 1686 3045 fateor,
1728 2984 1823 3037 ob-

1917 1797 2011 1852 sed
2038 1804 2293 1868 tanquam
2321 1800 2592 1855 hominem
2614 1803 2823 1858 unitum
2849 1804 2977 1869 Deo,
3003 1804 3094 1873 qui
3120 1805 3276 1861 ﬁnxit
3298 1824 3440 1861 eum.
3477 1828 3492 1854 ι

1914 1888 2055 1956 Quid
2081 1899 2259 1944 autem
2290 1890 2434 1945 aliud
2464 1900 2547 1946 est
2566 1934 2580 1959 ,
2608 1894 2751 1963 quod
2779 1903 2834 1948 et
2870 1903 2925 1948 ttt
2955 1895 3109 1961 dicis,
3141 1895 3235 1950 Dei
3265 1898 3498 1959 Verbum

1916 1977 2189 2034 habitasse
2218 1979 2272 2033 in
2302 1980 2522 2036 homine
2549 1990 2847 2052 assumpto,
2875 1984 3028 2053 quasi
3058 1984 3113 2038 in
3150 1984 3346 2054 templo
3367 2000 3499 2056 quo.

1917 2070 2062 2136 dam,
2093 2085 2198 2126 non
2228 2071 2367 2126 sicut
2389 2068 2718 2144 evangelista
2743 2076 2818 2129 ait
2846 2093 2860 2126 ε
2904 2073 3123 2133 Verbum
3154 2093 3279 2130 caro
3300 2076 3496 2147 factum

1916 2170 1988 2214 est
2015 2160 2195 2232 (Joan.
2227 2177 2269 2227 ι,
2300 2161 2423 2234 ii)?
2452 2181 2471 2213 r
2501 2162 2807 2220 Secundum
2826 2205 2842 2228 ,
2880 2164 3078 2235 inquis,
3108 2164 3322 2221 Domini
3348 2181 3501 2221 man-

1917 2251 2099 2307 datum
2129 2252 2373 2323 gestabat
2401 2253 2768 2319 divinitatem,
2810 2265 2866 2308 et
2894 2255 3168 2311 habitator
3190 2257 3274 2310 est
3310 2255 3499 2326 templi

1916 2341 2020 2396 sui.
2055 2361 2073 2393 ›
2108 2341 2213 2397 Sed
2244 2342 2399 2413 longe
2445 2343 2590 2398 aliud
2628 2342 2712 2398 c'st
2758 2344 2925 2399 Deum
2960 2345 3231 2400 habitasse
3273 2344 3329 2398 in
3369 2359 3499 2399 san-

1918 2432 2024 2486 ctis
2056 2451 2068 2485 :
2104 2431 2248 2487 aliud
2270 2448 2422 2499 vero,
2453 2433 2625 2501 ipsum
2652 2434 2819 2488 Deum
2842 2433 3116 2489 hominem
3146 2433 3345 2488 factum
3365 2473 3380 2498 ,
3414 2442 3499 2486 at-

1920 2535 2026 2591 que
2051 2534 2116 2575 ex
2146 2522 2357 2578 duabus
2397 2523 2712 2578 substantiis
2736 2539 2896 2578 unam
2928 2538 3213 2595 personam
3246 2523 3414 2578 Deum
3450 2531 3506 2576 et

1921 2612 2194 2668 hominem
2230 2628 2369 2670 esse.
2404 2632 2422 2665 t
2457 2613 2575 2668 Non
2610 2613 2786 2679 enim,
2824 2622 2883 2669 ut
2918 2616 2993 2670 ait
3030 2615 3221 2670 beatus
3248 2612 3500 2686 Cyrillus,

1922 2705 2060 2760 sicut
2086 2705 2187 2760 viri
2223 2705 2542 2762 sanctiﬁcati
2579 2716 2635 2761 et
2660 2707 2836 2763 Verbo
2864 2706 3133 2777 conjuncti
3164 2722 3501 2763 communem

1922 2811 2143 2851 carnem
2174 2796 2372 2851 Christi
2399 2796 2746 2867 percipimus,
2781 2806 2874 2852 aut
2902 2797 3042 2852 sicut
3070 2797 3304 2852 divinam
3334 2798 3505 2868 possi-

1925 2888 2099 2942 dentis
2137 2887 2557 2952 habitationem;
2597 2888 2691 2943 sed
2720 2896 2780 2942 ut
2815 2903 2943 2944 vero
2993 2886 3400 2943 viviﬁcatricem
3451 2896 3506 2942 ct

1928 2977 2095 3047 ipsius
2143 2977 2304 3033 Verbi
2350 2978 2626 3049 propriam
2673 2976 2871 3032 factam
2919 2979 3041 3033 vita:
3086 2978 3405 3034 naturaliter
3451 2990 3506 3034 et

214 3068 345 3137 jieis
398 3069 553 3140 quod
594 3064 751 3124 Jesus
793 3067 1040 3123 Christus
1078 3083 1240 3125 verus
1282 3070 1353 3125 sit
1390 3071 1531 3126 Deus
1570 3080 1626 3127 et
1661 3088 1821 3129 verus
1848 3089 1894 3149 ο
1927 3070 2068 3126 Deus
2098 3070 2317 3125 existat.
2345 3090 2363 3121 ι
2414 3069 2480 3123 Et
2508 3069 2633 3124 alibi
2663 3067 2757 3142 (S.
2788 3066 2976 3140 Cyril.,
3010 3070 3165 3139 epist.
3217 3070 3283 3124 ad
3317 3068 3506 3124 Nesto-

222 3160 318 3215 Dei
350 3159 535 3215 Filius
562 3177 576 3214 :
610 3159 737 3230 quia
764 3159 867 3214 hoc
883 3157 997 3227 jam
1027 3160 1161 3226 dixi,
1191 3169 1246 3215 et
1269 3162 1446 3218 adhuc
1470 3162 1665 3219 dicam.
1699 3164 1817 3221 Non

220 3248 403 3304 solum
438 3263 569 3319 ego,
605 3262 794 3303 verum
828 3250 993 3303 etiam
1021 3251 1197 3306 omnis
1226 3260 1414 3307 sancta
1449 3253 1544 3309 Dei
1579 3254 1819 3312 Ecclesia

220 3356 351 3395 cum
395 3339 664 3411 apostolis
708 3349 764 3394 et
804 3340 1054 3396 omnibus
1094 3341 1376 3398 catholicis
1413 3342 1725 3402 doctoribus
1766 3348 1820 3402 in

220 3439 337 3486 tota
388 3430 716 3485 orthodoxae
765 3428 889 3485 ﬁdei
934 3430 1297 3487 celebratione
1336 3433 1485 3499 dicit,
1532 3437 1724 3502 credit,
1767 3444 1823 3492 et

221 3520 495 3591 praedicat
543 3519 886 3576 ﬁducialiter.
927 3519 1039 3577 Nec
1078 3520 1174 3576 tibi
1215 3521 1410 3579 sullicit
1447 3526 1613 3581 semel
1644 3526 1824 3584 dicere

222 3608 616 3678 hujuscemodi
658 3610 821 3665 verba
857 3625 872 3664 :
915 3628 933 3661 t
977 3608 1033 3665 Si
1074 3611 1241 3679 enim,
1291 3612 1490 3683 inquis,
1538 3615 1675 3671 idem
1718 3616 1826 3672 Re-

224 3700 489 3770 demptor
530 3708 719 3755 noster
744 3700 798 3755 in
831 3700 1001 3755 forma
1027 3702 1202 3766 servi,
1232 3709 1293 3756 ut
1322 3717 1417 3759 vos
1443 3703 1635 3771 vultis,
1663 3720 1826 3762 verus

221 3801 305 3847 est
326 3790 515 3846 Filius
538 3790 655 3845 Dei.
685 3810 704 3843 ι
728 3788 1041 3860 Hocipsum
1067 3792 1195 3861 quid
1224 3793 1422 3847 iterum
1444 3803 1605 3865 atque
1630 3794 1825 3851 iterum

220 3886 476 3956 repetis?
510 3884 585 3940 Ut
610 3886 892 3956 perspicue
928 3895 983 3940 te
1013 3886 1118 3943 hoc
1149 3885 1295 3942 nolle
1331 3886 1659 3959 intelligatur
1684 3890 1827 3959 quod

223 3992 324 4031 nos
354 3975 509 4030 velle
545 3973 914 4044 reprehendis.
958 3973 1016 4029 Si
1058 3988 1190 4046 ergo
1231 3975 1319 4031 ille
1346 3974 1508 4031 homo
1537 3976 1629 4046 qui
1655 3990 1721 4031 ex
1749 3977 1827 4033 di-

222 4068 351 4119 vina
400 4064 588 4119 sancti
638 4062 871 4134 Spiritus
929 4064 1241 4135 operatione
1285 4073 1339 4123 et
1385 4065 1615 4138 gloriosa
1657 4066 1829 4124 beatas

227 4157 477 4230 Virginis
528 4158 785 4215 castitate
825 4167 1117 4231 conceptus
1154 4169 1239 4217 est
1281 4169 1337 4216 et
1374 4172 1554 4228 natus,
1597 4179 1705 4218 non
1747 4172 1830 4219 est

222 4265 416 4314 verus,
445 4255 515 4301 ut
563 4255 623 4300 tu
664 4248 886 4315 asseris,
927 4248 1098 4305 Filius
1141 4250 1257 4315 Dei,
1308 4267 1409 4307 nec
1449 4268 1610 4308 verus
1653 4255 1825 4321 Deus;

226 4340 357 4407 qnid
382 4344 672 4409 superest,
696 4337 798 4392 nisi
828 4347 886 4393 ut
915 4339 1002 4393 illa
1025 4339 1180 4396 beata
1208 4340 1373 4412 Virgo
1395 4357 1731 4412 nequaquam
1762 4345 1830 4400 sit

1921 3164 2060 3219 rium
2098 3161 2163 3215 dc
2202 3159 2543 3229 Excomm.):
2583 3179 2600 3211 ι
2639 3159 2743 3215 Sed
2774 3175 2873 3215 nec
2905 3160 3035 3214 illud
3063 3159 3324 3225 dicimus,
3362 3160 3504 3230 quod

1919 3254 2015 3312 Dei
2038 3254 2277 3311 Verbum
2298 3252 2445 3308 velut
2474 3251 2527 3307 in
2551 3251 2767 3308 homine
2793 3251 3085 3317 communi,
3106 3252 3198 3322 qui
3226 3252 3291 3306 de
3317 3259 3506 3306 sancta

1925 3346 2142 3418 Virgine
2171 3352 2330 3400 natus
2370 3351 2477 3409 est,
2506 3342 2792 3411 habitarit;
2840 3356 2909 3398 ne
2947 3342 3115 3399 Deum
3153 3342 3313 3396 homo
3352 3339 3507 3396 Chri-

1921 3447 2038 3494 stus
2064 3436 2424 3493 habitatorem
2454 3436 2728 3506 possidere
2756 3436 3029 3491 credatur.
3074 3432 3332 3501 Quamvis
3360 3431 3504 3488 enim

1921 3528 2160 3585 Verbum
2186 3525 2459 3583 habitaret
2485 3526 2540 3581 in
2569 3524 2743 3592 nobis,
2769 3531 2825 3582 et
2850 3525 3053 3580 dictum
3076 3524 3183 3579 sit:
3206 3522 3274 3578 In
3295 3521 3502 3578 Christo

1922 3618 2159 3674 habitare
2210 3633 2412 3673 omnem
2462 3616 2838 3689 plenitudinem
2891 3605 3116 3673 Deitatis
3167 3614 3510 3687 corporaliter

1926 3707 2148 3782 (Coloss.
2182 3726 2243 3777 ιι,
2276 3708 2364 3782 9);
2405 3717 2589 3766 tamen
2630 3708 2976 3782 intelligimus
3014 3721 3163 3775 eum,
3202 3707 3345 3778 quod
3382 3721 3510 3761 caro

1925 3800 2103 3856 factus
2127 3809 2244 3867 est,
2272 3817 2379 3858 non
2407 3803 2548 3859 sicut
2571 3803 2625 3857 in
2655 3808 2866 3859 sanctis
2883 3802 3128 3857 habitare
3151 3800 3378 3865 dicitur;
3411 3813 3511 3853 nec

1925 3891 2088 3948 talem
2126 3892 2182 3947 in
2226 3892 2343 3964 ipso
2384 3893 2775 3951 habitationem
2815 3892 3020 3951 factam
3057 3889 3295 3947 difﬁnire
3337 3896 3511 3944 tenta-

1926 4000 2048 4040 mus
2085 4005 2100 4040 :
2144 3985 2238 4042 sed
2278 3985 2474 4047 unicus
2511 3986 2669 4057 juxta
2715 3994 2993 4048 naturam,
3037 3998 3140 4039 nec
3187 3981 3241 4039 in
3291 3995 3508 4037 carnem

1928 4082 2215 4140 mutatus,
2264 4074 2427 4129 talem
2479 4073 2581 4129 sibi
2636 4071 2766 4129 fecit
2817 4071 3202 4129 habitationem
3228 4109 3245 4136 ,
3297 4068 3509 4140 qualem

1928 4163 2108 4218 anima
2135 4163 2366 4219 hominis
2389 4163 2594 4220 habere
2615 4162 2856 4221 creditur
2881 4162 2936 4217 in
2964 4159 3181 4236 proprio
3202 4175 3447 4231 corpore.
3486 4181 3504 4214 ι

1933 4253 2134 4310 Unicus
2182 4254 2346 4326 igitur
2391 4263 2478 4311 est
2521 4254 2770 4312 Christus
2812 4253 2978 4310 Filius
3020 4252 3277 4308 Dominus
3307 4260 3511 4315 noster,

1931 4358 2037 4398 non
2066 4346 2212 4399 velut
2237 4343 2612 4415 conjunctione
2657 4345 2897 4419 qualibet
2928 4354 2984 4402 et
3008 4346 3214 4401 unitate
3240 4343 3516 4417 dignitatis

224 4447 355 4484 vera
387 4429 493 4484 Dei
526 4426 789 4498 genitrix,
826 4429 923 4483 sed
957 4431 1335 4501 nuncupativa.
1376 4430 1510 4499 Quia
1552 4432 1599 4488 si
1625 4433 1714 4488 ille
1737 4434 1828 4505 qui
1860 4435 1906 4493 D
1931 4440 1987 4488 et
2026 4435 2349 4493 auctoritate
2388 4437 2626 4493 hominis
2667 4438 2914 4493 habentis
2952 4438 3019 4493 ad
3047 4432 3234 4500 Deum,
3266 4450 3425 4507 quem
3457 4443 3513 4489 tu

216 4536 287 4575 ex
312 4536 384 4576 ea
414 4529 596 4573 natus
624 4525 711 4572 est
751 4521 1143 4589 nuncupativus
1167 4528 1249 4576 est
1277 4520 1439 4588 Deus,
1466 4523 1629 4578 etiam
1657 4532 1712 4579 et
1740 4523 1829 4579 illa

218 4627 343 4678 qua:
375 4608 589 4683 genuit
625 4609 985 4678 nuncupativa
1014 4618 1118 4676 est,
1147 4627 1254 4667 non
1282 4628 1408 4669 vera
1444 4615 1537 4670 Dei
1572 4616 1827 4687 genitrix.

218 4701 289 4755 Et
316 4703 426 4756 hoc
453 4712 635 4769 quam
666 4696 886 4766 impium
913 4698 985 4753 sit
1009 4699 1209 4767 dicere,
1241 4703 1405 4757 totius
1434 4706 1617 4761 mundi
1645 4706 1831 4762 latituo

214 4794 348 4847 eine
391 4792 450 4845 in
491 4804 613 4860 qua
642 4786 890 4844 Christus
931 4799 1118 4859 regnat
1158 4800 1213 4845 et
1254 4793 1467 4860 colitur,
1508 4795 1833 4853 manifestis-

1938 4526 2078 4583 soles
2112 4528 2457 4600 conjunctum
2495 4528 2629 4594 Deo,
2667 4531 2784 4585 sive
2807 4530 3119 4601 adoptatum
3144 4527 3405 4593 vocitare,
3433 4526 3515 4581 di-

1936 4623 2214 4679 vinitatem
2258 4640 2471 4695 quoque
2516 4634 2748 4695 gestare,
2796 4632 2882 4690 et,
2928 4624 3109 4678 nescio
3152 4637 3258 4692 quo
3302 4621 3515 4678 insolito

1936 4715 2102 4770 verbo
2142 4731 2293 4782 usus,
2334 4716 2665 4772 divinitatem
2711 4716 2898 4771 (iniure
2930 4715 3088 4771 dicis.
3128 4714 3344 4771 Liniare
3372 4713 3516 4768 enim

1936 4806 2095 4877 vulgo
2132 4807 2329 4862 dicitur
2372 4808 2438 4862 de
2482 4806 2763 4878 pingendis
2805 4807 2889 4862 vel
2927 4806 3230 4879 sculpendis
3274 4806 3518 4877 imagini-

218 4886 361 4937 sime
390 4879 824 4969 comprobatur.
856 4878 990 4969 Nam
1020 4881 1205 4969 ethoc
1242 4881 1413 4951 ipsum
1451 4885 1608 4939 beato
1632 4885 1835 4957 Cyrillo
1938 4896 2059 4960 bus,
2094 4897 2177 4951 vel
2224 4896 2484 4967 cujusque
2528 4898 2709 4967 operis
2750 4895 2938 4969 ﬁguris
2982 4878 3360 4969 exprimendis.
3410 4896 3517 4952 Sed

215 4970 616 5028 Alexandrino
651 4966 905 5038 episcopo
931 4968 998 5021 ab
1038 4967 1304 5024 hiereticis
1328 4970 1697 5041 objiciebatur,
1730 4977 1818 5031 sci-

1941 4985 2045 5039 ltoe
2087 4984 2214 5054 quid
2256 4985 2323 5038 ad
2352 4983 2469 5039 Filii
2510 4966 2606 5040 Dei
2636 4966 2966 5042 divinitatem
3007 4966 3088 5042 vel
3127 4987 3517 5045 inmanitatem

214 5064 351 5117 licet
379 5064 619 5118 beatam
651 5058 926 5129 Virginem
956 5073 1063 5113 non
1092 5074 1213 5115 esse
1241 5060 1335 5117 Dei
1363 5063 1676 5134 genitricem
1697 5108 1712 5132 ,
1744 5069 1840 5124 sed
1939 5075 2240 5145 pertineat,
2273 5090 2378 5131 non
2408 5075 2666 5146 intelligo.
2700 5077 2853 5145 Quod
2885 5094 3034 5144 vero,
3065 5086 3128 5135 ut
3152 5075 3515 5149 prtediximus,

208 5155 495 5225 zweihri
530 5169 550 5208 :
584 5151 751 5207 sicuti
790 5159 847 5205 et
881 5167 979 5207 vos
1017 5151 1177 5209 modo
1219 5154 1401 5212 soletis
1429 5157 1629 5226 dicere,
1656 5158 1839 5217 Jesutn
1942 5171 2155 5234 gestare
2196 5179 2319 5220 eum
2357 5165 2695 5223 divinitatem
2732 5168 2886 5235 dicis,
2934 5168 3057 5224 audi
3103 5166 3232 5238 quid
3274 5179 3373 5239 pro
3412 5164 3518 5219 hoc

202 5246 520 5300 Christum
553 5257 673 5298 non
701 5255 822 5295 esse
850 5256 1039 5295 verum
1080 5242 1364 5300 Dominum
1403 5254 1457 5300 et
1491 5246 1684 5303 Filium
1723 5249 1842 5317 Dei,
1945 5254 2211 5310 mercedis
2245 5255 2479 5327 accipias
2522 5272 2553 5312 a
2600 5259 2802 5315 sanctis
2846 5267 2903 5313 et
2940 5254 3217 5313 catholicis
3255 5255 3388 5313 viris
3426 5258 3516 5328 qui

200 5336 323 5390 sed
345 5333 657 5407 appellari,
684 5331 841 5403 quasi
869 5334 1309 5402 nuncupativum.
1338 5334 1414 5391 ita
1438 5336 1605 5411 848
1628 5339 1843 5407 quidam
1942 5354 2127 5401 contra
2159 5348 2295 5402 hanc
2322 5348 2575 5404 haeresim
2603 5358 2749 5405 tuam
2775 5358 2940 5406 mutta
2962 5350 3241 5420 disputare
3273 5348 3521 5406 solebant

200 5428 1156 5486 Restorianuscontracatholicam
1170 5432 1328 5489 ﬁdem
1344 5431 1841 5504 disputansdixit":
1943 5437 2023 5509 (S.
2056 5438 2264 5509 Cyrill.,
2296 5441 2569 5495 Anatltem.
2599 5440 2673 5513 v).
2706 5460 2726 5492 ο
2761 5442 2818 5496 Si
2846 5443 2986 5512 quis,
3016 5442 3287 5513 inquiunt,
3317 5458 3519 5513 pracsu-

202 5541 227 5571 ε
286 5518 402 5586 Qui
452 5528 595 5576 ante
648 5520 850 5575 saecula
895 5528 1004 5586 est,
1046 5519 1190 5577 Deus
1243 5531 1325 5578 est
1372 5540 1384 5576 :
1437 5524 1530 5579 sed
1592 5526 1847 5595 templum
1944 5529 2041 5583 mit
2064 5530 2243 5584 dicere
2267 5529 2541 5585 Dcit‘orum
2569 5532 2839 5587 hominem
2869 5531 3167 5595 Christum.
3202 5540 3397 5588 etnon
3426 5547 3493 5602 po

294 5652 331 5679 ι
372 5641 558 5695 Verba
606 5645 741 5695 sunt
778 5637 1108 5699 Theodoreti
1151 5641 1201 5695 in
1244 5640 1652 5711 reprehensione
1682 5641 1840 5710 primi
1875 5639 2317 5697 Anatbematismi
2349 5642 2487 5713 apud
2516 5641 2786 5713 Cyrillum.
