3964 6186
452 302 557 363 935
1302 303 1359 357 Β.
1401 302 1461 357 F.
1501 303 1726 359 ΑιΒωι
1764 301 1897 357 SEU
1935 300 2032 355 Al.t

2135 298 2209 353 {Nl
2263 298 2545 354 OPERUM
2583 299 2762 354 PARS
2798 300 2884 354 ill.
3507 310 3519 319 ‘
3585 297 3691 353 216

453 422 561 477 tius
586 418 753 475 Deum
780 431 905 472 vere
947 431 1084 480 esse,
1130 417 1268 470 sicut
1312 414 1507 470 Filium
1547 417 1766 471 unicum
1804 423 2018 477 natura,
2050 422 2092 472 Α
2124 411 2210 466 illa
2238 425 2355 480 quae
2379 412 2686 469 novissimis
2715 414 3047 484 temporibus
3070 429 3136 469 ex
3163 414 3381 485 Virgine
3404 415 3542 469 facta
3567 431 3697 471 eon-

450 507 744 565 secundum
782 504 925 577 quod
964 504 1166 559 factum
1207 513 1291 559 est
1316 504 1550 559 Verbum
1589 517 1740 567 caro,
1782 510 1839 556 et
1879 516 2027 556 com-

453 595 745 654 municavit
791 594 1034 666 proxime
1073 593 1227 649 nobis
1272 593 1530 663 sanguine
1575 600 1632 647 et
1668 606 1854 653 carne,
1898 606 2027 644 ana-

453 689 634 741 thema
659 685 747 741 sit.
783 704 802 737 r
840 683 964 739 Haec
992 684 1136 739 enim
1174 691 1259 738 est
1295 683 1384 738 hic
1431 682 1485 736 in
1528 681 1779 752 praesenti
1821 695 2027 735 merces

456 776 654 832 laboris
679 775 776 830 tui.
808 774 993 842 Qualis
1016 782 1196 828 autem
1238 771 1418 826 futura
1463 772 1532 827 sit
1575 772 1643 826 ab
1682 770 1869 825 eodem
1911 772 2027 840 ipso

453 880 612 935 quem
638 865 694 919 in
715 872 924 919 tantum
952 862 1235 918 humiliare
1263 861 1469 923 niteris,
1501 869 1560 914 ut
1578 875 1792 916 omnem
1816 860 1865 913 ei
1889 859 2028 913 veri-

456 964 619 1010 tatem
647 953 884 1009 ﬁlietatis
910 962 967 1008 et
994 959 1316 1023 potestatem
1353 949 1578 1005 Deitatis
1605 950 1843 1003 adimere
1868 962 2029 1002 cone—

457 1046 558 1112 ris,
589 1053 644 1097 tu
676 1044 790 1114 ipse
814 1042 1066 1112 probabis
1095 1040 1310 1110 quando
1336 1049 1461 1094 ante
1489 1038 1721 1093 tribunal
1747 1038 1863 1107 ejus
1882 1035 2029 1105 judi-

451 1136 655 1190 candus
698 1132 921 1195 astabis.
965 1129 1305 1199 Subjungunt
1346 1142 1559 1197 quoque
1596 1125 1801 1198 praefati
1843 1127 2029 1182 Patres

453 1226 520 1279 de
546 1213 735 1277 eadem
762 1236 821 1276 re
842 1222 1083 1276 dicentes
1108 1238 1120 1272 :
1159 1237 1177 1270 r
1207 1219 1324 1274 Non
1352 1220 1491 1275 sicut
1519 1219 1573 1273 in
1595 1218 1748 1273 nobis
1769 1218 2031 1273 inhabitat

451 1296 616 1380 Deus,
645 1312 725 1368 sie
748 1321 804 1367 et
839 1311 895 1367 in
923 1310 1157 1367 Christo.
1189 1310 1331 1366 Deus
1352 1310 1496 1366 enim
1523 1319 1642 1365 erat
1669 1310 1784 1380 ipse
1810 1318 2030 1365 natura-

449 1404 575 1460 liter
623 1418 889 1475 apparens
935 1403 1229 1459 secundum
1270 1418 1368 1458 nos
1391 1418 1635 1471 unusque
1675 1410 1730 1457 et
1769 1402 1914 1457 solus
1939 1401 2030 1455 ιη-

451 1494 574 1559 lius,
605 1504 660 1549 et
680 1494 891 1563 quando
918 1492 1089 1548 lactus
1109 1502 1193 1547 est
1214 1509 1362 1548 caro.
1391 1493 1490 1561 Qui
1519 1494 1679 1565 igitur
1702 1501 2032 1565 prtesumunt

452 1586 631 1639 dicere
661 1582 932 1637 Deirorum
962 1583 1232 1637 hominem
1272 1596 1395 1638 eum
1424 1598 1565 1649 esse,
1610 1590 1665 1638 et
1708 1599 1812 1637 non
1854 1583 2031 1653 potius

450 1676 854 1729 inhurnanaturn
902 1671 1102 1737 Deum,
1151 1673 1457 1728 necessario
1507 1672 1863 1727 succumbunt
1901 1687 2028 1726 ana-

450 1762 695 1816 themati.
732 1778 751 1812 ι

524 1851 609 1906 lii.
649 1850 815 1905 Mior
851 1867 981 1906 vero
1021 1864 1189 1921 quare
1228 1849 1569 1905 introducere
1597 1866 1794 1906 novum
1822 1866 2028 1904 nuncu-

449 1942 681 2012 pationis
727 1942 780 1996 in
827 1942 1040 2002 Christo
1084 1958 1278 1998 nomen
1321 1959 1429 1998 non
1480 1944 1703 2008 timeas,
1756 1960 1876 1999 cum
1926 1944 2029 1998 hoc

450 2031 627 2102 ipsum
668 2042 1038 2091 antecessores
1080 2036 1157 2089 tui
1201 2035 1437 2090 haeretici
1466 2043 1788 2106 usurpantes
1821 2035 1889 2089 ab
1928 2035 2029 2090 Ec-

450 2125 630 2179 clesia:
658 2123 885 2179 fuissent
906 2126 1280 2182 communione
1309 2126 1482 2182 divisi.
1512 2128 1602 2181 Ait
1627 2143 1856 2196 namque
1885 2128 2028 2181 idem

451 2212 642 2269 beatus
665 2212 895 2287 Cyrillus
922 2232 934 2267 :
969 2233 987 2264 ι
1021 2215 1316 2271 Caveamus
1339 2232 1466 2288 ergo
1489 2217 1554 2271 de
1576 2216 1791 2272 Christo
1813 2217 2026 2272 dicere:

449 2313 673 2372 propter
711 2315 1076 2361 assumcntem
1123 2321 1354 2362 veneror
1398 2315 1763 2377 assumptum.
1812 2316 1867 2362 et
1907 2323 2031 2377 pro-

450 2403 573 2467 pter
602 2395 922 2453 invisibilem
950 2398 1115 2453 adoro
1152 2397 1437 2452 visibilem.
1473 2419 1489 2450 ι
1535 2398 1874 2453 Ilorrendum
1906 2413 2031 2453 vero

452 2502 616 2556 super
642 2488 744 2543 hoc
768 2489 931 2544 etiam
974 2489 1102 2545 illud
1132 2489 1363 2560 adjicitis
1391 2508 1402 2544 :
1438 2509 1455 2540 r
1490 2490 1590 2558 Qui
1618 2499 1898 2563 susceptus
1923 2500 2028 2557 est,

452 2590 576 2631 cum
625 2590 690 2631 eo
732 2578 822 2645 qui
869 2580 1137 2647 suscepit,
1186 2592 1628 2651 connuncnpatur
1672 2582 1831 2637 Deus.
1871 2603 1890 2635 ι
1927 2582 2029 2650 Qui

452 2663 599 2717 enim
629 2665 743 2720 haec
772 2666 921 2732 dicit,
968 2667 1157 2722 dividit
1199 2668 1298 2741 [in]
1345 2670 1479 2726 duos
1502 2670 1745 2726 Christos
1773 2688 1898 2727 eum
1938 2673 2030 2742 qui

451 2768 594 2808 unus
616 2764 728 2819 est,
758 2757 1030 2815 hominem
1061 2775 1303 2814 seorsum
1334 2761 1386 2816 in
1415 2771 1652 2832 partem,
1680 2774 1733 2819 et
1759 2762 1929 2819 Deum
1958 2765 2033 2819 si-

452 2841 655 2898 militer
691 2844 742 2899 in
775 2854 979 2916 partem
1014 2850 1377 2915 constituens;
1420 2851 1698 2909 evidenter
1724 2855 1868 2908 enim
1897 2854 2034 2908 divi-

453 2934 533 2992 dit
572 2936 849 2991 unitatem.
888 2937 1002 2994 Non
1039 2954 1166 3010 ergo
1194 2940 1332 2997 alter
1361 2958 1483 2997 cum
1513 2943 1685 2998 altero
1712 2944 2034 2999 coadoratur

455 3035 551 3085 aut
577 3041 1019 3101 connuneupalur
1042 3034 1213 3104 Deus;
1246 3036 1339 3091 sed
1367 3053 1506 3092 unus
1532 3038 1847 3110 intelligitur
1870 3037 2030 3095 Chri-

456 3131 574 3177 stus
601 3121 756 3181 Jesus
784 3126 953 3183 Filius
978 3127 1074 3188 Dei
1103 3130 1429 3200 unigenitus,
1460 3149 1566 3189 una
1609 3134 1867 3189 servitute
1910 3149 2031 3189 cum
2060 3104 2106 3167 ο

454 3217 672 3291 propria
703 3235 863 3276 carne
892 3225 1228 3279 venerandus
1261 3243 1273 3278 :
1307 3226 1397 3281 ubi
1440 3227 1582 3281 enim
1610 3237 1693 3284 est
1728 3229 1868 3285 nuda
1899 3246 2029 3285 nun-

456 3307 691 3388 cnpzzio,
716 3308 790 3371 ibi
818 3312 999 3371 solidae
1018 3314 1263 3373 veritatis
1288 3315 1570 3386 denegatio
1589 3326 1690 3375 est.
1716 3316 1821 3373 Sed
1850 3332 2035 3373 revera

457 3401 795 3457 inearnatum
834 3405 1062 3461 dicimus
1092 3407 1424 3477 unigenitum
1465 3406 1659 3462 Filium
1692 3408 1787 3463 Dei
1829 3416 2037 3463 secreto

456 3492 625 3571 849
654 3493 745 3546 illo
775 3496 1028 3567 mysterio
1054 3496 1194 3567 quod
1234 3498 1345 3566 ipse
1386 3497 1532 3552 solus
1572 3499 1738 3552 novit.
1783 3498 2034 3553 Nostrum

460 3597 692 3653 namque
716 3590 797 3637 est
837 3584 1081 3649 credere,
1123 3585 1263 3640 illius
1306 3601 1485 3641 nosse.
1529 3586 1680 3655 Quod
1719 3598 1776 3643 tu
1818 3589 2037 3645 omnino

456 3672 653 3733 oblitus
694 3675 908 3731 conaris
952 3674 1082 3731 illud
1127 3677 1336 3735 ratione
1379 3677 1701 3751 investigare
1747 3682 1891 3752 quod
1937 3682 2038 3739 fide

456 3765 704 3819 venerari
736 3765 1056 3826 debuisses:
1090 3768 1309 3824 credere
1348 3768 1493 3827 enim
1534 3778 1686 3829 tuum
1715 3782 1861 3827 esset
1897 3773 2038 3842 quod

455 3855 599 3915 Deus
643 3855 737 3911 Dei
779 3856 1035 3924 Verbum,
1078 3866 1250 3917 totum
1290 3859 1587 3931 suscipiens
1622 3863 1765 3934 quod
1806 3864 2040 3919 hominis

458 3959 543 4007 est
562 3992 579 4018 ,
608 3966 765 4007 verus
793 3953 955 4008 homo
994 3953 1168 4010 factus
1195 3955 1296 4020 sit,
1328 3961 1382 4009 et
1408 3964 1682 4025 assumpta
1708 3954 2033 4016 humanitas,

458 4051 629 4101 totum
658 4043 927 4114 accipiens
951 4046 1095 4115 quod
1117 4045 1213 4105 Dei
1240 4055 1353 4111 est,
1388 4045 1533 4100 aliud
1564 4063 1722 4117 quam
1748 4046 1893 4102 Deus
1919 4062 2040 4102 esse

458 4145 566 4185 non
595 4132 784 4201 possit.

528 4219 619 4278 IV.
658 4220 785 4279 Mihi
832 4237 1046 4293 quoque
1074 4225 1265 4295 objicis
1294 4240 1399 4280 non
1428 4234 1577 4281 recte
1616 4225 1943 4282 intellexisse
1973 4227 2039 4281 tle

461 4326 568 4380 qua
616 4319 809 4365 natura
854 4311 1045 4368 beatus
1089 4313 1384 4386 Gregorius
1425 4316 1670 4381 dixisset,
1715 4332 1838 4371 cum
1870 4319 2034 4373 aitn:

468 4419 487 4450 ι
515 4399 673 4455 Aliud
702 4409 787 4456 est
815 4401 1062 4459 homines
1090 4412 1245 4461 natos
1274 4407 1504 4474 gratiam
1545 4405 1848 4478 adoptionis
1890 4407 2038 4462 acci-

461 4504 609 4560 pere,
643 4489 788 4548 aliud
816 4507 982 4547 unum
1011 4492 1354 4563 singulariter
1379 4508 1477 4565 per
1520 4492 1814 4549 divinitatis
1850 4505 2040 4564 poten—

462 4582 591 4637 tiam
620 4582 788 4639 Deum
817 4598 881 4639 ex
915 4584 1029 4657 ipso
1071 4592 1328 4653 conceptu
1358 4584 1654 4655 prodiissc:
1688 4604 1707 4636 ι
1742 4584 1809 4638 Et
1835 4584 2039 4655 gratias

464 4670 579 4739 agis
604 4673 748 4743 quod
777 4681 832 4733 tu
858 4673 1104 4729 eamdem
1149 4674 1469 4732 sententiam
1513 4675 1705 4730 melius
1739 4675 2037 4731 intellexis-

463 4776 574 4827 ses,
596 4778 823 4839 eamque
846 4765 911 4820 de
931 4766 1230 4829 divinitate,
1253 4782 1357 4820 non
1387 4765 1452 4822 de
1480 4766 1815 4821 immanitate
1840 4766 2037 4821 dictam

463 4867 583 4911 esse
615 4853 869 4911 allirmas.
900 4855 1004 4912 Sed
1032 4858 1156 4929 quis
1180 4859 1252 4913 sit
1274 4858 1365 4931 qui
1398 4873 1496 4930 per
1523 4857 1819 4929 potentiam
1847 4857 2039 4912 divini-

461 4947 590 5003 tatis
610 4947 750 5004 Deus
774 4957 1063 5020 conceptus
1087 4950 1176 5015 sit,
1202 4963 1450 5020 agnosce.
1468 4949 1603 5005 Nam
1625 4950 1689 5004 de
1710 4950 1887 5004 divina
1913 4948 2031 5003 Filii

461 5033 560 5093 Dei
588 5036 868 5092 divinitate
912 5037 1017 5093 dici
1064 5038 1333 5106 quomodo
1371 5048 1567 5110 potest,
1598 5039 1741 5114 quod
1775 5046 2033 5107 conceptu

463 5126 788 5199 prodiisset?
816 5126 959 5183 Deus
985 5127 1128 5183 enim
1153 5126 1348 5184 Filium
1389 5146 1542 5185 suum
1587 5130 1916 5199 unigenitum
1946 5147 2037 5203 ge-

464 5220 609 5286 nuit;
654 5236 760 5278 non
807 5237 873 5277 ex
930 5221 1155 5276 alterius
1201 5228 1460 5292 conceptu
1512 5223 1828 5295 cujuslibet;
1877 5231 2036 5290 atque

464 5311 711 5366 eumdem
742 5313 905 5387 Virgo
935 5326 1092 5369 sacra
1116 5314 1180 5369 de
1212 5312 1414 5385 Spiritu
1452 5324 1641 5369 sancto
1672 5314 1937 5385 concepit,
1971 5314 2036 5365 de

464 5414 569 5471 qua
596 5401 709 5473 ipse
734 5403 902 5459 Filius
931 5405 1021 5459 Dei
1042 5444 1057 5467 .
1088 5405 1241 5475 quasi
1270 5420 1498 5474 sponsus
1528 5406 1593 5459 de
1626 5405 1883 5461 thalamo.
1916 5418 2040 5472 pro-

466 5490 644 5543 cessit.
675 5491 780 5544 Aut
805 5507 926 5563 qua:
968 5503 1156 5550 natura
1182 5509 1280 5566 per
1309 5496 1603 5566 potentiam
1641 5493 1732 5548 Dei
1780 5492 1917 5546 facta
1955 5500 2038 5546 est

466 5581 607 5650 quod
647 5581 763 5637 est?
791 5581 871 5637 An
912 5583 998 5638 illa
1042 5600 1138 5656 per
1168 5600 1326 5656 quam
1352 5587 1531 5642 omnia
1574 5585 1715 5639 facta
1758 5591 1898 5647 sunt,
1946 5591 2039 5637 aut

2127 502 2352 572 cipitur?
2372 502 2747 573 Expositorem
2772 512 2825 559 te
2850 502 3147 559 alienorum
3170 505 3436 560 dictorum
3455 504 3695 575 jaetitas,

2126 607 2247 647 cum
2285 593 2372 648 vix
2415 609 2655 663 unquam
2704 602 2796 649 tua
2838 603 2984 650 recte
3031 595 3276 665 proferre
3324 596 3582 666 potueris.
3613 595 3697 652 Me

2126 698 2337 752 quoque
2362 684 2562 755 arguis,
2593 685 2684 753 qui
2713 685 2805 738 ubi
2836 694 2986 740 recte
3013 687 3315 757 arguendus
3341 701 3484 751 sum,
3512 702 3690 743 emen-

2126 777 2244 832 dari
2288 792 2393 831 non
2443 776 2666 848 refugio,
2711 775 2805 830 sed
2850 777 3029 845 potius
3079 774 3328 830 desidero
3371 783 3428 830 et
3470 776 3696 832 multum

2126 879 2250 936 opto
2278 884 2289 919 :
2319 867 2412 921 sed
2434 875 2559 921 srrnt
2585 866 2826 937 plerique
2850 867 2964 936 qui,
2991 866 3118 921 dum
3146 865 3280 921 alios
3302 867 3699 936 reprehendam

2127 960 2367 1030 cupiunt,
2398 959 2618 1014 omnino
2646 958 2818 1028 magis
2845 973 2997 1012 suam
3036 957 3360 1028 imperitiam
3385 957 3699 1023 ostendunt,

2128 1065 2247 1119 quae
2285 1047 2422 1102 forte
2452 1048 2662 1102 occulta
2692 1046 2882 1101 fuisset
2925 1046 2972 1101 si
3018 1047 3334 1110 tacuissent,
3378 1046 3521 1100 sicut
3565 1047 3673 1100 seri

2127 1144 2277 1206 ptum
2306 1145 2427 1192 est:
2463 1134 2692 1199 Stultus,
2735 1136 2780 1188 si
2830 1137 3073 1199 tacuerit,
3121 1135 3329 1204 sapiens
3379 1134 3703 1205 reputabitur

2130 1227 2309 1298 (Prov.
2337 1242 2447 1280 xvrr
2467 1267 2481 1291 ,
2507 1224 2621 1296 28).
2649 1224 2882 1279 Grandis
2909 1232 2994 1279 est
3027 1223 3170 1279 enim
3211 1223 3435 1278 stultitia
3465 1224 3603 1279 velle
3648 1232 3703 1278 te

2127 1318 2372 1389 proferre
2399 1317 2765 1373 testimonium
2791 1315 2935 1386 quod
2961 1331 3059 1385 per
3082 1315 3262 1369 omnia
3291 1323 3480 1368 contra
3507 1322 3704 1369 temet-

2130 1410 2303 1479 ipsum
2341 1422 2461 1463 esse
2498 1405 2840 1462 manifestum
2882 1414 2985 1460 est.
3014 1404 3211 1459 Tribus
3250 1419 3486 1474 namque
3526 1404 3705 1460 modis

2129 1499 2433 1555 testimonia
2464 1499 2517 1551 in
2563 1497 2670 1551 tuis
2694 1496 2908 1565 scriptis
2946 1495 3289 1557 inveniuntur
3315 1493 3545 1564 prolata,
3569 1509 3706 1563 quo-

2129 1605 2248 1644 rum
2276 1590 2518 1659 qumdam
2548 1603 2649 1642 nec
2686 1586 2779 1640 tibi
2816 1600 3030 1649 nocere,
3075 1600 3172 1639 nec
3216 1583 3397 1639 favere
3431 1584 3704 1649 videntur,

2132 1693 2230 1732 nec
2272 1677 2490 1731 omnino
2518 1676 2585 1730 ad
2633 1689 2745 1729 rem
2796 1673 3077 1745 praesentis
3119 1673 3500 1743 disputationis
3539 1673 3708 1742 perti-

2061 1759 2104 1818 B
2131 1776 2286 1832 nent;
2311 1767 2453 1837 quod
2475 1765 2793 1821 certissima:
2816 1765 3130 1833 ignorantiae
3152 1763 3410 1818 indicium
3434 1772 3534 1820 est.
3554 1763 3708 1832 Quaa-

2129 1858 2253 1913 dam
2299 1872 2428 1911 vero
2469 1855 2548 1911 sic
2588 1871 2619 1908 a
2670 1864 2722 1909 te
2770 1864 3066 1925 ponuntur,
3106 1862 3168 1909 ut
3210 1861 3389 1908 tamen
3427 1854 3707 1910 nobiscum

2128 1956 2310 2017 agant,
2336 1954 2392 2000 et
2424 1946 2520 2000 tibi
2564 1959 2862 2015 repugnare
2908 1953 3093 2014 aperta
3124 1945 3350 1999 veritate
3377 1946 3704 2016 probantur;

2127 2038 2288 2107 quod,
2321 2047 2378 2091 ut
2404 2036 2770 2107 praediximus,
2799 2036 3040 2091 stultitia:
3064 2051 3173 2091 non
3206 2036 3445 2091 minimae
3480 2052 3570 2091 res
3598 2046 3703 2101 est,

2130 2138 2181 2183 te
2224 2144 2375 2181 arma
2419 2126 2728 2181 adversario
2757 2126 3082 2180 ministrare.
3124 2125 3378 2193 Quaedam
3423 2135 3605 2181 autem
3634 2128 3709 2182 ita

2128 2221 2422 2291 protulisti,
2447 2228 2507 2274 ut
2528 2230 2730 2285 tamen,
2751 2219 2857 2274 nisi
2880 2234 3282 2290 corrumperes,
3306 2228 3359 2275 te
3382 2220 3527 2275 nullo
3547 2222 3710 2276 modo

2130 2310 2388 2381 adjuvare
2435 2311 2776 2376 viderentur;
2807 2310 2949 2379 quod
2999 2310 3218 2365 omnino
3265 2310 3539 2367 malevola:
3578 2327 3710 2367 con-

2130 2400 2370 2455 scientias
2397 2400 2588 2454 vitium
2616 2414 2734 2454 esse
2765 2399 3098 2468 dignoscitur
3122 2417 3134 2453 :
3168 2400 3222 2453 in
3251 2416 3476 2469 quorum
3505 2401 3709 2470 primo,

2132 2499 2190 2544 ut
2232 2489 2487 2555 diximus,
2522 2497 2571 2543 te
2609 2490 2978 2561 ignorantem,
3017 2490 3069 2543 in
3113 2488 3281 2544 altero
3323 2489 3618 2555 indoctum,
3651 2491 3711 2545 in

2133 2580 2294 2634 tertio
2341 2594 2471 2634 vero
2518 2579 2841 2634 malevolum
2886 2580 3185 2634 ostendisti.
3232 2579 3534 2635 Mirandum
3578 2596 3712 2653 ergo

2130 2680 2234 2736 est,
2261 2670 2343 2726 vel
2375 2670 2546 2740 magis
2574 2670 2883 2735 dolendum,
2915 2685 3011 2725 cur
3037 2670 3235 2726 audeas
3269 2681 3578 2726 sanctorum
3606 2671 3713 2725 Pa-

2132 2771 2275 2817 trum
2305 2762 2632 2817 iucidissima
2666 2761 2974 2817 testimonia
3003 2778 3370 2834 corrumpere,
3423 2764 3713 2820 immutare

2131 2864 2187 2910 et
2215 2854 2267 2908 in
2295 2854 2456 2908 alium
2492 2854 2784 2908 transferre
2815 2869 3031 2908 sensum
3060 2870 3222 2923 quam
3253 2854 3327 2909 illi
3362 2855 3452 2924 qui
3480 2854 3714 2923 scripse-

2135 2952 2278 3009 runt,
2323 2952 2638 3015 posuerunt,
2665 2945 2804 2999 sicut
2831 2944 2990 3013 paulo
3017 2953 3141 2999 ante
3167 2953 3218 3000 te
3248 2942 3438 3000 fecisse
3464 2944 3707 3014 probavit

2138 3054 2276 3103 mus,
2307 3045 2361 3092 et
2395 3036 2450 3090 in
2482 3035 2664 3091 multis
2707 3044 2923 3089 tuarum
2966 3034 3266 3091 litterarum
3305 3035 3437 3092 locis
3481 3035 3716 3091 invenirt

2138 3138 2332 3200 potest.

2206 3219 2271 3275 V.
2313 3219 2388 3273 De
2417 3226 2606 3274 sancto
2632 3232 2867 3286 namque
2893 3217 3190 3273 Athanasio
3220 3214 3587 3273 testimonium
3617 3230 3717 3285 po-

2136 3312 2290 3367 suisti
2337 3311 2479 3380 quod
2510 3318 2655 3367 tuam
2698 3320 2902 3364 sectam
2941 3308 3176 3365 maxime
3206 3308 3473 3364 destruit:
3502 3316 3558 3362 et
3585 3309 3715 3363 dum

2136 3404 2274 3461 forte
2315 3402 2642 3471 intelliget-es
2678 3402 2921 3472 quaedam
2952 3400 3006 3455 in
3053 3398 3168 3467 ejus
3199 3399 3521 3455 testimoniis
3553 3398 3719 3454 verba

2139 3496 2243 3550 tuis
2272 3494 2517 3549 sensibus
2546 3493 2815 3549 contraria
2848 3507 2986 3556 esse.
3027 3491 3257 3546 omisisti
3304 3491 3358 3544 in
3385 3489 3563 3544 medio
3593 3503 3717 3557 qua:

2138 3586 2235 3651 ait,
2264 3600 2331 3639 ne
2360 3592 2548 3640 contra
2581 3593 2632 3637 te
2682 3584 2854 3653 ipsum
2903 3582 3085 3635 dicere
3118 3579 3400 3634 videreris.
3448 3578 3722 3632 Ponamus

2138 3680 2319 3748 itaque
2370 3676 2583 3748 plenam
2640 3675 2780 3731 illius
2840 3673 3197 3739 sententiam,
3268 3681 3330 3727 ut
3396 3677 3723 3739 agnoscatur

2138 3777 2335 3840 quanta
2368 3768 2569 3823 malitia
2617 3766 2885 3822 abstulisti
2915 3766 3058 3837 quod
3093 3764 3404 3820 ﬁrmissimo
3437 3771 3624 3816 contra
3664 3770 3723 3816 to

2138 3874 2258 3915 esse
2280 3860 2512 3929 positum
2529 3856 2843 3927 intelligitur
2864 3854 2942 3926 (S.
2962 3854 3184 3918 Albam,
3207 3854 3354 3923 epist.
3378 3851 3445 3905 ad
3469 3850 3721 3920 Epictet.,

2139 3966 2195 4004 n.
2221 3948 2297 4003 2‘.
2334 3966 2350 3998 ‹
2380 3945 2656 4015 Quomodo
2682 3953 2861 3998 autem
2880 3984 2895 4009 ,
2924 3943 3128 4013 inquit,
3174 3942 3450 4011 ambigere
3493 3939 3719 4002 audent,

2140 4040 2232 4109 qui
2270 4040 2515 4095 dicuntur
2560 4034 2886 4099 Christiani,
2926 4035 2992 4098 si,
3026 4034 3117 4103 qui
3142 4050 3209 4088 ex
3259 4032 3424 4087 Maria
3452 4031 3726 4103 processit

2140 4127 2303 4193 Deus,
2353 4127 2521 4181 Filius
2550 4125 2765 4195 quidem
2806 4133 2998 4177 natura
3041 4131 3095 4177 et
3138 4122 3438 4178 substantia
3482 4121 3572 4174 Dei
3608 4130 3722 4182 est,

2140 4218 2431 4273 secumium
2480 4232 2695 4270 carnem
2740 4224 2918 4271 autem
2947 4229 3013 4269 ex
3058 4213 3263 4269 semine
3295 4212 3461 4266 David
3491 4220 3605 4274 est,
3648 4226 3721 4263 ex

2139 4323 2301 4363 carne
2333 4318 2510 4361 autmrt
2556 4315 2753 4362 sancta:
2790 4305 3001 4359 Marize?
3033 4326 3049 4356 ι
3082 4303 3195 4359 Hoc
3222 4311 3399 4360 autem
3440 4302 3580 4370 quod
3624 4316 3722 4354 se-

2142 4399 2324 4469 quitur
2373 4397 2626 4458 kZClilrll,
2679 4396 2819 4465 quod
2880 4405 2984 4449 tua:
3041 4393 3347 4448 ﬁrmissime
3395 4389 3728 4447 contradicit

2066 4460 2113 4517 υ
2139 4460 2317 4544 sectae.
2355 4508 2371 4538 ι
2401 4488 2537 4555 Quid
2564 4495 2743 4542 autem
2775 4495 2953 4558 putas,
2976 4486 3078 4549 ais,
3111 4483 3383 4539 temerarii
3416 4481 3541 4537 facti
3566 4489 3724 4545 sunt,

2136 4587 2194 4632 ut
2220 4579 2461 4632 dicerent
2494 4577 2787 4643 Christum,
2818 4576 2908 4647 qui
2936 4589 3097 4629 carne
3123 4588 3316 4644 passus
3347 4583 3430 4628 est
3452 4583 3505 4629 et
3533 4571 3724 4626 cruci-

2137 4670 2296 4734 ﬁxus,
2326 4684 2430 4723 non
2458 4683 2577 4722 esse
2602 4668 2890 4722 Dominum
2912 4665 3246 4720 Salvatorem
3275 4672 3328 4719 et
3350 4664 3518 4718 Deum
3545 4669 3600 4716 et
3629 4660 3734 4717 Fi-

2135 4760 2264 4815 lium
2287 4759 2495 4814 Patris?
2520 4760 2618 4813 Aut
2639 4757 2907 4831 quomodo
2922 4756 3195 4812 Christum
3217 4754 3402 4809 volunt
3423 4752 3726 4815 nominari.

2136 4851 2228 4924 qui
2268 4852 2451 4906 dicunt
2478 4851 2529 4904 in
2559 4848 2831 4904 hominem
2865 4845 3134 4920 [sanctum
3155 4888 3168 4911 ,
3201 4846 3423 4918 perinde
3458 4852 3619 4913 atque
3658 4843 3726 4897 in

2138 4958 2302 4997 unum
2333 4942 2715 5014 prophetarum
2752 4939 2963 4993 venisse
3004 4937 3259 5001 Verbum,
3293 4952 3388 4990 nec
3417 4936 3587 5007 ipsum
3618 4935 3732 4987 lto-

2140 5032 2362 5106 minem]
2397 5033 2615 5095 factum,
2648 5039 2950 5088 sumentem
2981 5044 3045 5084 ex
3077 5029 3241 5083 Maria
3269 5044 3493 5098 corpus;
3527 5027 3617 5081 sed
3641 5027 3735 5079 ai-

2141 5134 2314 5179 termn
2342 5139 2459 5178 esse
2489 5120 2783 5185 Christum,
2807 5131 2860 5177 et
2894 5120 3122 5175 alterum
3170 5121 3262 5176 Dei
3296 5121 3549 5181 Verbum,
3577 5120 3732 5186 quod

2143 5224 2266 5270 ante
2296 5213 2540 5275 Mariam,
2568 5222 2624 5267 et
2643 5221 2765 5267 ante
2797 5211 2990 5266 sarcula
3017 5209 3184 5267 Filius
3212 5212 3477 5266 existebat
3509 5209 3737 5263 Putris?

2142 5307 2248 5362 Aut
2289 5306 2556 5376 quomodo
2602 5320 2720 5361 esse
2759 5304 3050 5360 Christiani
3098 5313 3353 5374 possunt,
3399 5304 3490 5377 qui
3534 5303 3743 5359 dicunt

2142 5399 2301 5454 alium
2329 5413 2447 5455 esse
2477 5398 2684 5462 Filium
2716 5397 2877 5452 alium
2923 5397 3011 5451 Dei
3055 5396 3220 5467 850
3245 5396 3516 5450 Verbum?
3542 5418 3560 5447 ι
3596 5393 3739 5451 Hinc

2143 5491 2377 5552 tacuisti.
2416 5501 2471 5544 et
2497 5489 2774 5561 sequentia
2807 5490 3039 5561 ejusdem
3073 5490 3350 5543 sententia:
3383 5489 3732 5560 assampsisti

2139 5581 2234 5636 tibi
2264 5588 2313 5636 in
2350 5580 2629 5645 auxilium,
2657 5597 2775 5652 qua:
2801 5590 2854 5635 et
2879 5581 2993 5651 ipsa
3026 5580 3195 5634 valide
3227 5578 3320 5635 tibi
3352 5594 3470 5633 esse
3507 5589 3737 5634 Caletra-

538 5712 563 5746 ο
598 5697 654 5753 S.
685 5697 844 5767 Gr'eg.
868 5697 956 5757 lib.
978 5716 1105 5756 thrr
1137 5701 1338 5768 iiorai.,
1365 5715 1479 5772 cap.
1508 5699 1593 5765 Ρίἓ,
1622 5700 1841 5753 citatum
1866 5697 1929 5751 ab
1954 5694 2176 5749 Alruino
2203 5694 2255 5748 in
2282 5695 2436 5765 epist.
2466 5693 2529 5747 ad
2557 5691 2811 5757 Felicem,
2841 5708 2890 5745 n.
2926 5692 3002 5755 i0,
3035 5708 3192 5762 supra
3221 5690 3321 5746 rei.
3355 5690 3473 5745 iii.
