3964 6186
317 276 423 341 ιιι

999 281 1411 338 DOGMATICA.
1451 312 1521 322 ——
1557 281 1716 336 ADV.
1756 279 2052 335 FELICEM
2092 277 2269 334 LIBRI
2303 280 2417 341 ,Vll.
2457 312 2525 320 -—
2564 280 2691 336 LIB.
2737 284 2851 338 ΥΠ.

3443 290 3549 349 ιιι

314 396 385 454 ria
420 393 811 465 intelliguntur.
865 392 1027 450 Ponis
1071 393 1315 464 ejusdem
1367 394 1544 450 Patris
1589 393 1870 449 Athanasii
1897 397 1948 454 Δ
1974 392 2029 446 in
2074 392 2362 464 Evangelia
2389 394 2592 449 dictum
2631 405 2744 461 est,
2785 412 2891 465 quo
2919 406 2973 451 tu
3005 400 3308 458 testimonio
3353 406 3549 476 sapius

313 489 459 545 verba
498 487 732 542 dicentis
779 484 969 558 (Ibid.)
1000 504 1014 540 :
1048 504 1069 537 ‹
1095 485 1214 543 Non
1238 502 1340 558 per
1381 487 1723 556 adoptionem
1759 486 1876 540 hazc

312 576 439 634 facta
465 584 615 641 sunt,
645 575 821 641 absit;
849 576 991 632 sicut
1017 576 1236 645 quidam
1267 576 1738 637 existimaverunt;
1781 574 1877 629 sed

313 672 437 726 sicut
456 676 542 725 est
576 669 802 735 veritas,
834 669 1052 725 homine
1080 668 1223 725 facto
1253 667 1554 734 Salvatore,
1592 668 1755 722 totius
1782 667 1879 721 hu-

313 761 441 818 mani
466 760 686 830 generis
713 761 862 815 salus
890 758 1031 815 facta
1054 770 1157 816 est.
1191 760 1249 816 Si
1277 762 1422 817 enim
1448 751 1733 831 adeptione
1759 766 1878 813 erat

313 851 362 905 in
402 863 630 921 corpore
680 849 918 905 Verbum
968 850 1262 906 secundum
1310 850 1457 915 illos,
1507 848 1649 918 quod
1695 856 1878 902 autem

313 942 588 1011 adoptione
614 941 836 1007 dicitur,
864 941 1149 1010 phantasia
1176 950 1262 996 est
1279 982 1293 1006 ,
1338 941 1608 1011 reperitur
1635 947 1689 994 et
1714 946 1875 1008 puta-

312 1034 407 1088 tive
424 1032 593 1089 salus.
616 1053 636 1085 ι
664 1032 897 1087 Videsne
922 1046 1082 1102 quam
1108 1031 1406 1087 fortissimo
1428 1033 1598 1085 ariete
1627 1029 1878 1084 falsitatis

312 1136 407 1180 tua:
431 1139 651 1180 murum
681 1125 783 1179 iste
815 1124 1228 1193 probatissimus
1255 1122 1532 1179 catholicae
1570 1121 1693 1176 ﬁdei
1722 1121 1879 1177 miles

310 1217 566 1272 destruit?
585 1215 675 1270 Ait
696 1216 916 1285 itaque:
948 1234 967 1266 ι
997 1214 1137 1283 Quid
1163 1223 1365 1280 autem,
1390 1214 1584 1285 putas?
1604 1212 1879 1268 temerarii

312 1305 430 1362 facti
477 1314 637 1372 sunt,
670 1314 730 1360 ut
764 1306 1008 1361 dicerent
1032 1304 1330 1372 Christum,
1359 1306 1449 1376 qui
1497 1320 1661 1360 carne
1688 1319 1880 1374 passus

310 1405 389 1451 est
410 1404 466 1451 et
489 1395 803 1462 cruciﬁxus,
835 1411 942 1451 non
969 1410 1092 1451 esse
1136 1395 1422 1451 Dominum
1464 1394 1798 1449 Salvatorem
1827 1399 1882 1448 et

311 1486 468 1542 Deum
495 1496 555 1542 et
577 1486 777 1542 Filium
805 1487 998 1543 Patris.
1024 1506 1043 1540 ι
1074 1488 1213 1543 Ecce
1257 1491 1539 1558 perspicue
1564 1486 1880 1541 temerarios

304 1590 394 1631 cos
412 1592 536 1632 esse
562 1584 776 1648 reputat
797 1578 888 1646 qui
915 1586 1114 1647 negant
1138 1577 1421 1632 Dominum
1445 1584 1500 1631 et
1521 1575 1879 1643 Salvatorem,

253 1708 260 1718 .
306 1672 358 1718 et
382 1664 576 1731 Deum,
602 1675 658 1721 et
683 1665 879 1723 Filium
906 1666 1084 1722 Patris
1108 1681 1228 1722 esse
1269 1666 1418 1720 illum
1456 1665 1545 1737 qui
1589 1664 1882 1720 cruciﬁxus

1976 486 2182 540 uteris:
2208 482 2277 538 Et
2320 486 2542 541 vidimus
2571 486 2790 559 gloriam
2820 489 2952 558 ejus,
2982 491 3203 561 gloriam
3242 497 3393 565 quasi
3416 495 3549 553 Uni-

1977 576 2134 643 geniti
2159 591 2193 628 a
2225 574 2408 642 Patre,
2438 576 2648 647 plenum
2693 580 2876 649 gratia:
2913 590 2961 635 et
3012 583 3238 639 veritatis
3287 584 3470 656 (Joan.
3497 603 3549 655 ι,

1979 664 2067 736 14)
2093 683 2105 718 :
2131 673 2190 719 et
2211 664 2368 732 dicis,
2410 687 2428 718 ι
2457 669 2684 737 gratiam
2717 670 2783 724 ad
2830 670 3217 727 humanitatem
3257 676 3546 743 pertinere.

1978 753 2258 809 veritatem
2302 771 2432 810 vero
2456 756 2524 810 ad
2553 756 2907 813 divinitatem.
2931 778 2949 810 ι
2994 758 3196 814 Tamen
3224 762 3365 816 idem
3390 778 3553 817 evan-

1976 846 2165 917 gelista
2186 863 2373 913 unum,
2397 848 2729 919 unigenitum
2757 864 2881 904 eum
2909 852 3224 917 nominavit,
3252 853 3307 907 in
3337 869 3443 923 quo
3469 863 3554 909 est

1977 937 2271 995 secundum
2311 936 2715 1007 intelligentiam
2762 948 2908 994 tuam
2951 941 3124 1012 gratia
3161 951 3217 997 et
3242 944 3463 1006 veritas,
3496 944 3549 999 id

1978 1039 2079 1095 est,
2112 1029 2339 1083 duarum
2366 1037 2703 1095 naturarum,
2727 1037 2787 1083 ut
2811 1045 2909 1085 nos
2950 1030 3270 1085 conﬁtemur
3292 1041 3345 1086 et
3382 1031 3555 1087 credi-

1978 1136 2121 1185 mus,
2167 1119 2428 1175 mirabilis
2471 1119 2727 1175 adunatio
2769 1121 2823 1175 in
2859 1137 3020 1176 unam
3059 1136 3347 1192 personam
3403 1133 3458 1178 et
3497 1123 3555 1178 in

1979 1230 2140 1270 unam
2164 1213 2287 1269 Filii
2315 1212 2409 1268 Dei
2437 1213 2799 1269 dilectionem.

2050 1302 2159 1359 Vll.
2188 1302 2427 1356 Alteram
2460 1318 2675 1372 quoque
2713 1303 3074 1374 evangelicam
3105 1305 3425 1360 sententiam
3461 1318 3557 1376 po-

1976 1394 2133 1449 suisti
2158 1409 2282 1449 cum
2302 1393 2636 1463 expositione
2657 1394 2799 1448 beati
2826 1393 3109 1464 Augustini
3141 1396 3323 1451 dicens
3351 1395 3551 1467 (Tract.

1980 1501 2047 1541 cx
2070 1485 2123 1539 in
2155 1483 2343 1548 Joan.,
2369 1500 2424 1537 n.
2451 1483 2505 1555 5)
2534 1502 2546 1537 :
2582 1502 2600 1535 ι
2624 1483 2693 1538 Et
2722 1483 2969 1547 dilexisti,
2998 1486 3189 1555 inquit,
3217 1505 3322 1551 eos,
3345 1490 3478 1542 sicut
3506 1501 3554 1543 et

1980 1590 2061 1627 me
2088 1571 2334 1627 dilexisti.
2366 1572 2425 1627 In
2452 1573 2587 1628 Filio
2629 1574 2826 1644 quippe
2869 1591 2967 1629 nos
3013 1575 3172 1630 Pater
3199 1577 3402 1646 diligit,
3432 1580 3557 1646 quia

1983 1663 2039 1718 in
2082 1663 2197 1733 ipso
2231 1679 2330 1719 nos
2373 1663 2534 1734 elegit
2573 1675 2697 1720 ante
2746 1666 3180 1721 constitutionem
3227 1669 3429 1725 mundi.
3455 1668 3556 1737 Qui

304 1766 411 1820 est;
443 1772 547 1812 nec
573 1757 695 1813 illos
714 1756 1048 1813 Christianos
1068 1758 1303 1814 aestimat
1321 1757 1412 1827 qui
1442 1758 1567 1812 huic
1598 1757 1719 1811 ﬁdei
1749 1772 1881 1811 con-
1910 1741 1955 1802 Β
1981 1754 2127 1810 enim
2151 1754 2326 1825 diligit
2361 1753 2730 1825 Unigenitum,
2768 1756 3008 1826 profecto
3036 1756 3208 1828 diligit
3234 1768 3288 1812 et
3317 1762 3559 1815 membra

304 1846 603 1901 tradieunt:
626 1855 683 1901 et
700 1846 983 1902 verissime
1002 1845 1232 1902 aﬁirmat
1252 1847 1430 1903 omnia
1451 1862 1570 1917 qua:
1591 1847 1647 1902 in
1668 1846 1883 1903 Christo

303 1946 446 2007 gesta
475 1945 634 2002 sunt,
666 1938 783 1993 sine
818 1938 1106 2007 adoptione
1150 1937 1291 1995 facta
1332 1954 1471 2004 esse,
1502 1940 1595 2009 qui
1637 1939 1882 2010 ad0ptio-

303 2042 419 2082 nem
456 2027 593 2082 dicit
617 2028 960 2097 phantasiam
996 2043 1117 2083 esse
1154 2036 1209 2083 et
1241 2044 1348 2083 non
1378 2029 1685 2084 veritatem.
1712 2028 1885 2096 Quam

305 2134 429 2174 vero
466 2118 693 2189 impium
742 2126 829 2173 est
873 2118 1030 2174 alicui
1081 2120 1174 2189 qui
1209 2134 1267 2174 se
1295 2118 1659 2174 Christianum
1705 2119 1883 2174 nomi-

302 2216 414 2274 nat,
442 2208 670 2263 credere
708 2222 807 2278 per
846 2208 1186 2279 phantasiam
1215 2208 1492 2265 Christum
1532 2224 1652 2266 esse
1689 2208 1885 2265 Filium

304 2300 432 2356 Dei?
472 2300 529 2355 In
557 2300 761 2356 Christi
793 2302 974 2371 itaque
1002 2303 1338 2359 humanitate
1379 2304 1481 2360 iste
1506 2305 1887 2360 veracissimus

306 2392 493 2446 doctor
519 2390 646 2446 ﬁdei
674 2392 956 2447 catholica:
986 2394 1101 2449 haec
1126 2394 1267 2450 facta
1294 2410 1414 2451 esse
1457 2396 1616 2462 dixit,
1648 2398 1772 2466 quia
1805 2396 1887 2449 ni-

303 2482 379 2537 hil
404 2484 459 2537 in
488 2492 693 2538 aeterna
723 2484 1068 2554 generatione
1105 2486 1267 2542 Verbi
1296 2487 1393 2543 Dei
1421 2489 1621 2544 factum
1651 2505 1770 2544 esse
1804 2489 1886 2545 fas

304 2583 386 2629 est
428 2575 612 2629 dicere
640 2575 724 2629 vel
772 2562 1013 2642 credere,
1043 2579 1136 2648 qui
1178 2579 1398 2635 omnino
1439 2579 1766 2634 mtemaliter
1795 2597 1883 2650 ge-

303 2665 448 2720 nitus
487 2676 573 2721 est
615 2682 683 2721 ex
710 2666 891 2734 Patre,
933 2683 1039 2723 non
1082 2670 1450 2740 temporaliter
1479 2671 1673 2726 lactus.
1720 2671 1887 2738 Quale

305 2770 475 2825 usque
517 2756 886 2811 testimonium
924 2767 1110 2813 contra
1140 2769 1192 2815 te
1223 2762 1394 2830 ipsum
1421 2762 1670 2816 veracius
1699 2770 1751 2816 et
1780 2759 1886 2817 for-

307 2848 411 2901 tius
438 2846 687 2902 invenire
715 2849 960 2918 potuisti,
989 2865 1148 2919 quam
1180 2853 1323 2920 quod
1370 2852 1473 2907 iste
1511 2853 1888 2910 sanctissimus

302 2946 361 2993 et
381 2938 763 2994 veracissimus
785 2940 1162 2996 ecclesiastica:
1184 2942 1307 2997 ﬁdei
1336 2944 1525 2999 doctor
1552 2945 1770 3009 astruit,
1796 2947 1886 3015 qui

282 3020 488 3087 omnia
526 3046 648 3101 qua:
689 3036 744 3086 in
778 3032 979 3088 Christi
1026 3034 1399 3104 conceptione,
1431 3037 1732 3101 nativitate,
1762 3052 1886 3107 pas-

300 3122 458 3176 sione
502 3130 557 3176 et
582 3124 999 3179 resurrectione
1020 3139 1119 3195 per
1160 3125 1441 3179 veritatem
1471 3124 1801 3190 ﬁrmissime,
1831 3136 1885 3182 et

299 3225 410 3265 non
456 3225 559 3280 per
586 3211 957 3279 adoptionem,
991 3213 1117 3283 quia
1165 3213 1506 3284 adoptionem
1544 3214 1887 3283 phantasiam

303 3301 457 3362 dicit,
474 3300 630 3356 ~l'acta
657 3300 920 3357 allii-met?

372 3393 463 3446 γι.
507 3392 671 3448 Ponis
711 3409 926 3465 quoque
955 3395 1115 3450 verba
1156 3398 1327 3452 sancti
1373 3395 1658 3468 Augustini
1698 3398 1763 3452 de
1793 3398 1890 3453 ho-

299 3483 448 3537 milia
495 3484 549 3538 in
589 3481 875 3550 Joannem,
916 3484 1005 3541 ubi
1051 3486 1127 3539 ait
1171 3485 1370 3556 (Tract.
1405 3502 1494 3541 xiv
1521 3488 1574 3540 in
1613 3487 1798 3550 Joan.,
1832 3505 1886 3540 ιι.

302 3572 391 3641 ll)
416 3590 432 3625 :
470 3591 491 3623 ι
518 3572 686 3627 Pater
715 3574 889 3645 diligit
918 3574 1133 3641 Filium,
1162 3575 1298 3649 [sed]
1323 3580 1592 3647 quomodo
1614 3578 1775 3632 Pater
1802 3576 1891 3632 Fi-

300 3658 456 3725 liam,
484 3675 593 3715 non
629 3664 901 3731 quomodo
927 3664 1175 3720 dominus
1199 3681 1446 3731 servum;
1476 3668 1744 3736 quomodo
1772 3667 1891 3721 uni-

298 3765 452 3816 cum,
472 3768 581 3805 non
598 3754 869 3822 quomodo
883 3755 1189 3825 adoptivum
1213 3754 1298 3827 [3.
1315 3755 1450 3826 Aug.
1463 3797 1478 3821 ,
1495 3755 1851 3830 adeptatum].
1866 3777 1884 3808 ι

296 3839 407 3896 Sed
436 3842 529 3897 bis
554 3844 739 3898 verbis
766 3846 939 3899 sancti
970 3846 1251 3917 Augustini
1288 3845 1367 3900 tui
1394 3861 1586 3902 sensus
1610 3848 1768 3901 verba
1799 3847 1893 3901 ad-

294 3932 489 3986 didisti
514 3932 741 3988 dicens:
776 3953 797 3984 ι
824 3935 892 3989 Et
932 3936 1049 3999 hoc,
1081 3937 1125 3991 si
1154 3938 1219 3991 de
1246 3945 1473 4005 utraque
1515 3946 1707 3990 natura
1739 3938 1890 3992 simi-

288 4019 427 4077 liter
454 4023 662 4078 dictum
691 4024 858 4081 fuisse
887 4035 1055 4095 putet,
1081 4027 1272 4082 doceat
1299 4029 1467 4098 prius,
1493 4029 1537 4083 si
1565 4030 1729 4093 valet,
1761 4044 1895 4098 quo-

288 4113 462 4169 modo
487 4113 657 4169 Filius
678 4115 771 4169 Dei
802 4117 853 4169 in
877 4115 1049 4171 forma
1074 4118 1216 4172 servi
1242 4133 1431 4172 servus
1451 4116 1628 4172 Patris
1651 4135 1756 4174 non
1782 4119 1853 4173 sit
1876 4136 1889 4172 :

289 4204 443 4258 sicut
494 4203 550 4257 in
602 4204 882 4259 divinitate
929 4222 1034 4261 non
1081 4223 1293 4272 servus,
1340 4209 1436 4262 sed
1478 4207 1668 4271 Filius,
1719 4223 1894 4278 neque

288 4294 593 4365 adoptivus
639 4293 801 4359 ﬁlius,
831 4296 924 4350 sed
968 4297 1216 4367 proprius
1256 4298 1526 4352 veraciter
1561 4297 1802 4351 creditur
1839 4306 1896 4352 et

287 4385 687 4453 pralicatum
718 4384 827 4439 Nos
852 4396 1054 4451 autem,
1079 4387 1172 4442 Dei
1200 4387 1379 4443 Patris
1400 4388 1738 4444 sanctissima
1765 4403 1895 4443 voce

287 4475 511 4537 edocti,
535 4474 765 4530 dicimus
794 4476 848 4531 in
874 4486 1101 4547 utraque
1129 4488 1323 4534 natura
1353 4495 1480 4536 vere
1502 4495 1667 4535 unum
1701 4480 1895 4535 Filium

287 4566 389 4621 Dei
421 4580 559 4621 esse
587 4563 769 4621 Jesum
799 4566 1093 4634 Christum,
1122 4571 1477 4643 eumdemquc
1506 4571 1615 4627 Deo
1647 4571 1791 4626 Patri
1818 4581 1898 4625 to-

283 4659 409 4706 tum
444 4653 745 4719 dilectum,
773 4672 901 4722 non,
932 4666 992 4711 ut
1020 4666 1076 4712 tu
1124 4660 1281 4725 reris,
1310 4674 1374 4716 ex
1402 4672 1557 4731 parte
1592 4668 1649 4714 ut
1680 4660 1895 4726 Filium,

1910 3081 1958 3143 C

1981 1846 2120 1916 ejus,
2145 1861 2266 1914 qua:
2288 1845 2564 1915 adoptavit
2589 1847 2641 1901 in
2666 1863 2787 1901 eum
2827 1858 2882 1903 et
2910 1865 3008 1919 per
3030 1864 3173 1904 eum.
3198 1871 3215 1902 ι
3252 1851 3317 1905 Ει
3345 1852 3560 1908 tacuisti

1983 1937 2259 2006 sequentia
2284 1935 2524 2005 ejusdem
2551 1940 2921 2007 expositionis,
2948 1941 3038 1995 ubi
3068 1942 3143 1995 ait
3169 1942 3309 1996 idem
3338 1944 3556 1999 doctor:
3622 1926 3627 1933 ’

1990 2045 2008 2079 ι
2036 2026 2147 2081 Nec
2189 2027 2308 2081 ideo
2339 2042 2497 2095 pares
2534 2043 2719 2082 sumus
2761 2029 3036 2099 unigenito
3066 2030 3223 2095 Filio,
3265 2048 3361 2102 per
3400 2048 3559 2103 quem

1983 2116 2155 2172 creati
2180 2125 2233 2171 et
2277 2116 2509 2171 recreati
2539 2133 2755 2182 sumus,
2800 2119 2924 2188 quia
2955 2120 3156 2174 dictum
3183 2130 3293 2184 est,
3333 2122 3562 2177 dilexisti

1984 2223 2093 2271 eos,
2119 2206 2251 2259 sicut
2279 2214 2326 2259 et
2356 2222 2436 2260 me
2465 2205 2693 2261 dilexisti
2715 2228 2733 2259 ι
2767 2208 2948 2279 (Joan.
2978 2226 3112 2274 xvn,
3142 2210 3255 2279 ‘25).
3286 2212 3563 2282 (Unigeni-

1985 2308 2099 2353 tum
2127 2297 2279 2362 dicit,
2311 2312 2408 2367 per
2429 2311 2589 2368 quem
2617 2298 2778 2369 851
2805 2301 2970 2354 creati
3000 2316 3184 2354 smnus
3209 2310 3262 2354 et
3288 2305 3518 2358 recreati
3544 2319 3559 2357 :

1985 2404 2150 2444 unum
2195 2388 2559 2459 unigenitum,
2594 2404 2697 2443 non
2736 2390 2869 2444 duos
2919 2391 3218 2461 unigenitos
3263 2403 3563 2448 creatorem

1985 2488 2040 2533 et
2085 2488 2466 2535 recreatorem.
2498 2480 2555 2534 Si
2594 2489 2674 2534 est
2719 2481 3044 2551 unigenitus,
3088 2500 3191 2537 non
3229 2495 3403 2553 potest
3445 2501 3565 2541 esse

1986 2570 2311 2641 adoptivus),
2349 2589 2366 2622 ι
2396 2570 2539 2641 quod
2576 2570 2707 2625 nihil
2735 2571 2878 2625 aliud
2914 2580 2995 2626 est
3024 2573 3223 2638 dicere,
3266 2591 3430 2645 quam
3474 2576 3563 2630 di-
3606 2608 3610 2612 ι

1986 2660 2158 2717 texisti
2184 2678 2289 2727 eos,
2317 2663 2565 2734 quoniam
2590 2673 2638 2716 et
2669 2679 2748 2716 me
2786 2662 3039 2730 dilexisti,
3078 2682 3184 2720 non
3213 2668 3359 2721 enim
3388 2681 3561 2722 mem-

1986 2754 2083 2808 bra
2119 2768 2225 2807 non
2261 2752 2508 2822 diligeret
2545 2753 2636 2821 qui
2684 2753 2859 2823 diligit
2889 2754 3101 2810 Filium.
3126 2757 3233 2811 Aut
3271 2758 3374 2812 alia
3401 2774 3565 2815 causa

1987 2851 2099 2905 est,
2129 2841 2381 2911 diligendi
2426 2844 2665 2895 membra
2712 2842 2847 2912 ejus,
2888 2844 2991 2898 nisi
3032 2846 3156 2915 quia
3191 2847 3363 2917 diligit
3403 2851 3566 2905 eum?

1990 2929 2098 2985 Sed
2131 2930 2300 2999 diligit
2328 2928 2523 2983 Filium
2553 2931 2848 2985 secundum
2877 2931 3233 2999 divinitatem,
3261 2936 3385 3003 quia
3416 2936 3565 2992 illum

1990 3022 2250 3091 aqualem
2281 3020 2383 3074 sibi
2412 3020 2625 3089 genuit;
2657 3021 2831 3091 diligit
2852 3037 2975 3075 eum
2999 3023 3163 3077 etiam
3192 3028 3486 3080 secundum
3514 3028 3568 3082 id

1987 3111 2128 3181 quod
2156 3112 2317 3166 homo
2337 3119 2440 3176 est,
2469 3110 2594 3179 quia
2620 3111 2792 3179 ipsum
2819 3112 3151 3182 unigenitum
3180 3114 3415 3169 Verbum
3441 3131 3571 3171 caro

1988 3198 2187 3254 factum
2227 3209 2336 3262 cst,
2378 3208 2432 3253 et
2477 3208 2697 3269 propter
2741 3201 2976 3256 Verbum
3018 3211 3099 3258 est
3127 3203 3174 3257 ei
3213 3204 3376 3259 chara
3408 3207 3568 3262 Verbi

1988 3302 2134 3342 caro.
2156 3287 2262 3343 Nos
2284 3298 2462 3343 autem
2484 3288 2656 3359 diligit
2677 3291 2929 3360 quoniam
2953 3309 3137 3349 sumus
3158 3295 3272 3365 ejus
3295 3298 3566 3353 membra:

1987 3387 2206 3449 propter
2218 3380 2318 3436 hoc
2339 3396 2437 3435 nos
2456 3381 2641 3436 dilexit
2656 3391 2943 3452 antequam
2960 3400 3218 3441 essemus.
3235 3386 3573 3459 Quapropter

1990 3471 2544 3541 incomprehensibilis
2585 3482 2671 3528 est
2696 3474 2913 3530 dilectio
2939 3492 3042 3546 qua
3071 3476 3242 3549 diligit
3286 3479 3450 3543 Deus,
3478 3495 3571 3535 ne-

1992 3577 2098 3631 que
2125 3563 2418 3618 mutabilis.
2442 3583 2459 3615 »
2505 3563 2721 3634 Aliquid
2751 3581 2876 3620 vero
2902 3566 3228 3638 singularius
3270 3569 3574 3641 intelligen-

1991 3652 2119 3707 dum
2145 3661 2229 3709 est
2268 3653 2321 3708 in
2351 3654 2638 3710 dilectione
2668 3655 2787 3710 Filii
2816 3657 2922 3721 sui,
2962 3674 3124 3728 quam
3169 3660 3340 3714 nostri
3382 3675 3576 3719 sensus

1992 3751 2283 3812 paupertas
2314 3743 2611 3814 intelligere
2651 3746 2840 3813 possit.
2886 3746 3037 3801 Unde
3064 3757 3118 3801 et
3149 3748 3289 3802 idem
3316 3751 3572 3819 praefatus

1993 3833 2184 3887 doctor
2230 3833 2283 3886 in
2314 3832 2418 3886 alio
2448 3832 2564 3889 loco
2600 3835 2842 3902 ejusdem
2872 3837 3069 3905 operis,
3111 3839 3397 3906 quamdam
3442 3855 3571 3908 pro-

1992 3922 2275 3993 prietatem
2306 3921 2606 3977 dilectionis
2647 3924 2700 3977 in
2730 3923 2926 3978 Filium
2956 3924 3049 3981 Dci
3068 3966 3082 3991 ,
3110 3928 3404 3982 secundum
3431 3931 3572 3997 quod

1995 4016 2156 4069 homo
2202 4014 2374 4069 factus
2417 4022 2528 4079 est,
2560 4029 2678 4069 esse
2718 4016 3038 4086 designavit.
3068 4017 3158 4072 Ait
3203 4018 3383 4090 itaque
3431 4020 3570 4076 idem

1995 4103 2175 4175 (Aug.,
2203 4103 2376 4158 Tract.
2404 4119 2509 4157 xxv
2523 4105 2584 4166 iu
2604 4105 2790 4169 Joan.,
2815 4124 2867 4160 ιι.
2894 4108 2981 4177 11)
3008 4126 3020 4160 ;
3052 4127 3070 4158 ι
3103 4107 3254 4162 Ilum:
3282 4111 3413 4164 enim
3434 4111 3572 4166 Deus

2001 4195 2160 4249 Pater
2184 4197 2409 4266 signavit
2440 4195 2619 4267 (Joan.
2645 4214 2728 4261 v1,
2760 4198 2873 4269 Ἦ).
2902 4198 3125 4271 Signare
3155 4200 3283 4271 quid
3328 4210 3440 4267 est,
3470 4205 3573 4258 nisi

1994 4286 2270 4355 proprium
2298 4284 2496 4356 aliquid
2524 4287 2761 4357 ponere?
2792 4290 2893 4342 hoc
2924 4297 3005 4343 est
3031 4289 3174 4343 enim
3210 4290 3444 4360 signare,
3473 4290 3573 4345 im-

1926 4424 1971 4483 u
1997 4388 2196 4444 ponere
2230 4372 2452 4444 aliquid,
2484 4390 2590 4446 quo
2631 4392 2737 4431 non
2769 4376 3129 4434 confundatur
3172 4395 3292 4434 cum
3338 4382 3569 4436 cazteris.

2002 4463 2221 4483 οεμμμ
2261 4480 2278 4483 _
2320 4475 2332 4483 ,
2417 4468 2428 4479 .
2659 4467 2773 4483 ..η
2876 4471 2887 4482 .
3145 4471 3181 4483 ..
3458 4473 3546 4483 ,..

2002 4463 2229 4534 Signare
2255 4475 2355 4529 est,
2387 4468 2596 4538 signum
2624 4468 2673 4524 ei
2700 4467 2817 4541 [F.,
2846 4471 3053 4540 signum
3083 4471 3181 4543 rei]
3205 4488 3424 4542 ponere.
3452 4473 3575 4529 Cui-

2000 4571 2213 4626 cunque
2244 4558 2320 4612 rei
2352 4559 2504 4627 ponis
2532 4559 2759 4629 signum,
2790 4559 2909 4613 ideo
2944 4560 3096 4629 ponis
3120 4562 3325 4629 signum
3357 4580 3423 4619 ne
3447 4580 3577 4620 con-

2000 4646 2119 4703 fusa
2164 4665 2286 4704 cum
2326 4650 2446 4705 aliis
2486 4667 2514 4704 a
2547 4658 2596 4706 te
2626 4668 2730 4706 non
2762 4653 2931 4721 possit
2969 4655 3203 4723 agnosci.
3245 4653 3407 4712 Pater
3446 4673 3577 4729 ergo

2000 4740 2231 4816 signavit
2257 4762 2396 4805 eum,
2429 4747 2704 4816 proprium
2728 4748 2802 4801 illi
2827 4748 3076 4816 quiddam
3102 4751 3264 4814 dedit,
3280 4767 3344 4805 ne
3366 4754 3577 4809 casteria

2000 4845 2343 4904 comparetur
2374 4835 2701 4891 hominibus.
2747 4837 2870 4892 Ideo
2914 4853 3042 4909 ergo
3087 4840 3158 4895 illi
3206 4842 3405 4896 dictum
3450 4852 3571 4897 est:

2004 4920 2162 4975 Unxit
2191 4932 2240 4975 te
2268 4922 2430 4986 Deus,
2460 4922 2600 4976 Deus
2629 4932 2750 4978 tuus
2782 4924 2892 4979 oleo
2923 4926 3285 4983 exsultationis
3317 4946 3425 4999 pne
3452 4947 3574 4998 par-

1998 5011 2237 5083 tiripibus
2266 5012 2368 5065 tuis
2413 5011 2584 5083 (Psal.
2611 5028 2754 5078 xuv,
2780 5014 2856 5082 8).
2886 5014 3029 5086 Ergo
3069 5018 3282 5087 signare
3308 5018 3452 5087 quid.
3491 5028 3575 5074 est

2000 5111 2282 5171 exceptum
2320 5102 2547 5165 habere,
2584 5102 2686 5158 hoc
2730 5112 2849 5169 est,
2895 5085 3004 5174 prae
3045 5085 3395 5177 participibus
3447 5085 3625 5163 tuis.‘

2000 5193 2185 5264 Itaque
2213 5194 2399 5258 nolite,
2434 5195 2630 5264 inquit,
2659 5211 2745 5251 me
2779 5206 3142 5261 contemnere,
3169 5199 3290 5267 quia
3316 5198 3454 5254 ﬁlius
3480 5202 3578 5256 ho-

2002 5282 2163 5337 minis
2189 5296 2328 5343 stun,
2373 5290 2426 5335 et
2465 5284 2686 5352 quierite
2728 5300 2758 5339 a
2801 5300 2888 5339 me
2922 5284 3122 5348 cibum,
3150 5301 3253 5339 non
3283 5288 3370 5357 qui
3410 5290 3574 5357 perit,

2001 5373 2093 5428 sed
2120 5373 2210 5444 qui
2239 5383 2519 5442 permanet
2553 5374 2603 5429 in
2631 5376 2795 5429 vitam
2822 5383 3098 5430 aeternam.
3123 5396 3141 5429 ι
3179 5376 3336 5432 Ponis
3364 5396 3579 5451 quoque

1999 5464 2318 5517 sententiam
2358 5463 2423 5519 de
2471 5464 2619 5518 libris
2662 5465 2804 5519 beati
2855 5465 3138 5531 imbresii,
3177 5485 3310 5537 quos
3352 5471 3415 5524 de
3446 5469 3579 5525 Fide

1998 5552 2303 5608 Christiana
2332 5554 2629 5623 composuit
2659 5553 2890 5624 (Ambr.,
2924 5554 2988 5609 de
3012 5553 3223 5610 lucum.
3252 5556 3421 5619 Do:n..
3452 5574 3574 5627 cap.

2001 5643 2129 5723 6,:n.
2159 5644 2267 5713 4‘3).
2304 5664 2319 5694 ι
2350 5644 2663 5714 Emergunt,
2712 5643 2905 5714 inquit,
2936 5645 3050 5709 alii,
3091 5649 3177 5717 qui
3206 5664 3421 5702 carnem
3466 5647 3569 5701 θος

275 4759 351 4798 ex
386 4754 564 4814 parte
588 4761 721 4800 vero
763 4756 822 4800 ut
848 4762 1086 4814 servum,
1122 4749 1263 4819 quod
1292 4752 1513 4804 omnino
1548 4750 1895 4803 ridiculosum

274 4840 369 4887 est.
403 4831 568 4887 dici:
597 4834 692 4887 sed
724 4841 893 4888 totum
936 4835 1162 4890 dicimus
1191 4837 1342 4907 quasi
1378 4838 1654 4907 proprium
1694 4846 1750 4891 et
1782 4837 1899 4891 uni-

270 4936 409 4976 cum
451 4921 619 4993 diligi
651 4937 682 4976 a
709 4921 870 4979 Patre
900 4922 1115 4978 Filium.
1149 4924 1324 4995 Super
1360 4941 1552 4995 quem,
1602 4941 1751 4996 rogo,
1798 4941 1895 4980 vox

270 5012 431 5065 facta
466 5020 564 5066 est
588 5012 648 5065 in
691 5013 960 5081 baptismo
988 5014 1071 5067 vel
1113 5013 1169 5068 in
1199 5022 1382 5070 monte
1427 5022 1615 5069 sancto
1645 5032 1658 5068 :
1688 5014 1793 5068 llic
1822 5025 1898 5069 est

269 5092 473 5150 Filius
526 5111 677 5148 naeus
725 5095 946 5150 dilectus
979 5094 1191 5166 (Matth.
1218 5114 1307 5160 ιιι,
1340 5099 1432 5163 1Ἱ;
1460 5108 1508 5151 et
1538 5114 1679 5162 xvn,
1713 5098 1804 5166 5)?
1829 5115 1895 5152 an

262 5199 457 5256 super
502 5184 849 5240 divinitatem
895 5193 1125 5249 tantum,
1153 5195 1210 5242 et
1237 5202 1344 5243 non
1388 5203 1551 5259 super
1594 5188 1899 5243 humanita-

256 5286 385 5333 tem
404 5279 433 5331 ζ’
462 5276 627 5347 quod
670 5276 894 5347 impium
929 5287 1013 5334 est
1043 5280 1294 5343 credere;
1326 5287 1379 5334 et
1415 5289 1896 5350 prmsumptuosum

250 5380 347 5426 est
386 5370 626 5433 dicere,
660 5368 878 5425 Patrem
910 5385 1017 5426 non
1065 5370 1288 5442 diligere
1329 5369 1521 5426 Filium
1567 5370 1619 5425 in
1650 5382 1898 5443 suscepta

254 5464 665 5519 humanitatis
691 5472 904 5525 natura.
934 5465 1027 5535 qui
1072 5465 1148 5520 sic
1195 5466 1378 5520 unitas
1420 5480 1541 5521 esse
1575 5474 1787 5520 constat
1829 5482 1894 5521 ex

248 5554 513 5610 duabus
549 5554 899 5615 suistantiis.
932 5563 992 5609 ut
1018 5554 1089 5608 sit
1133 5570 1271 5611 unus
1297 5554 1625 5626 unigenitus,
1657 5569 1759 5609 non
1793 5556 1897 5610 duo

248 5643 397 5712 ﬁlii,
455 5660 616 5702 unus
662 5645 971 5716 unigenitus
1014 5654 1067 5699 et
1097 5645 1233 5700 alter
1269 5646 1565 5717 adoptivus.
1600 5644 1723 5701 lico
1753 5646 1895 5700 enim
