3964 6186
325 243 430 300 219
1183 243 1242 299 Β.
1282 244 1343 299 F.
1384 242 1608 298 ALBlNl
1647 239 1777 295 SEU
1817 237 1922 292 ALl

2026 238 2093 293 Nl
2130 236 2415 295 OPERUM
2453 235 2630 293 PARS
2668 238 2754 292 ιιι.
3474 236 3581 291 ειεο

322 358 451 415 mini
475 357 676 425 dicant,
698 353 753 415 et
777 357 1109 415 divinitatem
1127 358 1286 413 unius
1306 364 1529 412 naturae.
1546 355 1675 421 Qua:
1694 361 1897 408 tantum
1926 359 1973 414 Α
1998 351 2083 406 vel
2123 365 2190 406 ex
2215 352 2481 408 catholica
2519 359 2829 406 sanctorum
2872 349 3102 404 Patrum:
3142 347 3586 419 interpretatione

323 447 664 519 sacrilegium
694 447 903 502 inferna
933 447 1285 503 vomuerunt?
1312 466 1331 498 ι
1362 444 1475 499 Hoc
1504 443 1707 505 nescio,
1737 455 1903 510 quare

324 537 528 593 dixisti.
571 535 702 603 Quis
734 535 1030 599 catholicus
1057 551 1219 590 unam
1250 542 1497 589 naturam
1527 531 1824 587 divinitatis
1849 538 1906 584 et

325 627 506 682 carnis
531 639 652 682 esse
680 626 888 681 credit?
917 625 1023 682 Sed
1050 639 1216 695 quare
1258 621 1474 677 tacuisti
1513 620 1751 691 ejusdem
1782 634 1905 674 sen-

326 718 509 772 tentia:
553 717 797 783 initium,
845 717 935 772 ubi
978 717 1120 771 idem
1159 716 1347 770 doctor
1376 712 1453 766 ait
1494 709 1659 784 (idem
1705 708 1901 780 ibid.);

332 824 351 857 ι
381 806 457 861 De
502 805 647 861 nullo
691 806 1073 876 prophetarum
1116 804 1319 859 dictum
1364 810 1477 867 est,
1517 801 1644 870 quia
1671 799 1905 854 Verbum

327 912 453 953 caro
481 895 680 953 factum
714 905 831 951 est:
861 895 1038 949 nullus
1081 895 1469 965 prophetarum
1510 890 1735 945 abstulit
1781 904 1907 959 pec-

328 994 448 1045 cata
477 989 679 1043 mundi.
709 988 784 1041 De
810 986 958 1041 nullo
982 986 1087 1039 alio
1117 985 1318 1039 dictum
1348 993 1467 1039 est:
1501 981 1604 1036 Hic
1629 990 1704 1035 est
1734 978 1781 1033 F
1785 979 1907 1034 ilius

327 1097 474 1134 meus
500 1079 737 1140 dilectus,
777 1079 833 1131 in
869 1094 970 1148 quo
1000 1076 1128 1130 mihi
1176 1076 1302 1131 bene
1349 1073 1638 1146 complacui
1689 1071 1905 1146 (Matth.

328 1191 414 1240 ιιι,
444 1173 554 1245 17).
586 1174 660 1228 De
692 1171 836 1227 nullo
863 1172 1247 1243 prophetarum
1276 1171 1503 1243 legimus
1539 1169 1682 1239 quod
1708 1168 1779 1223 sit
1807 1168 1911 1222 Do-

329 1264 510 1318 minus
554 1262 871 1333 majcstalis,
903 1263 1046 1332 quod
1088 1263 1154 1317 de
1183 1261 1398 1317 Christo
1429 1259 1716 1331 Apostolus
1742 1258 1908 1322 dixit,

331 1371 492 1425 quem
515 1355 684 1411 Judaei
713 1353 1116 1410 cruciﬁxerunt.
1141 1375 1159 1405 ι
1193 1352 1344 1410 Unde
1374 1362 1428 1409 et
1458 1354 1600 1408 idem
1639 1353 1829 1407 doctor
1857 1350 1912 1405 in

331 1446 519 1500 eodem
562 1461 723 1515 opere
762 1445 829 1499 de
859 1445 1121 1499 divisione
1162 1442 1279 1515 [Ρη
1303 1440 1532 1515 visione]
1580 1442 1719 1496 inter
1751 1440 1913 1496 Chri-

335 1544 500 1600 stum,
529 1534 782 1605 Moysem,
807 1543 862 1589 et
888 1535 1080 1599 Ellam,
1109 1534 1199 1604 qui
1227 1534 1279 1586 in
1309 1541 1490 1587 monte
1514 1548 1635 1587 cum
1665 1546 1730 1586 eo
1757 1545 1916 1601 appa-

335 1632 579 1691 ruerunt,
608 1625 771 1681 verba
797 1640 1003 1695 ponens
1032 1626 1107 1679 ita
1136 1625 1210 1678 ait
1238 1624 1468 1695 (Amhr.,
1506 1622 1602 1677 lib.
1629 1640 1645 1677 ι
1671 1622 1734 1676 de
1757 1620 1911 1686 Fide,

2001 443 2321 512 composuit,
2344 450 2405 497 ut
2430 442 2685 507 diximus,
2714 439 3021 496 nullatenus
3040 440 3143 497 iste
3164 454 3357 496 sensus
3378 440 3585 499 inveni-

2003 540 2110 586 tur.
2133 533 2276 588 Dicis
2293 532 2519 602 utique:
2542 550 2561 582 ι
2582 546 2647 587 ex
2672 529 3077 601 trangressione
3099 529 3166 585 de
3191 544 3355 586 carne
3378 528 3587 600 peccati

2002 621 2296 687 sordidum,
2324 637 2485 692 quam
2530 620 2756 676 induere
2798 620 3050 691 dignatus
3094 628 3194 675 est.
3220 640 3239 672 ι
3273 618 3432 675 Jesus
3458 633 3588 676 vero

2002 721 2238 768 aeternus
2275 713 2527 770 sacerdos
2572 713 2867 771 secundum
2909 712 3154 767 ordinem
3198 711 3588 770 Melchisedech

2004 820 2112 860 non
2155 806 2344 863 habuit
2376 820 2597 861 carnem
2636 805 3015 874 peccatricem,
3044 804 3174 874 quia
3218 803 3366 860 nulla
3413 812 3589 862 trans-

2005 896 2211 965 gressio
2257 896 2313 950 in
2353 910 2519 950 carne
2565 895 2709 951 illius
2756 894 2888 962 fuit,
2933 894 3028 950 sed
3072 894 3369 950 similitudo
3407 897 3594 952 carnis

2006 986 2212 1056 peccati
2236 999 2251 1039 :
2281 999 2382 1041 nec
2421 983 2530 1039 ulla
2556 985 2815 1040 adustura
2858 986 3066 1056 peccati
3096 986 3150 1040 in
3179 1001 3406 1056 corpore
3445 987 3593 1044 illius

2008 1076 2285 1146 apparuit,
2315 1075 2411 1131 sed
2438 1083 2500 1129 ut
2536 1075 2659 1130 lana
2702 1076 2827 1142 illa,
2870 1084 2926 1131 et
2954 1077 3153 1131 munda
3196 1077 3400 1148 absque
3442 1079 3589 1133 omni

2009 1168 2246 1222 tinctura
2290 1166 2529 1236 peccati,
2571 1174 2626 1221 et
2669 1182 2882 1239 gemma
2928 1166 3293 1235 lucidissima,
3336 1168 3592 1238 omnique

2010 1254 2210 1312 mundo
2239 1257 2526 1326 pretiosior
2561 1258 2962 1314 sanctissimum
3006 1273 3204 1329 corpus
3227 1258 3429 1315 Christi
3471 1260 3595 1315 abs-

2012 1362 2118 1419 que
2158 1348 2306 1404 omni
2334 1349 2493 1404 sorde
2523 1349 2939 1420 trangressionis
2966 1349 3300 1420 perlucidum
3344 1348 3592 1406 fulserat.

2012 1436 2183 1508 Hujus
2208 1453 2337 1495 vero
2364 1439 2587 1495 visionis
2610 1440 3018 1511 intelligentiam
3046 1441 3100 1496 in
3127 1448 3358 1496 tractatu
3383 1439 3597 1511 praefati

2013 1529 2192 1600 operis
2218 1529 2361 1585 idem
2386 1530 2574 1586 doctor
2595 1531 2825 1585 eximius
2862 1530 3148 1601 dupliciter
3176 1530 3483 1602 explanavit
3508 1532 3592 1605 (S.

2019 1623 2238 1678 Hieron.
2266 1624 2320 1677 in
2349 1640 2464 1693 cap.
2494 1638 2555 1678 ιιι
2600 1621 2810 1694 Zach.).
2838 1621 2999 1678 Juxta
3044 1623 3363 1680 Hebraicam
3391 1625 3598 1694 opinio-

335 1731 456 1785 cap.
482 1716 570 1780 l3,
594 1731 648 1769 η.
674 1715 762 1785 8i)
791 1734 801 1769 :
839 1735 857 1766 ι
886 1715 1079 1771 Petrus
1107 1715 1160 1770 in
1188 1721 1372 1769 monte
1401 1712 1634 1783 Moysem
1663 1720 1718 1766 et
1740 1711 1912 1766 Eliam
1948 1704 1989 1763 Β
2017 1729 2141 1770 nem
2168 1715 2233 1770 de
2256 1712 2382 1769 Jesu
2413 1713 2523 1770 lilio
2549 1712 2814 1770 Iosedech
2860 1714 3140 1771 sacerdote
3182 1729 3378 1785 magno
3403 1716 3479 1771 ita
3514 1715 3600 1771 in-

332 1807 467 1860 vidit
502 1821 624 1861 cum
653 1806 787 1860 Filio
817 1805 909 1860 Dei
930 1794 948 1859 ἐ
978 1821 1080 1860 nec
1107 1805 1311 1859 erravit
1346 1804 1400 1858 in
1443 1811 1654 1867 natura,
1686 1817 1786 1857 nec
1824 1817 1914 1856 er-

263 1944 276 1957 ,
334 1896 477 1950 ravit
524 1895 577 1949 in
624 1896 812 1965 gloria.
861 1896 1101 1965 Denique
1145 1895 1270 1965 quid
1306 1893 1487 1949 facere
1532 1893 1774 1959 deberet,
1807 1909 1913 1947 non

333 1985 475 2052 illos,
506 1985 600 2041 sed
624 1985 898 2040 Christum
927 1985 1301 2054 interrogavit.
1334 1983 1470 2038 Nam
1493 1984 1593 2038 etsi
1624 1984 1796 2038 tribus
1822 1998 1918 2053 pa-

334 2077 492 2131 rabat
533 2076 878 2145 obsequium,
926 2076 1084 2130 unius
1130 2084 1309 2129 tamen
1352 2074 1698 2145 exspectabat
1744 2074 1905 2141 impe-

338 2169 475 2223 rium
501 2183 516 2221 :
539 2167 631 2222 sed
662 2168 913 2237 quoniam
941 2167 1021 2221 vel
1051 2166 1520 2222 tabernaculorum
1547 2182 1772 2221 numero
1799 2164 1921 2236 [nu-

336 2256 568 2329 merum]
618 2256 965 2312 del‘crendum
1014 2258 1188 2312 tribus
1232 2257 1551 2327 simpliciter
1596 2256 1916 2321 aestimavit,

338 2349 653 2404 emendatur
695 2348 791 2403 Dei
838 2347 1016 2402 Patris
1045 2349 1369 2403 auctoritate
1397 2348 1665 2403 dicentis:
1700 2346 1802 2402 Hic
1844 2357 1919 2402 est

338 2437 514 2493 Filius
545 2457 689 2494 meus
727 2439 967 2504 dilectus,
1009 2440 1179 2509 ipsum
1209 2439 1390 2493 audite
1416 2439 1633 2511 (Matth.
1660 2455 1800 2505 xv",
1830 2440 1916 2511 5);

338 2528 394 2583 id
419 2536 503 2583 est
528 2543 543 2583 :
569 2529 698 2599 quid
727 2544 1018 2583 conservos
1046 2537 1167 2583 tuos
1192 2545 1317 2583 cum
1342 2528 1569 2585 Domino
1592 2538 1684 2585 tuo
1714 2531 1922 2585 socias?

341 2616 446 2671 Hie
469 2626 543 2672 est
593 2616 768 2671 Filius
797 2633 984 2672 meus:
1017 2633 1125 2673 non
1166 2617 1376 2688 Moyses
1411 2617 1572 2683 ﬁlius,
1602 2618 1695 2673 sed
1739 2619 1828 2674 hic
1861 2618 1922 2672 ii-

338 2707 482 2765 lius:
514 2709 688 2764 sensit
711 2708 1140 2763 emendationem
1167 2709 1442 2778 apostolus
1467 2726 1479 2761 :
1509 2709 1741 2779 procidit
1762 2710 1816 2763 in
1847 2709 1923 2763 fa-

339 2801 502 2867 ciem,
546 2807 926 2855 consternatus
968 2800 1150 2856 Patris
1191 2815 1323 2855 voce
1365 2808 1419 2855 et
1466 2800 1587 2856 Filii
1633 2801 1919 2856 claritate:

342 2889 439 2945 sed
465 2890 707 2945 elevatus
731 2906 757 2944 a
790 2890 947 2955 Filio,
989 2890 1081 2960 qui
1116 2890 1356 2961 jacentes
1382 2892 1595 2962 erigere
1620 2894 1919 2959 consuevit,

341 2996 509 3036 unum
527 2982 680 3048 vidit,
702 2981 873 3036 solum
896 2982 1031 3037 vidit
1050 2981 1145 3036 Dei
1167 2981 1381 3037 Filium.
1400 2983 1761 3039 Recesserunt
1775 2985 1921 3041 enim

2017 1805 2183 1876 telligi
2205 1802 2403 1860 debere
2426 1805 2677 1869 asseruit,
2705 1812 2768 1860 ut
2794 1806 3011 1862 sordida
3034 1806 3357 1863 vestimenta
3383 1807 3600 1862 habuis-

2016 1904 2098 1949 set
2142 1895 2283 1950 idem
2318 1896 2571 1950 sacerdos
2619 1895 2715 1950 Dei
2760 1903 2984 1966 propter
3021 1895 3404 1966 alienigenam,
3438 1910 3601 1966 quam

2016 1984 2169 2039 duxit
2214 1999 2463 2049 uxorem,
2497 1984 2577 2039 vel
2624 1994 2847 2056 propter
2896 1995 3117 2057 peccata
3162 1987 3375 2057 populi,
3405 1985 3487 2041 vel
3533 1984 3604 2043 ob

2018 2074 2326 2144 squalorem
2351 2075 2705 2145 captivitatis,
2732 2077 2875 2133 unde
2903 2092 3076 2146 nuper
3102 2086 3291 2133 erutus
3317 2085 3419 2142 est,
3446 2074 3604 2147 quasi

2021 2164 2181 2219 torris
2228 2165 2631 2221 scmiustulatus
2667 2184 2679 2221 :
2709 2175 2871 2237 atque
2910 2168 3032 2223 ideo
3073 2168 3333 2223 Satanam
3379 2176 3524 2224 stare
3568 2183 3606 2224 ι

2019 2254 2226 2311 dextris
2248 2255 2385 2325 ejus,
2412 2258 2538 2327 quia
2565 2274 2751 2314 veram
2778 2260 3175 2316 accusationem
3201 2261 3391 2316 habuit
3411 2269 3600 2316 contra

2020 2360 2164 2401 eum.
2197 2346 2330 2401 Nam
2363 2348 2607 2404 diabolus
2649 2365 2922 2420 nunquam
2955 2366 2986 2405 a
3019 2351 3224 2407 dextris
3256 2352 3428 2406 nostri
3472 2351 3605 2407 Jesu

1988 2436 2204 2490 stetit:
2237 2437 2361 2506 quia
2408 2453 2681 2507 nunquam
2728 2454 2912 2494 veram
2957 2440 3356 2496 accusationem
3398 2441 3608 2496 invenit

2024 2526 2077 2580 in
2111 2526 2198 2581 illo
2225 2545 2236 2580 :
2262 2528 2361 2582 sed
2392 2527 2445 2581 in
2473 2529 2621 2583 omni
2668 2530 2965 2585 teutatione
3009 2530 3203 2595 victus,
3233 2532 3389 2601 quasi
3438 2531 3602 2602 fugax

2023 2616 2183 2682 latro,
2205 2627 2259 2671 et
2286 2616 2504 2673 timidus
2524 2618 2754 2674 bellator
2776 2620 3000 2675 recessit
3021 2621 3088 2674 ab
3106 2635 3193 2675 eo.
3220 2621 3317 2676 Vel
3339 2623 3609 2690 quomodo

2024 2708 2271 2763 convenit
2297 2708 2363 2763 de
2393 2709 2503 2763 Deo
2527 2706 2674 2775 Jesu,
2700 2718 2758 2765 ut
2786 2710 2929 2764 dicat
2953 2710 3001 2764 ei
3031 2710 3254 2780 angelus
3279 2728 3293 2765 :
3326 2710 3461 2764 Ecce
3488 2711 3609 2765 abs-

2023 2796 2120 2850 tuli
2148 2815 2178 2850 α
2204 2807 2251 2851 ιε
2278 2798 2605 2868 iniquitatem
2633 2809 2799 2863 tuam,
2828 2799 2918 2869 qui
2951 2799 3153 2853 nullam
3182 2800 3371 2854 habuit
3414 2800 3613 2869 iniqui-

2026 2890 2226 2945 tatem?
2252 2888 2363 2944 Nec
2393 2888 2532 2946 ullus
2577 2890 2799 2960 angelus
2846 2890 3039 2945 fortior
3078 2890 3167 2947 illo
3209 2890 3342 2956 fuit,
3385 2900 3446 2946 ut
3484 2906 3611 2946 eum

1990 3036 1991 3045 γ
2027 2981 2284 3036 mundare
2330 2995 2360 3035 a
2407 2991 2630 3052 peccato
2676 2983 2996 3038 debuisset:
3042 2983 3169 3038 dum
3218 2982 3378 3039 Jesus
3426 2991 3614 3040 noster

343 3072 561 3135 servuli,
586 3080 647 3127 ut
671 3073 815 3127 solus
841 3072 1120 3141 Dominus,
1143 3072 1235 3143 qui
1261 3072 1407 3128 solus
1434 3072 1815 3145 designabatur
1840 3073 1925 3129 Fi-
1953 3065 1999 3127 C
2030 3073 2206 3143 magni
2238 3073 2447 3127 consilii
2477 3073 2699 3145 angelus
2737 3073 2933 3128 missus
2964 3074 3034 3128 sit
3061 3089 3090 3127 a
3119 3084 3343 3143 paterna
3370 3075 3498 3129 sede
3528 3084 3614 3128 to-

340 3161 469 3232 lius,
495 3165 789 3221 videretur.
813 3185 832 3218 ι

412 3255 547 3313 Vill.
576 3256 743 3328 Igitur
767 3257 892 3311 dum
919 3256 1152 3327 plurima
1182 3266 1493 3314 sanctorum
1521 3258 1742 3314 Patrum
1772 3260 1925 3315 testi-

342 3347 524 3403 monia
550 3348 937 3417 percurrendo,
975 3348 1229 3418 producis
1259 3350 1313 3403 in
1357 3350 1613 3415 medium,
1647 3351 1702 3404 in
1731 3350 1925 3420 quibus

344 3438 478 3495 nihil
516 3441 623 3494 tuis
663 3439 907 3509 partibus
952 3438 1131 3495 favere
1175 3442 1440 3496 veraciter
1485 3442 1784 3506 invenitur,
1830 3444 1925 3498 sed

345 3528 602 3583 nonnulla
647 3529 810 3584 etiam
842 3529 1021 3600 palam
1052 3530 1148 3585 tibi
1177 3532 1448 3586 contraria
1474 3546 1613 3597 esse,
1642 3540 1701 3587 ut
1732 3535 1927 3603 proba-

346 3617 522 3672 vimus
563 3617 1021 3685 manifestissime,
1049 3634 1168 3689 quae
1195 3621 1497 3678 certissime
1524 3623 1805 3678 veritatem
1833 3640 1927 3681 ca-

347 3710 558 3766 tholica:
598 3710 718 3767 lidei
748 3711 1017 3767 aiilrmare
1058 3712 1441 3785 intelliguntur,
1488 3724 1707 3785 repente
1735 3731 1928 3786 perve-

347 3798 474 3854 nisti
498 3800 565 3854 ad
590 3800 906 3855 Zachariam
933 3803 1274 3872 prophetam,
1300 3805 1387 3859 cui
1411 3802 1569 3859 Iesus
1594 3807 1848 3862 sacerdos
1874 3809 1928 3861 in

346 3890 578 3947 sordidis
618 3893 953 3949 vestimentis
990 3904 1238 3950 ostensus
1279 3906 1363 3952 est
1402 3898 1470 3967 ab
1503 3899 1695 3970 angelo
1741 3899 1926 3971 (Zaclt.

347 3982 454 4052 ιιι).
495 3983 664 4051 Quam
706 3985 967 4041 visionem
993 3987 1075 4043 vel
1119 3990 1459 4059 pmphetiam
1486 3992 1702 4046 beatum
1734 3993 1929 4049 Hiero-

348 4089 567 4143 nymum
594 4075 750 4131 aliter
768 4091 1037 4146 exponere
1063 4080 1283 4145 asseris,
1307 4080 1465 4135 aliter
1486 4097 1586 4136 nos
1611 4082 1665 4136 in
1695 4091 1931 4139 tractatu

347 4163 463 4233 ejus
488 4165 542 4220 in
571 4166 819 4222 eumdem
860 4170 1177 4239 prophetam
1220 4156 1480 4242 scriptum
1513 4170 1756 4242 legimus.
1788 4172 1932 4228 Dicis

348 4254 492 4310 enim
521 4255 768 4312 eumdem
798 4272 967 4311 sacra:
994 4257 1234 4314 historia:
1262 4260 1611 4331 interpretem
1636 4261 1750 4317 haec
1778 4278 1933 4332 repo~

348 4360 478 4401 nere
503 4346 703 4401 verba:
735 4345 803 4398 Et
828 4346 982 4401 Iesus
1010 4357 1120 4401 erat
1159 4348 1373 4404 induus
1418 4351 1729 4404 uestimentis
1759 4352 1934 4406 sordi-

2023 3163 2131 3218 tius
2159 3165 2341 3218 mundi
2374 3181 2606 3235 purgare
2630 3174 2873 3235 peccata.
2901 3166 3058 3220 Ponit
3086 3181 3319 3236 quoque,
3346 3182 3453 3222 non
3485 3182 3617 3221 eon-

2025 3253 2309 3319 ﬁrmando,
2342 3256 2434 3311 sed
2459 3255 2790 3311 ostendendo
2816 3257 2956 3311 idem
2989 3255 3243 3327 praefatus
3270 3256 3459 3312 doctor
3485 3271 3619 3327 quo-

2027 3343 2271 3399 rumdam
2301 3345 2602 3414 opiniones,
2627 3346 2896 3415 quomodo
2923 3346 3040 3402 hzcc
3060 3347 3126 3402 de
3151 3347 3368 3403 Christo
3392 3345 3619 3418 intelligi

2024 3432 2228 3487 velint:
2256 3441 2310 3487 et
2336 3433 2403 3489 de
2446 3441 2590 3490 torre
2618 3444 2774 3490 eruto
2809 3436 2957 3500 dicit,
2991 3437 3133 3506 quod
3159 3435 3318 3492 Jesus
3345 3438 3398 3491 in
3436 3436 3622 3508 Baby-

2026 3522 2170 3577 lonia
2209 3521 2332 3593 igne
2374 3535 2751 3595 consumptum
2798 3524 2908 3598 [Ex
2940 3543 3097 3580 sensu
3143 3526 3204 3583 S.
3239 3526 3480 3593 Hieron.,
3506 3541 3619 3583 non

2027 3611 2318 3684 Babylonio
2343 3612 2466 3684 igne
2491 3614 2922 3688 consumptum],
2951 3616 3005 3671 id
3031 3623 3133 3681 est,
3160 3626 3506 3685 peccatorum
3533 3618 3623 3671 ni-

2028 3705 2248 3777 gredine
2276 3720 2381 3759 non
2410 3705 2736 3772 ustulatum,
2763 3722 2864 3763 nec
2892 3706 3109 3763 flamma
3139 3706 3299 3776 hujus
3323 3709 3501 3763 saeculi
3537 3717 3627 3763 at-

2031 3804 2254 3860 tactum,
2283 3797 2337 3852 id
2360 3807 2461 3863 est,
2494 3799 2636 3854 nulla
2667 3800 2880 3855 llamma
2911 3802 3167 3858 vitiorum
3196 3803 3279 3858 vel
3320 3802 3511 3858 saltem
3538 3813 3626 3859 at-

2030 3895 2251 3950 tuctum,
2289 3889 2382 3944 sed
2427 3890 2495 3945 ab
2526 3892 2671 3945 omni
2721 3901 3069 3962 peccatorum
3099 3895 3259 3949 sorde
3301 3895 3620 3963 immunem,

2031 3979 2171 4032 sicut
2194 3995 2386 4034 aurum
2409 3980 2529 4050 igne
2556 3982 2844 4050 probatum
2871 3984 3265 4052 splendescere.
3293 3984 3399 4041 Sed
3426 3988 3626 4043 melius

2032 4068 2192 4137 hujus
2219 4071 2515 4140 prophetiae
2540 4074 2811 4128 sententia
2847 4074 2913 4129 de
2943 4074 3160 4130 Christo
3201 4076 3350 4131 aiunt
3392 4076 3627 4148 intelligi

2032 4174 2209 4228 posse,
2250 4160 2339 4215 ubi
2381 4161 2582 4216 dictum
2614 4170 2700 4217 est
2740 4180 2753 4217 :
2788 4163 2927 4218 Audi
2964 4163 3095 4219 lese
3139 4165 3384 4221 sacerdos
3413 4184 3622 4237 magne,

2033 4262 2089 4305 tu
2118 4264 2164 4305 et
2193 4254 2348 4306 amici
2380 4254 2490 4318 tui,
2523 4255 2617 4325 qui
2645 4256 2882 4312 habitant
2909 4275 3088 4313 coram
3116 4269 3186 4325 te,
3215 4261 3341 4331 quia
3371 4261 3469 4315 viri
3492 4278 3626 4331 por-

2034 4344 2297 4399 tendentes
2324 4355 2479 4401 sunt:
2504 4346 2640 4402 Ecce
2659 4350 2796 4404 enim
2816 4367 2909 4421 ego
2933 4352 3193 4406 adducam
3217 4370 3420 4408 servum
3446 4371 3625 4409 meum

349 4435 455 4503 dis,
495 4436 681 4506 utique
717 4450 783 4490 ex
820 4439 1251 4507 transgressione
1274 4438 1342 4493 de
1370 4455 1534 4495 carne
1573 4444 1779 4510 peccati
1817 4459 1922 4498 sor-

2039 4433 2330 4502 Orientem,
2357 4438 2482 4507 quia
2507 4456 2622 4493 ecce
2668 4439 2823 4511 lapis,
2867 4458 3018 4512 quem
3066 4442 3187 4497 dedi
3235 4460 3410 4498 coram
3455 4443 3623 4510 Iesu,

354 4526 534 4592 didus,
577 4541 738 4596 quam
781 4525 1004 4582 induere
1032 4527 1284 4597 dignatus
1312 4535 1431 4583 est:
1462 4529 1603 4584 unde
1641 4540 1697 4584 et
1739 4533 1934 4601 pannis

352 4616 623 4673 involutus
646 4624 702 4672 et
727 4623 991 4674 scissuras
1018 4617 1180 4688 852
1216 4618 1437 4673 humani
1462 4619 1697 4688 generis,
1726 4620 1851 4675 dum
1880 4621 1933 4674 in

352 4722 411 4762 se
436 4706 526 4761 illa
556 4710 811 4779 suscepit,
842 4709 1123 4780 inspicitur
1148 4728 1161 4763 :
1188 4710 1358 4764 donec
1382 4709 1531 4764 radio
1556 4709 1752 4774 crucis,
1782 4710 1934 4765 inno-

352 4797 545 4852 centiae
569 4799 749 4853 tunica
780 4808 1070 4855 tcxeretur.
1107 4799 1313 4865 Nonne,
1346 4800 1539 4870 inquit,
1564 4801 1655 4854 hic
1681 4801 1800 4855 titio
1843 4818 1935 4857 ex-

355 4898 560 4946 tractus
592 4892 660 4945 ab
705 4890 826 4961 igne
854 4893 972 4945 est?
1011 4891 1151 4946 Titio
1188 4900 1462 4946 extractus
1499 4891 1565 4945 ab
1611 4890 1734 4962 igne
1773 4892 1934 4947 semi-

355 4981 646 5047 ustulatus,
667 4995 774 5035 non
797 4980 1205 5050 percombustus
1229 4997 1350 5038 esse
1380 4982 1701 5037 ostenJitur.
1727 4982 1936 5055 Corpus

356 5073 502 5129 enim
528 5073 660 5129 illud
687 5072 905 5128 humani
946 5072 1178 5144 generis,
1206 5072 1347 5140 quod
1390 5086 1455 5126 ex
1482 5072 1934 5142 protOplastorum

359 5163 787 5235 transgressione
813 5167 869 5216 et
900 5162 1184 5215 criminum
1213 5159 1426 5214 ﬂamma
1452 5160 1630 5216 fuerat
1662 5162 1935 5228 adustum,

361 5254 463 5309 hoc
486 5254 658 5309 induit
684 5254 960 5318 Dominus,
986 5261 1040 5309 et
1060 5252 1217 5324 quasi
1245 5251 1483 5307 titionem
1508 5254 1935 5308 semiustulatum

361 5364 392 5402 a
419 5350 676 5419 gehennae
700 5348 949 5404 incendio
978 5346 1246 5403 liberavit.
1276 5344 1333 5401 ln
1363 5361 1469 5415 quo
1513 5360 1642 5401 vero
1672 5346 1826 5409 libro,
1856 5346 1941 5401 vel

363 5438 416 5492 in
446 5453 552 5508 quo
588 5452 750 5509 epere
778 5439 893 5493 hrec
929 5438 1152 5493 dixisset
1196 5438 1388 5492 beatus
1439 5436 1816 5508 Hieronymus,
1846 5453 1944 5492 nos

363 5544 469 5583 non
500 5529 819 5584 invenimus.
844 5529 1008 5601 igitur
1035 5529 1087 5582 in
1120 5536 1351 5584 tractatu
1381 5526 1620 5596 ejusdem
1648 5529 1940 5599 prephetae,

362 5638 533 5694 quem.
554 5623 641 5680 ille
668 5623 855 5680 doctor
879 5625 1128 5695 egregius
1168 5625 1251 5680 vel
1283 5640 1348 5679 ex
1389 5624 1650 5680 llcbraica
1695 5627 1941 5691 veritate,

2038 4535 2227 4596 septem
2260 4526 2400 4579 oculi
2426 4538 2546 4582 sunt
2579 4528 2765 4599 (Zack.
2794 4547 2876 4598 ιιι,
2907 4533 2985 4602 8).
3015 4531 3141 4588 Jesu
3180 4543 3237 4589 et
3265 4536 3455 4591 amicis
3481 4533 3628 4606 ejus,

2038 4616 2129 4684 qui
2157 4628 2281 4670 sunt
2308 4618 2410 4671 viri
2435 4621 2835 4688 portendentes,
2864 4624 2917 4679 id
2944 4632 3046 4688 est,
3071 4627 3348 4697 prophetis
3368 4636 3423 4683 et
3444 4643 3631 4684 sacer-

2038 4709 2184 4763 dotio
2212 4707 2521 4765 Judteorum
2549 4716 2854 4782 promissus
2879 4726 2963 4771 est
2991 4718 3102 4782 ille,
3130 4719 3198 4774 de
3229 4735 3336 4789 quo
3363 4722 3627 4791 scriptum

2039 4810 2124 4856 est
2147 4819 2160 4856 :
2189 4799 2325 4857 Ecce
2353 4803 2433 4857 uir
2459 4804 2631 4860 oriens
2661 4823 2849 4861 nomen
2874 4809 2993 4879 ejus
3041 4808 3226 4881 (Zach.
3253 4828 3303 4875 v,
3333 4812 3441 4884 l2).
3472 4812 3540 4867 Et
3568 4814 3630 4868 in

2042 4895 2328 4968 Evangelio
2351 4914 2364 4950 :
2394 4896 2462 4952 In
2485 4898 2672 4969 quibus
2693 4900 2914 4955 uisitauit
2940 4919 3034 4956 nos
3058 4904 3233 4958 oriens
3254 4920 3317 4958 ea:
3339 4904 3445 4958 alto
3468 4901 3628 4976 (Luc.

2043 5000 2083 5049 ι,
2108 4985 2227 5058 78):
2251 4995 2307 5041 et
2330 4985 2468 5057 lapis
2493 4988 2788 5059 angularis,
2814 4991 2908 5060 qui
2938 4991 3054 5046 sine
3082 4992 3331 5047 manibus
3353 4992 3421 5046 de
3445 5000 3633 5049 monte

2043 5075 2297 5142 praecisus
2321 5076 2576 5131 contrivit
2600 5079 2851 5134 universa
2881 5081 3063 5135 mundi
3092 5097 3259 5154 regna
3281 5081 3492 5153 (Matth.
3510 5098 3633 5152 xxx,

2042 5167 2155 5238 λιι).
2186 5169 2361 5239 Super
2397 5184 2555 5238 quem
2586 5170 2838 5238 lapidem,
2869 5181 3061 5242 septem
3090 5172 3228 5227 oculi
3255 5183 3396 5239 sunt,
3433 5174 3487 5228 id
3521 5181 3633 5239 est,

2044 5269 2249 5329 septem
2278 5262 2419 5317 dona
2458 5264 2633 5317 sancti
2665 5263 2921 5333 Spiritus,
2963 5281 3083 5335 quae
3114 5266 3165 5319 in
3196 5266 3333 5321 lsaia
3378 5266 3633 5338 leguntur

2044 5350 2177 5422 (lea.
2215 5367 2267 5406 χι
2287 5392 2300 5417 ,
2332 5353 2407 5424 l),
2435 5369 2595 5423 super
2622 5353 2810 5410 liorem
2859 5358 3223 5427 requiescere,
3253 5359 3341 5428 qui
3382 5359 3449 5414 de
3476 5358 3633 5429 virga

2048 5442 2240 5497 radicis
2265 5441 2417 5499 Jesse
2446 5445 2785 5515 germinavit.
2817 5447 2896 5501 Ex
2931 5447 3084 5517 cujus
3116 5463 3343 5519 persona
3388 5449 3443 5504 in
3488 5449 3621 5505 Can-

2046 5536 2153 5591 tico
2186 5537 2517 5591 canticorum
2547 5538 2748 5593 dictqu
2788 5540 3020 5609 legitur:
3056 5539 3168 5611 Ego
3209 5543 3307 5612 ﬂos
3348 5541 3542 5611 campi,
3584 5553 3633 5594 et

2047 5625 2212 5680 lilium
2247 5627 2557 5681 convallium
2591 5628 2766 5700 (Cant.
2793 5647 2848 5696 ιι,
2890 5632 2956 5702 Ι).
2995 5632 3066 5685 De
3111 5646 3217 5701 quo
3260 5633 3422 5686 etiam
3456 5630 3635 5700 lapide

3951 2790 3964 2827 ἓ.

3956 2880 3964 2913 1

3954 2974 3964 3008 l

3956 3062 3964 3100 ἶ

3956 3154 3964 3187 !

3956 3244 3964 3277 l
