3964 6186
257 362 354 420 Sil

978 358 1395 416 DOGMATICA.
1436 391 1508 401 —
1544 359 1705 415 ADV.
1754 359 2049 416 FELICEM
2087 359 2266 416 LIBRI
2309 361 2416 419 VII.
2455 395 2526 404 —
2556 363 2685 419 LIB.
2729 366 2834 420 ΥΠ.

3409 374 3517 432 222

253 493 380 533 mox
417 475 766 547 subjungitur
791 492 804 529 :
835 473 1042 530 Ctelabo
1066 475 1388 546 sculpturam
1416 477 1552 548 ejus,
1577 477 1704 532 dicit
1738 476 1842 530 Do-
1866 480 1918 538 Α
1945 472 2106 528 rites?
2128 471 2281 541 Quod
2307 483 2489 531 autem
2514 477 2733 533 omnino
2756 479 3051 535 secundum
3077 482 3288 552 regulas
3309 484 3516 544 Latium

249 568 431 622 minus
455 569 805 631 exercituum,
827 575 876 621 et
903 566 1142 636 auferam
1166 567 1493 640 iniquitatem
1519 578 1671 623 teme
1694 567 1837 622 illius

246 658 308 714 in
332 659 425 713 die
452 675 561 714 una
589 654 777 727 (Zach.
806 673 892 725 ni,
916 657 994 739 9).
1027 677 1047 711 t
1073 658 1242 714 lstum
1270 674 1398 715 vero
1426 659 1654 730 lapidem
1685 658 1837 730 (Hie-

246 764 394 815 ron.,
426 748 532 805 loc.
556 748 697 824 cit.),
721 750 816 821 qui
841 750 1017 806 dictus
1038 758 1121 806 est
1146 765 1331 806 coram
1356 749 1503 817 lesu,
1529 750 1696 806 clavis
1714 766 1839 806 cru-

244 839 350 907 cis,
388 848 451 896 et
494 838 686 895 lancea
727 839 917 895 militis
959 838 1156 896 faciam
1186 842 1478 907 vulnerari,
1510 848 1565 897 et
1607 841 1660 896 in
1696 841 1837 897 illius

246 931 506 1001 passione
524 930 767 986 auferam
795 931 1137 1002 iniquitatem
1166 940 1323 988 terra:
1349 932 1492 988 illius
1515 934 1569 987 in
1595 934 1680 989 die
1706 912 1831 996 uita,

200 1032 207 1040 '
247 1022 315 1076 de
341 1036 452 1091 qua
490 1021 753 1091 scriptum
783 1029 904 1077 est:
931 1020 1063 1076 Han:
1096 1030 1172 1076 est
1200 1022 1333 1088 dies,
1375 1038 1532 1094 quam
1561 1022 1681 1092 fecit
1724 1022 1835 1075 Do-

244 1114 447 1178 minus,
467 1111 789 1167 manemus
809 1122 857 1166 et
885 1110 1121 1168 lwtemur
1138 1113 1194 1167 in
1214 1130 1278 1167 ea
1297 1133 1317 1166 ι
1336 1113 1506 1186 (Psal.
1528 1128 1695 1178 cmi,
1718 1112 1832 1186 24).

244 1199 458 1258 Idcirco
481 1202 698 1273 plenius
723 1201 884 1272 hujus
904 1202 1201 1274 prophetia:
1224 1218 1442 1258 sensum
1466 1203 1832 1274 exposuimus.

247 1300 306 1344 at
331 1291 671 1362 intelligatur
695 1306 859 1359 quam
890 1290 1047 1363 longe
1073 1290 1232 1347 aliter
1256 1291 1451 1347 beatus
1478 1292 1834 1363 Hieronymus

245 1382 302 1435 iu
345 1392 586 1437 tractatu
617 1381 776 1451 hujus
820 1381 1144 1453 prophetiae,
1177 1380 1338 1451 hujus
1364 1380 1587 1438 visionis
1616 1396 1835 1437 sensum

243 1472 329 1528 vel
357 1473 775 1545 intelligentiam
801 1474 1161 1544 exposuisset.
1642 1546 1649 1552 _

311 1564 409 1620 IX.
442 1565 608 1621 Ponis
640 1580 853 1637 quoque
898 1580 1175 1621 sermones
1205 1565 1351 1621 beati
1392 1564 1695 1631 Ambrosii,
1737 1565 1835 1621 sed

241 1657 574 1727 perturbans
594 1657 752 1711 unius
774 1657 1108 1728 pronominis
1126 1654 1427 1726 adjectione
1446 1671 1667 1712 sensum
1686 1654 1832 1711 illius

242 1749 551 1803 sententiae.
576 1747 668 1802 Ait
693 1748 837 1804 enim
881 1749 1070 1805 doctOr
1095 1748 1187 1804 ille
1230 1747 1478 1819 egregius
1524 1745 1661 1821 (Lib.
1685 1763 1737 1811 v,
1766 1746 1831 1802 de

1940 564 2259 633 eloquentiae
2287 575 2434 623 stare
2463 583 2569 624 non
2596 576 2772 639 potest
2797 588 2811 624 :
2842 571 2888 625 si
2930 572 2999 626 ad
3028 587 3207 629 mares
3247 577 3518 644 pertinere

1938 653 2184 720 voluisti,
2211 656 2446 711 maribus
2473 658 2750 716 debuisses
2795 662 2997 728 dicere,
3038 678 3145 718 non
3183 665 3385 731 maris;
3421 670 3518 723 sed

1936 743 2227 813 singularis
2268 754 2376 801 tua:
2421 747 2628 816 peritiae
2668 749 2976 818 eloquentia
3020 751 3220 809 talibus
3256 753 3392 810 solet
3436 756 3516 810 uti

1935 833 2135 898 verbis,
2163 849 2284 904 qua:
2325 849 2427 890 nec
2473 837 2674 907 regulis
2717 846 2865 894 recte
2900 839 3151 910 loquendi
3196 840 3304 897 ullo
3350 844 3512 899 modo

1934 924 2281 991 conveniunt,
2325 940 2426 980 nec
2471 942 2631 981 sensu
2661 929 2939 984 catholica:
2981 930 3105 986 ﬁdei
3138 933 3513 1003 astipulantur.

1936 1010 2185 1069 Timuisti
2217 1012 2355 1070 forte
2380 1016 2580 1081 dicere,
2608 1017 2799 1087 absque
2822 1016 2946 1072 ullis
2970 1021 3379 1089 praecedentibus
3409 1040 3517 1077 me-

1935 1101 2087 1155 ritis:
2114 1103 2242 1173 quia
2273 1120 2396 1159 mox
2423 1105 2477 1159 in
2507 1106 2856 1175 sequentibus
2896 1109 3214 1165 eruditionis
3254 1120 3360 1167 tua:
3389 1128 3515 1168 scn-

1934 1193 2084 1249 sibus
2126 1194 2415 1260 invenitur,
2448 1206 2498 1252 te
2545 1197 2791 1253 dixisse:
2830 1217 2848 1250 ί
2874 1198 3004 1266 Quae
3051 1201 3162 1268 ille,
3217 1202 3415 1272 inquis,
3449 1205 3515 1260 de

1933 1284 2271 1341 humanitate
2306 1286 2427 1341 Filii
2468 1287 2585 1353 Dei,
2613 1289 2668 1343 in
2708 1304 2815 1359 qua
2844 1299 3003 1345 natus
3044 1291 3226 1357 homo,
3260 1308 3358 1362 per
3385 1295 3515 1350 ado-

1931 1376 2131 1447 ptionis
2172 1378 2399 1448 gratiam
2445 1379 2643 1433 meruit
2682 1395 2802 1435 esse
2839 1382 2983 1450 quod
3023 1392 3132 1447 est,
3167 1392 3222 1437 et
3266 1385 3512 1454 accipere

1934 1470 2077 1539 quod
2106 1470 2267 1524 habet
2292 1488 2303 1523 :
2336 1491 2353 1523 ι
2390 1478 2447 1524 ιιι
2475 1471 2612 1526 dicis
2649 1487 2772 1526 cum
2808 1475 3243 1529 antecessoribus
3270 1476 3377 1531 tuis
3403 1476 3510 1532 Pe-

1932 1557 2074 1629 lagio
2098 1566 2154 1615 et
2195 1559 2444 1615 Nestorio
2472 1559 2746 1616 Christum
2792 1565 3075 1629 meruisse,
3105 1573 3167 1618 ut
3200 1575 3344 1620 esset
3370 1568 3515 1636 quod

1932 1657 2047 1713 est;
2076 1664 2198 1703 cum
2228 1658 2447 1704 sanctus
2476 1649 2808 1721 Augustinus
2833 1662 2888 1708 et
2916 1668 3106 1709 omnes
3136 1656 3391 1711 catholici
3419 1657 3516 1712 do-

1930 1749 2109 1796 ctores
2135 1742 2296 1798 nullis
2334 1745 2763 1814 praecedentibus
2807 1748 3015 1803 meritis
3043 1749 3098 1803 in
3127 1750 3242 1820 ipso
3270 1751 3517 1808 humani-

245 1832 405 1900 Fide,
422 1853 478 1891 n.
498 1835 652 1909 107):
674 1856 693 1888 ι
714 1836 911 1894 Contra
928 1848 1108 1893 autem
1127 1846 1311 1893 sancto
1325 1837 1648 1908 patriarchae
1661 1835 1830 1893 David
1862 1829 1905 1889 Β
1935 1832 2063 1887 tatis
2087 1831 2289 1888 Christi
2318 1833 2541 1889 exordio
2568 1835 2818 1890 eumdem
2844 1836 3015 1892 Deum
3040 1853 3161 1894 esse
3193 1849 3512 1910 conceptum

242 1928 546 1984 secundum
593 1928 820 1998 gloriam
863 1944 1016 1983 suam
1069 1928 1329 1983 Dominus
1369 1936 1487 1993 est;
1534 1927 1829 1983 secundum

240 2015 409 2086 853
437 2017 741 2087 corporalis
769 2017 1127 2073 successionis
1165 2017 1361 2073 seriem
1387 2016 1555 2072 Filius
1590 2026 1698 2083 est,
1721 2031 1831 2072 non

244 2105 507 2161 deﬁciens
529 2122 562 2160 a
603 2122 681 2172 se,
706 2107 802 2162 sed
848 2115 1047 2164 nostra:
1074 2108 1165 2178 jus
1190 2108 1293 2163 sibi
1321 2106 1623 2178 adoptionis
1647 2109 1830 2180 acqui-

244 2211 423 2250 rens.»
451 2195 537 2250 Tu
558 2211 688 2251 vero
715 2196 1008 2252 immutasti
1036 2212 1335 2263 sermones,
1362 2197 1455 2252 ubi
1482 2198 1573 2254 ille
1593 2198 1688 2263 ait,
1712 2214 1833 2252 suc-

243 2286 519 2349 cessionis,
546 2294 603 2340 tu
632 2286 879 2356 posuisti,
903 2286 1275 2356 susceptionis;
1300 2295 1356 2342 et
1379 2287 1473 2342 ubi
1499 2288 1610 2342 ait:
1638 2298 1830 2343 nostra:

242 2377 326 2442 ius
351 2377 457 2432 sibi
481 2377 777 2449 adoptionis
800 2378 1103 2449 acquirens;
1131 2377 1275 2448 quod
1299 2378 1448 2433 omni
1473 2394 1635 2435 sensu
1658 2387 1827 2445 caret,

243 2467 386 2522 hanc
416 2467 665 2522 eamdem
696 2467 1019 2524 sententiam
1046 2467 1132 2522 bis
1162 2467 1390 2537 posuisti
1418 2468 1474 2523 in
1498 2467 1678 2523 libello
1704 2477 1825 2534 tuo;

241 2557 505 2625 gaudens,
536 2564 599 2610 ut
638 2572 783 2624 reor,
812 2558 867 2612 in
908 2556 1211 2628 adoptionis
1240 2557 1459 2613 nomine
1486 2575 1499 2613 :
1532 2557 1677 2627 quod
1712 2573 1829 2614 om-

241 2650 371 2706 nino
408 2649 477 2705 de
507 2652 664 2706 nobis
689 2651 744 2706 in
772 2651 877 2707 hoc
899 2650 1019 2705 loco
1044 2650 1279 2721 positum
1306 2658 1410 2715 est,
1440 2663 1548 2705 non
1576 2648 1643 2705 de
1667 2648 1826 2703 Chri-

240 2748 348 2805 sto,
372 2742 468 2811 qui
496 2750 698 2797 nostra:
721 2740 1025 2812 adoptionis
1045 2740 1158 2811 jus,
1184 2742 1239 2797 id
1264 2750 1367 2808 est,
1396 2749 1718 2813 potestatem
1738 2756 1828 2796 ac-

240 2833 459 2903 quirere
502 2833 720 2888 dicitur.
766 2833 835 2888 Et
875 2833 1060 2889 nescio
1108 2841 1290 2888 utrum
1330 2833 1476 2889 mala
1523 2833 1825 2899 voluntate,

241 2935 393 2975 more
450 2920 547 2975 tibi
591 2929 870 2987 consueto,
914 2921 1212 2976 immutasti
1243 2937 1522 2979 sermones
1550 2923 1710 2989 illius,
1742 2925 1829 2980 vel

240 3013 407 3067 etiam
448 3013 741 3082 imperitia.
775 3011 833 3067 Si
862 3013 1007 3067 mala
1049 3013 1327 3069 voluntate
1365 3022 1676 3069 sanctorum
1718 3014 1827 3070 Pa-

241 3111 385 3156 trum
424 3104 748 3173 purissimos
789 3118 979 3158 sensus
1022 3103 1309 3159 immutare
1352 3112 1550 3168 tentas,
1593 3120 1691 3160 cur
1718 3121 1825 3161 non

240 3192 399 3246 times
422 3190 762 3261 Scripturam
783 3192 1087 3249 dicentem:
1113 3191 1185 3249 0s
1207 3193 1347 3265 quod
1367 3196 1614 3248 mentitur
1637 3196 1827 3250 occidit

239 3281 475 3334 animum
521 3279 678 3352 (Sap.
709 3297 743 3343 ι,
778 3279 902 3351 ll)?
930 3280 991 3336 Si
1031 3296 1160 3338 vero
1196 3282 1484 3352 imperitia,
1526 3283 1698 3339 miror
1731 3301 1828 3340 cur

240 3384 344 3423 non
381 3369 679 3425 erubescas
704 3370 1067 3442 insipientiam
1096 3379 1271 3438 tuam;
1304 3372 1431 3443 quia
1460 3373 1588 3428 dum
1617 3375 1828 3443 sapiens

241 3464 319 3518 ris
350 3464 557 3529 videri,
603 3464 799 3520 stultus
828 3479 1085 3535 appares;
1118 3479 1242 3520 nam
1279 3464 1435 3536 juxta
1482 3464 1827 3521 Salomonem

241 3556 455 3627 sapiens
478 3557 750 3627 potuisses
777 3557 979 3627 putari,
1011 3556 1055 3612 si
1088 3556 1366 3612 tacuisses.
1392 3554 1638 3613 Assumis
1663 3559 1828 3613 etiam

241 3657 295 3702 et
316 3648 620 3704 beatissimi
649 3648 846 3705 Leonis
873 3663 1025 3719 papa:
1056 3648 1424 3704 testimonium
1449 3657 1556 3704 tua:
1581 3658 1741 3705 secta:
1771 3651 1825 3705 in

244 3740 594 3810 adiutorium,
624 3742 769 3811 quod
798 3741 1079 3813 perspicue
1106 3742 1215 3796 tuis
1241 3740 1487 3797 sensibus
1513 3742 1667 3798 valde
1696 3757 1827 3798 con-

248 3833 468 3888 trarium
494 3847 615 3889 esse
643 3833 998 3904 dignoscitur,
1026 3832 1117 3887 ubi
1154 3832 1232 3886 ait
1258 3849 1271 3886 :
1305 3852 1326 3882 t
1355 3831 1456 3899 Qui
1484 3834 1628 3889 enim
1668 3848 1829 3889 verus

244 3930 325 3976 est
348 3921 518 3988 Deus,
542 3937 706 3977 verus
740 3932 825 3978 est
854 3923 1033 3987 homo,
1058 3931 1112 3977 et
1137 3922 1341 3977 nullum
1366 3934 1453 3978 est
1489 3924 1543 3977 in
1572 3923 1675 3979 hac
1708 3924 1830 3979 uni-

246 4022 357 4068 tate
382 4013 747 4078 mendacium,
779 4014 909 4068 dum
933 4014 988 4068 in
1018 4014 1247 4070 invicem
1287 4024 1434 4080 sunt,
1467 4023 1523 4071 et
1552 4015 1829 4072 humilitas

245 4104 501 4170 hominis,
526 4114 585 4161 et
621 4106 851 4161 altitudo
875 4106 1120 4161 Deitatis.
1146 4126 1164 4159 ι
1197 4106 1277 4162 Τιι
1317 4108 1502 4177 itaque
1529 4108 1669 4163 hanc
1702 4109 1828 4164 uni-

247 4202 412 4250 tatem
441 4196 638 4253 dividis
661 4198 718 4251 in
748 4197 884 4252 duos
913 4196 1069 4262 ﬁlios,
1097 4212 1263 4253 unum
1290 4198 1583 4268 proprium,
1612 4208 1668 4254 et
1695 4199 1828 4254 alte-

248 4301 367 4339 rum
395 4287 724 4357 adoptivum.
764 4286 897 4341 Nam
927 4288 1152 4343 altitudo
1178 4288 1476 4344 divinitatis
1510 4290 1576 4344 ad
1613 4288 1832 4373 humili«

247 4387 414 4432 tatem
444 4377 724 4432 descendit
761 4378 1133 4443 humanitatis,
1170 4385 1227 4434 et
1260 4378 1536 4434 humilitas
1580 4378 1828 4436 humani-

248 4467 374 4522 tatis
410 4467 484 4522 ad
514 4467 854 4523 altitudinem
883 4469 1125 4524 ascendit
1160 4468 1481 4535 divinitatis,
1521 4484 1628 4524 non
1655 4469 1826 4524 versi-
1852 4507 1901 4565 υ

249 4560 457 4617 hilitate
487 4569 713 4625 natum,
746 4561 841 4617 sed
880 4560 1191 4633 dignatione
1226 4561 1468 4618 honoris.
1497 4560 1631 4617 ltem
1669 4562 1825 4632 ponis

247 4652 619 4709 testimonium
643 4651 710 4707 de
739 4651 878 4708 libro
904 4651 1046 4706 beati
1087 4651 1394 4721 Augustini,
1435 4666 1595 4723 quem
1624 4652 1827 4707 Enchi-

245 4745 421 4799 ridion
468 4743 584 4814 ipse
610 4744 942 4799 nominavit:
972 4744 1040 4798 de
1082 4758 1189 4815 quo
1228 4744 1392 4799 etiam
1435 4744 1574 4800 libro
1598 4744 1725 4799 olim
1768 4745 1825 4800 in

246 4838 481 4905 quadam
532 4837 759 4907 epistola
811 4846 904 4892 tua
953 4836 1179 4891 multum
1239 4852 1492 4907 perverse
1542 4837 1827 4894 maculasti

245 4926 488 4995 ejusdem
511 4928 683 4983 sancti
713 4927 890 4981 Patris
912 4928 1098 4991 verba,
1124 4928 1417 4984 immittens
1442 4944 1506 4983 ea
1529 4945 1650 4998 quae
1685 4945 1826 4985 mm-

247 5032 413 5082 qnam
437 5017 527 5072 ille
569 5016 723 5072 dixit.
760 5017 851 5072 Sic
875 5025 932 5072 et
962 5017 1016 5071 in
1055 5017 1159 5072 isto
1188 5017 1497 5073 testimonio
1522 5017 1680 5084 dicis,
1705 5033 1827 5090 quae

248 5106 337 5160 ille
360 5106 669 5163 nullatenus
706 5107 863 5172 dixit,
894 5122 994 5163 nec
1020 5107 1199 5176 aliquo
1237 5107 1485 5162 rationali
1512 5123 1671 5164 sensu
1700 5126 1828 5165 cen-

246 5195 492 5250 veniunt.
525 5195 626 5253 Ubi
662 5197 805 5251 enim
849 5196 939 5250 ille
983 5196 1059 5251 ait
1102 5196 1254 5267 (Cap.
1277 5196 1368 5268 40)
1395 5239 1407 5250 .
1442 5216 1461 5250 ι
1489 5196 1623 5264 Quia
1665 5200 1826 5256 homo

245 5285 339 5340 ille
368 5284 528 5341 nullis
555 5286 979 5356 praecedentibus
1012 5287 1217 5341 meritis
1248 5288 1304 5341 in
1331 5287 1447 5357 ipso
1470 5289 1693 5345 exordio
1731 5306 1828 5346 na-

246 5384 387 5430 tura:
416 5391 548 5440 suae,
570 5392 679 5447 quo
704 5391 823 5432 esse
849 5377 1030 5448 cmpit,
1057 5377 1167 5432 Deo
1194 5377 1371 5432 Verbo
1396 5378 1739 5449 copularetur
1772 5382 1825 5436 in

244 5475 460 5521 tantam
482 5481 724 5535 persona:
748 5466 1032 5529 unitatem,
1056 5474 1116 5519 ut
1144 5466 1284 5520 idem
1312 5466 1423 5536 ipse
1444 5476 1589 5522 esset
1616 5467 1709 5523 Dei
1741 5467 1828 5523 Fi-

246 5556 375 5621 lius,
403 5557 495 5629 qui
526 5557 673 5613 ﬁlius
707 5557 958 5622 hominis,
983 5567 1041 5613 et
1068 5557 1208 5613 ﬁlius
1250 5558 1499 5620 hominis,
1528 5559 1621 5629 qui
1659 5560 1829 5618 Filius

250 5647 412 5704 θεῖ.»
462 5647 544 5704 Tu
590 5648 766 5703 dicis:
802 5645 940 5712 Quia
982 5646 1139 5701 nullis
1186 5649 1593 5718 pmcedenlibns
1642 5654 1823 5707 maris.

254 5736 394 5805 Quid
425 5748 602 5793 autem
627 5737 709 5793 vis
736 5735 1039 5807 signiﬁcare
1062 5751 1158 5806 per
1185 5752 1383 5805 mares,
1416 5739 1517 5795 nisi
1545 5739 1684 5796 forte.
1714 5758 1826 5797 ma~

1928 1930 1984 1977 et
2025 1933 2211 1978 natum
2242 1932 2532 1980 testantur.
2566 1926 2634 1980 Et
2659 1920 2929 1996 quomodo
2977 1937 3035 1984 tu
3084 1930 3329 1987 diversos
3372 1932 3515 1990 ﬁlios

1928 2027 2048 2068 esse
2088 2013 2142 2068 in
2189 2013 2405 2070 Christo
2434 2025 2653 2084 propter
2681 2016 2816 2072 duas
2855 2027 3076 2075 naturas
3116 2022 3345 2088 asseris,
3384 2024 3512 2079 dum

1928 2103 2032 2159 iste
2077 2105 2449 2161 sanctissimus
2488 2104 2678 2164 doctor
2719 2107 2775 2162 in
2824 2107 2928 2164 hoc
2972 2111 3306 2178 testimonio,
3349 2128 3510 2182 quem

1929 2193 2117 2267 [quod]
2154 2205 2210 2250 tu
2253 2197 2368 2267 ipse
2411 2198 2661 2268 posuisti,
2686 2199 2936 2254 eumdem
2976 2201 3107 2256 dicit
3145 2217 3266 2257 esse
3291 2204 3388 2259 Dei
3418 2204 3509 2259 Fi-

1926 2286 2078 2351 lium,
2102 2302 2262 2357 quem
2285 2287 2454 2342 ﬁlium
2490 2289 2755 2355 hominis;
2790 2300 2846 2346 et
2870 2290 3039 2346 ﬁlium
3069 2294 3322 2360 hominis,
3349 2311 3511 2365 quem

1925 2375 2121 2432 Filium
2152 2378 2281 2433 Dei?
2320 2378 2378 2434 Si
2420 2379 2562 2435 idem
2602 2388 2686 2435 est
2732 2381 2875 2437 ﬁlius
2919 2383 3169 2449 hominis,
3204 2387 3295 2455 qui
3339 2386 3512 2443 Filius

1927 2468 2043 2535 Dei,
2071 2486 2175 2525 una
2198 2480 2277 2526 est
2306 2486 2529 2541 prorsus
2551 2473 2777 2540 veritas,
2800 2482 2856 2529 et
2883 2490 3049 2528 unum
3076 2491 3272 2531 nomen
3301 2477 3423 2532 Filii
3450 2479 3506 2532 in

1926 2557 2142 2616 Christo
2173 2578 2186 2615 :
2219 2561 2344 2630 quia
2372 2563 2552 2617 unitas
2592 2577 2839 2632 personae
2877 2564 3192 2622 dualitatem
3236 2566 3509 2624 ﬁliationis

1926 2652 2133 2723 respuit
2173 2652 2229 2707 in
2258 2651 2495 2719 Christo,
2520 2668 2623 2709 nec
2663 2654 2881 2723 adoptio
2923 2655 3102 2710 locum
3141 2656 3378 2724 invenit,
3416 2659 3508 2714 ubi

1925 2741 2227 2809 proprietas
2261 2742 2569 2811 praecessit;
2604 2757 2706 2797 nec
2731 2742 2985 2797 divinitas
3013 2743 3265 2800 humanis
3293 2753 3510 2801 tenetur

1925 2829 2270 2899 prajudiciis,
2294 2845 2415 2886 cum
2456 2830 2638 2886 omnia
2679 2831 2972 2886 secundum
3004 2834 3277 2903 propriam
3319 2836 3509 2892 volun-

1928 2919 2055 2974 tatis
2071 2919 2366 2988 potentiam
2384 2927 2659 2989 opcratur,
2678 2935 2798 2989 qua:
2816 2921 2929 2975 vult
2951 2921 3007 2975 in
3030 2923 3167 2977 coelo
3185 2932 3241 2978 et
3259 2925 3313 2978 in
3339 2933 3505 2991 terra,

1926 3008 2019 3077 qui
2045 3008 2156 3062 ait:
2184 3007 2346 3062 Pater
2369 3024 2513 3062 meus
2542 3024 2702 3079 usque
2725 3008 2880 3063 modo
2908 3019 3174 3079 operatur,
3198 3022 3246 3065 et
3270 3014 3365 3083 ego
3391 3030 3509 3085 ope-

1929 3114 2020 3152 ror
2048 3096 2233 3170 (Joan.
2261 3115 2314 3164 v,
2341 3098 2417 3171 1).

1853 3164 1899 3229 C
1997 3164 2066 3242 Χξ
2119 3187 2257 3255 Quid
2281 3164 2410 3244 vero
2460 3188 2866 3259 praesumptiose
2911 3199 3090 3245 mente
3132 3200 3188 3246 et
3235 3193 3398 3248 stulta
3426 3203 3508 3256 te-

1925 3279 2177 3336 meritate
2206 3279 2397 3334 altiora
2423 3288 2474 3335 te
2500 3280 2685 3335 rimari
2710 3294 2816 3335 non
2847 3281 3070 3346 metuis,
3116 3291 3170 3338 et
3194 3290 3244 3337 te
3271 3285 3509 3341 medium

1927 3374 2071 3427 inter
2091 3371 2430 3427 divinitatem
2477 3379 2532 3426 et
2588 3372 2979 3427 humanitatem
3008 3373 3105 3428 Dei
3150 3373 3269 3428 Filii
3305 3375 3511 3431 immit»

1927 3469 2043 3517 tere
2068 3469 2262 3528 tentas,
2294 3462 2635 3533 humanaque
2677 3462 3089 3518 ratiocinatione
3132 3464 3326 3520 divinae
3359 3466 3512 3523 honi-

1928 3552 2054 3607 tatis
2095 3551 2365 3608 inell'abile
2396 3562 2793 3619 sacramentum
2839 3554 3072 3608 scrutari
3115 3555 3338 3611 niteris?
3397 3557 3511 3614 Nec

1928 3651 2034 3700 tum
2072 3645 2353 3701 sententia:
2388 3645 2607 3701 modum
2652 3646 2929 3716 imponere
2973 3648 3157 3714 nosti,
3192 3650 3286 3721 qui
3332 3665 3433 3706 nec
3456 3659 3511 3707 te

1928 3736 2104 3807 ipsum
2146 3737 2456 3794 discernere
2501 3742 2706 3810 poteris
2730 3780 2746 3807 ,
2794 3739 2880 3797 vel
2905 3747 3173 3812 quomodo
3210 3747 3389 3801 anima
3417 3757 3511 3803 tua

1928 3827 2235 3882 tenerrimis
2280 3828 2337 3882 in
2379 3836 2623 3885 materno
2653 3840 2808 3887 utero
2837 3843 2942 3887 tua:
2971 3836 3358 3905 coagulationis
3398 3838 3511 3906 pri-

1927 3916 2150 3971 mordiis
2190 3916 2591 3985 immitteretur,
2631 3922 2936 3991 exprimere
2987 3925 3206 3979 sullicis.
3274 3925 3405 3982 Sine
3451 3936 3509 3985 te

1926 4009 2071 4065 enim
2100 4009 2194 4064 Dei
2216 4008 2387 4065 Filius
2423 4008 2556 4065 fecit
2576 4051 2592 4077 ,
2637 4013 2779 4081 quod
2807 4013 3012 4068 voluit:
3050 4016 3255 4071 sciebat
3275 4032 3511 4087 namque

1930 4102 2025 4158 Dei
2057 4102 2319 4171 sapientia
2348 4102 2464 4157 sine
2493 4103 2577 4158 sui
2609 4103 2983 4160 imminutione
3023 4105 3190 4178 854
3230 4124 3289 4164 se
3324 4108 3508 4165 infun-

1927 4192 2054 4248 dere
2099 4192 2350 4246 humanae
2392 4200 2637 4259 naturae,
2676 4201 2731 4247 et
2769 4192 3022 4248 ineffabili
3056 4196 3260 4252 unitate
3287 4197 3406 4253 ﬁeri
3439 4214 3509 4256 ex

1928 4292 2168 4353 tempore
2208 4283 2350 4338 ﬁlius
2374 4282 2640 4349 hominis,
2681 4284 2773 4354 qui
2805 4300 3019 4355 semper
3040 4285 3142 4341 fuit
3167 4298 3292 4343 ante
3325 4289 3508 4346 omnia

1926 4384 2167 4445 tempora
2210 4374 2379 4430 Filius
2406 4374 2540 4441 Dei,
2585 4391 2685 4445 per
2726 4392 2889 4447 quem
2927 4378 3067 4434 facta
3096 4388 3217 4437 sunt
3243 4390 3505 4451 tempora.

1928 4464 2034 4521 Sed
2068 4475 2125 4521 tu
2150 4467 2354 4522 carnali
2381 4467 2704 4538 cogitatione
2726 4468 2916 4539 plenus
2943 4472 3232 4540 potentiam
3262 4473 3357 4527 Dei
3378 4488 3505 4543 pro-

1926 4556 2105 4627 prium
2132 4573 2292 4628 posse
2330 4558 2533 4613 habere
2568 4556 2766 4614 Filium
2795 4575 2902 4616 non
2926 4570 3104 4629 putas,
3149 4563 3254 4616 nisi
3279 4564 3384 4619 tale
3407 4564 3509 4619 ali~

1927 4646 2058 4717 quid
2110 4648 2379 4718 patiatur,
2447 4648 2626 4718 qualia
2690 4649 2994 4705 substantia
3044 4652 3246 4721 patitur
3297 4656 3504 4723 carnis,

1928 4738 2146 4809 quando
2190 4739 2360 4809 gignit
2401 4753 2638 4793 carnem.
2697 4739 2810 4794 Hoc
2837 4739 2982 4793 enim
3017 4740 3335 4812 insipientia:
3371 4761 3509 4817 quo-

1929 4828 2176 4882 rumdam
2205 4828 2518 4883 incredibile
2557 4827 2790 4893 videtur,
2836 4828 2964 4883 dum
3006 4832 3189 4889 omnia
3227 4845 3377 4892 recte
3417 4853 3508 4894 sa-

1929 4918 2199 4989 pientibus
2220 4918 2329 4972 Deo
2340 4917 2617 4987 possibilia
2640 4932 2760 4973 esse
2778 4919 3090 4986 creduntur,
3120 4922 3231 4991 ipsa
3263 4925 3506 4985 Veritate

1931 5009 2168 5072 dicente;
2217 5007 2320 5062 hoc
2342 5014 2520 5061 autem
2563 5007 2703 5077 apud
2746 5008 2993 5065 homines
3032 5011 3361 5082 impossibile
3393 5024 3497 5081 est,

1930 5098 2073 5169 apud
2120 5097 2289 5152 Deum
2326 5096 2506 5152 autem
2548 5099 2728 5154 omnia
2773 5101 3048 5170 possibilia
3107 5110 3232 5157 sunt
3281 5102 3497 5175 (Matth.

1931 5204 2047 5254 xix,
2072 5187 2183 5259 26).
2213 5186 2279 5241 Et
2307 5187 2411 5242 hoc
2433 5202 2563 5258 ergo
2588 5189 2844 5259 possibile
2868 5189 2979 5245 Deo
3004 5206 3124 5246 esse
3147 5192 3498 5261 dignoscitur,

1933 5286 1991 5334 ut
2012 5279 2286 5349 proprium
2305 5293 2371 5334 ex
2396 5278 2613 5350 Virgine
2634 5279 2826 5335 Filium
2864 5282 3063 5336 habere
3098 5283 3374 5350 potuisset.
3398 5286 3501 5342 Fc-

1931 5375 2005 5429 cit
2023 5373 2165 5428 enim
2195 5372 2335 5427 idem
2379 5372 2544 5428 Filius
2582 5373 2676 5429 Dei
2709 5373 2809 5429 sibi
2848 5383 3075 5445 tempus,
3120 5376 3173 5431 in
3208 5393 3320 5447 quo
3346 5378 3501 5437 ﬁeret

1934 5466 2124 5531 homo;
2154 5463 2442 5532 assumpsit
2467 5464 2532 5519 de
2555 5471 2749 5527 matre,
2773 5464 2913 5518 unde
2935 5464 3071 5519 mori
3094 5468 3374 5537 potuisset,
3404 5472 3498 5542 qui

1934 5558 2252 5613 immortalis
2298 5558 2496 5613 mansit
2537 5558 2591 5614 in
2629 5568 2891 5615 aeternum
2915 5578 2927 5614 :
2953 5578 3097 5621 unus
3129 5572 3305 5621 tamen
3336 5574 3500 5637 atque

1933 5650 2073 5704 idem
2116 5648 2186 5722 [F
2189 5660 2298 5703 orte
2319 5651 2458 5705 deest
2485 5667 2503 5706 :
2529 5651 2771 5707 mortalis
2816 5651 2890 5726 et]
2922 5654 3271 5717 immortalis.
3302 5659 3496 5728 impas-

1932 5740 2100 5797 sibilis
2124 5748 2177 5795 et
2205 5742 2487 5812 passibilis,
2517 5759 2623 5799 non
2650 5743 2784 5799 alter
2804 5753 2855 5799 et
2884 5745 3018 5802 alter
3044 5766 3054 5800 :
3089 5757 3137 5803 ct
3160 5750 3248 5818 qui
3277 5761 3356 5804 est
3385 5750 3490 5804 vita
