3964 6186
373 276 478 332 223

1213 280 1272 335 Β.
1312 280 1371 334 F.
1414 280 1636 336 ALBlNl
1679 280 1809 336 SEU
1846 276 2120 332 ALCUINI
2158 274 2442 332 OPERUM
2478 275 2658 333 PARS
2695 276 2779 334 ill.

3511 282 3619 340 228

371 394 685 455 vivificans,
733 403 1027 462 spontanea
1062 393 1348 457 voluntate,
1398 394 1523 449 dum
1548 392 1739 456 voluit,
1778 394 1942 448 mori-
1972 392 2015 447 Α
2044 388 2209 443 Deum
2247 404 2432 444 verum
2478 400 2534 447 et
2576 392 2848 447 hominem
2888 395 3328 463 comprobamus,
3374 399 3618 467 quicum

372 491 497 538 tur:
551 484 691 537 sicut
731 482 784 535 in
828 481 966 536 libro
996 482 1162 537 Exodi
1205 484 1460 537 Dominus
1500 483 1708 538 locutus
1744 492 1827 538 est
1855 498 1950 553 per

370 573 589 645 Moysen
619 590 631 626 :
663 572 731 626 Et
755 573 985 628 videbitis
1012 575 1170 628 vitam
1207 585 1426 629 vestram
1469 575 1773 645 pendentem
1802 576 1857 629 in
1885 574 1950 627 ti-

372 682 494 738 gno,
534 677 581 720 et
626 682 727 719 non
768 666 984 719 credetis
1031 667 1148 720 vita:
1171 677 1352 720 vestra:
1397 664 1573 728 (Deut.
1606 681 1804 728 XXVIII,
1834 665 1943 735 66).

373 759 543 813 Deum
577 766 757 811 autem
799 756 1069 812 Christum
1108 773 1227 812 esse
1248 756 1413 811 vitam
1443 755 1610 825 ipsius
1642 757 1948 811 testimonio

374 848 428 902 in
453 846 742 917 Evangelia
771 848 1018 911 dicentis,
1063 848 1207 903 disce
1232 866 1243 901 :
1275 846 1386 917 Ego
1419 862 1533 900 sum
1557 846 1655 908 eia,
1684 845 1874 900 veritas
1899 855 1947 899 et

374 942 477 996 rita
509 939 685 1011 (Joan.
718 956 827 1004 xiv,
859 940 934 1011 6).
978 940 1130 996 Unde
1151 949 1205 994 et
1234 940 1286 994 in
1314 938 1538 994 Actibus
1571 938 1948 1009 Apostolorum

374 1031 562 1085 beatus
585 1029 775 1084 Petrus
823 1029 1017 1103 pOpulo
1061 1030 1361 1100 praedicans
1387 1029 1463 1083 ait
1498 1047 1509 1083 :
1551 1027 1655 1082 Vos
1676 1039 1847 1082 autem
1875 1029 1951 1082 vi—

375 1138 490 1173 rum
534 1119 850 1173 homicidam
892 1120 1089 1189 petistis
1132 1118 1320 1171 dimitti
1344 1117 1515 1178 vobis,
1544 1128 1806 1171 auctorem
1831 1133 1948 1170 vero

374 1208 800 1279 vita’peremistis
840 1208 977 1280 (Act.
1003 1226 1083 1271 ιιι,
1121 1207 1229 1278 15).
1286 1208 1359 1263 De
1395 1223 1502 1277 quo
1539 1215 1592 1262 et
1632 1208 1822 1262 beatus
1849 1206 1950 1277 Cy-

374 1299 594 1366 prianus
620 1299 729 1352 ait:
767 1317 784 1348 ι
809 1295 1086 1354 Judicatur
1108 1296 1448 1366 judicaturus
1472 1306 1527 1352 et
1557 1297 1648 1351 Dei
1681 1312 1860 1351 sermo
1882 1296 1949 1352 ad

373 1390 648 1445 victimam
698 1398 884 1445 tacens
936 1391 1166 1444 ducitur.
1200 1411 1218 1442 ι
1260 1390 1553 1457 Gregorius
1591 1404 1801 1459 quoque
1848 1388 1953 1442 Na-

377 1481 702 1536 zianzenus:
739 1502 757 1531 α
787 1482 1135 1550 lndiguimus,
1182 1482 1287 1544 ait,
1336 1483 1501 1536 Deutn
1530 1485 1866 1536 incarnatum
1897 1490 1952 1536 et

378 1573 782 1638 mortificatum,
830 1584 889 1629 ut
914 1590 1013 1629 nos
1037 1575 1312 1639 vivamus;
1346 1590 1432 1630 res
1458 1574 1599 1629 enim
1631 1582 1785 1628 vetus
1811 1583 1946 1636 erat,

376 1669 437 1714 ut
461 1661 622 1716 homo
649 1674 949 1718 moreretur
978 1683 991 1716 :
1022 1663 1162 1733 quod
1190 1678 1257 1717 ne
1279 1678 1490 1733 semper
1522 1663 1746 1718 auderet
1770 1663 1822 1717 in
1848 1664 1949 1718 lio-

2047 478 2305 548 aequalem
2349 480 2835 551 impassibilitatem
2892 492 2947 538 et
2992 485 3454 542 immortalitatem
3496 505 3620 545 cum

2045 566 2208 624 Patre
2258 570 2569 640 possideat,
2613 583 2836 641 propter
2877 584 3115 628 nosttram
3165 581 3345 630 tamen
3391 577 3619 635 salutem

2045 661 2355 730 passibilcm
2399 661 2634 730 suscepit
2672 662 2905 718 hominis
2949 674 3228 730 naturam,
3279 666 3625 737 impassibilis

2046 750 2342 805 divinitatis
2362 751 2699 820 maiestatem
2729 768 2833 807 non
2863 755 3117 809 amittens
3150 774 3163 810 :
3197 773 3298 812 nec
3321 766 3381 812 ut
3406 775 3625 829 permuv

2046 848 2255 909 tamtur
2301 841 2353 895 in
2400 842 2788 897 humanitatem
2814 843 3099 911 divinitas,
3142 848 3237 901 sed
3267 856 3327 900 ut
3354 849 3623 905 divinitati

2047 939 2355 986 servaretur
2397 931 2725 986 humanitas.
2785 931 3090 989 Secundum
3136 934 3299 1005 igitur
3342 937 3502 1006 hujus
3527 940 3624 994 ho-

2046 1020 2207 1075 minis
2221 1020 2503 1074 veritatem
2531 1020 2624 1075 Dei
2655 1019 2825 1075 Filius
2848 1022 2915 1075 ad
2936 1023 3353 1092 redemptionem
3382 1035 3622 1081 nostram

2046 1117 2206 1164 natus
2228 1125 2293 1164 ex
2317 1110 2536 1180 Virgine
2573 1116 2657 1164 est
2683 1116 2742 1169 et,
2776 1108 2979 1179 Spiritu
3016 1123 3205 1169 sancto
3234 1133 3246 1167 :
3280 1116 3358 1170 sic
3380 1117 3523 1170 enim
3554 1117 3622 1172 ad

2049 1196 2273 1252 Mariam
2303 1198 2357 1252 in
2386 1198 2675 1265 Evangelia
2700 1200 2922 1269 angelus
2946 1200 3186 1269 loquitur
3211 1222 3223 1255 :
3252 1202 3480 1273 Spiritus
3500 1222 3625 1259 san—

2048 1296 2161 1341 ctus
2186 1287 2500 1356 superveniet
2542 1288 2598 1342 in
2639 1298 2718 1353 te,
2760 1299 2806 1341 et
2834 1290 2993 1344 virtus
3019 1291 3272 1345 Altissimi
3299 1294 3639 1351 obumbrabit'

2048 1378 2140 1432 tibi
2163 1394 2181 1432 :
2204 1389 2251 1432 et
2270 1389 2538 1449 propterea
2557 1380 2694 1450 quod
2724 1380 2886 1451 855
2922 1394 3163 1436 nascetur
3185 1400 3253 1438 ea:
3278 1396 3326 1439 te
3364 1400 3639 1453 sanctum,

2048 1469 2317 1523 vocabitur
2346 1467 2518 1523 Filius
2546 1470 2645 1524 Dei
2674 1469 2822 1541 (Luc.
2857 1487 2895 1536 ι,
2921 1471 3032 1543 55).
3082 1471 3140 1527 Si
3166 1474 3287 1543 quis
3318 1488 3446 1529 vero
3480 1476 3627 1532 hanc

2049 1576 2193 1616 verm
2224 1561 2347 1616 fidei
2392 1561 2779 1632 professionem
2807 1572 3157 1629 contemnat,
3205 1565 3288 1620 vel
3335 1566 3511 1622 minus
3534 1583 3626 1623 ca-

2050 1649 2305 1705 tholicam
2335 1659 2564 1719 reputet,
2595 1651 2738 1721 legat
2763 1654 2935 1707 sancti
2962 1653 3242 1725 Augustini
3273 1657 3434 1710 verba
3457 1697 3472 1722 ,
3504 1673 3638 1727 qua

376 1752 521 1807 mine
544 1794 559 1817 ,
605 1767 692 1808 res
725 1769 861 1808 nova
907 1754 1049 1810 facta
1091 1762 1203 1818 est,
1247 1763 1305 1808 ut
1341 1754 1479 1808 Deus
1500 1763 1823 1817 moreretur,
1855 1751 1949 1808 sed

2053 1742 2119 1795 de
2155 1741 2531 1811 explanatione
2576 1742 2828 1797 catholici
2869 1741 3107 1814 Symboli
3150 1747 3451 1816 composuit
3474 1755 3522 1812 ³,
3569 1753 3628 1806 et

375 1843 501 1912 quia
528 1858 691 1899 carne
720 1852 964 1899 mortuus
991 1852 1094 1909 est,
1134 1859 1239 1898 non
1271 1843 1567 1897 divinitate.
1599 1863 1617 1894 ι

446 1933 537 1991 Kl.
576 1932 686 1989 Nec
728 1951 856 1989 vero
892 1935 1157 1990 ullatenus
1203 1935 1579 1990 coniundimus
1628 1943 1848 1989 naturas
1893 1935 1946 1988 in

375 2021 612 2088 Christo,
638 2023 777 2079 sicut
802 2033 856 2078 tu
886 2027 1084 2080 asseris
1125 2040 1224 2080 nos
1262 2024 1451 2079 fecisse
1476 2044 1487 2078 :
1518 2024 1611 2078 sed
1639 2025 1786 2079 salva
1812 2024 1948 2079 utri-

374 2127 543 2182 usque
578 2125 783 2168 natura:
808 2116 1135 2185 proprietate
1163 2156 1177 2180 ,
1214 2115 1407 2169 divinze
1436 2115 1638 2169 scilicet
1680 2122 1735 2168 et
1762 2115 1953 2168 huma-

375 2218 478 2269 nm,
506 2220 669 2259 unum
696 2206 1011 2259 confitemur
1037 2206 1203 2260 Deum
1237 2205 1331 2259 Dei
1362 2204 1552 2258 Filium
1583 2203 1765 2258 Jesutn
1794 2203 1950 2259 Chri-

374 2303 515 2350 stum
539 2295 821 2350 Dominum
845 2306 1084 2351 nostrum
1110 2298 1162 2350 in
1190 2295 1395 2350 duabus
1424 2296 1651 2359 naturis,
1686 2311 1792 2349 una
1821 2311 1951 2351 vero

374 2400 604 2454 persona
652 2395 703 2439 et
752 2401 858 2440 una
901 2386 1022 2440 Filii
1071 2386 1349 2457 dignitate.
1409 2384 1560 2440 Sicut
1594 2386 1735 2440 enim
1772 2385 1950 2441 anima

376 2476 706 2546 compatitur
752 2475 995 2544 corporis
1027 2476 1329 2539 doloribus,
1373 2475 1620 2544 quamvis
1641 2475 1818 2529 anima
1848 2475 1949 2528 im-

378 2565 625 2621 mortalis
654 2575 986 2634 permaneat,
1029 2576 1203 2620 tamen
1227 2582 1422 2635 corpus
1450 2566 1567 2621 sine
1592 2566 1785 2620 anima:
1808 2581 1953 2620 com-

376 2656 627 2725 passione
671 2671 778 2710 non
835 2657 1072 2725 patitur:
1119 2656 1243 2726 quia
1285 2656 1462 2709 anima
1503 2664 1558 2710 et
1591 2671 1787 2724 corpus
1814 2672 1952 2710 unus

375 2755 457 2801 est
489 2748 648 2801 homo
668 2787 682 2810 ,
727 2755 781 2801 et
811 2761 1123 2800 communes
1151 2752 1274 2800 sunt
1297 2745 1488 2800 anima:
1517 2756 1570 2799 et
1603 2746 1845 2814 corporis
1869 2746 1952 2800 vel

378 2835 606 2890 dolentis
647 2836 730 2891 vel
768 2836 997 2891 laetantis
1024 2835 1275 2899 affectus;
1322 2834 1447 2904 quia
1493 2850 1634 2889 unus
1658 2836 1821 2889 homo
1843 2842 1949 2899 est,

377 2929 468 2998 qui
514 2929 671 2984 simul
720 2929 865 2983 dolet
905 2928 987 2982 vel
1012 2928 1242 2999 gaudet:
1276 2927 1350 2980 ita
1382 2927 1473 2981 Dei
1512 2926 1678 2981 Filius
1707 2942 1799 2981 sua
1826 2941 1953 2995 pro—

377 3020 496 3092 pria
523 3036 685 3075 carne
710 3035 902 3090 passus
927 3030 1038 3084 est,
1085 3034 1190 3075 non
1226 3018 1362 3073 alter
1383 3020 1439 3073 in
1467 3035 1690 3089 corpore
1718 3019 1947 3088 passibi-

375 3109 461 3176 lis,
507 3120 561 3166 et
602 3111 738 3165 alter
782 3111 834 3165 in
867 3110 1147 3165 divinitate
1178 3110 1558 3179 impassibilis,
1601 3109 1694 3164 sed
1725 3125 1864 3164 unus
1894 3109 1947 3163 in

377 3212 628 3273 utroque.
698 3200 809 3257 Nec
852 3201 1044 3255 iterum
1088 3199 1362 3254 Christum
1401 3198 1686 3253 dividimus
1732 3199 1786 3253 in
1818 3199 1952 3253 duos

376 3294 532 3353 filios,
566 3292 646 3345 vel
678 3292 810 3346 duos
844 3290 1005 3356 deos,
1042 3291 1127 3345 vel
1155 3291 1288 3345 duas
1324 3305 1445 3345 cum
1476 3289 1724 3344 Nestorio
1768 3304 1953 3359 perso-

377 3397 495 3437 nas.
555 3378 656 3447 Qui
699 3381 826 3435 lieet
861 3381 997 3435 duas
1041 3380 1217 3449 palam
1261 3396 1366 3433 non
1416 3380 1639 3433 dixisset
1669 3393 1948 3449 personas,

376 3480 556 3525 tamen
574 3469 754 3523 omnia
777 3486 895 3539 quin
917 3470 1124 3523 duabus
1155 3469 1327 3523 inesse
1344 3484 1562 3523 necesse
1582 3478 1663 3523 est
1683 3470 1948 3539 personis,

376 3559 430 3613 in
459 3573 557 3613 sua
594 3555 924 3627 professione
965 3557 1182 3612 fatetur.
1242 3558 1428 3612 Simili
1452 3559 1608 3613 modo
1636 3567 1688 3613 et
1713 3566 1800 3624 tu,
1828 3559 1953 3614 licet

378 3648 553 3714 fugias
579 3649 739 3704 verba
766 3648 992 3703 duarum
1012 3664 1388 3720 personarum,
1423 3658 1597 3704 tamen
1633 3650 1813 3704 omnia
1834 3667 1952 3721 quae

380 3754 605 3795 necesse
624 3748 707 3795 est
733 3739 940 3795 duabus
966 3741 1143 3797 inesse
1167 3742 1409 3811 personis
1427 3782 1442 3806 ,
1471 3750 1522 3796 te
1551 3741 1603 3795 in
1628 3742 1734 3796 tuis
1759 3744 1951 3799 litteris

376 3828 677 3884 invenimus
706 3827 967 3899 profiteri.
1006 3828 1139 3895 Quis
1179 3830 1323 3884 enim
1364 3829 1590 3893 nesciat,
1621 3830 1762 3899 apud
1786 3846 1949 3885 unum

376 3918 592 3973 Patrem
635 3918 863 3973 alteram
907 3934 1025 3975 esse
1068 3936 1353 3992 personam
1406 3922 1637 3992 adoptivi
1670 3922 1785 3985 filii,
1820 3923 1953 3977 alte-

376 4027 491 4067 ram
514 4012 714 4082 preprii
745 4010 901 4066 Filii?
951 4012 1059 4067 Nec
1095 4013 1238 4068 enim
1283 4013 1421 4069 ullus
1460 4022 1632 4084 pater,
1663 4012 1818 4081 juxta
1845 4014 1948 4068 ltu-

376 4117 550 4157 mana:
575 4103 979 4157 consuetudinis
1009 4104 1271 4158 rationem
1309 4113 1521 4174 poterat
1562 4104 1839 4174 proprium
1883 4105 1949 4159 fl-

375 4188 506 4245 lium
537 4192 639 4246 sibi
666 4191 941 4262 adoptare,
963 4194 1118 4263 quasi
1139 4195 1405 4250 alienum:
1439 4203 1531 4249 aut
1552 4212 1710 4264 quem
1732 4197 1951 4266 adoptat

309 4331 313 4335 ,
376 4280 479 4337 sibi
511 4282 563 4336 in
600 4282 765 4336 filium
788 4324 804 4348 ,
852 4285 1050 4353 poterit
1097 4285 1200 4340 sibi
1247 4289 1522 4356 proprium
1555 4288 1759 4353 facere,
1788 4304 1946 4358 quem

2050 1830 2287 1885 inveniet
2313 1847 2401 1886 me
2426 1831 2577 1895 illius.
2597 1832 2899 1888 certissime
2924 1834 3001 1887 uti
3030 1836 3298 1900 sensibus,
3322 1836 3632 1907 quiubique

2049 1922 2371 1992 purissimus
2399 1923 2454 1977 in
2484 1923 2744 1978 catholica
2776 1922 2879 1978 flde
2930 1932 2986 1978 et
3024 1925 3404 1980 veracissimus
3440 1927 3631 1982 doctor

2048 2028 2168 2068 esse
2187 2014 2584 2083 comprobatur.
2611 2013 2805 2069 Tribus
2833 2015 2976 2070 enim
3014 2014 3206 2083 modis,
3249 2027 3309 2071 ut
3335 2018 3473 2072 idem
3495 2033 3625 2073 san-

2049 2112 2168 2158 ctus
2203 2102 2534 2174 Augustinus
2576 2106 2685 2168 ait,
2724 2104 3005 2176 Scriptura
3031 2122 3186 2162 sacra
3211 2107 3277 2163 de
3301 2108 3516 2164 Christo
3544 2109 3625 2164 lo-

2049 2195 2261 2264 quitur;
2292 2198 2516 2266 primus,
2546 2212 2667 2252 cum
2700 2198 2989 2253 secundum
3013 2215 3277 2254 summam
3305 2200 3446 2254 illam
3487 2201 3626 2255 divi-

2050 2287 2275 2341 nitatem
2318 2286 2463 2342 Patri
2508 2288 2768 2357 :equaletn
2812 2297 2973 2357 atque
3007 2297 3333 2343 coretet'num
3378 2297 3500 2343 ante
3540 2303 3631 2344 as-

2049 2379 2409 2447 sumptionem
2438 2379 2619 2434 carnis
2647 2387 2823 2434 vocat.
2875 2379 3023 2434 Alter
3046 2381 3235 2435 modus
3260 2389 3360 2445 est,
3390 2397 3508 2436 cum
3534 2396 3626 2435 as.

2049 2478 2263 2537 sumpta
2306 2482 2470 2523 carne
2506 2466 2619 2535 jam
2666 2468 2807 2523 idem
2829 2469 2992 2534 Deus,
3041 2470 3131 2538 qui
3173 2470 3361 2534 homo;
3402 2480 3455 2523 et
3482 2470 3627 2528 idem

2050 2560 2234 2623 homo,
2264 2558 2355 2627 qui
2382 2556 2523 2612 Deus
2543 2599 2557 2623 ,
2589 2558 2878 2613 secundum
2903 2575 3065 2628 quam
3080 2560 3188 2613 lam
3217 2575 3326 2615 suae
3356 2559 3629 2614 excellen-

2052 2647 2141 2701 tia:
2163 2646 2551 2701 humanitatem
2575 2644 2777 2718 [Forte,
2808 2646 3170 2718 dignitatem],
3198 2662 3303 2716 qua
3330 2662 3435 2701 non
3459 2657 3626 2702 caete-

2052 2739 2130 2792 ris
2158 2745 2469 2805 coaequatur
2495 2737 2822 2801 hominibus,
2852 2737 2944 2791 sed
2966 2747 3049 2791 est
3071 2737 3365 2802 mediator;
3389 2745 3444 2790 et
3466 2743 3629 2805 caput

2052 2828 2307 2883 Ecclesia:
2326 2837 2382 2883 et
2406 2827 2602 2898 legitur
2625 2834 2679 2881 et
2703 2825 3037 2897 intelligitur.
3078 2826 3294 2882 Tertius
3316 2825 3502 2880 modus
3521 2834 3628 2890 est,

2053 2933 2175 2973 cum
2215 2919 2608 2988 quodammodo
2645 2926 2788 2972 totus
2813 2917 3061 2972 Christus
3092 2919 3144 2972 in
3172 2917 3503 2987 plenitudine
3527 2917 3629 2972 Ec-

2054 3008 2250 3073 clesim,
2283 3007 2337 3062 id
2364 3017 2448 3062 est
2471 3048 2485 3072 ,
2530 3017 2692 3078 caput
2714 3015 2769 3062 et
2804 3020 2998 3076 corpus
3031 3008 3318 3061 secundum
3343 3005 3630 3077 plenitudio

2058 3116 2178 3154 item
2210 3100 2433 3170 perfecti
2481 3099 2760 3168 cujusdam
2791 3099 2888 3153 viri
2916 3140 2931 3164 ,
2979 3099 3033 3153 in
3062 3114 3168 3169 quo
3193 3097 3311 3152 viro
3337 3097 3514 3152 effecti
3539 3114 3622 3152 su-

2055 3208 2176 3247 mus
2205 3192 2465 3255 membra,
2499 3199 2553 3245 et
2578 3190 2921 3245 credentibus
2948 3189 3290 3259 praedicatur,
3322 3197 3376 3242 et
3400 3189 3632 3258 pruden-

2056 3284 2198 3337 tibus
2222 3281 2566 3352 agnoscibilis
2592 3280 2834 3335 offertur.
2896 3279 2972 3334 De
3007 3279 3241 3333 secundo
3270 3286 3448 3331 autem
3471 3277 3635 3331 modo

2056 3376 2108 3429 in
2137 3373 2389 3444 praesenti
2436 3372 2793 3441 disputatione
2836 3371 3069 3425 maxime
3109 3378 3353 3423 versatur
3383 3366 3631 3431 intentio,

2055 3468 2109 3521 in
2155 3480 2262 3535 quo
2299 3463 2469 3518 Deum
2515 3478 2705 3517 verum
2747 3470 2801 3516 et
2840 3476 3026 3515 verum
3072 3460 3343 3514 hominem
3381 3456 3631 3511 eumdem

2056 3555 2341 3611 Dominum
2386 3561 2632 3607 nostrum
2685 3550 2869 3606 Jesum
2916 3549 3187 3605 Christum
3236 3549 3446 3619 publica
3475 3561 3631 3613 voce,

2054 3645 2316 3702 catholica
2350 3658 2518 3713 pace,
2548 3643 2788 3697 omnium
2827 3650 3138 3697 sanctorum
3184 3641 3460 3695 doctorum
3500 3653 3631 3708 pro-

2053 3736 2350 3793 batissimis
2397 3734 2721 3788 testimoniis
2760 3731 3002 3787 roborati
3043 3731 3360 3802 profitemur
3390 3747 3403 3783 :
3434 3745 3538 3784 non
3564 3743 3629 3783 ex

2052 3838 2202 3900 parte
2231 3827 2399 3881 Deum
2443 3841 2629 3881 verum
2654 3866 2669 3889 ,
2711 3840 2776 3880 ex
2804 3833 2959 3895 parte
2988 3823 3158 3880 Deum
3185 3829 3636 3891 nuncupativum,

2053 3918 2192 3972 sicut
2218 3925 2307 3970 tua
2336 3915 2472 3969 solet
2518 3914 2734 3968 indocta
2779 3914 2991 3967 novitas
3022 3911 3324 3975 afﬁrmare,
3353 3908 3582 3965 dicendo
3611 3927 3629 3964 :

2050 4007 2192 4062 Deus
2220 4017 2294 4062 est
2328 4004 2564 4060 Christus
2609 4003 2891 4059 secundum
2935 4003 3258 4057 divinitatem
3278 4041 3294 4065 ,
3335 4009 3383 4054 et
3408 3998 3506 4053 Dei
3531 3996 3634 4052 Fi-

2050 4102 2152 4156 lius
2190 4110 2378 4154 verus:
2407 4095 2694 4151 secundum
2733 4095 3108 4148 humanitatem
3145 4102 3317 4147 autem
3367 4090 3509 4145 Deus
3548 4101 3633 4148 est

2049 4189 2427 4260 nuncupatirus
2456 4197 2503 4241 et
2538 4187 2808 4256 adoptivus
2838 4183 3046 4239 Filius:
3070 4184 3224 4253 quasi
3253 4198 3319 4237 ex
3355 4190 3509 4253 parte
3534 4181 3616 4235 di-

2050 4281 2288 4336 vinitatis
2324 4280 2393 4335 sit
2424 4279 2653 4342 veritas;
2688 4278 2740 4330 in
2779 4286 2928 4345 parte
2957 4290 3086 4330 vero
3117 4273 3467 4330 humanitatis
3492 4289 3630 4327 nun-

375 4375 673 4444 paternitas
716 4375 934 4431 alterius
978 4377 1079 4431 sibi
1110 4377 1238 4433 fecit
1265 4380 1525 4443 alienum;
1575 4383 1699 4449 quia
1734 4382 1950 4449 adoptio
1987 4412 2031 4469 ο
2057 4372 2290 4440 curatio.
2341 4378 2395 4425 et
2434 4385 2539 4422 non
2587 4382 2720 4437 pura
2750 4367 2969 4420 verilas-
3028 4366 3163 4468 Audi
3189 4379 3334 4469 era}.
3367 4363 3637 4466 ιιυοεξιούο

377 4481 446 4521 ex
472 4466 650 4520 alieno
691 4466 930 4536 quolibet
974 4467 1232 4532 efﬁcitur;
1276 4471 1525 4539 proprius
1567 4472 1868 4525 vero'filius
1900 4472 1952 4524 in

378 4556 606 4611 veritate
633 4557 980 4628 proprietatis
1023 4568 1318 4628 permanet.
1378 4560 1527 4615 Unus
1570 4570 1657 4617 est
1685 4562 1825 4616 Deus
1850 4561 1954 4617 Pa-

377 4655 481 4713 ter,
512 4658 566 4703 et
586 4665 750 4704 unum
780 4649 941 4705 habet
962 4649 1153 4704 Filium
1176 4651 1459 4705 Dominum
1494 4660 1736 4706 nostrum
1763 4651 1947 4709 Jesum

378 4732 670 4792 Christum.
712 4739 767 4792 ln
798 4748 1022 4809 utraque
1049 4749 1226 4795 autem
1262 4740 1559 4796 substantia
1583 4750 1638 4794 et
1657 4742 1951 4800 divinitatis

381 4834 435 4884 et
456 4828 808 4884 humanitatis
834 4871 849 4894 ,
881 4847 1020 4886 unus
1048 4843 1209 4901 atque
1248 4831 1386 4887 idem
1425 4840 1508 4887 est
1544 4832 1635 4887 Dei
1662 4832 1827 4889 Filius
1850 4833 1955 4889 Do-

383 4919 560 4975 minus
604 4927 787 4974 noster
830 4918 989 4976 Jesus
1033 4921 1318 4989 Christus,
1368 4932 1425 4979 ut
1475 4923 1616 4979 Deus
1660 4939 1846 4991 verus;
1880 4925 1954 4980 ita

380 5013 545 5067 etiam
562 5011 724 5067 homo
749 5025 925 5074 verus,
950 5020 1238 5068 attestante
1259 5014 1513 5085 Apostolo
1535 5025 1694 5086 atque
1716 5016 1952 5070 dicente:

384 5100 469 5157 Ea:
485 5101 673 5172 quibus
718 5097 959 5155 Christus
1000 5101 1283 5155 secundum
1322 5119 1560 5169 carnem,
1589 5105 1678 5175 qui
1702 5113 1775 5158 est
1803 5121 1958 5174 super

384 5192 557 5244 omnia
594 5189 737 5245 Deus
777 5189 1071 5244 benedictus
1122 5190 1177 5245 in
1221 5190 1414 5246 sa'cula
1462 5191 1637 5263 (Rom.
1672 5208 1745 5257 tx,
1774 5193 1850 5262 5).
1894 5193 1960 5247 Et

388 5279 514 5333 alibi
542 5297 555 5333 :
591 5278 736 5334 Unus
763 5279 901 5334 enim
927 5278 1089 5344 Deus,
1119 5296 1253 5333 unus
1280 5290 1352 5335 est
1390 5282 1646 5335 mediator
1672 5280 1770 5336 Dei
1794 5291 1840 5335 et
1863 5282 1957 5336 ho-

384 5370 582 5423 minum
610 5372 762 5425 homo
786 5369 1023 5426 Christus
1045 5371 1198 5426 Iesus
1228 5369 1410 5442 (Joan.
1438 5388 1499 5438 ιι,
1527 5373 1601 5444 5).
1635 5371 1808 5427 Unum
1830 5388 1958 5441 ergo

388 5472 550 5529 atque
579 5462 824 5515 eumdem
864 5462 1145 5517 Dominum
1177 5471 1419 5517 nostrum
1454 5461 1634 5518 Jesum
1662 5462 1956 5528 Christum,

386 5567 508 5606 cum
540 5565 605 5604 ex
632 5550 751 5604 aliis
772 5590 786 5615 ,
836 5560 948 5605 tum
997 5567 1060 5606 ex
1109 5552 1194 5609 his
1236 5555 1543 5623 apostolicis
1572 5554 1874 5623 sententiis,
1906 5562 1959 5609 et

459 5675 483 5702 ο
525 5662 584 5716 S.
615 5662 775 5733 Aug,
812 5664 876 5719 de
905 5663 1032 5721 Fi'le
1059 5676 1107 5720 ct
1140 5666 1410 5735 Symbolo.

2060 4466 2249 4520 beatus
2295 4460 2623 4530 Augustinus
2680 4469 2784 4512 tua:
2828 4456 3103 4528 partitioni
3150 4456 3204 4510 in
3248 4455 3634 4524 disputatione,

2060 4565 2248 4612 contra
2295 4553 2640 4607 Maximinum
2683 4550 2995 4605 baireticum
3044 4547 3248 4611 habita,
3290 4547 3636 4616 respondeat,

2062 4648 2139 4703 ait
2165 4647 2309 4702 enim
2358 4643 2495 4716 (Lib.
2524 4659 2585 4707 ιι,
2617 4656 2736 4711 cap.
2767 4641 2855 4705 tu,
2886 4656 2942 4693 n.
2971 4638 3026 4711 2)
3058 4653 3074 4692 :
3124 4656 3142 4689 ι
3177 4637 3345 4693 Porro
3386 4636 3640 4692 Christus

2063 4754 2168 4793 una
2192 4751 2421 4807 persona
2456 4742 2539 4789 est
2580 4733 2805 4803 geminae
2842 4730 3190 4794 substantiae,
3234 4727 3360 4798 quia
3390 4736 3445 4781 et
3466 4725 3636 4788 Deus,

2062 4833 2224 4888 etiam
2247 4831 2408 4884 homo
2431 4837 2533 4883 est.
2574 4826 2683 4881 Nec
2716 4834 2895 4879 tamen
2924 4824 3065 4878 Deus
3099 4837 3225 4891 pars
3249 4819 3364 4889 ejus
3392 4832 3640 4890 persona:

2056 4923 2162 4978 dici
2212 4929 2430 4991 potest:
2483 4916 2720 4986 alioquin
2774 4915 2943 4970 Filius
2983 4914 3078 4967 Dei
3121 4913 3301 4976 Deus,
3345 4918 3637 4980 antequam

2058 5013 2356 5081 susciperet
2394 5010 2620 5063 formam
2650 5005 2831 5071 servi,
2874 5019 2980 5058 non
3005 5010 3121 5057 erat
3151 5009 3297 5057 totus
3318 5040 3332 5065 ,
3363 5008 3417 5055 et
3440 4997 3635 5061 erevit,

2059 5119 2180 5159 eum
2202 5105 2364 5158 homo
2388 5097 2653 5155 divinitati
2695 5094 2811 5165 ejus
2848 5094 3096 5157 accessit,
3138 5091 3281 5161 quod
3304 5091 3358 5145 iu
3381 5104 3487 5143 una
3514 5102 3640 5157 per-

2060 5210 2192 5249 sona
2239 5191 2625 5247 absurdissime
2670 5188 2976 5242 diceretur:
3009 5188 3134 5256 quia
3183 5200 3307 5256 pars
3359 5184 3436 5239 rei
3476 5181 3639 5237 ullius

2060 5298 2178 5338 esse
2204 5298 2311 5336 non
2341 5290 2520 5351 potest
2548 5280 2706 5334 Deus.
2737 5300 2754 5331 ι

2132 5375 2245 5432 Xll.
2285 5375 2590 5431 Concordat
2634 5387 2849 5443 quoque
2892 5371 3085 5427 beatus
3112 5367 3372 5441 Cyrillus,
3409 5362 3563 5432 ’cujus
3583 5370 3646 5417 et

2063 5479 2120 5526 tu
2140 5467 2462 5524 testimoniis
2488 5465 2565 5521 uti
2592 5464 2789 5533 saepius
2812 5463 2971 5526 soles,
3003 5462 3127 5516 huic
3162 5457 3503 5515 sanctissimo
3530 5453 3638 5509 Pa—

2066 5560 2151 5624 tri,
2197 5558 2296 5615 sub
2343 5555 2701 5611 anatbematis
2744 5553 2954 5610 vinculo
3004 5552 3373 5620 constringens
3401 5561 3511 5610 eos,
3545 5543 3639 5615 qui
