3964 6186
949 362 1369 423 ὯΟΕΜΑἸἸΟΑ.
1410 393 1481 405 —-
1516 362 1677 420 ΜΠ.
1718 362 1828 420 ῐιἜῐ

1932 363 2015 419 ΕΜ
2050 364 2227 420 LIBRI
2270 364 2375 421 VU.
2416 396 2485 407 --
2517 368 2642 423 LIB.
2682 369 2791 424 ΥΠ.

3303 372 3317 387 ⁸
3396 371 3502 429 226

251 480 475 553 qualem
518 476 728 553 [Fat-te,
746 477 1107 552 inaequalem]
1156 480 1553 535 venerationem
1578 478 1670 534 Dei
1700 476 1835 533 Filio
1864 482 1909 539 Α
1938 487 1991 533 et
2014 479 2327 549 applicatus,
2372 497 2478 536 non
2507 482 2648 552 quod
2675 498 2798 539 vere
2828 484 2897 538 sit
2928 480 3070 540 Deus
3091 483 3168 539 vel
3197 483 3362 540 Filius
3386 486 3502 551 Dei,

246 570 385 627 Iesu
418 568 641 625 Christo
680 568 862 625 facere
902 571 1117 635 audent,
1153 586 1316 625 uuam
1343 570 1494 640 quasi
1532 586 1715 625 veram
1743 571 1837 625 Dei

247 659 457 722 Verbo,
489 660 716 714 alteram
744 672 871 713 vero
895 661 1045 728 quasi
1066 661 1167 715 sub
1189 661 1405 716 nomine
1426 661 1840 734 nuncupationis

245 749 463 803 homini
490 757 789 819 assumpto.
840 749 929 803 Ait
954 766 1083 818 ergo
1111 762 1135 790 ι
1165 768 1178 803 :
1228 768 1247 799 ι
1278 749 1338 804 Si
1363 750 1484 818 quis
1506 758 1839 820 assumptum

250 838 536 893 hominem
565 839 848 893 coadorari
874 848 1126 910 Oportere
1155 838 1265 895 Deo
1294 840 1491 906 Verbo,
1530 849 1586 895 et
1625 842 1841 913 conglo-

249 926 462 981 riticari
490 935 747 996 tanquam
764 928 1003 982 alterum
1032 930 1086 982 in
1110 929 1303 994 altero,
1332 938 1387 984 et
1408 945 1512 984 non
1533 932 1712 1000 potius
1732 948 1837 986 una

249 1017 575 1073 adoratione
604 1019 836 1072 honorat
864 1019 1209 1086 Emmanuel,
1243 1028 1298 1075 et
1319 1035 1482 1075 unam
1503 1022 1550 1075 ei
1581 1021 1841 1092 gloriﬁca-

251 1108 459 1162 tionem
511 1108 768 1178 appellet.
816 1109 1124 1163 secundum
1166 1111 1314 1179 quod
1357 1125 1486 1165 caro
1532 1109 1703 1165 factus
1734 1119 1834 1176 est,

250 1201 548 1255 anathema
572 1202 661 1255 sit.
719 1199 935 1271 Syllaba
958 1202 1106 1255 enim
1136 1217 1195 1256 co
1220 1200 1593 1271 superadjecta
1619 1203 1721 1257 hoc
1749 1217 1837 1258 co-

249 1290 328 1358 git
353 1288 608 1359 intelligi,
639 1290 963 1359 quodquasi
994 1290 1129 1344 alter
1168 1292 1220 1345 in
1246 1290 1441 1346 altero.
1476 1312 1492 1343 ι
1529 1292 1596 1345 Et
1615 1291 1751 1347 infra
1774 1294 1834 1349 δε

254 1392 278 1427 α
305 1375 369 1431 Si
412 1378 536 1447 quis
562 1379 729 1448 igitur
756 1380 1051 1434 coadorare
1077 1380 1208 1433 dicit
1232 1420 1246 1443 ,
1295 1389 1356 1433 ut
1384 1381 1654 1435 hominem
1696 1398 1838 1437 seor-

244 1478 393 1529 sum,
427 1466 604 1521 altero
628 1478 828 1536 prater
859 1483 981 1522 eum
1002 1460 1264 1523 existente
1287 1469 1396 1524 Deo
1425 1470 1623 1537 Verbo,
1651 1478 1705 1525 et
1731 1487 1835 1526 non

243 1558 551 1613 secundum
578 1574 764 1613 veram
793 1561 1053 1614 unitatem
1083 1560 1327 1617 adunans
1368 1579 1532 1616 unum
1564 1563 1838 1620 Christum

244 1660 303 1705 et
334 1650 532 1705 Filium
564 1651 959 1722 Dominumque
998 1669 1105 1707 una
1147 1655 1460 1711 adoratione
1487 1658 1652 1729 856
1678 1657 1837 1728 glori-

245 1739 399 1804 ﬁcat,
423 1740 612 1795 virtuti
638 1742 1001 1797 anathematis
1017 1742 1166 1811 juste
1192 1745 1457 1800 subditur.
1489 1766 1507 1799 ›
1541 1748 1608 1801 Et
1632 1747 1829 1802 itemc:

1939 570 2032 624 sed
2060 580 2279 641 propter
2316 587 2438 626 eum
2467 612 2481 637 ,
2519 582 2577 626 ut
2601 574 2779 628 dicere
2816 573 2975 639 soles,
3015 590 3046 629 a
3071 591 3177 645 quo
3202 587 3506 647 assumptus

1936 667 2053 723 est;
2103 659 2331 715 alterum
2374 662 2491 717 sine
2531 665 2692 719 dubio
2715 666 2987 721 aestimans
3012 677 3389 728 assumentem.
3420 682 3508 724 as-

1938 754 2210 815 sumptum
2234 749 2482 804 altcrum.
2511 752 2647 818 Quia
2675 748 2718 807 si
2746 769 3024 810 assumens
3048 771 3208 810 verus
3232 764 3315 811 est
3340 755 3507 821 Deus,

1937 841 1991 888 et
2016 847 2324 906 assumptus
2351 856 2456 894 non
2482 855 2639 896 verus
2669 843 2839 908 Deus,
2889 860 2992 900 nec
3011 861 3170 901 verus
3198 846 3384 911 Filius,
3408 864 3507 902 ue-

1937 925 2173 979 cessario
2219 926 2440 999 intelligi
2489 930 2678 996 datur,
2714 934 2854 1001 quod
2896 935 3031 989 duas
3060 936 3112 989 in
3151 953 3317 991 unum
3350 938 3510 994 Chri-

1937 1018 2078 1066 stum
2107 1022 2282 1070 tentas
2312 1016 2669 1085 introducere,
2713 1023 2807 1076 sed
2834 1023 2969 1078 falsa
3004 1024 3353 1093 professione,
3385 1043 3507 1098 per-

1936 1114 2098 1158 sonas
2131 1121 2144 1155 ἷ
2177 1120 2302 1160 nam
2347 1107 2453 1163 duo
2487 1119 2611 1164 sunt
2651 1113 2869 1166 omnino
2896 1129 3057 1169 verus
3097 1124 3152 1169 ει
3194 1132 3297 1171 non
3322 1132 3502 1173 verus.

1936 1192 2086 1261 Quod
2107 1196 2153 1248 si
2180 1196 2335 1251 beata
2361 1199 2522 1271 Virgo
2545 1217 2730 1257 verum
2759 1220 2861 1258 non
2888 1206 3070 1275 genuit
3098 1208 3283 1273 Deum,
3315 1209 3506 1265 Filium

1935 1282 2049 1344 Dei,
2085 1288 2351 1354 quomodo
2382 1290 2449 1343 ab
2469 1291 2718 1345 omnibus
2766 1302 2911 1347 recte
2937 1296 3278 1352 credentibus
3306 1298 3359 1351 in
3386 1299 3505 1352 uni-

1934 1377 2128 1430 versali
2162 1379 2322 1433 totius
2351 1381 2498 1435 orbis
2527 1382 2764 1437 Ecclesia
2808 1384 2901 1437 Dei
2946 1385 3187 1441 Genitrix
3212 1396 3504 1443 veneratur

1934 1477 1989 1523 et
2016 1470 2293 1525 creditur?
2339 1473 2431 1526 Vel
2461 1474 2505 1527 si
2535 1489 2653 1527 eam
2679 1474 2773 1527 Dei
2812 1475 3138 1532 chitricem
3173 1492 3368 1548 negare
3396 1494 3504 1533 non

1935 1557 2119 1621 audes,
2150 1574 2217 1613 ne
2244 1567 2295 1612 te
2326 1560 2597 1628 publicum
2623 1563 2831 1616 hostem
2870 1565 3121 1621 Ecclesiae
3150 1566 3325 1636 palam
3352 1581 3504 1636 aper-

1936 1653 2093 1715 teque
2138 1648 2476 1706 demonstres
2500 1692 2515 1716 ,
2564 1655 2869 1709 necessario
2918 1656 3051 1710 duos
3083 1656 3225 1710 illaut
3256 1658 3506 1727 genuisse

1934 1732 2082 1799 deos,
2109 1751 2277 1790 unum
2321 1753 2504 1793 verum
2541 1738 2725 1812 [Forte
2744 1742 2935 1813 suppl.,
2964 1753 3019 1798 et
3047 1745 3276 1800 alterum
3299 1760 3508 1802 nuncu-

256 1848 278 1882 ε
302 1830 362 1885 Si
392 1832 540 1885 enim
570 1841 652 1887 εει
676 1841 732 1887 ει
759 1833 901 1889 idem
930 1833 1072 1890 Deus
1096 1835 1253 1889 simul
1287 1845 1344 1890 ει
1367 1838 1547 1903 homo,
1577 1839 1833 1894 adorat“,
1864 1834 1904 1891 Β
1933 1823 2195 1897 pativum]
2220 1824 2375 1880 fateri
2400 1831 2626 1897 cogeris.
2666 1830 2772 1885 Aut
2797 1833 2840 1885 si
2869 1833 2971 1888 hoc
2990 1834 3085 1888 tibi
3113 1834 3251 1889 sicut
3278 1843 3334 1890 et
3352 1835 3506 1890 nobis

244 1920 427 1989 potius
455 1930 718 1989 tanquam
745 1938 885 1976 unus
908 1924 1218 1979 adoratione
1237 1942 1342 1980 una
1364 1967 1379 1992 ,
1417 1936 1472 1982 et
1499 1944 1605 1983 non
1633 1930 1833 1985 coado-

249 2019 423 2073 eatur,
455 2026 558 2066 nec
584 2012 951 2081 coappellatur
978 2014 1223 2078 Deus,'ut
1250 2033 1355 2071 non
1394 2019 1555 2074 homo
1575 2020 1836 2090 simplici-

245 2111 330 2156 ter
370 2104 709 2168 communis,
759 2114 813 2158 et
863 2108 1157 2162 secundum
1199 2123 1297 2162 nos
1343 2109 1659 2165 Emmanuel
1714 2126 1834 2167 esse

245 2193 506 2247 credatur
524 2194 704 2248 divina
734 2194 902 2265 gloria
932 2198 1286 2268 participatus
1311 2214 1407 2269 per
1430 2201 1659 2268 gratiam
1686 2219 1699 2255 :
1739 2200 1834 2257 sed

246 2282 575 2337 confitemur
619 2286 791 2355 magis
817 2284 987 2341 Deum
1018 2288 1072 2341 in
1114 2304 1277 2345 carne
1318 2300 1539 2361 propter
1580 2306 1679 2345 nos
1706 2306 1833 2347 vere

246 2374 530 2429 hominem
557 2374 778 2439 factum,
808 2392 915 2432 non
947 2380 1174 2434 transitu
1205 2391 1412 2436 natura:
1456 2398 1554 2453 per
1583 2386 1835 2439 mutatio-

244 2480 367 2518 nem
396 2474 453 2519 et
480 2468 910 2533 conversionem,
935 2471 1029 2525 sed
1059 2473 1283 2527 unitatis
1310 2474 1784 2544 dispensationem.
1808 2497 1826 2530 ι

242 2550 302 2606 In
339 2553 572 2622 praefato
616 2570 830 2626 quoque
875 2558 1014 2614 libro
1057 2571 1242 2616 contra
1268 2563 1613 2619 Maximinum
1639 2566 1833 2622 beatus

241 2643 582 2715 Augustinus
608 2649 889 2704 verissime
917 2658 1148 2707 testatur
1189 2653 1381 2708 Filium
1414 2655 1509 2709 Dei
1551 2657 1822 2712 hominem

242 2733 444 2791 factum
470 2754 486 2790 :
527 2745 584 2792 et
616 2753 741 2794 vere
761 2738 918 2808 juxta
950 2743 1297 2812 apostolicam
1321 2760 1510 2800 vocem
1536 2747 1831 2803 exaltatum

246 2842 409 2897 supra
438 2843 606 2884 omne
635 2845 830 2886 nomen
858 2873 874 2899 ,
926 2834 1067 2903 quod
1109 2845 1191 2890 est
1217 2837 1271 2891 in
1307 2838 1444 2892 coelo
1486 2847 1578 2892 aut
1609 2840 1659 2894 in
1690 2850 1832 2897 terra

245 2915 475 2987 (Philip.
504 2933 565 2979 η,
594 2918 671 2989 9).
719 2920 875 2976 «Hoc
897 2936 1044 2994 ergo,
1078 2924 1253 2994 inquit
1272 2924 1430 2996 (Cap.
1465 2928 1542 2999 2),
1571 2928 1643 2982 illi
1669 2929 1832 2983 dona-

242 3015 356 3060 tum
382 3016 550 3062 estut
576 3010 816 3076 homini,
861 3015 1151 3069 secundum
1199 3032 1358 3087 quem
1392 3018 1567 3074 factus
1600 3029 1683 3075 est
1707 3022 1835 3076 obe-

242 3098 399 3153 diens
440 3114 618 3170 usque
669 3101 736 3155 ad
762 3113 987 3158 mortem
1017 3106 1194 3161 crucis
1219 3147 1234 3172 ,
1279 3106 1419 3177 quod
1451 3106 1566 3174 jam
1599 3110 1832 3166 habebat

1934 1919 2225 1976 absurdum
2283 1937 2403 1979 esse
2455 1926 2737 1990 videatur,
2794 1925 2964 1982 fatere
3012 1928 3289 1984 nobiscum
3335 1928 3506 1985 Deum

1933 2011 2084 2066 illum
2118 2028 2309 2069 verum
2337 2018 2602 2072 veraciter
2622 2019 2725 2074 dici
2754 2028 2809 2073 et
2836 2033 2978 2083 esse,
3004 2034 3111 2073 non
3148 2020 3507 2091 nuncupative

1935 2104 2085 2175 fingi,
2130 2115 2185 2161 et
2236 2111 2531 2180 nuncupari
2578 2113 2719 2182 quod
2745 2126 2852 2169 non
2895 2119 2998 2166 est.
3036 2111 3390 2183 lucongruum
3423 2117 3508 2168 est

1932 2197 2076 2250 enim
2113 2206 2167 2251 et
2199 2200 2351 2254 valde
2377 2202 2630 2271 ineptum,
2659 2203 2831 2257 Deum
2857 2203 3080 2274 aliquid,
3104 2204 3245 2273 quod
3275 2219 3381 2258 non
3413 2203 3503 2268 sit,

1933 2289 2060 2353 dici,
2092 2290 2231 2346 sicut
2260 2300 2313 2345 et
2343 2308 2542 2364 negare
2563 2294 2704 2364 quod
2731 2304 2837 2361 est,
2862 2296 3087 2367 impium
3115 2304 3169 2350 et
3189 2294 3507 2350 detestabile

1932 2392 2053 2433 esse
2080 2380 2429 2451 dignoscitur.

2002 2472 2139 2527 Xlll.
2179 2473 2308 2529 Post
2354 2476 2657 2531 testimonia
2714 2476 2878 2545 igitur
2916 2485 3225 2532 sanctorum
3259 2477 3503 2542 Patrum,

1932 2578 2051 2633 quae
2074 2564 2240 2617 multa
2271 2566 2516 2633 quidem,
2551 2573 2607 2620 et
2634 2567 2874 2634 quaedam
2902 2566 3061 2620 etiam
3090 2582 3218 2621 vere
3256 2568 3503 2637 posuisti,

1932 2655 2026 2709 sed
2056 2654 2379 2710 omnimodis
2426 2656 2706 2711 catholicis
2731 2697 2745 2720 ,
2792 2672 2898 2711 non
2948 2657 3215 2713 haereticis
3248 2657 3504 2723 faventia,

1931 2741 2188 2811 prtesnlcs
2233 2758 2448 2814 quoque
2485 2745 2857 2814 Hispaniarum
2905 2746 3141 2812 inducis,
3175 2761 3308 2816 quos
3334 2756 3389 2801 tu
3411 2762 3505 2802 or-

1934 2832 2197 2886 thodoxos
2241 2833 2413 2887 dicis:
2447 2834 2498 2888 in
2538 2835 2624 2889 his
2661 2850 2778 2906 qure
2806 2836 3031 2906 posuisti
3060 2837 3394 2892 orationibus
3422 2837 3506 2892 in-

1933 2919 2244 2975 dubitanter
2271 2922 2507 2978 hmretici
2535 2940 2651 2979 esse
2677 2925 3081 2995 diguoscuntur.
3149 2926 3261 2981 Nisi
3288 2928 3427 2981 forte
3449 2935 3504 2982 et

1932 3023 2119 3063 eorum
2148 3011 2311 3076 dicta,
2343 3011 2483 3066 sicut
2507 3023 2560 3066 et
2584 3013 2636 3067 in
2665 3015 2875 3068 caneris
2903 3014 3135 3078 solebas,
3165 3016 3499 3084 depravaris,

1933 3099 2138 3153 scilicet
2162 3109 2220 3153 ut
2244 3104 2386 3170 quod
2414 3102 2489 3156 illi
2516 3103 2651 3159 bene
2679 3104 2947 3167 dixerunt,
2977 3105 3105 3158 tuin
3135 3104 3501 3172 adjumentum

242 3187 359 3255 “pse
380 3187 574 3262 [idem]
607 3190 705 3245 Dei
728 3190 914 3257 Filius,
944 3194 1087 3250 Deus
1110 3195 1187 3251 de
1213 3196 1325 3251 Deo
1351 3206 1509 3252 ηεηηε
1532 3199 1770 3269 aqualis.
1803 3220 1821 3253 ,
1854 3178 1898 3236 C
1931 3190 2133 3243 erroris
2164 3191 2238 3244 tui
2269 3201 2493 3258 mutare,
2542 3201 2597 3247 ct
2651 3192 2876 3249 alterum
2921 3209 3017 3263 pro
3068 3194 3242 3250 altero
3288 3197 3503 3256 mittere

240 3277 298 3331 Si
323 3294 459 3347 ergo
493 3281 598 3335 hoc
638 3283 689 3337 ei
718 3283 973 3339 donatum
1002 3294 1088 3340 est
1119 3287 1170 3340 in
1193 3287 1375 3341 carnis
1405 3289 1821 3360 dispensatione,

237 3371 385 3438 quod
399 3372 516 3440 jam
545 3381 672 3428 ante
701 3374 934 3430 habebat
968 3377 1020 3431 in
1064 3379 1361 3433 divinitatis
1393 3391 1584 3434 natura
1606 3422 1620 3445 ,
1655 3391 1825 3437 restat

244 3471 303 3515 ut
322 3463 468 3517 idem
516 3463 629 3531 ipse
670 3480 830 3520 verus
876 3465 1046 3522 Filius
1072 3468 1166 3521 Dei
1192 3479 1349 3524 natus
1375 3486 1439 3523 ex
1462 3471 1674 3542 virgine
1705 3488 1825 3527 cre-

244 3552 406 3607 datur
446 3561 506 3607 et
543 3554 880 3611 confiteatur.
923 3557 1091 3611 Deum
1114 3574 1244 3629 ergo
1271 3560 1403 3615 dicis
1432 3576 1570 3625 esse,
1600 3563 1695 3617 sed
1719 3579 1823 3616 non

246 3659 433 3699 verum
478 3644 675 3701 Filium
699 3688 713 3711 ,
748 3646 763 3719 [
787 3647 814 3687 ἀ
844 3648 937 3717 qui
970 3664 1088 3703 esse
1114 3665 1220 3703 non
1247 3649 1467 3721 negas],
1496 3653 1590 3707 sed
1619 3653 1826 3723 adopti-

245 3747 393 3798 vum,
434 3741 493 3788 et
516 3750 621 3788 non
654 3751 860 3790 verum.
901 3736 1030 3803 Quae
1058 3746 1237 3792 autem
1267 3747 1350 3793 est
1387 3740 1487 3794 ista
1526 3757 1662 3796 nova
1692 3743 1825 3798 ﬁlle-

245 3824 374 3877 tatis
398 3824 728 3878 introductio
752 3825 805 3879 in
827 3825 1077 3881 Christo?
1108 3826 1275 3881 Deum
1301 3828 1445 3882 illum
1474 3830 1605 3885 dicis
1626 3847 1745 3887 esse
1771 3839 1826 3887 et

248 3927 354 3968 non
402 3928 593 3968 verum
631 3931 645 3966 :
677 3915 798 3983 quis
842 3924 927 3970 est
957 3916 1080 3971 talis
1136 3915 1549 3988 nuncupatiouis
1595 3918 1823 3985 fructus,

248 4003 337 4058 ubi
366 4003 748 4058 detrimentum
766 4013 853 4059 est
877 4006 1157 4061 veritatis?
1190 4007 1257 4062 Et
1285 4009 1551 4077 quomodo
1583 4011 1634 4064 in
1671 4010 1826 4066 Chri-

247 4103 330 4148 sto
368 4103 454 4148 est
497 4096 676 4150 omnis
718 4097 919 4152 veritas
945 4138 960 4162 ,
1006 4099 1051 4153 si
1082 4099 1184 4153 hoc
1208 4098 1400 4165 solum,
1428 4104 1568 4169 quod
1595 4104 1825 4158 maxime

248 4182 525 4239 fatendum
552 4193 666 4249 est,
694 4187 987 4241 secundum
1031 4196 1266 4243 vestram
1308 4190 1610 4259 opinionem
1639 4207 1823 4247 vermu

250 4290 355 4329 non
380 4290 502 4329 esse
525 4276 857 4332 credendum
890 4278 1008 4332 est?
1032 4278 1112 4332 Tu
1143 4289 1322 4335 autem
1348 4282 1704 4337 certissimam
1731 4298 1825 4338 νεα

251 4366 469 4419 ritatem
521 4366 597 4419 ita
630 4380 697 4420 es
730 4364 971 4421 refutare
1019 4376 1246 4423 conatus
1271 4410 1286 4433 ,
1334 4377 1394 4423 ut
1422 4369 1628 4426 diceres
1660 4370 1825 4426 Deum

249 4457 369 4511 ideo
389 4470 514 4511 esse
539 4455 745 4510 dictum
772 4454 1071 4523 Christum,
1097 4458 1224 4528 quia
1262 4457 1372 4514 Deo
1395 4458 1713 4527 coniunctus
1743 4470 1825 4517 est

317 4641 344 4669 ι
384 4629 447 4683 S.
480 4626 664 4698 Cyrilli
710 4637 896 4685 textus
942 4632 1045 4687 hoc
1090 4632 1206 4687 loco
1251 4633 1536 4689 admodum
1570 4636 1823 4692 mendose

247 4708 622 4775 {ecciisentun
710 4699 818 4775 Eos
861 4700 1123 4775 Alcuinus
1168 4703 1452 4772 descripsit
1512 4708 1708 4775 partim
1757 4723 1823 4763 ex

246 4768 615 4845 Explicatione
640 4784 724 4845 ut
740 4768 1023 4845 Capitum,
1058 4787 1178 4841 quae
1206 4768 1382 4845 ejsta't
1409 4768 1538 4845 tom'.
1572 4776 1632 4845 Vl
1657 4776 1819 4845 Oper.

245 4839 306 4923 5ἶ
332 4838 524 4909 Cyrilli
548 4853 669 4923 pag.
704 4838 1178 4923 l_54,‘partim'-ex
1222 4843 1457 4923 Epistola
1490 4838 1822 4923 apologe'tica

243 4908 517 4984 gdversus
560 4908 1377 4984 Theodoretiweprehensiones
1420 4930 1494 4968 xu
1525 4908 1820 4984 _Capitum.

242 4978 464 5051 Primus
503 4978 670 5049 igitur
709 4980 861 5051 locus
899 4978 1214 5051 est‘Cyrilli
1238 4978 1737 5039 Anathematismus
1765 4987 1817 5051 8,

243 5049 336 5118 qui
370 5048 442 5102 ita
473 5048 633 5103 sonat
664 5068 676 5104 :
728 5068 746 5100 ι
777 5049 835 5103 Si
860 5051 984 5120 quis
1018 5048 1198 5107 dicere
1218 5055 1397 5115 audet,
1431 5053 1701 5108 hominem
1733 5048 1822 5109 asi-

242 5129 521 5194 sutnptnm
548 5134 655 5172 una
693 5133 814 5194 cum
842 5120 934 5174 Dei
964 5120 1141 5175 Verbo
1168 5122 1501 5194 adorandum
1526 5131 1582 5177 et
1608 5124 1824 5194 conglo-

243 5187 604 5260 riﬂcandum,
634 5196 701 5260 et
743 5188 911 5243 Deum
954 5198 1209 5260 tanquam
1249 5193 1476 5246 alterum
1506 5208 1630 5246 cum
1655 5187 1825 5249 altero

242 5258 740 5332 copuominaudum
766 5274 887 5315 esse
917 5259 937 5329 (
954 5258 1099 5316 hunc
1130 5263 1272 5317 enim
1297 5260 1624 5332 intellectum
1650 5264 1825 5332 parti-

240 5325 370 5382 cula
394 5344 532 5403 cunt,
574 5325 782 5394 adjecta
818 5325 1078 5403 perpetuo
1102 5347 1165 5403 ac
1196 5332 1504 5403 necessario
1543 5325 1743 5403 affert),
1770 5340 1829 5388 et

242 5410 359 5450 non
404 5397 583 5465 potius
612 5411 733 5468 una
782 5397 1095 5456 adoratione
1136 5401 1540 5456 Emmanuclem
1572 5397 1824 5468 honorat,

242 5480 538 5541 unamque
587 5466 661 5521 illi
712 5468 1156 5537 gloriﬁcationem
1217 5470 1505 5533 attribuit,
1559 5466 1824 5541 quatenus

244 5536 487 5591 Verbum
511 5535 826 5592 factum'est
858 5555 1006 5604 caro,
1036 5544 1319 5596 anathema
1356 5541 1444 5594 sit.
1475 5560 1494 5591 ι

320 5608 349 5644 b
390 5606 487 5660 Hic
529 5606 669 5661 alter
711 5615 887 5664 textus
917 5618 1096 5665 exstat
1124 5611 1178 5665 in
1225 5609 1587 5665 declaratioue
1618 5609 1823 5667 praefati

242 5677 702 5750 Anathematismi
751 5680 806 5750 8,
850 5679 942 5750 qui
994 5679 1065 5734 ibi
1115 5680 1187 5733 ita
1238 5677 1514 5734 redditur:
1553 5698 1572 5730 ι
1615 5677 1668 5733 Si
1700 5682 1825 5750 quis

244 5761 380 5815 ergo
416 5747 565 5801 illum
607 5748 765 5802 simul
816 5747 1026 5802 adorari
1075 5750 1204 5803 dicit
1247 5759 1499 5817 tauquam
1548 5747 1821 5805 hominem

1851 4524 1904 4586 υ

1929 3292 2093 3332 ausus
2131 3279 2224 3331 sis.
2263 3277 2526 3333 Asserunt
2567 3281 2709 3336 enim
2761 3281 2978 3350 quidam
3021 3297 3089 3337 ex
3126 3282 3229 3339 illis
3253 3283 3504 3343 Patrihus

1930 3365 2133 3438 [Forte,
2165 3368 2452 3442 partibus],
2476 3370 2565 3426 ubi
2595 3378 2650 3424 tu
2681 3370 2882 3434 dixisti,
2912 3370 2997 3425 vel
3026 3372 3390 3441 adoptionem,
3415 3377 3499 3432 vel

1927 3459 2159 3528 alaptivi
2187 3460 2439 3524 hominis,
2468 3476 2561 3516 eos
2583 3461 2782 3515 dixisse
2805 3476 2903 3530 pro
2932 3459 3259 3536 [adoptione]
3288 3479 3499 3520 assum-

1926 3550 2183 3617 ptioncm,
2207 3560 2263 3605 et
2288 3566 2386 3621 pro
2412 3552 2647 3624 adoptivi
2668 3554 2966 3624 assumpti:
2996 3562 3053 3607 et
3083 3555 3139 3608 in
3162 3554 3263 3611 hoc
3287 3571 3500 3628 quoque

1924 3649 2015 3695 tua
2065 3641 2325 3696 malevola
2371 3644 2615 3713 arguitur
2656 3645 2975 3713 pertinacia.
3047 3642 3106 3700 Si
3148 3648 3292 3701 enim
3323 3648 3374 3702 in
3408 3658 3496 3703 tua

1925 3734 2189 3789 sententia
2212 3769 2233 3800 ,
2274 3735 2428 3802 quasi
2469 3736 2521 3789 in
2544 3737 2768 3790 veritate
2797 3736 3126 3802 confideres,
3159 3752 3497 3806 nequaquam

1925 3837 1989 3876 ea
2017 3838 2135 3892 quae
2166 3821 2232 3877 ab
2254 3822 2373 3876 aliis
2402 3822 2539 3877 bene
2565 3825 2705 3879 dicta
2736 3834 2898 3891 sunt,
2945 3827 2998 3880 in
3033 3840 3257 3895 pravum
3280 3841 3496 3881 sensum

1925 3922 2196 3979 mutares;
2244 3913 2443 3968 veritas
2474 3915 2648 3978 enim,
2682 3916 2986 3984 ubicunque
3013 3925 3124 3979 est,
3153 3917 3497 3987 semetipsam

1924 4002 2181 4057 defendit.
2225 4001 2331 4057 Sed
2356 4002 2470 4057 sive
2500 4012 2702 4058 mutata
2728 4043 2743 4068 ,
2786 4005 2900 4059 sive
2927 4014 2985 4058 ut
3008 4006 3076 4060 ab
3100 4006 3180 4060 eis
3207 4016 3330 4062 sunt
3356 4009 3498 4064 dicta

1925 4094 2041 4149 ι)ωο
2081 4093 2266 4148 eadem
2310 4092 2617 4147 testimonia
2666 4108 2696 4146 a
2748 4102 2800 4148 te
2844 4094 3007 4164 857
3038 4095 3147 4150 sint
3171 4097 3361 4165 posita,
3390 4114 3496 4154 non

1924 4196 2248 4252 magnopere
2293 4183 2589 4237 curandum
2637 4192 2749 4244 est;
2799 4199 2898 4239 nos
2942 4185 3085 4240 enim
3114 4186 3349 4242 Romana
3376 4188 3499 4258 plus

1925 4274 2246 4328 auctoritate
2288 4288 2450 4343 quam
2497 4272 2764 4343 Hispana,
2816 4276 3045 4330 veritate
3094 4277 3409 4333 assertiouis
3442 4288 3499 4335 et

1927 4364 2049 4420 fidei
2074 4372 2269 4420 nostra
2310 4362 2487 4419 fulciri
2533 4365 2939 4431 desideramus;
2991 4366 3116 4422 licet
3159 4381 3259 4421 nec
3296 4366 3383 4422 illa
3412 4383 3499 4423 re-

1926 4454 2239 4526 probemus,
2291 4453 2347 4509 in
2391 4454 2476 4509 bis
2527 4461 2704 4509 tamen
2752 4469 2876 4524 qua:
2920 4455 3184 4512 catholica
3217 4456 3490 4513 dicuntur.

1924 4648 2191 4699 seorsum,
2220 4647 2344 4688 cum
2372 4631 2482 4687 Deo
2505 4630 2683 4684 Patris
2713 4629 2912 4689 Verbo.
2946 4638 3197 4700 tanquam
3225 4630 3394 4687 altero
3423 4633 3496 4690 ab

1925 4705 2064 4772 ipso,
2094 4711 2147 4759 et
2193 4719 2298 4774 non
2340 4700 2850 4774 secundumhveram
2883 4700 3131 4774 unionem
3164 4700 3497 4774 coniungens

1925 4768 1980 4828 in
2003 4768 2168 4828 unum
2196 4773 2471 4828 Christum
2509 4780 2563 4825 et
2584 4769 2777 4823 Filium
2803 4776 2860 4822 et
2887 4768 3168 4824 Dominum
3193 4812 3207 4835 ,
3241 4768 3345 4826 una
3364 4768 3497 4828 ado-

1924 4844 2134 4898 ratioue
2159 4844 2392 4897 honorat
2414 4882 2429 4907 ,
2461 4840 2606 4909 juste
2633 4840 2822 4894 virtuti
2852 4839 3012 4910 hujus
3045 4839 3494 4898 Auathematismi

1925 4911 2227 4968 subiicitur.
2260 4931 2279 4963 ι

1998 4928 2279 5035 2Jl'(l:"t:il~ltliiis,
2320 4979 2408 5052 hic
2453 4976 2603 5052 locus
2640 4979 2871 5035 habetur
2911 4980 2964 5035 in
2991 4978 3300 5052 defensione
3332 4981 3493 5052 hujus

1922 5051 2373 5107 Anathematismi
2419 5050 2681 5120 adversus
2732 5052 3203 5120 reprehensionem
3252 5050 3495 5108 Theodo-

1924 5122 2046 5184 reti,
2079 5121 2115 5173 Ι.
2147 5120 2241 5191 cit.
2265 5136 2386 5190 pag.
2418 5119 2626 5191 226,_et
2660 5121 2735 5191 ita
2764 5119 2835 5175 ibi
2871 5129 3064 5175 sonat:
3100 5139 3118 5170 ι
3147 5120 3278 5191 Nam
3328 5122 3498 5191 siqui-

1925 5193 2046 5247 dem
2073 5191 2185 5259 ipse
2219 5189 2361 5245 Deus
2404 5189 2565 5245 simul
2591 5199 2647 5246 et
2676 5190 2864 5252 homo,
2899 5193 3158 5245 adorator
3181 5190 3322 5259 sicut
3355 5189 3496 5249 unus

1924 5258 2239 5332 adoratione
2264 5276 2401 5332 una,
2416 5267 2473 5313 et
2498 5276 2603 5315 non
2634 5261 2958 5332 coadoratur
2981 5268 3037 5315 et
3068 5258 3227 5332 simul
3257 5262 3494 5332 appella-

1929 5339 2016 5385 tur
2034 5330 2216 5384 Deus:
2267 5343 2336 5383 ne
2366 5330 2680 5384 Emmanuel
2719 5330 2972 5384 credatur
3008 5343 3130 5384 esse
3171 5329 3494 5385 homo—sim-

1926 5401 2139 5470 pliciter
2164 5406 2220 5470 et
2248 5400 2550 5470 communis
2591 5401 2732 5454 sicut
2759 5413 2890 5470 nos,
2933 5406 2990 5452 et
3026 5401 3376 5470 perigratiam
3406 5401 3459 5455 di
3478 5430 3493 5444 -

1925 5468 2062 5541 vina:
2088 5468 2270 5541 gloria:
2286 5469 2586 5537 particeps;
2618 5469 2714 5524 sed
2750 5468 3106 5541 confiteantur
3129 5468 3278 5541 illum
3310 5472 3491 5541 potius

1926 5538 2110 5593 Deum'
2145 5540 2199 5594 in
2247 5553 2409 5593 carne
2438 5546 2657 5605 propter
2699 5553 2817 5603 nos,
2864 5539 2916 5592 id
2942 5546 3047 5603 est,
3069 5553 3194 5595 vere
3221 5538 3493 5595 hominem

1927 5609 2146 5668 factum,
2177 5624 2283 5663 nou
2314 5607 2607 5660 mutatione
2643 5616 2849 5662 natura:
2892 5607 3185 5664 secundum
3216 5609 3493 5665 alteratio-

1926 5694 2048 5749 nem
2080 5688 2135 5749 ct
2158 5677 2605 5749 versione_m,7sed
2625 5679 2841 5733 unionis
2864 5679 3286 5749 dispensatione.
3316 5699 3334 5733 ο

1995 5748 2020 5787 ἀ
2063 5747 2192 5814 Quze
2218 5749 2369 5801 uncis
2400 5747 2602 5801 inclusa
2633 5758 2758 5802 sunt
2785 5747 3084 5802 redundare
3117 5748 3387 5803 videntur.
