3964 6186
2465 559 2490 597 s
2537 556 2642 614 est,
2679 560 2841 619 quam
2900 566 3022 611 eum
3068 561 3161 629 qui
3217 578 3286 621 ex
3317 566 3480 627 Patre
3531 584 3659 635 ante

2081 633 2320 698 tempora
2368 633 2707 724 genitusest
2733 655 2745 692 :
2772 642 2866 696 sed
2905 648 3153 704 eumdem
3194 652 3369 722 ipsum
3412 660 3516 719 hoc
3540 633 3656 724 fae-

2196 696 2205 698 ν
2370 696 2397 703 _
2912 696 3153 704 ____-_
3194 696 3210 707 .
3251 696 3369 712 ......
3412 696 3509 719 υυι

402 707 523 749 esse
547 696 827 764 probatur,
875 715 935 755 se
975 717 1073 771 per
1110 719 1295 775 γει-ψη
1323 707 1520 764 Filium
1552 711 1649 768 Dei
1683 722 1738 768 ei
1767 715 1819 769 in
1849 717 1982 772 mis.
2079 722 2191 771 tum
2213 732 2352 785 esse,
2385 724 2528 791 quod
2560 721 2685 781 ante
2703 745 2810 786 non
2842 731 2962 799 fuit,
2987 696 3248 810 patente;
3254 753 3509 809 ostendit.

403 799 586 841 sarum
633 788 930 856 solemniis,
997 802 1051 849 et
1102 796 1154 849 in
1203 800 1415 856 caeteris
1464 815 1678 873 quoque
1727 807 1977 866 omnibus

401 877 619 949 scriptis
649 880 763 937 suis
786 924 800 939 .
849 885 934 939 vel
978 886 1032 940 in
1060 889 1301 957 epistolis
1335 889 1494 948 fateri
1533 892 1697 966 solet,
1729 916 1853 957 eum
1880 904 1974 973 qui

398 984 497 1037 pro
524 981 707 1027 nostra
750 976 922 1031 salute
965 978 1126 1034 homo
1164 979 1278 1037 ﬁeri
1306 980 1554 1056 dignatus
1584 999 1682 1054 est,
1720 1000 1776 1047 et
1797 993 1974 1052 crucis

398 1060 582 1117 subire
629 1063 842 1135 [Forte,
879 1066 1128 1143 subiisse]
1161 1078 1505 1133 tormentum.
1546 1077 1604 1134 In
1631 1082 1793 1139 missa
1819 1100 1973 1141 nam-

397 1163 503 1217 que
531 1151 779 1209 humanae
825 1156 1138 1216 Nativitatis
1174 1161 1414 1231 ejusdem
1459 1163 1669 1226 Domini
1699 1174 1870 1228 nostri
1896 1174 1969 1231 ita

392 1247 617 1295 cantare
669 1241 902 1302 solemus
948 1262 963 1301 :
1023 1248 1259 1319 Praesta,
1308 1266 1364 1308 ut
1418 1253 1755 1329 Unigeuitum
1794 1275 1967 1331 tuum,

392 1344 544 1399 quem
578 1333 951 1405 redemptorem
997 1338 1106 1395 [α’ιὶ
1142 1346 1496 1415 suscepimus,
1530 1352 1813 1408 venientem
1835 1372 1967 1427 qun-
1999 1370 2009 1379 ’

392 1435 493 1489 que
509 1421 745 1490 judicem
772 1427 943 1482 securi
975 1429 1262 1489 videamus.
1302 1435 1455 1491 illum
1484 1440 1574 1508 qui
1600 1456 1698 1496 nos
1720 1459 1818 1498 suo
1838 1460 1965 1500 san-

394 1510 555 1577 guine
577 1511 832 1581 redemit,
859 1526 915 1571 et
942 1534 1106 1588 super
1138 1537 1294 1578 suum
1323 1528 1611 1585 adventuum
1627 1529 1968 1599 judicatums

393 1609 476 1654 est
507 1602 762 1659 mundum
784 1643 799 1670 ,
847 1606 1182 1681 unigenitum
1223 1614 1419 1672 Filium
1456 1619 1550 1675 Dei
1598 1624 1963 1682 conﬁtemur:

393 1694 537 1763 quod
591 1694 657 1749 de
701 1695 1037 1756 humanitate
1088 1703 1231 1761 illius
1279 1708 1396 1764 sine
1425 1710 1587 1767 dubio
1625 1714 1825 1772 dictum
1860 1728 1961 1773 est.

2145 804 2261 864 XV.
2288 809 2393 867 Sed
2428 815 2553 884 quia
2584 816 2802 890 longum
2831 834 2934 891 est,
2972 804 3166 887 cuncta
3215 843 3324 893 tua:
3358 804 3653 909 pravitatis

2074 910 2388 968 argumenta
2416 904 2704 973 discutere,
2730 912 2794 967 de
2820 915 2922 971 hoc
2949 919 3046 974 tibi
3075 904 3404 993 respondere
3434 932 3488 987 in
3514 951 3663 1005 pra».

2072 990 2211 1044 senti
2254 992 2502 1061 suﬁiciat,
2548 1002 2692 1069 quod
2735 1004 2929 1063 Filium
2979 1010 3076 1068 Dei
3099 990 3373 1078 hominem
3411 990 3659 1096 factum,

2073 1092 2258 1134 verum
2283 1081 2451 1138 Deum
2476 1102 2574 1156 per
2609 1091 2715 1149 hoc
2736 1098 2973 1155 maxime
3009 1118 3210 1175 negare
3238 1115 3473 1183 coneris,
3522 1122 3651 1188 quia

2070 1183 2169 1237 pro
2209 1185 2267 1224 se
2295 1171 2489 1243 legitur
2506 1193 2692 1237 orasse
2719 1183 2861 1242 sicut
2908 1197 2964 1244 et
3010 1171 3108 1262 pro
3133 1199 3309 1256 nobis.
3362 1171 3650 1271 Quod

2070 1253 2313 1325 legisses,
2342 1276 2564 1331 prorsus
2587 1268 2796 1338 ignoro,
2819 1253 3029 1334 scilicet
3059 1300 3078 1332 ι
3109 1282 3305 1342 Filium
3337 1253 3432 1348 Diei
3453 1311 3650 1365 prose,

2069 1343 2209 1399 sicut
2236 1362 2335 1416 pro
2376 1353 2530 1409 nobis
2576 1372 2781 1415 orasse.
2821 1383 2841 1416 ι
2883 1365 3016 1423 Nam
3052 1373 3180 1441 quid
3234 1343 3367 1434 sibi—

2069 1430 2181 1502 ipse
2191 1449 2296 1489 non
2306 1441 2496 1508 potuit,
2529 1447 2615 1500 cui
2631 1451 2806 1506 omnia
2828 1453 2967 1511 dedit
2993 1430 3155 1520 Pater
3170 1430 3439 1528 inmeritis
3457 1430 3645 1545 (1001!:

2068 1536 2151 1586 ιιι,
2177 1523 2306 1595 55)?
2329 1528 2425 1584 Vel
2451 1532 2609 1603 cujus
2642 1543 2851 1607 peccati
2887 1549 3100 1606 veniam
3142 1570 3173 1609 a

2066 1618 2333 1682 putandus
2374 1635 2480 1689 est,
2508 1629 2599 1696 qui
2612 1642 2881 1699 peccatum
2903 1655 3007 1695 non
3030 1642 3176 1713 fecit,
3212 1666 3305 1704 nec
3363 1618 3517 1712 dolus
3556 1662 3646 1715 in-

2064 1715 2246 1760 ventus
2272 1721 2348 1763 est
2390 1713 2446 1766 in
2476 1732 2565 1770 ore
2593 1720 2707 1788 ejus
2737 1721 2890 1793 (Isai.
2932 1744 3051 1799 un,
3082 1733 3146 1799 9;
3180 1735 3211 1789 Ι
3237 1736 3382 1799 Petr.
3417 1760 3478 1812 ιι,

2072 1795 2362 1820 ’λγ--..Αςηκ
2418 1818 2427 1820 ᾼ
2562 1809 2642 1820 "‘
2808 1816 2819 1820 ⁸
2881 1817 2893 1820 ’

388 1784 519 1839 Item
547 1785 599 1840 in
627 1783 712 1841 die
732 1787 939 1845 Natalis
960 1790 1167 1848 Domini
1192 1810 1207 1848 :
1233 1794 1486 1864 Concede,
1511 1818 1831 1874 accersamus,
1854 1824 1952 1861 om-

392 1875 625 1909 ατὸηηηοιο
655 1873 789 1909 ηρ...
856 1889 912 1909 ..ο
939 1897 1032 1909 ..ιη
1084 1880 1348 1909 Π..;..,..ι.ε
1386 1890 1461 1909 ,με
1490 1908 1511 1909 ρ
1538 1908 1541 1909 ,

2614 1783 2630 1788 _
2743 1783 2754 1793 ‘
3012 1783 3478 1812 _,-,__-...u,
3521 1783 3641 1806 ea;

2071 1795 2179 1852 Nos
2207 1815 2459 1873 namque,
2486 1809 2576 1877 qui
2606 1810 2776 1872 Deum
2805 1816 3171 1882 indesinenter
3195 1783 3646 1909 orarejubemui,

2072 1887 2165 1909 L-L
2184 1905 2252 1909 A7.
2310 1908 2317 1909 κ
2387 1894 2397 1906 ⁹
2521 1898 2535 1909 “
2576 1901 2590 1909 ⁵
2616 1903 2628 1909 “
2826 1908 2833 1909 ί

392 1875 625 1944 uipoteus
647 1873 806 1941 Deus,
856 1889 912 1933 ut
939 1897 1032 1935 nos
1081 1880 1348 1954 Unigem'ti
1383 1890 1461 1943 tui
1486 1908 1617 1946 nova
1645 1911 1737 1963 per
1755 1913 1964 1951 carnem

391 1965 636 2019 nativitas
672 1966 871 2023 liberet.
928 1970 997 2025 Et
1037 1971 1203 2028 alibi:
1269 1975 1411 2031 Deus
1454 1981 1546 2049 qui
1590 1979 1851 2054 Unigeuiti
1888 1986 1965 2040 tsi

386 2051 613 2120 pretioso
657 2056 932 2125 sanguine.
984 2057 1117 2114 item
1161 2072 1355 2131 quarta
1384 2064 1517 2121 feria
1550 2079 1677 2124 ante
1697 2051 1916 2128 Pascha
1947 2092 1959 2128 :

389 2137 618 2207 Praesta,
647 2160 967 2215 qua-sumus,
998 2152 1318 2221 omnipotens
1352 2155 1511 2223 Deus,
1545 2169 1604 2212 ut
1644 2177 1736 2230 per
1774 2161 1965 2233 Unige~

388 2229 487 2282 niti
514 2233 594 2284 tui
636 2235 928 2303 passionem
966 2237 1263 2296 liberemur.
1312 2244 1380 2299 Et
1416 2246 1469 2301 in
1517 2247 1622 2303 alia
1670 2251 1957 2308 oratione:

383 2318 619 2390 Largire,
650 2326 971 2396 omnipotens
998 2328 1158 2396 Deus,
1184 2343 1239 2387 ut
1260 2351 1352 2404 per
1376 2339 1711 2408 temporalem
1733 2340 1863 2397 Filii
1884 2345 1961 2398 tui

384 2421 620 2475 mortem,
662 2430 818 2485 quam
851 2420 1099 2488 mysteria
1128 2426 1425 2480 veneranda
1453 2438 1726 2487 testantur.
1767 2432 1835 2488 Et
1859 2435 1961 2491 hoc

384 2500 597 2568 smpius,
630 2518 793 2573 quam
818 2516 878 2561 ut
914 2510 1176 2579 exemplis
1205 2525 1390 2584 egeat,
1420 2518 1729 2576 invenitur:
1756 2523 1961 2579 scilicet

382 2590 528 2657 quod
557 2591 693 2660 ipse,
736 2595 829 2663 qui
870 2611 969 2665 pro
996 2599 1152 2652 nobis
1177 2617 1366 2670 passus
1387 2614 1471 2661 est
1489 2617 1735 2672 mortem,
1767 2612 1959 2669 unicus

380 2687 437 2734 et
464 2696 624 2738 verus
648 2682 846 2739 dicitur
874 2687 1044 2745 Filius
1073 2690 1189 2755 Dei,
1218 2693 1360 2747 sicut
1385 2710 1512 2751 vere
1543 2707 1645 2753 est.
1688 2700 1844 2757 Tales
1868 2717 1957 2757 er-

379 2787 447 2845 go
477 2782 724 2831 auctores
756 2780 928 2849 magis
957 2783 1260 2851 sequendos
1289 2783 1578 2855 elegimus,
1605 2788 1657 2844 in
1687 2790 1882 2859 quibus
1900 2801 1956 2848 et

380 2862 516 2918 ﬁdes
541 2866 763 2932 rectior,
791 2876 847 2922 et
873 2871 1076 2925 veritas
1102 2883 1326 2943 apparet
1353 2876 1710 2934 manifestior.

446 2953 586 3010 XIV.
620 2955 773 3022 Quod
817 2957 979 3027 igitur
1023 2962 1219 3016 obnixe
1246 2965 1548 3033 postulasti,
1592 2969 1871 3039 impletum
1918 2989 1950 3029 a

374 3042 532 3098 nobis
559 3044 832 3111 arbitror;
864 3047 945 3102 ais
967 3063 1237 3119 namque:
1266 3069 1285 3102 ι
1317 3051 1375 3107 Si
1395 3055 1517 3125 quis
1564 3072 1664 3113 nos
1688 3075 1717 3114 a
1761 3070 1949 3117 nostra

371 3133 708 3203 professione
745 3137 1015 3195 declinare
1040 3141 1176 3207 vult,
1230 3143 1469 3213 proferat
1516 3165 1668 3220 inque
1721 3153 1946 3212 idoneos
1975 3158 2020 3221 C

371 3234 555 3289 testes,
587 3227 679 3296 qui
718 3227 986 3285 aﬁirment
1028 3233 1171 3301 quod
1221 3249 1288 3289 ex
1345 3245 1501 3292 utero
1541 3242 1731 3298 matris
1786 3260 1947 3303 verus

282 3322 293 3331 '
370 3316 513 3371 Deus
540 3317 613 3372 sit
641 3329 952 3389 conceptus,
984 3333 1038 3377 et
1059 3339 1219 3382 verus
1240 3326 1310 3382 sit
1337 3326 1507 3383 Filius
1538 3331 1652 3386 Dei.
1681 3352 1699 3386 r
1744 3334 1947 3395 Omnes

369 3419 604 3473 namque
638 3407 919 3475 pontiﬁces
947 3420 1146 3467 sancta:
1183 3414 1436 3473 Romana:
1450 3420 1725 3489 Ecclesite,
1749 3434 1949 3497 utprae-

369 3494 625 3560 diximus,
658 3497 854 3553 talibus
880 3501 957 3555 uti
1006 3503 1251 3560 solebant
1290 3509 1608 3578 rationibus,
1659 3523 1720 3569 ut
1763 3494 1947 3572 Jesum

369 3583 645 3638 Christum
675 3584 1009 3646 Salvatorem
1041 3603 1282 3650 nostrum
1308 3597 1502 3655 Filium
1549 3602 1645 3659 Dei
1708 3608 1951 3680 unigeni-

368 3682 482 3728 tum
506 3674 872 3733 indubitanter
893 3679 1178 3739 fateantur.
1194 3685 1309 3741 Non
1325 3698 1501 3746 autem
1524 3702 1607 3763 est
1620 3674 1946 3766 mirandum,

368 3761 412 3815 si
443 3763 600 3835 longe
625 3780 653 3819 a
675 3768 922 3823 veritatis
942 3771 1029 3825 via
1055 3783 1257 3839 errent,
1313 3779 1406 3848 qui
1445 3761 1617 3849 ipsam
1648 3761 1946 3843 Veritatem

371 3852 816 3912 inconven’enter
840 3868 893 3913 et
922 3859 1099 3932 inepte
1120 3879 1361 3934 quierere
1388 3868 1440 3924 in
1472 3872 1584 3927 suis
1610 3874 1946 3935 orationibus

369 3942 777 4012 dignoscuntur.
819 3948 915 4005 Vel
961 3956 1227 4022 quomodo
1296 3959 1583 4018 Veritatem
1632 3966 1947 4038 dignoscere

364 4047 523 4101 posse
541 4039 810 4103 putandus
832 4048 934 4107 est,
960 4044 1050 4113 qui
1076 4047 1321 4104 eamdem
1339 4050 1632 4109 Veritatem
1649 4059 1760 4115 suis
1786 4062 1944 4119 dictis

365 4133 421 4177 et
442 4126 660 4195 scriptis
684 4142 956 4202 oppugnat
976 4136 999 4187 ἲ
1018 4134 1125 4191 Sed
1150 4147 1206 4192 et
1230 4138 1380 4206 illud,
1405 4145 1547 4212 quod
1575 4148 1670 4203 tibi
1707 4153 1938 4219 ostendi,

362 4215 625 4284 postulas,
664 4222 924 4289 quomodo
946 4240 1096 4280 verus
1116 4226 1258 4283 Deus
1285 4245 1561 4304 conceptus
1591 4249 1666 4292 est
1693 4250 1741 4296 et
1763 4255 1937 4310 natus,

362 4305 468 4360 hoc
497 4313 607 4361 toto
628 4313 913 4378 praesentis
941 4315 1121 4383 operis
1151 4325 1300 4374 textu
1332 4330 1507 4379 tecum
1529 4327 1759 4397 egimus,

362 4583 550 4646 ceptus
574 4586 679 4643 est,
711 4588 766 4636 et
788 4591 948 4639 natus
968 4600 1033 4639 ex
1055 4587 1264 4659 virgine
1290 4591 1477 4661 Maria,
1506 4612 1609 4653 nec
1629 4615 1814 4658 verum
1830 4615 1934 4672 est,

360 4670 505 4736 quod
542 4668 775 4729 Joannes
818 4677 892 4731 ait
923 4696 935 4732 :
963 4680 1115 4747 Quod
1156 4681 1381 4741 Verbum
1426 4705 1550 4744 caro
1588 4691 1787 4761 factum
1841 4710 1937 4754 est.

362 4757 501 4844 Quid
530 4761 672 4815 enim
704 4765 974 4835 signiﬁcat
999 4771 1052 4825 in
1078 4772 1182 4829 hoc
1201 4778 1341 4844 quod
1368 4780 1445 4834 ait
1470 4798 1483 4834 :
1544 4757 1767 4839 Verbum
1812 4806 1937 4844 cura

359 4843 562 4912 fimum
581 4856 678 4912 est,
702 4850 805 4903 nisi
829 4852 1003 4911 Filius
1042 4857 1138 4912 Dei
1193 4843 1428 4920 humana
1477 4883 1644 4925 carne
1687 4884 1937 4945 suscepta

360 4933 525 4991 homo
555 4934 729 4994 factus
750 4942 866 4995 est?
902 4943 1055 5010 Quod
1087 4948 1131 5002 si
1169 4965 1334 5009 verus
1358 4954 1502 5011 Deus
1526 4966 1581 5014 et
1596 4975 1755 5017 verus
1769 4933 1939 5021 Filius

362 5024 459 5082 Dei
486 5038 778 5099 conceptus
792 5049 899 5089 non
927 5045 1029 5101 est,
1056 5054 1160 5095 nec
1183 5057 1343 5100 verus
1366 5046 1532 5105 Filius
1557 5050 1740 5109 Deiex
1759 5056 1937 5127 Virgi-

357 5132 433 5171 ne
449 5127 608 5176 natus
630 5131 738 5177 est.
768 5123 918 5193 Quod
945 5127 992 5181 si
1022 5128 1096 5183 ita
1125 5139 1228 5197 est,
1266 5149 1398 5206 ergo
1425 5153 1594 5207 purus
1648 5142 1831 5209 homo,
1857 5123 1935 5201 iet

356 5206 479 5262 sine
500 5207 705 5268 Deitate
731 5224 890 5271 natus
915 5225 1000 5273 est
1026 5237 1039 5272 :
1070 5221 1216 5291 quod
1278 5206 1439 5294 quam
1489 5232 1773 5290 catholicae
1806 5206 1932 5293 ﬁdei

352 5300 687 5357 contrarium
717 5304 810 5372 sit,
835 5310 1014 5367 omnis
1047 5323 1194 5367 recte
1226 5315 1455 5373 credens
1508 5321 1776 5397 intelligit.
1828 5328 1931 5385 Se-

355 5388 596 5445 cundum
619 5395 939 5457 catholicam
956 5414 1089 5473 ergo
1110 5402 1269 5461 lirhm
1294 5423 1458 5465 verus
1491 5410 1660 5471 Filius
1681 5388 1780 5472 Dei
1810 5433 1935 5474 con-

356 5488 549 5549 ceptus
577 5493 632 5538 et
655 5497 817 5544 natus
834 5500 922 5547 est
947 5509 1017 5549 ex
1048 5498 1269 5569 Virgine
1288 5501 1433 5558 idem
1472 5505 1608 5576 ipse,
1655 5510 1747 5577 qui
1808 5522 1934 5569 ante

359 5571 537 5626 omnia
560 5579 752 5634 Siccula
779 5591 937 5641 natus
951 5596 1034 5643 est
1058 5603 1123 5645 ex
1144 5589 1343 5650 Patre:
1373 5571 1509 5667 quia.
1521 5608 1712 5657 natura
1747 5604 1935 5660 buma-

432 5701 456 5728 ι
492 5690 618 5746 Vide
646 5694 781 5751 infra
817 5699 869 5755 in
900 5704 1059 5773 epist.
1093 5709 1160 5762 ad
1185 5709 1522 5780 Elipaudum,
1554 5730 1704 5772 num.
1735 5720 1819 5774 ll.

1792 4335 1937 4403 quod
2036 4336 2286 4398 Christus
2310 4346 2664 4420 oblationem,
2692 4335 2748 4411 et
2773 4375 2882 4415 non
2906 4335 3077 4434 magis
3116 4335 3217 4439 pro
3262 4377 3422 4432 nobis

361 4395 453 4450 ille
480 4398 789 4468 unigenitus
833 4401 1003 4458 Filius
1051 4405 1144 4461 Dei
1185 4410 1422 4469 Verbum
1463 4395 1640 4476 Patris
1678 4395 1826 4481 caro-
1850 4425 1936 4483 fa-
2035 4431 2200 4485 anath

360 4494 507 4539 ctum
543 4497 646 4542 est.
678 4487 812 4544 Nam
841 4493 885 4547 si
910 4508 1078 4576 verus
1094 4496 1265 4554 Filius
1284 4501 1378 4557 Dei
1404 4520 1512 4559 non
1537 4517 1641 4574 est,
1684 4513 1774 4580 qui
1802 4530 1934 4570 con-
1966 4515 2019 4575 D
2036 4520 2162 4590 priu

2068 1887 2329 1999 habemus
2355 1894 2471 1953 sine
2502 1898 2665 1958 dubio
2697 1908 2839 1975 quod
2884 1913 3041 1968 nobis
3100 1919 3172 1973 ab
3211 1936 3278 1978 eo

2065 1976 2314 2038 Christus
2342 2002 2487 2052 vero,
2517 1993 2644 2060 quid
2671 1997 2772 2051 sibi
2798 2000 2996 2058 dimitti
3024 1976 3640 2087 postularet:un

2064 2084 2226 2138 quam
2248 2075 2381 2131 nihil
2404 2077 2533 2135 fecit
2558 2086 2700 2153 quod
2735 2088 2786 2145 ei
2820 2075 3350 2166 dimittiipotuisset?
3395 2075 3500 2168 Pro

2061 2342 2399 2453 Tipositam
2431 2350 2745 2425 frequenter
2777 2378 3003 2432 peccare
3046 2387 3151 2427 non
3205 2342 3433 2448 ignbrat.
3483 2385 3639 2453 Quod

2255 2437 2431 2544 ipsum
2457 2453 2513 2499 et
2532 2422 2717 2504 _hodie
2751 2422 3151 2525 quoquefacit-
3473 2422 3638 2544 Esi:

2058 2524 2150 2639 qui
2179 2527 2256 2581 ait
2279 2545 2291 2580 :
2319 2526 2424 2594 Qui
2440 2524 2905 2613 etiaminterpellat
2921 2565 3017 2618 pro
3029 2524 3634 2639 uabisdlom.

2056 2612 2243 2685 igitur,
2266 2626 2326 2672 ut
2352 2624 2717 2696 praediximus,
2740 2644 2805 2686 eo
2825 2612 2986 2691 modo
3010 2655 3111 2708 pro
3137 2612 3292 2701 nobis
3316 2663 3474 2707 orare
3485 2612 3637 2711 ,dicil-

2056 2709 2165 2769 tur,
2194 2709 2336 2775 quod
2366 2710 2511 2768 illam
2535 2730 2755 2773 carnem
2802 2737 2964 2792 quam
2992 2742 3094 2798 pro
3134 2734 3292 2793 nobis
3320 2745 3633 2813 assumpsit,

2055 2794 2109 2849 in
2131 2812 2235 2867 qua
2259 2808 2314 2854 et
2332 2818 2525 2872 passus
2548 2817 2651 2875 est,
2681 2810 2795 2868 Deo
2831 2794 3011 2874 Patri—
3035 2826 3271 2882 ostendit
3314 2843 3332 2883 :
3383 2794 3531 2889 hacr
3547 2794 3638 2891 es;

2053 2888 2196 2942 enim
2223 2889 2341 2960 ejus
2365 2910 2463 2965 pro
2487 2898 2643 2957 nobis
2665 2901 3050 2976 interpellatio;
3076 2916 3289 2974 scilicet
3330 2888 3633 2993 passiones,

2053 2990 2190 3046 quas
2210 2996 2308 3049 pro
2336 2984 2489 3039 nobis
2507 2986 2767 3047 innocens
2797 3000 3054 3069 suscepit,
3097 2984 3450 3066 monstrando
3499 3031 3637 3085 quo-

2052 3066 2177 3123 dam
2205 3072 2365 3128 modo
2389 3075 2559 3133 Deum
2582 3079 2818 3150 Patrem,
2844 3097 2903 3142 ut
2924 3066 3097 3148 nostri
3144 3097 3485 3170 misereatur,
3504 3066 3636 3162 jaci-

2048 3176 2270 3219 monere
2295 3183 2308 3219 :
2337 3183 2443 3222 non
2469 3172 2611 3239 quod
2649 3173 2739 3230 ille
2794 3175 2917 3234 fons
2964 3184 3242 3253 sapientia:
3287 3201 3346 3246 et
3388 3194 3641 3252 scientiae

2047 3249 2326 3316 plenitudo
2376 3255 2579 3326 aliquid
2628 3260 2880 3332 ignorare
2940 3249 3146 3340 possit,
3206 3277 3302 3332 scd
3350 3281 3478 3350 quia

2047 3342 2190 3410 quod
2213 3359 2427 3416 semper
2454 3350 2557 3404 scit
2579 3363 2635 3407 et
2662 3354 2960 3427 desiderat,
2988 3378 3088 3433 per
3116 3370 3301 3426 carnis
3340 3342 3408 3431 e-x
3473 3378 3638 3435 nobis

2048 3442 2341 3501 assumpta:
2360 3446 2609 3493 naturam
2630 3454 2868 3512 praestat,
2898 3453 3041 3521 quod
3067 3461 3429 3523 praesmndum
3455 3475 3512 3520 et
3528 3482 3637 3523 na-

2047 3523 2134 3579 bis
2157 3525 2495 3594 profuturum
2518 3548 2637 3589 esse
2669 3543 2970 3610 cognoscit,
2995 3545 3048 3600 id
3072 3557 3175 3614 est,
3207 3552 3264 3606 in
3303 3570 3362 3609 se
3400 3560 3632 3615 creden-

2048 3620 2153 3679 tes,
2183 3624 2239 3670 ct
2266 3616 2318 3671 in
2342 3634 2400 3674 se
2425 3633 2722 3692 sperantes,
2746 3638 2802 3685 et
2828 3646 3074 3692 amantes
3109 3655 3439 3712 cognoscere
3468 3649 3630 3709 facit.

2049 3701 2162 3760 Hoc
2183 3705 2357 3776 ipsum
2385 3726 2619 3784 namque
2637 3726 2692 3773 et
2712 3723 3078 3791 praedecessor
3100 3736 3516 3798 tuusNestorius
3539 3759 3637 3799 so-

2047 3792 2192 3851 lebat
2225 3798 2425 3869 dicere,
2458 3806 2707 3866 videlicet
2734 3817 2877 3883 quod
2898 3818 3148 3880 Christus
3175 3841 3276 3895 pro
3322 3792 3635 3904 ⁷ιιιῖο

2045 3899 2242 3954 genere
2265 3895 2508 3964 corporis
2532 3899 2616 3954 sui
2642 3905 2966 3963 sacriﬁcium
2994 3913 3297 3975 obtulisset.
3313 3919 3465 3986 Quod
3479 3895 3632 3980 enim

2044 3981 2103 4027 tu
2140 3992 2325 4036 orasse
2346 3998 2471 4038 eum
2514 4001 2614 4056 pro
2640 4005 2699 4046 se
2725 3992 2884 4063 dicis,
2912 4000 3017 4056 hoc
3039 4002 3148 4071 ille,
3170 4005 3315 4063 idem
3338 4011 3526 4070 volens
3543 4016 3633 4070 in-

2043 4064 2231 4138 telligi,
2259 4071 2521 4133 obtulisse
2559 4079 2693 4136 dixit
2725 4099 2784 4140 se
2814 4103 2915 4158 pro
2962 4106 3022 4148 se
3057 4064 3630 4168 eligeneremContr-a

2039 4171 2203 4267 quam
2227 4160 2615 4264 blasphemiam
2647 4175 2775 4243 quid
2794 4179 2989 4238 beatus
3015 4160 3249 4256 Cyrillus
3259 4160 3627 4267 opposuisset:

2038 4250 2185 4316 audi,
2212 4252 2290 4308 ait
2329 4257 2475 4313 enim
2507 4278 2521 4314 :
2552 4280 2571 4313 ι
2595 4262 2653 4318 Si
2675 4268 2798 4337 quis
2844 4270 2994 4339 dicit,
3037 4250 3164 4346 quia
3196 4250 3390 4351 pro-se
3422 4250 3630 4347 obtulit

2203 4446 2323 4489 ema
2348 4437 2437 4492 sit.
2476 4459 2497 4492 ι
2526 4441 2594 4498 Ει
2622 4445 2751 4502 alibi
2778 4467 2792 4503 ;
2831 4469 2849 4500 ο
2881 4452 3087 4512 Obtulit
3112 4437 3255 4517 enim
3269 4481 3469 4538 corpus
3494 4437 3633 4542 pro:

2163 4538 2237 4624 ιιι,
2270 4540 2377 4580 non
2400 4544 2507 4630 pro
2548 4549 2631 4601 se,
2655 4539 2749 4593 sed
2775 4554 2876 4610 pro
2906 4547 3081 4602 nobis.
3114 4549 3246 4607 Nam
3277 4571 3383 4624 qua
3422 4538 3521 4630 pro
3563 4579 3634 4622 se

2039 4609 2312 4669 oblatione
2330 4617 2416 4671 vel
2446 4624 2714 4684 sacriﬁcio
2749 4630 3003 4703 indigeat,
3045 4641 3136 4708 qui
3161 4645 3231 4699 ab
3255 4609 3401 4704 omni

2040 4706 2095 4754 to
2122 4700 2279 4768 liber,
2321 4714 2379 4761 ut
2416 4709 2574 4779 Deus,
2613 4718 2834 4779 existit?
2856 4700 2960 4791 Qui
2989 4700 3170 4787 autem
3210 4735 3342 4791 dicit
3365 4700 3491 4811 quia
3528 4759 3625 4801 se—

2040 4793 2327 4864 metipsum
2352 4809 2462 4855 tam
2488 4819 2588 4873 pro
2609 4823 2666 4864 se
2687 4825 2849 4880 quam
2872 4831 2972 4886 pro
3002 4823 3157 4879 nobis
3178 4793 3454 4897 obtulerit,
3499 4851 3629 4892 ntﬂ~

2040 4884 2250 4945 latentis
2282 4891 2577 4964 impietatis
2600 4904 2809 4962 crimen
2849 4884 3087 4985 eﬂiigiet.
3126 4938 3146 4971 ι
3211 4884 3354 4977 idem
3400 4884 3630 4997 quoque

2044 4975 2157 5084 ipse
2182 4979 2412 5084 Cyrillus
2440 5004 2468 5084 εΔ
2481 4989 2669 5059 Aiunt,
2694 4996 2888 5068 inquit,
2919 4975 3158 5065 haeretici
3188 4975 3629 5084 nonprolngbi;

2042 5068 2237 5138 solum,
2263 5076 2357 5131 sed
2397 5079 2563 5137 etiam
2604 5100 2705 5157 pro
2734 5103 2791 5144 se
2819 5093 3080 5157 obtulisse
3108 5068 3632 5170 cernet-

2041 5158 2239 5264 ipsum,
2269 5169 2410 5236 quod
2455 5186 2487 5227 a
2512 5184 2661 5230 recta
2698 5187 2753 5233 et
2800 5182 3145 5245 immaculata

2039 5251 2192 5318 Quod
2210 5271 2341 5328 ergo
2359 5276 2545 5321 orasse
2569 5266 2788 5339 dicitur,
2814 5283 2870 5328 et
2892 5275 2946 5330 in
2973 5282 3219 5339 oratione
3243 5298 3620 5359 pernoctasse,

2036 5354 2092 5400 et
2110 5356 2258 5405 tanta
2285 5352 2538 5413 instantia
2552 5363 2906 5435 supplicasse,
2918 5378 2981 5425 ut
2998 5375 3164 5433 sudor
3190 5352 3306 5445 ejus
3325 5380 3467 5437 sicut
3484 5352 3620 5453 gul;

2037 5444 2105 5493 tae
2139 5445 2417 5512 sanguinis
2439 5448 2754 5511 decurreret
2779 5474 2943 5530 super
2967 5472 3166 5521 terram
3188 5468 3339 5541 (Luc.
3355 5488 3470 5539 ni,
3488 5444 3619 5547 14),

2037 5537 2207 5586 ιοιιιιιι
2237 5534 2339 5592 hoc
2367 5538 2487 5595 ideo
2519 5541 2720 5604 factum
2776 5565 2897 5607 esse
2944 5534 3350 5628 intelligendum
3393 5534 3498 5628 est.

2035 5623 2317 5683 veritatem
2356 5645 2642 5711 assumpta:
2664 5640 3012 5702 humanitatis
3032 5623 3357 5723 ostenderet,
3392 5623 3513 5729 quas
3538 5660 3622 5719 lap-
