3964 6186
254 298 375 357 9'29

983 295 1394 353 DOGMATICA.
1438 327 1506 335 —
1542 294 1698 350 ΑΜ.
1742 295 1843 350 FEI

1949 296 2034 350 sn
2073 294 2250 351 una:
2295 264 2402 351 vn.
2443 325 2512 335 -
2548 294 2677 350 ua.
2721 295 2826 351 ιιι.

3410 298 3518 359 230

258 426 477 485 crymas
494 419 552 468 et
578 413 831 468 sudorem
858 412 1029 484 possit
1055 413 1275 478 habere,
1308 419 1364 468 et
1411 420 1472 468 ut
1516 411 1848 482 deprecatio—
1879 413 1919 471 Α
1950 410 2163 466 nefacta
2197 410 2299 467 dici
2325 409 2538 474 debent,
2564 424 2686 479 quae
2718 409 2836 463 sine
2861 409 3145 465 charitatis
3187 411 3521 481 perfectione

259 508 420 561 nibus
436 504 642 560 nostris
666 503 1035 560 accessibilem
1052 513 1380 559 monstraret
1394 504 1571 559 Patris
1586 504 1851 567 auditum,

258 607 315 652 ut
341 613 469 667 qua:
492 611 597 652 nos
633 597 688 650 in
737 597 1123 652 tentationibus
1141 612 1249 651 non
1275 596 1466 652 inertia
1500 595 1854 651 dormitantes

258 689 572 756 tabescere,
610 690 706 745 sed
733 690 915 761 potius
943 690 996 743 in
1021 689 1288 744 orationis
1340 688 1593 743 instantia
1626 687 1854 757 vigilan-

259 792 344 837 ter
368 783 625 839 exerceri
650 796 904 839 curemus
936 802 950 837 :
986 782 1099 838 Hoc
1122 798 1355 853 namque
1383 783 1674 854 significat,
1706 782 1854 850 quod

257 872 482 942 quando
505 887 696 927 orasse
725 872 938 943 legitur,
985 874 1089 928 hoc
1132 874 1327 943 saepius
1371 874 1617 953 noctibus
1662 872 1853 927 fecisse

257 965 478 1028 dicitur.
505 964 716 1020 scilicet
750 966 929 1019 noctis
954 965 1190 1020 tenebris
1218 966 1574 1020 tentationum
1603 964 1851 1019 indicans

252 1064 639 1127 tempestates.
665 1054 772 1111 Sed
797 1064 853 1110 et
877 1057 980 1110 hoc
1002 1056 1235 1111 maxime
1255 1071 1353 1112 sua
1377 1056 1553 1112 innuit
1581 1056 1847 1120 oratione,

257 1145 402 1215 quiod
432 1146 724 1202 innocente
746 1162 844 1201 suo
866 1147 1061 1202 sudore
1086 1155 1231 1202 terra
1254 1146 1483 1202 lavanda
1505 1145 1712 1211 fuisset,
1732 1161 1851 1218 qua:

252 1250 352 1304 per
374 1235 528 1291 illius
553 1236 808 1291 sudorem
831 1237 1052 1291 noxium
1086 1237 1288 1308 polluta
1314 1236 1437 1301 fuit,
1482 1238 1568 1292 cui
1601 1239 1799 1292 dicitur
1832 1256 1845 1291 :

255 1322 323 1378 In
344 1325 549 1380 sudore
562 1325 732 1381 vultus
754 1327 831 1381 tui
860 1328 1077 1382 vesceris
1091 1344 1275 1399 panem
1291 1337 1437 1382 tuum
1464 1327 1616 1400 (Cen.
1634 1345 1718 1393 ιιι,
1738 1328 1845 1402 i9).

252 1414 393 1471 Nam
427 1416 521 1471 illa
549 1425 745 1472 natura
772 1420 838 1473 de
870 1417 1041 1473 Adam
1069 1420 1245 1489 primo
1291 1420 1509 1475 homine
1555 1430 1847 1491 propagata

248 1520 540 1577 nunquam
562 1523 718 1562 suum
746 1523 960 1578 panem,
991 1524 1098 1579 quo
1150 1508 1215 1563 ad
1237 1517 1494 1566 aeternam
1531 1509 1696 1563 vitam
1750 1525 1850 1563 nu-

249 1597 436 1660 triret,
463 1605 762 1669 gustasset,
789 1598 834 1653 si
865 1614 969 1652 non
1000 1600 1244 1654 eamdem
1276 1607 1526 1655 naturam
1574 1599 1846 1656 FiliusDei

250 1687 414 1755 panis
438 1687 623 1752 vivus,
650 1688 914 1759 panisque
935 1689 1246 1759 angelorum
1277 1702 1554 1747 assumere
1600 1688 1848 1760 dignare-

1952 512 2203 574 aguntur.
2236 501 2481 557 Sufficiat
2505 516 2635 571 ergo
2665 501 2781 565 tibi,
2801 502 2944 571 quod
2959 503 3237 573 hucusque
3254 507 3519 573 peccasti:

1952 611 2059 650 non
2084 596 2179 649 tibi
2208 594 2454 648 videatur
2478 593 2704 647 minoris
2729 607 2847 647 esse
2879 594 3125 663 periculi,
3157 596 3302 664 quod
3350 598 3522 651 unita-

1952 694 2059 738 tem
2114 683 2393 737 catholicae
2437 681 2692 736 Ecclesia:
2718 682 3005 738 dividendo
3056 684 3289 739 schisma
3328 684 3520 752 facias,

1950 782 2008 828 et
2034 775 2275 829 membra
2304 772 2506 828 Christi
2531 786 2695 844 prave
2722 774 2961 829 docendo
2989 790 3019 828 a
3047 791 3146 830 suo
3174 792 3402 847 corpore
3432 794 3519 835 se-

1951 878 2128 932 pares,
2170 878 2331 932 quam
2352 863 2397 918 si
2448 864 2789 933 temetipsum
2830 866 3124 921 occidendo
3174 869 3523 925 homicidium

1950 955 2137 1010 facias.
2171 954 2309 1022 Quin
2337 955 2515 1024 potius
2544 954 2767 1023 majoris
2810 971 2930 1011 esse
2960 958 3213 1014 damnum
3269 963 3527 1019 manifes-

1952 1058 2067 1103 tum
2085 1057 2188 1112 est,
2216 1056 2394 1103 tantos
2417 1048 2721 1103 scdueendo
2743 1049 3028 1119 perimere,
3051 1065 3213 1120 quam
3238 1069 3406 1108 unum
3438 1070 3525 1111 so-

1949 1139 2061 1194 lum
2086 1139 2297 1209 perire.

2021 1227 2178 1284 XVII.
2222 1229 2516 1284 Revertere
2541 1246 2669 1301 ergo
2693 1232 2909 1286 tandem
2936 1232 3224 1302 aliquando
3246 1235 3299 1289 in
3333 1244 3525 1293 temet-

1948 1320 2143 1389 ipsum,
2182 1320 2494 1390 paznitendo
2535 1320 2677 1390 quod
2723 1322 2903 1392 egisti,
2949 1324 3042 1393 qui
3091 1333 3298 1381 tantum
3323 1326 3526 1384 effusus

1948 1424 2009 1464 es
2028 1416 2179 1464 extra
2210 1418 2262 1465 te
2284 1410 2620 1465 discutiendo
2665 1426 2784 1482 quae
2825 1429 2932 1467 non
2983 1416 3232 1470 debuisti.
3280 1417 3524 1475 Sulllciat

1949 1500 2067 1565 tibi,
2096 1502 2235 1556 sicut
2267 1509 2321 1555 et
2346 1500 2658 1571 frequenter
2695 1504 2972 1571 admonui,
3020 1514 3074 1561 et
3115 1508 3292 1563 adhuc
3329 1511 3521 1566 admo-

1948 1604 2079 1645 nere
2124 1606 2229 1645 non
2275 1607 2448 1655 cesso,
2488 1593 2629 1662 quod
2658 1603 2845 1649 saneta
2872 1596 2966 1650 Dei
2993 1604 3048 1651 et
3067 1598 3387 1655 universalis
3423 1601 3525 1657 Ec-

1949 1680 2112 1735 clesia
2146 1680 2214 1736 de
2244 1680 2462 1737 Christo
2487 1682 2707 1737 credere
2735 1691 2789 1738 et
2816 1683 3013 1740 docere
3043 1701 3256 1757 semper
3278 1689 3346 1744 ab
3371 1689 3523 1744 initio

255 1785 362 1831 ηπ,
388 1775 502 1832 sed
533 1786 590 1832 ει
612 1777 716 1833 hoc
740 1779 881 1847 quod
910 1758 1236 1849 ενεέιεειίςιε
1281 1779 1375 1844 εει,
1437 1758 1688 1854 suam-egi;
1730 1780 1847 1851 eius
1880 1758 1925 1817 Β
1950 1767 2177 1835 solebat,
2209 1778 2265 1825 et
2288 1785 2459 1841 usque
2493 1771 2547 1825 in
2580 1770 2741 1826 tinem
2768 1774 2968 1839 saeculi,
2998 1776 3306 1847 ubicunque
3335 1782 3521 1835 catho-

252 1868 413 1939 quasi
442 1878 628 1940 guttas
647 1871 920 1943 sanguinis
940 1887 1061 1927 esse
1084 1871 1378 1927 defluentes
1404 1871 1457 1926 in
1493 1880 1714 1938 terram,
1741 1874 1846 1929 hoc

252 1956 570 2029 signiﬁcare
597 1959 840 2025 videtur,
866 1960 1007 2031 quod
1042 1961 1169 2016 illud
1210 1962 1443 2031 primum
1496 1963 1843 2019 homicidium

251 2046 462 2105 Christi
495 2046 683 2105 fuisset
707 2052 966 2123 sanguine
990 2052 1377 2119 mundandum,
1411 2052 1477 2108 de
1492 2069 1598 2124 quo
1615 2054 1839 2109 dicitur:

261 2137 377 2193 Vo:
402 2140 683 2212 sanguinis
705 2140 889 2211 fratris
912 2143 987 2196 tui
1009 2143 1200 2198 clamat
1222 2144 1291 2198 ad
1317 2161 1397 2199 me
1421 2144 1486 2199 de
1514 2155 1654 2199 terra
1688 2143 1841 2218 (Gen.

256 2245 331 2294 tv,
367 2230 485 2301 10).
513 2231 606 2286 Ille
635 2248 868 2303 namque
893 2235 1109 2306 sanguis
1134 2234 1333 2291 Christi
1360 2237 1533 2307 magis
1556 2237 1623 2292 ad
1674 2237 1843 2292 Deum

254 2320 473 2377 Patrem
502 2323 725 2389 clamat,
755 2327 845 2395 qui
880 2342 977 2397 pro
1001 2328 1240 2381 omnium
1272 2335 1456 2381 nostra
1470 2328 1643 2383 salute
1667 2329 1721 2382 in
1736 2338 1848 2383 ter-

254 2429 370 2467 ram
397 2412 605 2471 eﬂusus
626 2426 749 2471 est:
782 2417 864 2472 vel
895 2419 1109 2489 quando
1131 2436 1228 2491 pro
1255 2421 1410 2476 nobis
1439 2421 1553 2491 ipse
1586 2421 1847 2474 Dominus

254 2512 443 2560 noster
464 2508 682 2573 orabat,
723 2508 807 2564 vel
828 2511 1043 2580 quando
1071 2526 1168 2581 pro
1186 2511 1341 2566 nobis
1364 2513 1417 2566 in
1433 2527 1594 2567 cruce
1608 2510 1846 2581 pendens

252 2593 479 2650 vulnera
501 2600 861 2667 percutientis
887 2600 1075 2656 militis
1102 2604 1373 2658 sustinuit.
1405 2603 1512 2659 Sed
1540 2604 1605 2659 de
1635 2603 1720 2658 his
1743 2603 1844 2658 ista

253 2680 546 2738 sufficiant.

320 2771 465 2827 XVI.
512 2772 796 2830 Sententia
841 2793 968 2833 vero
998 2776 1183 2834 Jacobi
1239 2780 1487 2850 apostoli,
1533 2798 1693 2851 quam
1746 2798 1845 2853 pro

251 2862 564 2932 adoptionis
598 2866 817 2921 nomine
843 2868 1070 2938 positam
1105 2868 1173 2923 ad
1220 2870 1524 2942 exemplum
1552 2872 1840 2943 protulisti,

252 2949 413 3022 longe
435 2951 598 3007 aliter
630 2970 660 3008 a
686 2958 891 3012 sanctis
920 2958 1189 3024 Patribus,
1218 2976 1379 3030 quam
1414 2978 1442 3015 a
1476 2971 1530 3015 te
1568 2970 1652 3017 est
1681 2963 1846 3019 inter-

250 3050 486 3111 pretata,
517 3048 714 3115 exponi
757 3048 912 3113 solet,
951 3050 1092 3105 sicut
1124 3059 1178 3105 et
1201 3051 1289 3106 illa
1318 3068 1475 3121 quam
1507 3054 1573 3109 de
1598 3054 1835 3110 Salomo-

1947 1860 2047 1917 lica
2079 1862 2174 1917 Dei
2200 1862 2439 1918 Ecclesia
2468 1871 2573 1928 est,
2602 1864 2795 1919 docere
2829 1881 2935 1920 non
2963 1868 3212 1931 cessabit.
3268 1869 3523 1940 implente

1948 1954 2093 2009 dicto
2135 1952 2284 2026 [Leg.
2322 1954 2571 2026 Domino]
2615 1964 2801 2011 nostro
2827 1956 2956 2012 Jesu
2984 1957 3204 2014 Christo
3233 1963 3376 2030 quod
3400 1978 3526 2032 pro-

1945 2044 2129 2109 misit,
2157 2059 2216 2099 se
2255 2044 2504 2099 videlicet
2531 2060 2702 2115 usque
2740 2045 2795 2100 in
2838 2045 3001 2101 ﬁnem
3043 2049 3222 2103 saeculi
3252 2064 3377 2105 eum
3410 2052 3525 2107 suis

1947 2135 2194 2192 fidelibus
2238 2151 2358 2191 esse
2406 2152 2754 2192 mansurum.
2818 2137 3083 2205 Sufﬁciat,
3133 2141 3370 2210 inquam,
3427 2144 3520 2199 tibi

1945 2228 2169 2283 credere
2199 2227 2473 2283 Christum
2500 2228 2695 2283 Filium
2734 2229 2830 2284 Dei
2873 2246 3062 2285 verum
3090 2248 3210 2288 esse
3241 2236 3432 2302 Deum,
3471 2246 3530 2293 et

1944 2336 2133 2375 verum
2186 2320 2381 2375 Filium
2430 2322 2545 2376 Dei.
2575 2362 2588 2376 .
2618 2362 2632 2377 .
2660 2335 2686 2364 ι
2716 2363 2730 2376 .
2763 2324 2830 2378 Et
2859 2326 2925 2380 de
2974 2336 3310 2384 sacramento
3339 2329 3519 2386 incar-

1944 2412 2181 2467 nationis
2225 2411 2466 2483 ejusdem
2507 2413 2599 2468 Dei
2651 2416 2820 2470 nostri
2855 2417 2977 2487 plus
3005 2418 3330 2488 investigare
3357 2437 3424 2477 ne
3447 2422 3525 2476 la-

1943 2502 2123 2567 bores,
2150 2517 2312 2572 quam
2338 2503 2483 2572 quod
2512 2503 2566 2557 in
2598 2504 2904 2576 Evangeliis
2930 2506 3132 2576 legisti,
3159 2516 3214 2562 et
3237 2509 3291 2562 in
3320 2519 3529 2579 aposto-

1943 2591 2119 2647 lorum
2145 2594 2485 2663 dogmatibus
2511 2594 2774 2664 scriptum
2801 2595 3075 2652 invenisti.
3105 2596 3373 2669 Quidquid
3396 2614 3527 2673 ergo

1945 2683 2030 2737 his
2061 2684 2370 2747 concordat,
2407 2683 2623 2738 firmum
2646 2692 2773 2740 tene
2792 2694 2847 2740 et
2872 2687 3138 2743 veraciter
3164 2689 3357 2756 crede;
3382 2690 3527 2760 quod

1943 2790 2072 2830 vero
2098 2774 2182 2829 his
2209 2774 2540 2829 contrarium
2587 2782 2641 2829 et
2684 2775 3068 2833 inconveniens
3103 2779 3326 2846 videris,
3364 2783 3524 2851 quasi

1946 2863 2206 2919 mortiferi
2248 2865 2437 2920 veneni
2468 2873 2672 2933 pestem
2704 2864 2850 2936 fuge.
2894 2864 3168 2922 Christum
3206 2885 3386 2939 regem
3408 2886 3528 2926 om-

1944 2956 2091 3010 nium
2132 2955 2452 3011 sreculorum
2493 2956 2648 3011 lauda
2677 2966 2733 3012 et
2765 2958 2954 3023 adora,
2992 2960 3368 3016 conditionalis
3407 2979 3526 3017 ser-

1944 3046 2062 3100 vitii
2092 3059 2287 3101 nomen
2319 3046 2385 3100 de
2411 3046 2571 3100 corde
2611 3054 2705 3101 tuo
2739 3047 2900 3101 simul
2944 3055 3001 3100 et
3040 3061 3135 3103 ore
3176 3057 3239 3103 ut
3285 3049 3523 3117 auferas,

252 3135 614 3203 neposuisti:
664 3154 683 3187 t
712 3136 986 3209 Negando,
1038 3142 1237 3211 inquis,
1281 3108 1475 3197 nomen
1530 3146 1836 3214 adoptionis

1949 3138 2165 3192 enitere.
2213 3135 2349 3191 Nam
2389 3137 2535 3206 quod
2573 3152 2672 3206 pro
2709 3144 2762 3193 te
2795 3152 2985 3194 servus
3022 3139 3127 3194 dici
3165 3141 3247 3195 vel
3277 3157 3399 3197 esse
3419 3108 3518 3195 vo;

250 3227 307 3279 in
333 3227 545 3282 Christi
571 3243 754 3293 carne,
781 3239 841 3284 ut
866 3244 995 3302 puto
1020 3249 1184 3287 unum
1214 3235 1458 3299 verbum,
1509 3235 1562 3289 in
1611 3244 1839 3305 quantos

250 3317 573 3374 offensionis
602 3321 825 3391 laqueos
852 3338 970 3378 sese
993 3324 1198 3391 dilatet,
1254 3333 1313 3381 ut
1338 3335 1422 3381 est
1448 3327 1578 3382 illud
1597 3328 1650 3381 in
1686 3327 1838 3383 Salo-

253 3425 415 3465 mone
439 3429 452 3465 :
485 3411 592 3477 Qui
620 3413 673 3467 in
700 3430 804 3467 uno
828 3419 1130 3486 peccaverit,
1153 3418 1318 3473 multa
1346 3421 1478 3474 bona
1496 3420 1673 3490 perdet
1710 3419 1836 3493 (Ec-

254 3500 350 3554 cie.
385 3517 468 3567 Ix,
494 3502 606 3574 18).
630 3504 699 3559 Et
728 3504 780 3559 in
826 3504 1029 3562 Jacobo
1052 3508 1309 3578 Apostolo
1332 3527 1344 3562 :
1375 3509 1435 3563 Si
1461 3511 1576 3581 quis
1592 3520 1754 3564 totam
1771 3508 1840 3565 le—

254 3606 366 3661 σαι
390 3595 699 3660 servaverit,
727 3596 957 3665 oﬂ’endat
992 3609 1167 3652 autem
1194 3600 1249 3653 in
1273 3617 1396 3663 uno,
1427 3600 1599 3670 [actus
1629 3612 1704 3656 est
1726 3619 1838 3656 om-

256 3683 400 3735 nium
426 3700 548 3738 reus
570 3682 710 3754 (Jac.
742 3702 804 3751 ιι,
836 3686 945 3759 10).
975 3686 1080 3744 Sed
1104 3690 1227 3760 quis
1250 3690 1534 3744 nesciatde
1554 3693 1839 3763 temetipso

256 3774 369 3829 haec
393 3776 783 3833 convenienter
809 3781 1112 3835 testimonia
1140 3781 1501 3852 proferenda?
1535 3783 1669 3838 Nam
1710 3786 1840 3855 quid

257 3864 399 3919 aliud
430 3864 635 3933 fecisti,
662 3884 825 3938 quam
852 3871 906 3924 in
934 3872 1024 3927 illo
1051 3889 1159 3929 uno
1211 3877 1473 3944 peccasti,
1531 3877 1621 3932 ubi
1674 3879 1840 3934 multa

256 3955 394 4010 bona
423 3958 747 4026 perdidisti?
772 3960 947 4017 Unum
969 3964 1113 4019 enim
1159 3975 1243 4020 est
1270 3967 1400 4022 illud
1438 3970 1733 4024 maximum
1788 3979 1844 4025 et

256 4047 490 4114 primum
508 4051 841 4118 mandatum,
859 4055 1114 4121 charitas,
1131 4072 1251 4126 quae
1265 4057 1377 4112 sola
1392 4074 1517 4115 vera
1534 4059 1585 4113 in
1602 4059 1841 4115 Ecclesia

256 4138 525 4195 catholica
544 4156 664 4195 esse
689 4147 1052 4214 cognoscitur.
1068 4145 1168 4214 Qui
1185 4164 1313 4220 ergo
1329 4150 1556 4220 teipsum
1574 4160 1726 4206 extra
1744 4151 1843 4205 Ec-

255 4229 479 4285 elesiam
506 4234 831 4290 catholicam
871 4251 990 4292 esse
1032 4236 1227 4305 fecisti,
1270 4241 1402 4310 quid
1448 4241 1593 4296 aliud
1630 4241 1841 4304 fecisti,

257 4323 489 4391 quamin
507 4323 597 4379 illo
626 4325 910 4381 charitatis
932 4330 1186 4384 mandato
1206 4330 1480 4400 peccasti?
1509 4333 1560 4386 in
1610 4351 1718 4405 quo
1750 4338 1842 4406 qui

258 4414 590 4481 peccaverit,
613 4416 729 4470 etsi
752 4424 919 4470 totam
962 4417 1134 4490 legem
1163 4422 1485 4488 servaverit,
1536 4422 1711 4480 factus
1760 4436 1844 4482 est

255 4503 503 4556 omnium
516 4518 659 4558 reus.
677 4503 793 4559 Non
808 4520 939 4577 ergo
952 4507 1016 4562 de
1028 4508 1314 4579 adoptione
1333 4512 1383 4566 in
1401 4512 1615 4571 Christo
1630 4527 1818 4588 negata
1828 4560 1841 4584 ,

256 4590 351 4645 sed
366 4591 442 4646 de
467 4593 676 4647 unitate
694 4596 979 4651 charitatis
1007 4598 1171 4654 scissa
1186 4601 1385 4656 dictum
1403 4613 1505 4665 est,
1524 4605 1664 4675 quod
1684 4609 1773 4676 qui
1790 4611 1843 4663 in

257 4696 363 4735 uno
389 4679 637 4743 offendit,
670 4684 845 4742 factus
871 4697 954 4742 est
974 4690 1212 4745 omnium
1248 4708 1390 4747 reus.
1426 4694 1483 4749 Si
1496 4699 1849 4769 enim,inquit

256 4770 573 4841 Apostolus,
610 4775 829 4829 habeam
858 4794 1060 4833 omnem
1084 4780 1265 4849 ﬁdem,
1316 4783 1623 4842 charitatem
1670 4802 1843 4846 autem

258 4877 358 4915 non
380 4863 629 4928 habeam,
658 4865 789 4920 nihil
820 4868 949 4922 mihi
979 4872 1188 4940 prodest
1212 4872 1264 4944 (Ι
1306 4873 1429 4929 Cor.
1486 4894 1606 4944 xm,
1653 4880 1731 4951 5),
1790 4892 1847 4937 et

256 4962 481 5018 (neten,
511 4968 634 5024 quae
664 4957 738 5011 ibi
773 4958 839 5013 de
873 4960 1033 5016 laude
1062 4962 1345 5020 charitatis
1392 4965 1536 5023 dicta
1585 4980 1729 5026 sunt.
1784 4971 1841 5027 In

256 5043 425 5114 hujus
447 5044 634 5116 itaque
665 5058 716 5104 te
740 5051 1023 5108 charitatis
1047 5053 1214 5125 859
1234 5058 1496 5126 gremium
1520 5061 1678 5118 citius
1720 5079 1843 5134 per-

252 5134 676 5208 veniresatage,
706 5149 860 5195 extra
886 5145 1026 5214 quod
1042 5156 1237 5202 caetera
1260 5151 1461 5215 omnia,
1488 5154 1588 5209 etsi
1616 5155 1752 5213 bene
1769 5157 1845 5212 fa-

249 5233 335 5279 cta
366 5223 681 5294 videantur,
697 5230 1095 5303 nihilprodesse
1121 5250 1375 5308 possunt;
1393 5257 1490 5297 nec
1506 5245 1726 5301 omnino
1749 5247 1845 5303 he-

319 5359 448 5439 f‘ln
484 5362 607 5417 cod.
657 5379 761 5419 ms.
803 5366 951 5439 regio
976 5383 1127 5422 num.
1173 5370 1334 5439 2858,
1374 5374 1540 5429 verba
1582 5375 1673 5432 hic
1706 5379 1842 5433 adeo

250 5431 549 5512 obliterata
590 5443 739 5512 sunt,
775 5431 916 5512 sicut
945 5438 1047 5512 hoc
1077 5439 1192 5512 loco
1218 5431 1424 5497 notavit
1447 5431 1836 5512 Quercetanus,

254 5504 981 5597 ε’.ετὲξστο,ξ¹ρ.ξίέ.ιι.ιξίε¹ξιιῑ
1011 5508 1115 5590 last
1152 5513 1378 5597 possm!-
1418 5504 1619 5597 ρῑεάίε
1657 5504 1837 5597 ωηιεᾲ

251 5574 333 5627 c1.
367 5572 434 5629 ι).
473 5572 665 5628 Liehle
689 5572 1132 5640 bibliothecari'v;
1153 5572 1464 5637 monasterii
1493 5584 1550 5641 s.
1579 5572 1835 5645 Germani

1938 3228 2055 3293 luit,
2094 3226 2409 3283 voluntaria
2435 3236 2519 3282 est
2545 3244 2741 3284 manus
2767 3229 3107 3295 obedientiae,
3140 3248 3268 3287 non.
3296 3272 3311 3285 .
3338 3271 3353 3287 .
3377 3232 3404 3272 ι)
3423 3247 3525 3288 nec

1936 3334 2097 3390 pmna
2128 3319 2474 3375 conditionis.
2508 3319 2631 3374 «Ad
2679 3320 2783 3376 hoc
2826 3335 3083 3391 namque,
3128 3331 3190 3376 ut
3231 3322 3307 3376 ait
3330 3323 3526 3378 beatus

1935 3410 2267 3481 Augustinus
2314 3410 2369 3465 in
2426 3411 2764 3481 expositione
2816 3410 3017 3467 Psalmi
3086 3413 3522 3484 quinquagesimi

1937 3505 2077 3560 sexti
2120 3503 2302 3576 (Num.
2331 3503 2381 3569 5,
2414 3505 2523 3569 10),
2572 3505 2736 3559 homo
2778 3505 2954 3560 factus
2991 3514 3094 3569 est,
3142 3506 3272 3576 quia
3315 3506 3529 3560 miseri-

1937 3614 2091 3664 cors;
2125 3612 2231 3652 non
2257 3607 2318 3651 ut
2345 3598 2670 3653 conditionis
2703 3599 3028 3654 necessitate
3053 3608 3389 3663 nasceretur,
3430 3598 3528 3653 sed

1937 3696 2000 3743 ut
2038 3704 2138 3743 nos
2177 3688 2489 3742 conditione
2532 3690 2874 3745 necessitatis
2918 3689 3196 3745 liberaret.
3222 3710 3240 3743 ι
3274 3690 3341 3744 Εῑ
3365 3689 3527 3760 paulo

1937 3787 2061 3850 post
2098 3778 2289 3833 addit:
2329 3777 2621 3848 nAngeliea
2661 3790 2911 3834 creatura
2958 3781 3127 3834 servit
3167 3780 3404 3844 Christo,
3449 3781 3519 3835 ad

1939 3867 2343 3938 obsequendum
2380 3868 2574 3922 moniti
2599 3868 2815 3923 fuerunt
2847 3867 3055 3940 [ποντα.
3078 3869 3231 3923 missi
3258 3867 3516 3934 fuerunt;

1939 3957 2080 4027 apud
2128 3958 2287 4027 Aug.,
2335 3958 2477 4011 mitti
2527 3956 2839 4029 potuerunt]
2882 3958 3078 4028 angeli,
3126 3958 3196 4014 ad
3238 3959 3527 4014 servitium

1940 4048 2079 4102 mitti
2115 4056 2428 4117 potuerunt,
2469 4061 2574 4102 non
2619 4046 2731 4120 [ad]
2775 4048 3189 4116 coadjutorium,
3218 4049 3359 4106 sicut
3383 4051 3522 4106 scri-

1939 4148 2089 4209 ptum
2120 4147 2222 4204 est,
2247 4138 2429 4209 Angeli
2452 4139 2819 4193 ministrabant
2847 4140 2894 4193 ei
2917 4139 3131 4211 (Matth.
3163 4154 3239 4205 tv,
3270 4140 3382 4212 ll),
3410 4156 3519 4196 non

1942 4243 2197 4303 tanquam
2238 4234 2605 4287 ministrantes
2646 4230 2731 4304 [S.
2763 4231 2924 4304 Ang.,
2952 4233 3354 4305 misericordes]
3381 4234 3522 4288 indi-

1942 4324 2110 4395 genti,
2138 4323 2233 4379 sed
2256 4332 2516 4392 tanquam
2546 4322 2776 4390 subjecti
2806 4324 3182 4394 omnipotenti.
3213 4343 3234 4377 s
3273 4324 3330 4379 Si
3364 4325 3528 4394 igitur

1947 4413 2125 4468 omnis
2170 4413 2413 4483 angelica
2458 4422 2709 4468 creatura
2753 4412 2991 4482 subjecta
3026 4425 3113 4475 est
3144 4413 3239 4486 [ei,
3270 4415 3346 4487 et]
3370 4415 3525 4485 quasi

1949 4505 2117 4560 Deum
2145 4504 2356 4570 adorat,
2378 4514 2435 4559 et
2459 4505 2559 4574 ipsi
2586 4520 2747 4562 omne
2784 4521 2923 4576 genu
2945 4505 3180 4561 flectitur
3198 4507 3524 4572 caelestium,

1947 4598 2289 4652 terrestrium
2316 4606 2371 4652 et
2398 4597 2755 4663 infernarum,
2782 4598 2913 4666 quid
2935 4607 2993 4651 tu
3015 4598 3224 4653 scilicet
3256 4597 3440 4670 [Aug.,
3469 4606 3527 4652 tu

1942 4676 2117 4761 Solus]
2142 4688 2393 4743 omnibus
2416 4703 2603 4743 manes
2617 4688 2731 4742 ?....

2016 4779 2198 4833 Adora
2224 4794 2354 4849 ergo
2382 4794 2506 4833 eum
2544 4780 2845 4843 nobiseum,
2885 4795 3068 4850 regem
3101 4782 3385 4848 calorum,
3425 4782 3529 4837 Do-

1947 4872 2152 4926 minum
2193 4873 2454 4935 omnium,
2486 4886 2673 4925 verum
2720 4870 2913 4953 Filium
2956 4873 3051 4928 Dei
3092 4874 3293 4940 Patris,
3336 4888 3527 4929 verum

1946 4962 2115 5017 Deum
2159 4959 2496 5015 Salvatorem
2545 4971 2790 5017 nostrum
2817 5003 2832 5028 ,
2889 4964 2975 5020 cui
3031 4965 3205 5020 honor
3249 4972 3523 5031 aeternus,

1947 5052 2117 5107 virtus
2137 5050 2467 5116 indeflciens,
2485 5050 2603 5106 laus
2619 5060 2875 5123 perpetua
2892 5052 2946 5107 in
2967 5053 3157 5109 smcula
3176 5052 3521 5112 sicariorum.

1943 5141 2136 5197 Amen.

1948 5380 2200 5455 Parisiis,
2252 5378 2342 5455 qui
2384 5378 2634 5455 eumdem
2666 5379 2919 5455 codicem
2968 5380 3241 5452 inspexit,
3282 5379 3386 5455 legi
3436 5382 3524 5439 hie

1946 5467 2147 5523 posse_:
2177 5451 2233 5523 in
2266 5448 2725 5523 daal/asperari;

2016 5522 2044 5561 ιι
2090 5520 2264 5575 Credo
2306 5519 2613 5589 legendum,
2653 5518 2840 5574 scribit
2889 5519 3138 5578 laudatus
3183 5522 3249 5579 D.
3300 5521 3523 5580 Lieble;

1947 5590 2070 5646 Non
2092 5591 2398 5645 necessariae
2420 5605 2570 5661 paena
2593 5589 2929 5645 conditionis.
