3964 6186
406 352 502 412 [1'1

409 471 3023 505 Μαί

1230 344 1271 398 Β
1333 342 1393 396 Γ.
1458 338 1677 395 ΑιΒιΝι
1718 337 1849 394 εει]
1889 336 2162 392 Αιεωῑνει
2213 332 2494 389 OI’I'SBIJM
2527 331 2704 386 PARS
2743 331 2826 385 lli.

3533 327 3640 378 231'.

3027 462 3640 480 *αι-..Μη-οοδ

1193 612 1360 685 ⁸⁶⁰
1431 620 2010 736 BEATI
2086 611 2848 729 ALCUINI

674 832 1073 914 CONTRA
1147 824 1724 905 EPISTOLAM
1801 820 1999 898 SIBI
2075 820 2200 894 AB
2275 813 2788 935 ELIPANDO
2863 812 3383 893 DIBECTAM

1717 980 1928 1044 LIBRI
1969 976 2374 1053 QUATUOR,

1321 1137 1560 1212 Quibus
1597 1136 1846 1191 renouat
1874 1144 2103 1207 pravas
2133 1123 2311 1185 illius
2343 1121 2735 1182 assertioun.

863 1412 887 1439 ιι
916 1393 1247 1453 EPISTOLA
1298 1388 1520 1445 ALBINI

410 1536 483 1581 ΑΒ
514 1529 823 1576 ωιυιλυωι
879 1528 947 1566 ΕΤ
996 1520 1285 1564 κιεειιυιωί
1339 1514 1643 1563 EPISCOPOS,
1696 1511 1767 1552 Ετ
1816 1507 1980 1549 κεια-

941 1594 1137 1635 υιοτωι
1189 1588 1450 1631 ΛΒΒΑἸἘΙ.

1014 1711 1190 1783 (Anno
1238 1704 1385 1776 800).

486 1830 729 1890 Dominis
745 1828 796 1881 in
814 1824 1013 1881 Christi
1029 1820 1295 1876 charitate
1310 1811 1705 1871 venerabilibus
1723 1816 1885 1876 atque
1902 1805 1985 1858 di-

414 1920 728 1982 lectissimis
748 1914 1014 1971 Laidrado
1033 1911 1282 1982 episcopo
1297 1900 1658 1976 Lugdunensi,
1674 1908 1728 1952 et
1744 1895 1984 1952 Nefridio

411 2017 665 2088 episcopo
698 2003 1054 2067 Narbonensi,
1079 2009 1136 2054 et
1159 1997 1445 2054 Benedicto
1481 1990 1683 2088 abbati,
1721 1985 1985 2088 simulque

414 2074 769 2162 sanctissimis
817 2096 1079 2163 nobisque
1120 2088 1278 2143 valde
1325 2079 1729 2140 bonorabilibus
1776 2074 1985 2163 Gothiae

412 2192 704 2266 provincia:
755 2186 999 2258 partibus
1043 2176 1332 2249 episcopis,
1386 2170 1673 2227 abbatibus
1695 2207 1710 2232 ,
1868 2162 1985 2266 fra-

419 2254 610 2343 tribus,
652 2254 985 2333 humillimus
1033 2277 1233 2325 sancta:
1278 2261 1529 2319 Ecclesiae
1578 2257 1721 2313 ﬁlius
1762 2254 1985 2309 Albinus

414 2374 662 2429 salutem.

487 2466 611 2519 Scio
638 2478 721 2516 me
751 2459 1047 2514 debitorem
1088 2467 1206 2508 esse
1236 2451 1290 2504 in
1313 2447 1491 2503 ofﬁcio
1521 2452 1720 2499 sancta:
1753 2440 1986 2496 charila-

416 2558 488 2609 tis
527 2553 775 2608 omnibus
821 2550 922 2618 pitu
969 2545 1159 2600 matris
1202 2540 1454 2595 Ecclesia!
1501 2534 1647 2596 ﬁliis,
1699 2533 1752 2586 in
1793 2529 1988 2600 praedi-

417 2645 611 2705 cando,
661 2640 744 2694 vel
790 2632 1123 2691 defendendo
1169 2627 1447 2686 catholica:
1499 2624 1619 2679 ﬁdei
1658 2623 1981 2676 veritatem:

2006 1360 2056 1416 Α
2083 1351 2428 1407 narrantibus
2484 1359 2682 1404 nostra:
2739 1347 3012 1405 societatis
3062 1349 3348 1417 fratribus,
3399 1359 3650 1416 eumdem

2079 1444 2398 1527 Elipandum
2444 1442 2580 1496 sicut
2622 1440 2899 1510 dignitate,
2931 1440 3001 1494 ita
3028 1441 3192 1496 etiam
3226 1442 3464 1512 perﬁdiae
3507 1446 3654 1505 malo

2079 1521 2314 1608 primum
2344 1549 2462 1589 esse
2486 1533 2730 1603 partibus
2758 1533 2810 1586 in
2847 1531 2951 1587 illis
2972 1534 3193 1603 agnovi;
3224 1521 3570 1607 quapropter,
3603 1539 3656 1597 si

2083 1626 2296 1697 quidem
2319 1624 2542 1696 paciﬁca
2565 1624 2849 1686 charitate,
2877 1624 3047 1678 direxi
3071 1623 3121 1680 ei
3144 1626 3544 1683 exhortatorias
3558 1628 3652 1684 lit-

2083 1724 2248 1779 teras,
2296 1714 2613 1768 desiderans
2657 1710 2942 1767 consulere
2986 1714 3250 1769 senectuti
3293 1715 3457 1782 illius,
3505 1726 3560 1772 et
3597 1719 3651 1774 in

2080 1805 2225 1859 viam
2249 1803 2526 1859 catholica:
2550 1801 2795 1856 veritatis
2841 1800 3079 1857 fraterna
3128 1803 3415 1861 dilectione
3453 1817 3507 1861 et
3552 1807 3656 1863 hu-

2082 1895 2196 1949 mili
2242 1893 2605 1950 admonitione
2636 1907 2891 1949 revocare
2918 1894 3116 1961 virum,
3146 1895 3384 1968 longaeva
3429 1914 3654 1968 gravem

2082 1994 2242 2040 aetate
2282 1994 2337 2040 et
2383 1982 2645 2054 religiosa:
2694 1983 2816 2037 vita:
2861 1982 3031 2039 multo
3077 1993 3321 2055 tempore
3362 1984 3652 2043 famosum.

2085 2071 2194 2128 Sed
2218 2071 2324 2134 ille,
2366 2071 2490 2126 dum
2521 2071 2816 2140 accepisset
2844 2069 2996 2143 [ϐοά.
3036 2069 3177 2139 Vat.,
3222 2076 3482 2149 audisset]
3524 2091 3659 2133 mea:

2085 2163 2385 2219 devotionis
2413 2161 2698 2226 litterulas,
2733 2178 2855 2217 mox
2894 2163 3184 2219 iracundia:
3211 2163 3441 2222 ﬂammis
3469 2168 3661 2224 incan-

2086 2252 2224 2314 duit,
2255 2258 2533 2319 totamque
2559 2248 2722 2304 animi
2773 2249 2856 2304 sui
2907 2250 3258 2307 intentionem
3300 2254 3555 2325 colligens
3602 2255 3659 2311 in

2087 2343 2247 2405 iram,
2300 2357 2399 2395 nec
2431 2358 2495 2397 eo
2521 2341 2739 2411 pietatis
2770 2342 2965 2397 intuitu
3007 2344 3188 2414 apices
3230 2345 3437 2417 aspexit
3484 2363 3661 2415 meos,

2086 2446 2195 2500 quo
2231 2447 2315 2485 me
2344 2430 2617 2486 Christum
2646 2439 2834 2496 testor,
2865 2432 2939 2486 illi
2971 2432 3203 2504 dirigere
3228 2435 3372 2501 scio;
3408 2437 3502 2493 sed
3531 2454 3662 2494 mox

2088 2519 2142 2573 in
2169 2518 2561 2574 maledictionis
2594 2522 2753 2575 verba
2793 2520 3058 2590 prosiluit,
3090 2531 3366 2594 totumque
3395 2541 3453 2581 sc
3479 2543 3665 2582 arma-

2089 2611 2166 2665 vit
2196 2612 2246 2664 in
2276 2627 2386 2665 sua:
2414 2620 2574 2666 secta:
2599 2612 2988 2676 defensionem,
3037 2615 3299 2685 nobisque
3341 2617 3538 2673 litteris
3567 2619 3666 2674 de-

418 2732 564 2803 quod
600 2701 752 2800 opto,
801 2738 908 2782 tam
959 2723 1258 2780 efﬁcaciter
1304 2719 1487 2774 divina
1531 2718 1764 2771 donante
1813 2712 1986 2782 gratia
2018 2724 2063 2783 Β
2091 2701 2347 2803 fundare
2395 2702 2621 2766 curavit,
2667 2703 2795 2771 quid
2829 2705 3073 2769 sentiret,
3113 2706 3241 2774 quid
3271 2721 3400 2762 suos
3426 2708 3667 2779 discipu-

417 2801 678 2892 perﬁcere
698 2817 904 2870 valeam
930 2812 1220 2885 [Quercet.,
1263 2806 1350 2861 vel
1385 2802 1529 2875 eam]
1557 2817 1717 2872 quam
1759 2801 1991 2855 libenter

422 2913 550 2968 huic
594 2909 834 2980 piissimo
876 2903 1048 2959 labori
1083 2914 1257 2956 meam
1279 2896 1631 2953 succumbere
1654 2892 1988 2947 devotionem

421 3003 615 3058 fateor.
654 2998 883 3054 Maxime
908 3004 1084 3050 tamen
1117 2998 1310 3047 vestra:
1341 2985 1693 3044 sanctissima:
1715 2981 1989 3038 dilectioni

421 3095 479 3148 ln
525 3092 626 3147 hac
673 3089 844 3161 gratia
891 3100 1069 3141 meum
1115 3081 1308 3138 sudare
1357 3077 1647 3147 ingenium,
1697 3071 1992 3128 secundum

418 3184 693 3257 largitoris
746 3178 1060 3236 indeﬁciens
1100 3174 1322 3237 donum,
1354 3179 1533 3226 ratum
1562 3168 1796 3223 arbitror
1821 3181 1888 3221 ne
1915 3166 1994 3220 vi—

423 3277 545 3331 cina
591 3274 761 3344 pestis
810 3268 1083 3340 Hispanici
1137 3265 1340 3322 erroris
1386 3263 1687 3332 aliquorum
1719 3261 1861 3315 inter
1899 3274 1993 3313 vos

421 3374 629 3422 mentes
669 3362 940 3418 maculare
982 3358 1174 3412 valeat.
1213 3357 1343 3423 Qum
1390 3362 1535 3407 terra
1581 3349 1783 3422 [olim],
1832 3357 1892 3402 ut
1938 3349 1991 3400 in

420 3456 692 3511 veteribus
722 3453 909 3522 legitur
937 3448 1196 3511 historiis,
1229 3455 1580 3517 tyrannorum
1610 3442 1760 3495 ferax
1791 3440 1991 3503 fuerat,

423 3550 513 3619 qui
555 3547 852 3601 Romanum
898 3539 1191 3611 sepissime
1240 3536 1523 3606 imperium
1574 3533 1815 3588 lacerare
1860 3532 1994 3587 sole-

423 3640 573 3694 bant.
602 3637 671 3689 At
699 3649 841 3689 nunc
881 3630 1036 3704 [ϐοά.
1068 3628 1210 3691 ναι,
1239 3629 1308 3682 Et
1334 3623 1499 3696 nunc]
1527 3623 1695 3678 multo
1724 3623 1878 3694 pejus
1905 3638 1993 3675 sa-

421 3726 753 3785 cratissimas
817 3721 1111 3778 Christiani
1172 3717 1384 3788 imperii
1459 3730 1618 3770 aures
1674 3714 1995 3785 quibusdam

423 3816 780 3876 schismaticaa
804 3809 1174 3883 perversitatis
1201 3806 1528 3863 novitatibus
1552 3804 1781 3878 fatigare
1807 3816 1995 3874 aggre-

423 3910 590 3972 ditur,
636 3905 801 3960 veluti
837 3910 1020 3958 vestra
1049 3897 1370 3955 inviolabilis
1400 3896 1531 3951 ﬁdes
1558 3904 1613 3950 et
1645 3893 1996 3950 celeberrima

426 3999 687 4054 sanctitas
712 3995 914 4065 optime
943 3991 1110 4052 novit,
1140 3990 1231 4059 qui
1261 4003 1358 4057 per
1384 3987 1579 4041 divina).
1608 3983 1856 4053 suﬁ‘ragia
1885 3982 1996 4053 pie-

2091 2790 2170 2845 los
2213 2792 2435 2846 credere
2463 2792 2704 2857 doceret,
2747 2808 2833 2848 me
2875 2793 3151 2849 falsarium
3198 2794 3457 2862 clamans,
3497 2807 3667 2868 atque

2088 2897 2185 2953 per
2226 2882 2371 2937 vires
2413 2883 2745 2947 hmreticum,
2778 2884 2937 2955 861
2974 2900 3072 2956 per
3093 2886 3238 2941 vices
3264 2888 3663 2951 subversorem,

2089 2990 2190 3029 nec
2235 2990 2342 3029 non
2382 2984 2437 3028 et
2464 2983 2866 3044 persecutorem
2897 2974 3325 3031 Christianorum
3363 2988 3617 3049 reputans
3645 2998 3662 3033 :

2090 3066 2400 3138 nullumque
2457 3065 2841 3135 propemodum
2895 3066 3285 3122 maledictionis
3347 3083 3518 3138 genus
3577 3070 3667 3125 vel

2090 3160 2327 3231 perﬁdiae
2371 3160 2595 3226 dimisit,
2637 3161 2779 3229 quod
2823 3167 3009 3215 nostro
3037 3176 3143 3215 non
3172 3161 3410 3216 inureret
3436 3162 3669 3227 nomini,

2091 3254 2379 3309 ostendens
2422 3254 2656 3323 seipsum
2692 3253 2819 3323 quid
2859 3260 3023 3317 esset,
3053 3262 3108 3308 et
3134 3269 3294 3324 quam
3323 3255 3673 3324 impatienter

2094 3344 2371 3409 toleraret,
2412 3345 2457 3399 si
2503 3345 2700 3413 aliquis
2747 3344 3036 3414 impietatis
3063 3359 3173 3400 sua:
3200 3346 3371 3399 errori
3397 3346 3677 3403 contraire

2095 3444 2360 3500 tentaret;
2398 3436 2567 3490 multa
2606 3436 2864 3508 colligens
2902 3437 3225 3501 testimonia,
3253 3453 3319 3492 ex
3356 3445 3673 3495 sanctarum

2095 3527 2236 3581 serie
2284 3525 2710 3596 Scripturarum,
2762 3526 3063 3594 multasque
3105 3527 3492 3582 catholicorum
3538 3542 3674 3582 sen-

2096 3617 2292 3670 tentias
2321 3617 2597 3671 doctorum
2629 3616 2849 3671 deduxit
2881 3617 2933 3670 in
2963 3616 3218 3682 medium,
3250 3634 3369 3687 qua:
3393 3632 3528 3689 pene
3551 3632 3679 3673 om-

2095 3706 2183 3760 nia
2212 3705 2529 3776 pravissima
2557 3706 2998 3774 interpretatione
3033 3706 3304 3762 maculare
3329 3722 3433 3761 non
3466 3707 3675 3762 timuit.

2096 3796 2302 3865 Quibus
2345 3796 2484 3851 illius
2525 3796 2755 3851 vesaniae
2790 3795 3040 3849 litterulis
3070 3796 3221 3851 brevi
3261 3810 3509 3850 sermone
3537 3796 3678 3849 duo-

2098 3887 2198 3941 bus
2218 3886 2408 3940 libellis
2434 3886 2756 3954 respondere
2779 3884 2981 3947 curavi,
3011 3899 3279 3939 evacuans
3302 3883 3678 3938 veracissimis

2099 3987 2407 4034 sanctorum
2439 3977 2659 4031 Patrum
2690 3976 2935 4029 sensibus
2963 3991 3151 4030 omnes
3181 3975 3323 4030 illius
3344 3976 3683 4030 assertiones

425 4091 555 4146 tatis
572 4090 714 4143 hanc
736 4085 1047 4143 nebulosam
1074 4079 1367 4151 impietatis
1394 4087 1599 4133 sectam
1624 4076 1769 4130 clara
1797 4074 1999 4127 verita-
2024 4072 2069 4134 (ἶ
2101 4082 2262 4142 atque
2323 4070 2792 4141 interpretationes
2850 4069 3218 4139 pravissimas.
3286 4068 3394 4123 Illis
3456 4082 3683 4138 quoque

428 4181 497 4233 tis
533 4178 653 4232 luce
690 4175 894 4246 pridem
923 4174 951 4212 δ
981 4172 1251 4227 discutere
1284 4167 1585 4231 studuistis,
1617 4167 1781 4219 etiam
1811 4173 1864 4217 et
1891 4164 2000 4217 Deo

425 4270 642 4327 Christo
685 4267 916 4321 donante
962 4270 1195 4329 emptum
1242 4257 1639 4329 praedicationis
1665 4271 1799 4325 opus
1832 4254 2000 4307 multa

427 4379 495 4419 ex
519 4369 671 4433 parte
704 4354 1020 4427 perfecistis.
1048 4353 1129 4408 Ad
1153 4351 1305 4420 cujus
1327 4350 1571 4420 piissime
1597 4345 1997 4418 prmdicationis

430 4447 734 4506 venerabile
777 4460 933 4516 opus,
979 4442 1264 4495 mandante
1309 4438 1540 4507 glorioso
1568 4436 1808 4505 principe
1834 4444 1889 4489 et
1912 4436 2003 4489 de-

432 4540 711 4597 votissimo
735 4537 790 4592 iu
815 4533 962 4590 omni
999 4532 1239 4587 bonitate
1277 4528 1472 4584 Carolo
1501 4542 1645 4597 rege,
1681 4541 1776 4580 vos
1806 4526 2003 4580 iterum

436 4642 456 4669 ε
487 4632 656 4685 ituros
683 4643 804 4683 esse
824 4624 1145 4682 audivimus.
1172 4621 1509 4691 Quapropter
1534 4632 1829 4687 paucorum
1862 4616 2001 4671 arri-

435 4721 524 4790 pui
553 4719 789 4773 laborem
813 4719 1016 4773 dierum
1047 4716 1101 4769 in
1129 4713 1378 4769 solatium
1420 4710 1746 4766 sanctissimi
1791 4709 2000 4762 itineris

435 4816 639 4879 vestri,
692 4823 956 4884 quatenus
1008 4809 1281 4867 haberetis
1330 4808 1387 4861 in
1435 4803 1685 4859 manibus
1726 4800 2003 4870 cujusdam

436 4906 693 4977 epistolae,
732 4919 851 4959 meo
885 4901 1088 4958 nomini
1124 4901 1341 4955 directze
1368 4898 1435 4951 ab
1466 4893 1722 4964 Elipando
1749 4891 2006 4946 Toletano

443 4999 711 5067 episcopo,
761 4995 878 5065 pias
922 5000 977 5046 et
1018 4987 1451 5061 pernecessarias
1494 4983 1891 5053 responsiones,
1940 4994 2009 5034 ne

440 5085 578 5144 forte
609 5087 907 5156 aliquorum
932 5098 999 5137 ex
1023 5079 1261 5149 ejusdem
1295 5076 1532 5147 epistolm
1555 5075 1781 5129 lectione
1804 5081 2009 5127 mentes

446 5180 798 5242 maculentur,
842 5175 965 5245 quia
991 5173 1205 5228 easdem
1231 5168 1532 5225 audivimus
1562 5167 1767 5221 litteras
1792 5165 1845 5218 in
1872 5163 2007 5217 alio-

443 5285 561 5324 rum
590 5269 738 5339 prius
766 5265 1046 5337 pervenire
1077 5261 1221 5335 [ιτς.
1251 5256 1584 5329 pervenisse]
1630 5268 1822 5311 manus
1848 5266 2009 5322 quam

445 5358 615 5419 nobis.
645 5357 732 5411 eui
760 5355 937 5410 missa:
962 5362 1105 5417 sunt,
1137 5349 1358 5405 redditas
1386 5356 1587 5403 essent.
1615 5347 1679 5400 Et
1709 5346 1823 5399 inec
1847 5356 2008 5397 causa

2102 4164 2310 4219 duobus
2363 4162 2556 4217 libellis
2606 4161 2739 4215 alios
2773 4160 2906 4214 duos
2939 4160 3182 4229 adjunxi,
3226 4160 3387 4230 plano
3422 4171 3683 4216 sermone

2100 4252 2376 4308 catholica:
2406 4250 2526 4305 ﬁdei
2566 4250 2631 4304 de
2671 4248 2888 4303 Christo
2934 4247 3038 4303 Deo
3071 4251 3350 4303 veritatem
3389 4257 3679 4319 testantes,

2103 4352 2263 4412 atque
2312 4350 2621 4398 sanctorum
2670 4339 2892 4393 Patrum
2947 4339 3270 4394 testimoniis
3322 4328 3680 4393 abundantis-

2103 4434 2237 4487 sime
2276 4431 2679 4492 coznﬁt'mantes,
2726 4443 2957 4498 quorum
3003 4426 3233 4483 lectione
3277 4427 3530 4495 pietatem
3579 4442 3685 4482 ve-

2102 4533 2270 4579 stram
2314 4521 2653 4593 congaudere
2687 4520 2956 4583 arbitror;
2995 4518 3121 4587 quia
3165 4524 3337 4571 totum
3378 4516 3505 4572 illud
3538 4531 3686 4586 opus

2102 4622 2285 4669 vestro
2330 4614 2629 4681 gaudebam
2684 4612 2864 4667 dicare
2917 4610 3143 4673 nomini,
3190 4609 3447 4679 vobisque
3497 4609 3689 4678 primo

2103 4706 2343 4759 omnium
2373 4704 2543 4758 direxi
2583 4701 2917 4773 probandum
2961 4709 3122 4771 atque
3150 4699 3547 4769 corrigendum,
3586 4694 3693 4766 ju-

2105 4800 2244 4854 dicio
2286 4805 2479 4851 vestrm
2525 4795 2863 4851 auctoritatis
2908 4802 3069 4863 atque
3114 4791 3418 4847 sanctitatis
3443 4797 3693 4843 tantum-

2105 4891 2264 4946 modo
2290 4894 2592 4949 contentus,
2621 4902 2721 4941 nec
2750 4887 2803 4941 in
2830 4885 3075 4955 publicas
3102 4898 3262 4938 aures
3294 4882 3507 4938 easdem
3541 4896 3693 4936 meae

2106 4981 2404 5038 devotionis
2458 4978 2723 5033 litterulas
2771 4976 3064 5047 procedere
3116 4974 3310 5036 velim,
3370 4973 3473 5027 nisi
3523 4971 3695 5042 prius

2106 5078 2299 5125 vestrm
2345 5067 2684 5123 auctoritatis
2730 5081 2956 5120 censura
3008 5065 3407 5129 examinentur,
3455 5069 3512 5115 ct
3567 5059 3696 5116 fra—

2108 5170 2275 5217 terna).
2319 5157 2748 5230 congregationis
2798 5152 3029 5211 lectione
3070 5155 3493 5220 conﬁrmentur;
3544 5153 3699 5209 satis

2107 5251 2237 5306 mihi
2291 5250 2564 5304 mstimans
2619 5247 2831 5302 illorum
2874 5245 3078 5315 judicio
3140 5243 3483 5309 examinari,
3541 5257 3699 5312 quo-

2109 5359 2229 5398 rum
2271 5343 2553 5399 dilectione
2586 5340 2932 5409 singulariter
2966 5354 3052 5394 me
3090 5338 3334 5393 laborare
3372 5333 3526 5406 elegi.
3567 5330 3704 5392 Nec

446 5449 545 5503 fuit
570 5462 666 5503 cur
694 5447 822 5502 mihi
851 5445 1104 5517 prmfatus
1127 5443 1288 5498 Pater
1313 5458 1423 5498 sua:
1446 5437 1836 5495 incredulitatis
1855 5436 2012 5491 char-
2040 5430 2088 5491 ο
2111 5435 2576 5491 maledictionibus
2619 5434 2763 5488 illius
2797 5431 3199 5487 maledictioncs
3235 5427 3478 5497 opposui.
3518 5427 3700 5495 quasi

446 5537 611 5594 tulam
640 5538 871 5607 dirigere
896 5537 1193 5593 voluisset:
1223 5550 1347 5591 nam
1395 5547 1493 5605 ego
1540 5530 1808 5600 aliquibus
1854 5526 2008 5582 nobis

515 5665 537 5692 ι
567 5651 664 5705 Hic
694 5658 776 5704 cst
814 5650 998 5703 titulus
1031 5650 1188 5718 hujus
1217 5646 1455 5716 epistolae
1480 5645 1533 5698 in
1563 5641 1695 5697 Cod.
1726 5641 2006 5705 Vaticano,

443 5737 508 5776 ex
539 5737 643 5794 quo
668 5736 784 5773 eam
812 5720 1233 5774 emendavimus.

2112 5540 2258 5581 meas
2286 5526 2564 5581 vindicans
2603 5523 2851 5592 injurias,
2882 5521 2973 5577 sed
2996 5530 3054 5576 ut
3078 5519 3323 5575 veritatis
3370 5514 3704 5573 testiﬁcati!)

2182 5636 2215 5744 ἰ
2236 5637 2392 5759 inoo
2563 5633 2848 5691 \‘ideinfra
2871 5632 3309 5687 dissertationem
3337 5625 3700 5682 historieam.

2285 5721 2389 5759 nno
2526 5739 2541 5755 .

2285 5721 2389 5759 nno
2417 5721 2541 5759 δυυ.
