3964 6186
684 233 695 265 Ι

228 320 337 379 235

225 455 287 495 se
308 433 598 502 offerebat,
634 435 958 507 quibusdam
983 437 1035 491 in
1065 436 1198 491 locis
1227 435 1539 491 durioribus
1565 434 1819 504 respondi
1846 439 1896 494 Δ

226 528 428 591 verbis,
480 527 804 597 quibusdam
836 526 1033 581 iterum
1083 526 1139 580 in
1181 526 1316 581 locis
1343 540 1537 581 suaves
1558 525 1821 581 admiscui

220 618 402 692 .[CocL
456 615 605 682 ναι,
656 616 1034 689 intermiscui]
1083 610 1532 682 admonitiones,
1563 629 1634 670 ne
1681 615 1822 670 illius

218 709 643 766 infestissimam
688 707 924 763 animam
965 707 1053 762 vel
1089 721 1338 762 meorum
1377 707 1678 761 amaritudo
1702 721 1822 761 ver-

225 802 423 857 borum
467 807 842 868 numeraret,
888 798 973 852 vel
1008 797 1215 855 iterum
1259 797 1435 852 mellis
1462 796 1689 852 dulcedo
1724 811 1822 851 saa-

227 908 351 947 vam
387 891 669 947 fastidiret
695 899 954 945 mentem.
1002 890 1115 946 Nec
1151 905 1250 959 pro
1278 887 1395 957 eius
1430 889 1817 953 tantummodo,

226 992 285 1038 ut
311 982 453 1045 dixi,
495 980 741 1036 laboravi
778 979 972 1044 salute,
1016 995 1183 1050 quem
1216 980 1400 1043 timeo,
1446 978 1628 1035 forsan
1665 978 1824 1034 citius

224 1074 534 1146 {Quercet.,
590 1069 910 1143 forsantius]
964 1070 1049 1126 vel
1098 1079 1275 1126 morte
1328 1078 1655 1140 praereptum
1705 1084 1825 1125 esse

222 1171 450 1233 propter
481 1160 813 1232 decrepitam
856 1160 916 1215 in
964 1176 1031 1215 eo
1079 1170 1444 1225 senectutem,
1495 1160 1581 1216 vel
1612 1161 1688 1215 ob
1716 1161 1826 1215 dis-

227 1254 516 1307 sensiones
556 1251 900 1322 populorum,
932 1251 987 1306 in
1025 1249 1143 1320 ejus
1170 1256 1278 1307 utin
1326 1266 1488 1322 posse
1542 1254 1825 1320 pervenire

224 1359 382 1399 tineas
406 1343 756 1413 praesentiam
780 1341 1043 1413 syllabas,
1084 1342 1179 1396 sed
1212 1342 1384 1413 magis
1415 1343 1468 1396 in
1498 1342 1824 1411 adjutorium

222 1434 493 1503 piissimae
524 1431 928 1502 praedicationis
963 1439 1177 1496 vestrae,
1207 1439 1373 1501 atque
1401 1431 1652 1487 solatium
1682 1433 1827 1488 viro-

228 1538 373 1585 rum,
422 1521 513 1576 vel
547 1519 881 1575 feminarum
928 1521 1268 1575 morantibus
1315 1520 1510 1575 vicinis
1552 1520 1826 1590 Hispania:

226 1616 501 1686 partibus.
540 1614 924 1684 lmproperaus
947 1620 1004 1668 et
1029 1612 1165 1668 mihi
1198 1613 1344 1668 idem
1378 1612 1637 1684 prmfatus
1661 1612 1827 1668 Pater

227 1709 565 1763 divitiarum
600 1705 1027 1770 multitudinem,
1083 1719 1366 1760 servorum
1420 1720 1593 1775 usque
1638 1706 1708 1760 ad
1754 1721 1827 1759 xx

760 320 1172 378 DOGMATICA.
1215 350 1284 360 --
1321 320 1482 379 ΜΝ.
1520 316 1837 375 EUPANDI

1954 318 2133 373 LIBRI
2172 319 2258 373 IV.
2299 316 2622 373 ~‘EPIST.
2664 317 2990 375 ΡΒᾹΞἮᾸΞ.

2264 435 2428 505 862
2453 447 2477 475 ⁸
2508 433 2842 490 EPISTOLA
2878 434 3153 489 ALTERA

2544 543 2612 580 AD
2648 542 2872 581 EOSDEH.

1996 617 2293 672 Videbatur
2338 617 2472 672 mihi
2517 619 2842 689 condignum
2887 633 3203 690 praeponere
3247 622 3504 692 opusculo

1925 705 2053 761 huic
2091 714 2278 760 nostro
2306 706 2608 777 epistolam,
2649 723 2809 778 quam
2841 710 3125 765 charitatis
3152 710 3332 768 officio
3356 712 3505 769 Patri

1924 797 2187 868 Elipando
2223 799 2353 854 olim
2377 797 2405 836 δ
2435 800 2630 866 direxi,
2666 816 2765 871 per
2801 810 3039 857 vestram
3078 812 3319 860 sanctam
3344 806 3508 864 devo—.

1924 889 2129 945 tionem
2165 899 2221 946 et
2261 891 2371 946 Deo
2404 892 2706 963 placentem
2749 895 3103 961 charitatem;
3142 897 3285 953 illius
3312 898 3507 955 litteris

1925 995 2063 1049 quas
2104 997 2227 1037 meo
2257 982 2461 1057 nomini
2499 984 2732 1054 dirigere
2771 985 2993 1051 studuit,
3041 988 3365 1044 subnectere
3404 990 3506 1044 ha-

1924 1071 2061 1126 bens
2089 1087 2330 1127 mearum
2365 1074 2741 1143 responsiones
2767 1075 3118 1146 syllabarum,
3151 1087 3212 1132 ut
3242 1078 3507 1151 intelligat

1924 1162 2017 1229 qui
2063 1162 2224 1233 legat,
2266 1178 2372 1233 qua
2398 1165 2668 1220 eharitate
2707 1165 2850 1221 illius
2893 1169 3215 1223 venerandae
3258 1170 3507 1240 dignitati

1927 1253 2261 1321 scripserim,
2287 1254 2373 1308 vel
2410 1270 2516 1323 quo
2562 1256 2744 1311 animo
2792 1258 3116 1328 recepissem
3145 1258 3401 1315 fraterna:
3430 1262 3508 1317 di—

1927 1341 2171 1396 lectionis
2195 1342 2455 1398 cilicium:
2481 1360 2544 1399 ac
2566 1346 2758 1401 deinde
2779 1349 3156 1417 responsiones
3189 1352 3509 1416 catholicas,

1924 1449 2065 1503 quas
2091 1450 2154 1488 ex
2194 1444 2505 1490 sanctorum
2543 1437 2767 1491 Patrum
2815 1439 2975 1495 dictis
3021 1449 3208 1495 contra
3236 1443 3378 1498 illius
3409 1444 3512 1498 im-

1927 1526 2073 1593 piam
2115 1524 2506 1595 professionem
2555 1525 2745 1598 coliegi
2785 1527 3070 1596 subjicere.
3102 1529 3258 1596 Quod
3278 1545 3420 1603 opus
3451 1535 3508 1587 in

1929 1623 2162 1684 quatuor
2184 1615 2336 1671 libris
2371 1617 2799 1672 terminavimus.
2826 1617 3032 1674 Deinde
3055 1621 3335 1689 epistolam
3363 1623 3512 1681 illius

1929 1706 2178 1777 Elipandi
2206 1707 2274 1761 ad
2300 1706 2534 1761 Felicem
2562 1708 2832 1777 quondam
2863 1709 3005 1764 illius
3049 1709 3385 1767 defensorem
3426 1728 3513 1769 se-

223 1800 404 1855 millia
450 1799 940 1858 numerositatem;
999 1797 1279 1869 ignorans,
1328 1811 1439 1866 quo
1481 1797 1666 1851 animo
1702 1796 1826 1866 quis
1856 1794 1901 1854 Β
1927 1806 2050 1862 cule,
2082 1814 2231 1852 nunc
2254 1813 2386 1854 vero
2416 1798 2526 1853 Deo
2558 1800 2793 1855 donante
2817 1800 3140 1858 Christiana:
3170 1803 3292 1860 ﬁdei
3314 1807 3514 1875 praedi-

227 1892 434 1946 habeat
474 1890 759 1945 saxulum.
806 1888 967 1943 Aliud
1011 1896 1096 1944 est
1140 1889 1341 1944 habere
1369 1888 1645 1952 saeculum,
1684 1888 1829 1943 aliud

227 1992 316 2037 est
367 1982 617 2037 baberia
663 1981 882 2036 saeculo.
930 1980 1030 2036 Est
1066 1980 1155 2050 qui
1199 1981 1365 2036 habet
1402 1982 1618 2037 divitias
1644 1989 1828 2037 etnon

231 2074 422 2138 habet,
472 2081 560 2128 est
583 2072 676 2141 qui
711 2086 819 2126 non
864 2072 1032 2127 habet
1071 2080 1127 2126 et
1160 2072 1343 2127 habet.
1387 2072 1668 2128 Hominem
1698 2087 1830 2128 vero

234 2166 304 2220 ad
334 2181 526 2221 meum
556 2180 833 2234 nunquam
862 2164 1172 2235 comparavi
1201 2166 1502 2229 servitium,
1539 2166 1633 2220 sed
1659 2165 1831 2235 magis

232 2256 433 2312 devota
481 2257 750 2312 charitate
792 2257 1045 2313 omnibus
1093 2257 1297 2313 Christi
1345 2258 1437 2312 Dei
1480 2259 1588 2313 mei
1619 2257 1832 2314 famulis

233 2349 443 2404 servire
471 2348 826 2414 desiderans;
865 2349 936 2404 ad
960 2346 1117 2416 cujus
1143 2348 1351 2403 servitii
1382 2347 1720 2414 facultatem,
1753 2349 1833 2404 di-

236 2440 380 2504 vina,
438 2446 505 2493 ut
543 2439 743 2505 credo,
782 2438 1007 2508 iubente
1050 2439 1468 2509 dispensatione,
1530 2441 1598 2495 ad
1633 2438 1834 2511 glorio-

235 2545 356 2584 sum
388 2539 445 2585 et
483 2531 633 2585 omni
666 2531 873 2585 honore
903 2530 1291 2586 numinandum
1316 2530 1480 2599 hujus
1509 2532 1658 2602 regni
1688 2532 1836 2602 prin-

234 2621 416 2691 cipem
458 2628 517 2676 et
553 2636 739 2693 legem
768 2619 1019 2676 Carolum
1047 2628 1269 2677 vocatus
1294 2622 1507 2688 adveni,
1535 2622 1676 2678 sicut
1700 2623 1835 2677 mihi

237 2712 461 2782 quidam
507 2711 887 2768 sanctissimus
915 2713 1018 2779 vir,
1045 2713 1456 2784 prophetiaeque
1481 2707 1672 2783 spiritu
1694 2729 1835 2784 prae-

237 2803 403 2868 ditus,
431 2804 529 2860 Dei
551 2820 673 2861 esse
699 2805 1031 2861 voluntatem
1052 2806 1109 2860 in
1134 2821 1252 2861 mea
1277 2806 1602 2877 prmdixerat
1623 2806 1832 2877 patria;

236 2895 408 2951 etiam
460 2904 521 2951 et
567 2904 631 2950 ut
671 2897 757 2952 vir
796 2897 1127 2954 venerabilis
1168 2906 1420 2967 totusque
1466 2897 1579 2954 Deo
1627 2898 1839 2954 deditus

242 3004 398 3045 nens
440 2988 577 3043 mihi
626 2990 942 3045 mandatum
983 2990 1211 3045 dederat
1256 2989 1538 3060 magister,
1579 2998 1638 3044 ut
1664 2990 1709 3045 si
1740 2989 1837 3045 alia

241 3085 366 3139 cubi
414 3100 589 3140 novas
631 3086 874 3140 audirem
903 3087 1036 3141 oriri
1063 3096 1258 3152 sectas,
1291 3095 1346 3142 et
1373 3087 1683 3156 apostolicis
1707 3102 1837 3143 con-

238 3177 440 3232 trarias
488 3176 773 3243 doctrinis,
806 3193 928 3233 mox
963 3187 1137 3233 totum
1181 3195 1270 3233 me
1317 3179 1372 3233 in
1419 3179 1701 3235 catholicae
1739 3180 1834 3235 de-

240 3265 491 3323 fensione
532 3268 659 3323 ﬁdei
697 3268 984 3324 dedissem.
1017 3268 1171 3335 Quod
1203 3271 1453 3340 quamvis
1496 3271 1566 3326 ob
1616 3271 1836 3341 imperi-

242 3358 374 3412 tiam
404 3359 698 3427 parvitatis
743 3373 879 3414 meae
920 3358 1103 3414 minus
1132 3360 1358 3415 idoneus
1388 3359 1607 3425 faciam,
1649 3368 1834 3415 tamen

240 3451 653 3520 promptissima
696 3458 902 3516 mente,
939 3460 1201 3521 quantmu
1235 3466 1324 3507 me
1351 3451 1529 3507 divina
1570 3452 1836 3523 adjuverit

240 3543 440 3611 gratia,
488 3543 619 3597 huic
652 3542 1064 3611 pernecessario
1099 3543 1249 3613 operi
1276 3557 1364 3598 me
1392 3543 1700 3613 mancipare
1725 3551 1837 3597 stu-

243 3634 345 3689 deo
365 3649 493 3688 cum
521 3633 839 3689 melioribus
864 3633 1018 3699 meis,
1047 3634 1377 3703 optimisque
1403 3633 1660 3689 Ecclesiae
1683 3632 1839 3688 Chri-

244 3727 316 3780 sti
345 3727 687 3790 doctoribus,
719 3741 950 3795 quorum
979 3727 1121 3783 bona
1153 3727 1505 3791 abundantia,
1535 3741 1637 3797 per
1662 3726 1842 3781 diver-

247 3834 337 3873 sas
383 3818 590 3873 Christi
653 3818 944 3883 Ecclesias,
992 3818 1051 3872 in
1108 3818 1212 3873 hoc
1265 3818 1520 3887 praesenti
1569 3818 1841 3887 reperitur

249 3926 434 3981 regno.
476 3909 593 3965 Nec
632 3925 700 3965 eo
743 3910 876 3965 mihi
917 3910 1090 3979 magis
1122 3908 1415 3965 tacendum
1443 3917 1546 3975 est,
1595 3908 1843 3979 quamvis

251 4002 507 4057 meliores
547 4001 684 4055 mihi
725 4002 925 4056 habeat
967 4000 1209 4057 Ecclesia
1240 4000 1337 4055 Dei
1372 3986 1641 4066 doctores,
1682 4007 1844 4068 atque

254 4096 373 4149 ﬁdei
410 4093 697 4148 catholicae
738 4092 1068 4149 defensores.
1119 4092 1503 4162 Unusquisque
1544 4107 1644 4162 pro
1671 4106 1730 4146 se
1755 4106 1843 4145 ra-

253 4188 454 4240 tionem
500 4185 815 4241 redditurus
863 4184 990 4250 erit,
1036 4191 1092 4239 et
1138 4184 1232 4253 qui
1277 4183 1401 4253 plus
1451 4182 1681 4247 laborat,
1725 4180 1847 4251 plus

253 4276 523 4331 mercedis
554 4276 806 4345 accipiet.
836 4275 1083 4359 Idcirco“
1101 4273 1431 4329 sanctissimi
1462 4272 1649 4328 Patres
1684 4282 1739 4326 et
1768 4273 1850 4327 di-

257 4368 541 4423 lectissimi
595 4367 814 4431 fratres,
869 4365 1054 4420 sedula
1104 4364 1403 4419 intentione
1452 4369 1617 4432 atque
1661 4360 1850 4416 indeﬁ-

254 4462 417 4517 οἱαηί
459 4461 661 4516 sudore
687 4459 742 4513 in
770 4458 1156 4529 praedicatione
1184 4458 1333 4512 verbi
1365 4455 1462 4511 Dei
1501 4465 1557 4510 et
1602 4454 1849 4511 veritatis

258 4554 664 4619 testiﬁcatione,
694 4552 987 4607 secundum
1009 4551 1243 4621 gratiam
1268 4549 1423 4606 vobis
1445 4564 1475 4603 a
1499 4548 1613 4603 Deo
1642 4548 1848 4612 datam,

258 4647 609 4703 devotissime
650 4645 896 4700 laborate
939 4662 953 4698 :
1001 4644 1323 4699 exhibentes
1376 4643 1735 4712 vosmetipsos
1794 4640 1849 4695 in

257 4739 670 4795 conversatione
704 4737 955 4808 religiosa
992 4736 1244 4791 omnibus
1280 4735 1608 4805 exemplum,
1649 4735 1702 4789 in
1730 4732 1850 4788 offi-

260 4831 342 4884 cio
366 4828 594 4899 pietatis
622 4827 877 4881 omnibus
905 4835 1105 4896 patres,
1144 4827 1199 4880 in
1237 4824 1494 4880 fraternae
1544 4824 1850 4880 dilectionis

262 4918 633 4973 admonitione
684 4918 939 4972 omnibus
985 4915 1220 4980 fratres,
1274 4918 1329 4971 in
1376 4916 1850 4972 administratione

263 5023 406 5063 ret-ae
452 5006 779 5061 humilitatis
832 5006 1084 5061 omnibus
1133 5005 1311 5071 filios;
1366 5005 1620 5060 omnibus
1670 5005 1851 5061 omnia

262 5097 419 5161 facti,
446 5106 509 5151 ut
533 5097 779 5151 omnium
807 5094 952 5150 salus
984 5103 1039 5148 et
1064 5095 1340 5165 profectus
1368 5096 1421 5149 in
1452 5104 1653 5150 aeterna
1681 5094 1854 5149 beati-

263 5189 471 5252 tudine,
496 5185 656 5260 [Deo]
680 5188 935 5251 donante,
966 5186 1249 5257 multiplici
1278 5202 1374 5242 vos
1400 5186 1647 5241 mercede
1666 5186 1856 5254 dignos

259 5278 488 5335 efficiat.
532 5277 867 5334 incolumem
902 5285 957 5333 et
992 5278 1365 5348 proficientem
1395 5277 1449 5332 in
1474 5277 1857 5347 praedicatione

258 5372 419 5428 verbi
462 5371 563 5426 Dei
607 5371 789 5427 divina
832 5380 1068 5426 vestram
1099 5372 1444 5427 sanctitatem
1467 5370 1641 5442 gratia
1676 5380 1857 5426 custo-

256 5464 398 5528 diu,
435 5463 766 5518 sanctissimi
796 5463 1013 5519 fratres.

328 5616 361 5644 ι
390 5601 545 5659 lianc
566 5599 874 5672 epistolam,
899 5615 994 5656 seu
1019 5601 1220 5672 prioris
1241 5598 1859 5672 additamentum__Quer-

259 5683 491 5731 cctanus
513 5676 567 5730 in
595 5670 708 5729 fine
750 5672 979 5727 istorum
1021 5670 1283 5732 librorum
1329 5672 1589 5727 adversus
1639 5670 1858 5741 Elipan-

264 5749 395 5800 dum
420 5745 687 5800 exhibuit.
720 5741 1003 5797 Rationem
1049 5743 1241 5805 mutati
1269 5758 1299 5799 a
1324 5743 1481 5799 nobis
1522 5742 1748 5809 ordinis,
1787 5756 1855 5797 ex

671 5836 924 5900 Pauor.
983 5834 1082 5897 CI.

1922 1896 2163 1943 catorem
2190 1904 2204 1952 ;
2251 1887 2475 1957 ejusque
2512 1891 2882 1946 conversionis
2912 1893 2977 1946 ad
3002 1892 3163 1947 ﬁdem
3184 1895 3511 1952 catholicam

1928 1977 2206 2047 epistolam
2231 1978 2507 2048 imponere
2541 1982 2868 2046 curavimus,
2898 1991 3168 2053 quatenus
3192 2001 3258 2040 ex
3285 1986 3369 2043 his
3397 2003 3515 2044 om-

1929 2069 2087 2123 nibus
2113 2069 2235 2138 pius
2284 2068 2453 2125 lector
2496 2071 2733 2142 seipsum
2778 2074 3085 2129 consideret
3110 2084 3164 2131 et
3197 2086 3404 2144 caveat,
3435 2080 3516 2135 di-

1928 2159 2053 2214 vina
2080 2159 2378 2229 epitulante
2401 2162 2596 2231 gratia,
2641 2177 2707 2217 ne
2741 2163 2937 2234 laqueo
2980 2165 3257 2237 Hispanici
3308 2172 3516 2227 erroris

1931 2258 2200 2305 teneatur.
2249 2250 2317 2305 Et
2344 2258 2407 2305 ut
2434 2252 2612 2317 video,
2644 2254 2879 2309 maxime
2903 2256 3059 2327 origo
3091 2257 3250 2326 hujus
3274 2260 3516 2330 perﬁdia:

1933 2341 2000 2395 de
2028 2339 2240 2395 Cordua
2260 2341 2489 2414 civitate
2516 2344 2799 2412 processit,
2840 2344 2983 2401 sicut
3019 2347 3072 2401 in
3108 2349 3338 2418 epistola
3373 2351 3518 2408 illius

1931 2431 2177 2502 Elipandi
2207 2433 2277 2487 ad
2304 2433 2539 2490 Felicem
2563 2434 2846 2505 praefatum
2895 2438 3104 2495 directa
3156 2442 3381 2514 intelligi
3413 2459 3517 2514 po-

1935 2532 2062 2590 test,
2095 2525 2222 2580 dum
2242 2527 2491 2581 eumdem
2513 2526 2751 2583 Felicem
2771 2530 2947 2585 adhuc
2973 2533 3055 2586 sui
3082 2534 3287 2589 erroris
3310 2536 3518 2591 catenis

1934 2616 2287 2671 constrictum
2312 2631 2434 2673 esse
2455 2618 2841 2674 arbitrabatur.
2889 2619 2995 2675 Sed
3042 2622 3152 2678 Deo
3189 2624 3383 2681 melius
3412 2627 3514 2681 ali-

1935 2706 2064 2776 quid
2095 2706 2162 2762 de
2187 2722 2253 2762 eo
2278 2708 2645 2778 dispensante,
2672 2724 2772 2766 cor
2800 2710 2944 2767 illius
2976 2721 3033 2766 ut
3061 2713 3240 2770 lumen
3272 2718 3520 2773 veritatis

1936 2815 2235 2870 agnoscens
2278 2800 2482 2857 rediret
2521 2803 2576 2857 in
2624 2812 2828 2860 sancta:
2866 2806 3060 2862 matris
3107 2806 3362 2865 Ecclesiae
3400 2824 3523 2882 gre-

1938 2893 2128 2958 mium,
2161 2893 2297 2949 dans
2334 2894 2560 2965 gloriam
2605 2896 2739 2964 Deo,
2790 2898 2882 2966 qui
2921 2910 3206 2970 sperantes
3250 2902 3302 2957 in
3329 2918 3388 2958 se
3411 2918 3521 2959 non

1940 2982 2171 3051 deserit;
2221 2986 2361 3041 sicut
2388 2986 2443 3041 in
2473 2986 2587 3042 suis
2611 2986 2828 3056 litteris,
2878 3005 3014 3059 quas
3060 2993 3347 3048 adnectere
3390 2996 3519 3052 huic

1940 3084 2127 3131 nostro
2170 3077 2429 3146 opusculo
2471 3078 2635 3143 volui,
2674 3089 2898 3150 propter
2921 3082 3135 3138 laudem
3160 3074 3394 3141 nominis
3419 3086 3525 3142 Do-

1941 3167 2074 3222 mini
2104 3168 2275 3223 nostri
2302 3167 2429 3223 Jesu
2455 3168 2680 3235 Christi,
2729 3179 2785 3226 et
2809 3172 3039 3228 salutem
3066 3172 3383 3245 legentium,
3408 3192 3525 3231 ma-

1937 3256 2132 3314 nifeste
2171 3257 2440 3329 intelligit,
2488 3259 2580 3330 qui
2625 3260 2809 3316 sobrio
2846 3276 3007 3317 sensu
3057 3265 3273 3319 easdem
3309 3265 3522 3321 litteras

1938 3348 2116 3418 legere
2162 3358 2362 3404 curat:
2390 3357 2659 3419 quatenus
2700 3350 2748 3406 si
2793 3352 2916 3423 quis
2959 3352 3166 3409 dubitet
3207 3336 3274 3409 de
3311 3355 3523 3411 ratione

1937 3442 2220 3498 catholicae
2249 3442 2393 3509 fidei,
2436 3444 2581 3500 illius
2603 3446 2837 3517 religiosi
2867 3448 2969 3502 viri
2994 3457 3052 3503 et
3077 3450 3257 3520 magni
3286 3452 3524 3507 nominis

1939 3535 2082 3589 inter
2125 3550 2252 3590 suos
2295 3536 2521 3592 edoctus
2562 3538 2825 3608 exemplo,
2875 3540 2991 3594 sine
3033 3541 3140 3596 ulla
3191 3542 3526 3601 dubitatione

1940 3623 2265 3680 universalis
2305 3626 2562 3682 Ecclesia:
2593 3642 2824 3697 sequens
2848 3633 3214 3696 concordiam,
3265 3634 3445 3690 laudet
3471 3645 3529 3691 et

1938 3716 2199 3785 praedicet
2237 3717 2667 3772 misericordiam
2711 3719 2805 3774 Dei
2840 3722 3256 3790 omnipotentis,
3293 3725 3384 3795 qui
3419 3740 3525 3778 non

1941 3804 2053 3860 vult
2096 3813 2318 3859 mortem
2361 3808 2670 3876 peccatoris,
2709 3809 2801 3862 sed
2846 3818 2903 3862 ut
2949 3821 3281 3865 convertatur
3310 3822 3358 3865 et
3389 3814 3529 3867 vivat

1945 3898 2163 3971 (Ezeclt.
2209 3915 2404 3964 χχχιιι,
2435 3898 2545 3971 Η).
2584 3900 2694 3955 Vos
2732 3916 2884 3966 vero,
2933 3901 3269 3958 dilectissimi
3308 3903 3525 3970 fratres,

1945 3992 2130 4048 sedula
2157 3991 2441 4047 devotione
2468 3991 2730 4063 perlegite
2756 3992 2871 4049 hzec
2894 3994 3099 4058 omnia,
3125 3995 3438 4066 priusquam
3469 3997 3526 4051 in

1942 4083 2193 4153 publicas
2233 4084 2529 4153 procedere
2575 4099 2733 4140 aures
2782 4084 2975 4139 harum
3014 4088 3183 4142 series
3228 4087 3530 4145 litterarum

1947 4174 2178 4230 faciatis.
2208 4175 2322 4244 Ego
2344 4174 2609 4245 siquidem
2638 4175 2692 4229 in
2716 4177 3017 4247 procinctu,
3044 4179 3113 4233 ob
3134 4179 3299 4233 vestri
3324 4180 3533 4237 itineris

1950 4265 2374 4333 festinationem,
2407 4266 2522 4321 haec
2546 4266 2940 4338 qualiacunque
2990 4276 3137 4335 sunt,
3187 4268 3408 4335 dictavi,
3455 4271 3532 4326 ita

1949 4364 2012 4412 ut
2038 4357 2169 4411 mihi
2213 4366 2425 4429 tempus
2458 4358 2727 4429 relegendi
2772 4358 2856 4414 vel
2909 4361 3231 4415 emendandi
3271 4375 3377 4415 non
3422 4359 3527 4415 fuit

1954 4448 2225 4513 idoneum,
2271 4457 2465 4505 vestrae
2511 4449 2796 4505 charitatis
2839 4459 3125 4506 contentus
3161 4452 3536 4507 tantummodo

1953 4539 2183 4594 lectione
2212 4549 2376 4609 atque
2404 4540 2802 4595 emendatione.
2835 4539 2893 4594 Si
2921 4540 3139 4609 dignum
3182 4546 3379 4594 vestrm
3411 4556 3539 4596 con-

1951 4633 2270 4688 siderationi
2323 4632 2601 4695 videatur,
2657 4631 2899 4685 fraterno
2946 4630 3214 4685 ostendite
3268 4639 3538 4688 conventu

1949 4721 2124 4795 {Leg.,
2156 4722 2500 4795 conventui]:
2532 4723 2615 4776 sin
2667 4729 2846 4775 autem
2888 4718 2989 4775 sub
3027 4721 3236 4790 gremio
3279 4721 3538 4793 piissimae

1951 4815 2238 4870 charitatis
2292 4822 2487 4869 vestra:
2536 4812 2871 4879 abscondite,
2937 4814 3108 4870 donec
3163 4815 3312 4870 omni
3364 4813 3536 4887 [Leg.,

1954 4906 2254 4979 communi]
2283 4906 2511 4962 consilio
2539 4912 2854 4971 tractemus,
2891 4905 3022 4975 quid
3051 4905 3117 4960 de
3144 4905 3250 4961 hoc
3275 4904 3541 4976 agendum

1954 5000 2026 5055 sit
2045 5013 2228 5068 opere.
2263 4997 2466 5051 Tamen
2520 4995 2752 5050 ﬁrmiter
2793 4996 3000 5066 absque
3050 4994 3158 5049 ulla
3206 4994 3542 5049 dubitatione

1955 5100 2266 5149 sanctorum
2298 5089 2587 5161 sequimini
2611 5088 2836 5159 vestigia
2861 5088 3106 5151 Patrum,
3136 5094 3191 5142 et
3219 5084 3540 5140 catholicam

1958 5184 2138 5249 fidem,
2170 5198 2330 5254 quam
2368 5180 2554 5235 multis
2581 5182 2890 5236 roboratam
2920 5177 3244 5232 testimoniis
3278 5176 3539 5246 aspicitis,

1960 5283 2139 5330 tenete
2169 5282 2226 5327 et
2247 5271 2539 5343 praedicate
2572 5285 2712 5325 :nee
2756 5277 2965 5323 tantum
3006 5266 3411 5323 considerantes
3445 5266 3546 5321 im-

1962 5367 2152 5437 peritae
2190 5365 2386 5436 linguae
2423 5363 2477 5417 in
2519 5376 2606 5415 me
2647 5358 2981 5423 tarditatem,
3011 5362 3272 5428 quantum
3309 5357 3363 5411 in
3397 5356 3547 5413 testi-

1965 5458 2162 5513 moniis
2181 5455 2404 5511 Patrum
2430 5451 2714 5507 catholica:
2738 5448 2862 5503 ﬁdei
2886 5446 3190 5503 veritatem.
3229 5444 3337 5502 Sed
3364 5453 3419 5501 et
3444 5445 3547 5499 hoc

1965 5598 2083 5667 ipso
2133 5593 2291 5662 hujus
2338 5587 2689 5667 additamenti
2737 5586 3392 5667 tenorc_depromptam;
3451 5580 3547 5637 de-

1967 5655 2145 5738 dimus
2162 5655 2330 5738 supra
2347 5663 2404 5738 in
2424 5660 2638 5738 _Monito_
2657 5655 3336 5738 pra-crio,circaanedhuu.

2039 5739 2067 5780 δ
2093 5725 2250 5792 Διιηό
2270 5733 2394 5805 799,
2410 5732 2536 5789 dum
2558 5725 2735 5802 primo
2760 5729 2901 5785 irent
2923 5727 2976 5781 iu
3007 5725 3338 5797 Hispaniam.

3081 5817 3121 5877 8
