3964 6186
422 334 528 392 235
1277 329 1334 383 Β.
1374 329 1436 384 F.
1477 328 1700 384 ALBLVI
1741 327 1872 382 SEU
1911 327 2011 380 AU

2109 323 2183 379 {Nl
2223 324 2503 381 OPERUM
2538 325 2716 380 PARS
2754 324 2839 381 Ill.
3584 323 3687 378 236

427 448 780 510 considerate,
821 460 889 500 an
929 445 1028 500 has
1068 442 1221 500 vobis
1264 444 1394 499 utile
1438 444 1684 498 videatur
1736 441 2002 495 litterulas
2028 443 2077 503 Α
2104 441 2272 512 Igitur
2312 444 2380 497 ab
2426 443 2539 512 ipso
2590 444 2696 499 Deo
2739 444 2833 497 Dei
2878 441 3015 497 Filio
3044 442 3339 513 praedicata
3359 455 3441 497 est
3473 444 3527 498 iu
3557 445 3692 500 duo-

428 539 700 611 Hispania:
725 534 985 591 fratribus
1014 534 1267 605 dirigere,
1300 534 1346 589 si
1379 532 1516 587 forte
1553 542 1887 603 opportunus
1921 547 2009 587 oc-

427 637 616 690 currat
649 627 803 683 vobis
823 627 1096 698 .portitor.
1145 624 1280 680 illud
1309 635 1523 694 quoque
1544 623 1700 679 vobis
1723 637 2010 678 onerosum

430 739 541 781 non
560 721 825 784 videatur,
859 725 1149 788 antequam
1174 717 1239 771 de
1267 716 1486 771 civitate
1514 716 1672 781 eatis,
1699 724 1759 769 ut
1778 713 2012 784 iubeatis

431 816 601 886 ligare
646 821 701 869 et
743 812 1047 875 involvere,
1102 819 1159 865 et
1200 810 1253 864 in
1305 808 1522 863 modum
1565 808 1727 863 unius
1767 807 2013 876 corporis

431 916 755 974 componere
820 901 922 956 has
977 899 1402 969 quaterniones;
1467 912 1536 953 ne
1586 906 1733 952 sorte
1780 897 2013 966 sparsim

432 1002 602 1063 rapta:
646 992 1026 1060 disperguntur
1048 1004 1146 1058 per
1173 1003 1367 1042 manus
1393 987 1705 1056 legentium,
1742 986 1827 1041 vel
1854 985 2015 1042 forsi-

426 1096 524 1141 tan
554 1082 904 1139 invidentium
947 1080 1148 1135 nomini
1173 1095 1334 1143 meo;
1373 1079 1468 1133 sed
1494 1080 1648 1147 quasi
1678 1094 1843 1133 unum
1868 1077 2015 1132 codi-

424 1190 549 1231 cem
595 1174 793 1228 habete
839 1171 954 1225 hzec
1003 1168 1183 1223 omnia
1232 1169 1438 1239 pariter
1486 1162 1818 1239 composita;
1869 1176 1925 1221 et
1968 1167 2012 1223 si

428 1263 669 1333 quolibet
689 1261 925 1331 dirigere
962 1258 1147 1323 vultis,
1197 1259 1468 1315 scribatur
1493 1267 1548 1311 et
1586 1258 1864 1322 mittatur;
1897 1257 2014 1310 hinc

404 1370 562 1420 ,νει-ο
588 1369 715 1423 pars
753 1353 1031 1410 vobiscum
1078 1360 1318 1416 maneat,
1346 1351 1517 1406 donec
1550 1350 1764 1405 volente
1788 1349 1902 1404 Deo
1930 1362 2016 1402 re-

432 1447 643 1503 versuri
669 1445 790 1501 sitis
822 1444 889 1498 ad
930 1459 1046 1499 nos.
1089 1443 1266 1497 Etiam
1297 1441 1491 1496 litteris
1517 1456 1617 1510 pro
1646 1456 1733 1495 me
1761 1439 2017 1494 fraternis

429 1538 579 1609 loqui
605 1544 831 1607 possunt
870 1535 1115 1599 auribus,
1147 1534 1192 1588 si
1219 1547 1313 1588 eas
1337 1533 1625 1588 ostendere
1650 1530 1735 1586 vel
1761 1531 1814 1585 in
1842 1528 2018 1598 publi-

430 1644 555 1686 cum
582 1627 876 1697 procedere
918 1632 1115 1680 vestrze
1150 1624 1359 1694 placeat
1396 1623 1715 1692 prudentiae.
1743 1619 2017 1690 Quidquid

429 1720 486 1775 in
526 1719 607 1775 eis
646 1718 891 1773 veritatis
938 1714 1318 1785 astipulatione
1359 1714 1670 1769 rohoratum
1710 1712 2014 1777 invenietis,

2110 530 2212 585 bus
2238 531 2460 585 minutis
2481 532 2835 602 paupertinae
2862 532 3036 586 vidua}
3058 533 3399 591 sanctissima
3425 534 3638 589 devotio
3668 553 3685 590 :
3759 580 3763 586 .

2108 635 2217 674 non
2249 636 2348 691 ego
2374 622 2480 676 duo
2509 622 2714 676 minuta
2743 624 2798 677 in
2830 621 3084 692 templum
3115 621 3359 679 Romano
3381 624 3683 694 periturum

2110 710 2358 766 incendio
2391 710 2596 774 defero,
2629 712 2723 767 sed
2744 712 2849 767 duo
2890 727 3083 782 magna
3121 721 3385 784 praecepta
3412 714 3691 770 cbaritatis

2110 802 2165 856 in
2196 802 2449 873 templum
2480 803 2575 859 Dei
2603 804 2733 869 vivi,
2760 804 2995 859 animam
3020 802 3229 859 scilicet
3250 804 3571 859 sacerdotali
3611 807 3693 861 di-

2111 895 2314 964 gnitate
2336 895 2745 965 praerogativam
2774 895 2979 967 [Forte,
3015 903 3072 950 et
3098 895 3456 966 prmrogativa
3492 899 3690 967 pradi-

2111 985 2244 1056 tam]
2277 985 2463 1041 oﬂ'ero.
2514 986 2626 1041 Nec
2652 986 2734 1042 fas
2762 995 2846 1042 est
2870 987 3130 1041 vilitatem
3158 985 3352 1059 [Edit.,
3376 987 3690 1061 utilitatem}

2108 1077 2387 1133 offerentis
2406 1094 2678 1147 spernere,
2703 1079 2797 1133 sed
2816 1066 3235 1149 magnitudinem
3258 1079 3498 1133 muneris
3517 1081 3696 1137 consi-

2112 1169 2321 1223 derare.
2374 1168 2453 1223 Tu
2501 1169 2645 1223 enim
2693 1182 2785 1232 es,
2833 1168 3173 1223 sanctissime
3222 1169 3457 1237 praesul,
3504 1170 3696 1224 civitas

2113 1277 2277 1331 super
2295 1269 2530 1316 montem
2544 1261 2741 1330 posita,
2758 1275 2876 1330 qua:
2897 1259 3202 1315 nullatenus
3223 1260 3477 1319 abscondi
3493 1269 3692 1329 potest,

2112 1352 2266 1422 cujus
2301 1350 2490 1409 murus
2529 1367 2865 1423 nequaquam
2911 1351 3070 1407 debet
3112 1351 3388 1406 insidiosis
3428 1352 3695 1407 cuniculis

2113 1443 2403 1514 cujuslibet
2434 1443 2674 1512 perﬁdiae
2706 1442 2902 1497 alicubi
2929 1441 3223 1512 perforari,
3259 1442 3353 1497 sed
3383 1441 3693 1499 ﬁrmissimo

2114 1536 2393 1592 catholicae
2422 1534 2544 1590 ﬁdei
2570 1535 2865 1590 munimine
2897 1549 2963 1589 ex
2993 1533 3139 1589 omni
3166 1543 3322 1603 parte
3345 1534 3689 1597 circumdari,

2115 1632 2176 1679 ut
2204 1625 2630 1696 inexpugnabilis
2655 1626 2891 1694 undique
2928 1626 2994 1680 ad
3031 1624 3256 1680 salutem
3297 1626 3461 1682 totius
3491 1628 3692 1697 populi,

2091 1716 2209 1785 'qui
2238 1716 2291 1769 in
2328 1724 2382 1770 te
2410 1716 2628 1786 gaudet,
2660 1722 2719 1770 et
2754 1715 2823 1770 ad
2863 1716 2941 1769 tui
2980 1716 3092 1769 oris
3131 1716 3414 1786 imperium
3451 1719 3691 1787 respicit,

430 1809 523 1866 Dei
548 1810 746 1864 donum
773 1817 894 1863 est:
925 1808 971 1862 si
998 1804 1127 1875 quid
1154 1820 1333 1869 secus,
1364 1803 1509 1873 quod
1535 1803 1697 1867 a'bsit,
1725 1800 2011 1871 inspicitis,
2040 1805 2091 1864 Β
2115 1813 2446 1876 permaneat.
2490 1805 2601 1865 Nec
2639 1806 2771 1860 mihi
2803 1814 2905 1868 est,
2950 1804 3112 1860 Pater
3142 1808 3362 1876 optime,
3412 1817 3588 1864 tecum
3636 1811 3691 1865 in

430 1898 734 1971 ignorantis
760 1898 925 1952 animi
955 1895 1265 1966 cognoscite
1302 1908 1562 1949 errorem.
1608 1892 1667 1947 ln
1705 1891 1810 1947 illis
1845 1892 2011 1947 totius

429 1989 687 2045 bonitatis
729 1986 945 2041 laudate
997 1985 1332 2054 largitorem,
1379 1983 1434 2037 in
1480 1981 1600 2036 istis
1639 1980 1885 2035 fraterno
1920 1996 2014 2050 pu-

429 2082 569 2136 mice
611 2079 867 2150 corrigite
909 2078 1251 2147 scriptorem.
1289 2076 1570 2129 Patienter
1596 2073 1741 2127 enim
1769 2073 1858 2142 pia
1886 2075 2015 2128 cha-

430 2175 564 2229 ritas
592 2170 956 2228 columbinum
983 2169 1208 2226 sull‘erre
1232 2168 1392 2225 debet
1418 2166 1655 2231 oculum,
1686 2166 1827 2220 sicut
1848 2165 2011 2236 863

427 2266 724 2335 prudenter
762 2263 1096 2333 serpentium
1142 2262 1349 2316 evitare
1387 2260 1603 2315 dentem
1644 2271 1866 2313 necesse
1908 2265 2009 2311 est.

427 2356 727 2425 Quierenda
764 2363 849 2411 est
893 2356 1091 2424 ubique
1139 2354 1287 2409 omni
1330 2353 1588 2409 instantia
1629 2364 2010 2407 conservorum

427 2447 575 2502 salus
617 2454 947 2510 nostrorum,
990 2445 1107 2500 sive
1132 2445 1187 2499 in
1224 2444 1612 2514 praedicatione
1642 2441 2009 2511 priesentium,

428 2539 544 2592 sive
589 2538 646 2592 in
686 2535 991 2592 litterarum
1030 2535 1408 2591 exhortatione
1453 2533 1780 2596 absentium,
1823 2539 1886 2586 ut
1919 2545 2014 2585 ne-

429 2630 562 2684 mini
610 2629 753 2686 desit
788 2630 854 2684 ad
899 2645 998 2685 nos
1036 2628 1424 2698 pertinentium
1471 2637 1672 2682 nostra;
1715 2626 2013 2683 devotionis

426 2719 670 2788 affectus,
684 2721 740 2775 in
762 2719 1030 2776 desiderio
1046 2728 1320 2790 perpetuae
1328 2718 1704 2789 prosperitatis
1722 2726 1779 2773 et
1800 2716 2009 2772 salutis.

711 2841 736 2871 ⁸
775 2831 1108 2888 EPISTOLA
1144 2831 1369 2886 ALBINI
1407 2829 1733 2886 MAGISTRI

554 2942 571 2957 ’
642 2944 710 2982 AD
754 2941 1054 2981 ειινΑιωωι
1109 2938 1427 2980 TOLETANUSI
1480 2936 1793 2986 EPISCOPUI,

743 3017 1120 3074 Cohortatoria
1156 3016 1210 3071 in
1248 3015 1513 3071 catholica
1552 3013 1673 3069 fide.

434 3109 729 3166 Venerabili
758 3119 806 3163 et
845 3109 898 3162 in
933 3104 1125 3162 Christi
1159 3106 1412 3160 charitate
1448 3103 1663 3159 amabili
1701 3101 1853 3156 Patri
1893 3100 2009 3156 Eli-

2112 1892 2215 1948 hac
2244 1893 2528 1962 parvitatis
2553 1908 2687 1949 mete
2709 1894 2955 1950 chartula
2985 1895 3300 1966 disceptatio
3320 1897 3581 1963 sublimis,
3597 1898 3694 1954 sed

2111 1984 2435 2053 supplicatio
2455 1985 2695 2050 humilis,
2715 1986 2915 2040 obnixe
2933 1986 3249 2054 deprecans,
3267 1996 3327 2042 ut
3344 1989 3692 2058 apostolicam

2110 2073 2411 2128 doctrinam
2440 2075 2494 2129 in
2534 2076 2801 2131 catholica
2825 2076 3035 2130 unitate
3059 2083 3117 2130 et
3151 2092 3304 2146 pace,
3350 2087 3462 2133 tota
3495 2081 3695 2138 mentis

2112 2166 2408 2223 intentione
2438 2170 2692 2239 consequi
2720 2169 2957 2236 studeas,
2981 2179 3037 2225 et
3060 2158 3257 2240 pepqu
3287 2172 3379 2227 tibi
3404 2173 3696 2231 commisso

2111 2255 2187 2310 sis
2204 2256 2428 2327 signifer
2447 2258 2515 2313 ad
2533 2259 2875 2328 sempiternae
2893 2260 3239 2321 beatitudinis
3257 2264 3689 2333 prosperitatom.

2112 2348 2220 2405 Nec
2250 2365 2385 2405 nova
2414 2351 2665 2420 quaelibet
2690 2353 2907 2407 nomina
2938 2356 3222 2423 permittas
3258 2358 3497 2425 paternis
3527 2357 3696 2414 inseri

2112 2440 2523 2505 traditionibus;
2553 2440 2650 2495 sed
2674 2442 2934 2512 quidquid
2959 2445 3263 2516 evangelica
3288 2448 3605 2511 auctoritas,
3638 2457 3697 2501 et

2111 2530 2405 2599 apostolica
2435 2531 2771 2602 dignitas,.et
2793 2540 3015 2601 paterna
3045 2536 3318 2601 sanctitas,
3350 2547 3405 2591 et
3423 2538 3693 2593 catholica

2110 2626 2292 2680 unitas
2317 2626 2416 2680 tibi
2445 2627 2669 2681 suadeat
2693 2626 2761 2681 de
2796 2627 3016 2682 Christo
3054 2628 3250 2692 dicere,
3301 2630 3381 2684 vel
3415 2629 3696 2685 Christum

2112 2715 2413 2783 nominare,
2443 2716 2546 2772 hoc
2569 2716 2779 2787 placeat
2805 2718 3079 2777 sanctitati
3118 2728 3222 2774 tute
3259 2733 3460 2785 amare,
3502 2722 3700 2791 praedi-

2113 2823 2239 2864 care
2284 2815 2339 2863 et
2379 2808 2639 2863 credere:
2684 2824 2785 2864 nec
2824 2823 3022 2865 novum
3057 2811 3361 2882 adoptionis
3401 2828 3597 2868 nomen
3636 2815 3695 2868 in

2113 2898 2347 2964 Christo,
2373 2907 2428 2954 et
2454 2900 2523 2955 ab
2547 2900 2702 2955 initio
2726 2900 3034 2970 apostolica)
3062 2902 3460 2971 praedicationis
3489 2906 3693 2960 mundo

2115 2992 2432 3057 inauditum,
2472 2991 2754 3061 permittas
2780 2992 2982 3052 sanari,
3015 2992 3099 3047 vel
3127 2993 3254 3064 legi,
3293 2994 3375 3049 vel
3408 2996 3696 3064 praedicari

2114 3081 2436 3139 Christianis
2463 3081 2703 3137 auribus.

494 3152 2007 3253 ῥ’τῖιὶὲἴὶιὶεέε’ὀὶ›ἆ”ἰὲὲὶεὲὲὶιῖςὶὲᾶἷρᾘὲὶῖᾑὶίᾶκᾜθῧιιλε
2036 3152 2079 3213 C
2179 3174 2245 3228 ii.
2281 3174 2535 3244 Legimus
2571 3173 2717 3229 enim
2754 3173 2812 3231 in
2850 3173 3090 3244 epistolis
3130 3173 3275 3231 beati
3322 3174 3535 3239 Felicis,
3583 3178 3693 3233 viri

495 3250 651 3307 levita
694 3250 937 3306 salutem.

497 3362 539 3417 l.
583 3360 852 3417 Pcrfcctio
877 3358 1129 3415 fraternis
1150 3359 1434 3414 cbaritatis
1452 3358 1509 3412 in
1534 3357 1797 3426 gremium
1817 3353 2009 3426 pacili-

427 3470 504 3509 c:e
534 3451 688 3524 [Cod.
730 3451 934 3516 Paris.,
969 3451 1023 3505 in
1065 3450 1327 3521 gremium
1365 3449 1516 3518 pacis
1559 3447 1740 3519 atque]
1785 3446 2010 3503 unitatis

428 3544 627 3601 multos
670 3544 922 3614 colligere
965 3543 1170 3597 amicos
1211 3542 1407 3613 gaudet
1441 3540 1630 3612 [lbid.,
1670 3539 2011 3596 concorditer

427 3633 667 3708 gaudet],
691 3642 747 3690 ct
773 3633 1040 3704 quoddam
1068 3632 1364 3688 arbitratur
1391 3645 1512 3686 esse
1537 3629 1875 3701 dispendium
1906 3630 2009 3685 sibi

428 3728 553 3798 ipsi,
582 3727 629 3782 si
659 3743 763 3782 non
790 3725 1025 3795 seipsum
1050 3724 1211 3780 latius
1240 3722 1620 3779 commendare
1640 3721 1822 3777 studet
1840 3720 1908 3775 ad
1930 3721 2010 3776 vi-

428 3833 521 3874 ros
548 3816 742 3873 famosi
767 3816 1001 3871 nominis
1029 3822 1086 3870 et
1113 3814 1343 3870 laudatae
1366 3814 1605 3885 pietatis,
1631 3821 1694 3868 ut
1720 3814 1791 3869 sit
1817 3814 2010 3868 unani-

426 3910 590 3966 mitas
657 3908 913 3980 spiritalis
982 3921 1123 3963 verae
1186 3906 1528 3972 dilectionis,
1579 3905 1707 3959 licet
1762 3905 2008 3975 quaedam

428 4001 543 4075 [sit]
588 4002 859 4072 separatio
896 3999 1197 4072 corporalis
1239 3998 1482 4054 visionis.
1530 3997 1655 4053 Haec
1693 4013 1812 4053 mea
1850 3996 2004 4070 [ϐοά.

426 4089 607 4147 Paris.
636 4133 651 4159 ,
702 4089 934 4161 mecum]
999 4088 1308 4160 diligentius
1365 4089 1711 4144 considerans
1768 4088 2008 4158 parvitas

428 4181 615 4255 [Ibid.,
646 4182 884 4252 parvitas
921 4178 1085 4251 mea],
1125 4179 1388 4248 meipsum
1419 4178 1780 4234 sacrosanctis
1816 4185 2008 4232 vestrae

425 4275 776 4333 beatitudinis
813 4271 1168 4334 orationibus,
1194 4270 1379 4325 multis
1420 4269 1692 4339 precibus,
1730 4270 1815 4325 vir
1848 4283 2008 4324 vene-

426 4366 612 4428 rande,
644 4362 953 4432 diligentius
980 4360 1360 4415 commendem
1406 4359 1608 4415 studui.
1654 4357 1802 4428 Opus
1850 4356 2003 4430 [ϐοά.

2100 3266 2318 3323 scilicet
2347 3266 2612 3335 religiosae
2650 3267 2775 3322 vita:
2799 3267 3054 3337 ι)ωαίρυὶ
3083 3275 3140 3322 et
3166 3268 3456 3323 sanctitate
3479 3280 3701 3339 specta-

2101 3357 2255 3423 bilis,
2286 3357 2330 3412 si
2358 3356 2679 3413 catholicam
2704 3356 2864 3413 tidem
2885 3366 2939 3413 et
2959 3358 3378 3414 ecclesiasticam
3404 3360 3698 3428 unitatem,

2109 3448 2227 3503 sine
2245 3462 2349 3517 qua
2363 3447 2540 3503 nullus
2561 3449 2670 3505 Deo
2681 3448 2895 3518 placere
2910 3457 3107 3520 potest,
3122 3466 3309 3506 amare
3321 3460 3377 3507 et
3399 3452 3703 3522 praedicare

2104 3536 2269 3602 velit;
2294 3537 2424 3592 dicit
2450 3538 2650 3608 itaque,
2681 3557 2700 3589 ‹
2726 3548 2947 3609 propter
2970 3542 3395 3611 assumptionem
3415 3542 3701 3599 Christum

2108 3644 2229 3686 esse
2262 3629 2572 3700 adoptivum
2599 3650 2612 3685 :
2637 3651 2656 3684 ι
2698 3632 2879 3687 minus
2916 3633 3288 3700 considerans,
3328 3650 3434 3690 non
3476 3651 3701 3692 omnem

2108 3722 2532 3791 assumptionem
2570 3720 2735 3793 865
2778 3722 3120 3791 adoptionem
3167 3740 3306 3789 esse,
3354 3726 3479 3781 licet
3515 3728 3701 3783 omnis

2107 3811 2328 3880 adoptio
2348 3811 2592 3881 quaedam
2628 3813 2699 3867 sit
2728 3815 3042 3882 assumptio.
3086 3814 3310 3886 Legitur
3347 3815 3500 3888 [ϐοά.
3546 3816 3697 3879 ναι..

2108 3901 2387 3973 Legimus]
2420 3903 2473 3957 in
2518 3902 2812 3973 Evangelia
2838 3904 3058 3961 Petrum
3087 3906 3386 3976 apostolum
3419 3908 3700 3964 Christum

2105 3995 2463 4065 assumpsisse
2482 4004 2539 4050 et
2571 3996 2879 4065 increpasse
2902 3995 3119 4067 (Matth.
3164 4015 3274 4063 xvi,
3311 4000 3433 4072 22);
3476 4015 3577 4056 nec
3614 4001 3701 4057 fas

2107 4098 2190 4142 est
2227 4087 2349 4142 ideo
2376 4102 2501 4141 eum
2530 4095 2718 4157 putate
2764 4088 2867 4143 sibi
2908 4088 2960 4144 in
3005 4089 3172 4145 (ilium
3220 4092 3522 4163 adoptasse,
3565 4096 3703 4163 quia

2105 4178 2465 4249 assumpsisse
2507 4193 2630 4236 eum
2668 4178 2889 4234 dicitur.
2940 4180 3073 4236 Item
3108 4183 3164 4237 in
3215 4184 3504 4255 Evangelio
3559 4188 3705 4241 scri-

2104 4275 2257 4336 ptum
2280 4276 2402 4324 est:
2438 4267 2501 4322 Et
2531 4271 2810 4340 assumpsit
2837 4288 2953 4326 eum
2988 4274 3229 4328 diabolus
3256 4276 3309 4329 in
3344 4286 3580 4331 sanctam
3622 4281 3704 4332 ci-

2108 4359 2314 4413 vitatem
2353 4357 2563 4431 (Matth.
2594 4375 2668 4425 iv,
2699 4360 2775 4433 5).
2828 4342 3006 4428 (Ίάθε,
3037 4365 3357 4421 charissime
3382 4375 3436 4421 et
3462 4369 3700 4422 sanctis-

308 5638 317 5643 ⁴
423 5644 629 5703 abbatis
654 5647 734 5718 ad
756 5638 1747 5718 Elipamnmfoleta'numgepiscopum.
1766 5648 1834 5718 ln
1865 5649 2011 5703 codin

434 4455 629 4519 Paris.,
660 4449 885 4522 Optaus]
912 4491 925 4517 ,
956 4457 1137 4506 vestra
1163 4449 1505 4505 sanctissima
1531 4448 1819 4505 dilectione
1847 4450 2005 4504 auxi-
2039 4506 2083 4525 ἢ
2108 4451 2243 4506 sime
2276 4449 2455 4514 Pater,
2475 4465 2638 4519 quam
2660 4451 2817 4523 longe
2839 4461 2922 4510 cst
2947 4457 3243 4525 assumptio
3266 4457 3319 4510 in
3342 4457 3445 4512 hoc
3472 4457 3597 4513 loco
3626 4460 3701 4514 ab

427 4548 592 4602 liante
616 4506 808 4617 [Ιινξά.⁹
835 4506 945 4598 Deo
979 4540 1317 4613 auxiliante],
1358 4538 1622 4610 prolicere
1664 4539 1733 4595 ad
1775 4540 2004 4595 salutem
2036 4506 2084 4565 ί)
2110 4540 2418 4610 adoptione.
2460 4506 2527 4597 Et
2566 4542 2610 4597 si
2656 4506 2876 4600 necst
2901 4554 2983 4601 est
3010 4506 3230 4616 prop‘ter
3268 4550 3700 4619 assumptionem

427 4637 619 4691 animae
648 4650 798 4700 meae,
828 4643 889 4691 ut
910 4641 965 4689 et
992 4641 1174 4690 vestra
1201 4646 1412 4689 merces
1433 4646 1501 4689 ex
1532 4638 1717 4687 nostro
1745 4638 2006 4702 augeatur
2111 4632 2423 4702 adoptivum
2461 4647 2580 4688 esse
2621 4633 2918 4701 Christum,
2966 4637 3050 4692 eui
3093 4652 3339 4707 personae
3367 4650 3450 4696 est
3487 4651 3705 4699 sanctae

425 4723 690 4794 profectu,
720 4732 777 4780 et
800 4739 918 4779 mea
942 4722 1222 4794 diligentia
1242 4723 1397 4779 bona:
1422 4720 1715 4779 voluntatis
1740 4720 1894 4776 vobis
1914 4721 2005 4777 ali.
2112 4720 2392 4777 Trinitatis
2412 4722 2733 4792 adoptivus?
2779 4726 2972 4796 Utique
3000 4727 3119 4782 Filii
3147 4743 3159 4783 :
3187 4730 3313 4798 quia
3349 4731 3469 4786 Filii
3501 4748 3705 4803 perso-

425 4812 556 4884 quid
584 4810 826 4868 conterat
849 4813 905 4867 in
930 4812 1213 4869 cbaritatis
1235 4810 1409 4868 ollicio
1439 4827 1454 4865 :
1481 4818 1750 4882 quatenus
1778 4810 2004 4868 Domino
2111 4829 2180 4868 na
2205 4814 2496 4882 assumpsit
2530 4815 2802 4877 hominem
2834 4819 2889 4873 in
2921 4827 3074 4876 utero
3099 4821 3371 4892 virginali,
3405 4832 3460 4879 et
3484 4825 3706 4881 aduna-

426 4906 538 4962 Deo
566 4911 753 4958 nostro
781 4899 911 4958 Iesu
940 4901 1158 4959 Christo
1191 4910 1387 4960 vestra:
1424 4900 1747 4958 humilitatis
1777 4902 1833 4957 in
1867 4900 2003 4958 dile-
2109 4905 2189 4960 vit
2211 4905 2313 4960 sibi
2341 4904 2395 4960 iu
2420 4920 2580 4961 unam
2606 4923 2909 4977 personam,
2940 4920 3004 4966 ut
3023 4906 3168 4967 esset
3191 4929 3332 4970 unus
3356 4914 3524 4971 Filius
3551 4915 3658 4972 Dei
3684 4935 3700 4985 ;

427 4996 605 5052 ctione
624 4991 864 5049 fraterna
892 4992 1306 5047 communicatio
1327 4991 1557 5062 placeat,
1585 5000 1643 5049 et
1655 5000 1856 5048 nostris
1883 5006 2008 5061 par-
2109 5005 2163 5053 et
2185 4998 2232 5053 si
2253 4996 2537 5066 adoptivus
2555 5007 2659 5061 est,
2684 5000 2864 5069 itaque
2886 4998 3023 5055 Filio
3044 5010 3127 5057 est
3145 5001 3445 5073 adoptivus,
3476 5007 3571 5075 qui
3595 5009 3698 5065 ho-

426 5086 611 5141 vitatis
648 5084 706 5140 in
744 5081 918 5139 salute
947 5079 1240 5138 multorum
1280 5081 1627 5151 acceptabilis
1661 5082 1732 5136 sit
1769 5082 2001 5139 devotio.
2110 5086 2311 5143 minem
2356 5090 2649 5158 assumpsit
2680 5107 2693 5143 :
2725 5100 2779 5144 et
2807 5098 2893 5146 est
2932 5107 3101 5162 nepos
3130 5092 3326 5160 Patris,
3356 5104 3412 5150 et
3437 5106 3524 5152 est
3546 5113 3702 5169 qua-

423 5175 783 5248 Consequitur
805 5173 951 5231 enim
979 5170 1132 5245 [Cad.
1172 5170 1314 5239 ναι,
1337 5172 1560 5228 Constat
1578 5172 1744 5246 enim]
1767 5183 2002 5229 vestram
2110 5177 2338 5235 tcrnitas
2376 5179 2544 5249 magis
2584 5193 2745 5248 quam
2787 5181 3024 5237 Trinitas
3063 5183 3119 5238 in
3154 5185 3263 5241 Deo
3305 5187 3708 5256 omnipotenti,

425 5266 767 5325 dilectionem
801 5278 997 5335 magna
1026 5263 1386 5318 remuneratio
1412 5264 1553 5334 apud
1586 5262 1759 5319 Deum
1797 5273 1851 5319 et
1888 5264 2005 5336 plu-
2108 5268 2234 5336 quia
2262 5269 2584 5329 omnimodis
2609 5267 2763 5340 [ϐοά.
2819 5270 2962 5337 ναι..
2996 5274 3196 5347 omnis]
3225 5276 3511 5348 adoptivus
3540 5279 3701 5338 ﬁlius

424 5358 563 5417 rima
586 5359 729 5415 inter
748 5357 996 5417 homines
1009 5355 1267 5421 laudatio,
1298 5355 1347 5410 si
1372 5353 1599 5413 fraterni
1613 5355 1822 5413 consilii
1842 5355 1897 5413 in
1919 5370 2008 5411 ec-
2108 5365 2166 5412 et
2202 5360 2452 5429 proprius
2486 5359 2654 5417 Filius
2690 5361 2999 5420 nullatenus
3031 5381 3169 5422 unus
3202 5380 3322 5424 esse
3348 5380 3600 5439 possunt,
3640 5385 3709 5430 ut

424 5446 725 5509 clesiastica
746 5461 878 5517 pace
892 5462 1002 5505 non
1029 5445 1389 5517 dedignemini
1415 5445 1656 5517 recipere
1678 5443 2001 5516 profectum.
2109 5449 2404 5505 multorum
2436 5450 2697 5507 librorum
2736 5453 2897 5511 lectio
2924 5457 3137 5526 probat.
3185 5456 3495 5531 Assnmpsit
3524 5462 3716 5534 igitur

494 5576 623 5667 2.1.9.
650 5576 2008 5667 adnisurus3ﬁeri???Atiirt,,7":2"srii’
2111 5586 2430 5667 theam
2470 5590 2913 5667 ατριςίερεεωραιη
2952 5594 3031 5667 ρει
3067 5596 3240 5667 potius
3271 5568 3711 5659 πτολίενειέευπια

424 5656 629 5703 abbatis
654 5656 725 5702 ad
756 5656 1058 5730 hispaniam
1087 5656 1393 5728 'l'otetanum
1420 5656 1735 5728 episcopum.
1776 5656 1834 5729 tn
1865 5656 2011 5703 codi--
2112 5656 2403 5732 Utriusque
2425 5663 2625 5722 codicis
2778 5656 3079 5724 ὁωειιάαιεί
3092 5675 3177 5723 est
3201 5666 3446 5739 cpistola.

424 5733 488 5774 ce
532 5732 659 5776 vero
705 5715 1299 5789 ParISicnsizEpisiola
1344 5715 1516 5773 Albim
1564 5718 1635 5772 ad
1676 5717 2009 5791 £hpanmm

3896 5136 3901 5169 ἲ

3894 5228 3901 5263 Ι

3893 5320 3902 5353 Ι

3889 5412 3900 5451 ι

3890 5502 3900 5543 1

3885 5593 3900 5634 l

3886 5694 3898 5725 ι

3884 5778 3898 5817 ι
