3964 6186
372 279 479 335 23⁸1

870 275 1287 335 DOGMATICA.
1326 305 1397 318 -—
1428 276 1587 333 ADV.
1630 275 1959 333 ELIPANDI

2066 277 2244 333 LIBRI
2277 277 2368 334 IV.
2406 306 2479 318 ——
2515 277 3100 337 EPIST.PR1EVIIE.
3519 287 3624 342 233

368 391 469 457 Dei
494 387 665 445 Filius
687 386 917 443 formam
947 388 1111 450 servi,
1152 401 1259 441 non
1288 386 1537 441 minuens
1558 386 1787 442 formam
1809 387 1904 443 Dei
1930 404 1945 452 ;
1982 389 2025 448 Α
2053 384 2205 454 cujus
2231 386 2610 455 przedicatione
2626 385 2896 456 Propheta
2925 390 3002 443 ait
3032 408 3043 441 :
3079 389 3154 444 De
3182 390 3309 446 Sion
3328 394 3491 451 exibit
3519 396 3620 459 lex,

364 480 443 534 ita
475 489 537 533 ut
559 493 702 533 unus
730 485 877 533 esset
906 477 1074 532 Filius
1109 478 1204 531 Dei
1239 478 1293 530 in
1323 477 1529 532 duabus
1548 478 1777 543 naturis,
1806 477 1950 533 salva

366 569 657 638 utriusque
685 575 892 622 natura:
914 567 1246 637 proprietate
1276 567 1327 621 in
1357 567 1561 622 unitate
1581 582 1851 638 personae;
1878 569 1951 623 ita

363 669 431 714 ut
457 660 514 714 in
551 658 759 715 duabus
784 657 996 713 naturis
1022 674 1162 713 unus
1189 659 1259 713 sit
1283 658 1472 724 Filius,
1512 674 1652 714 unus
1681 658 1948 725 Christus,

362 764 513 803 unus
547 748 711 803 etiam
747 754 804 803 et
846 747 1008 802 Deus.
1055 747 1115 801 lu
1163 756 1350 803 sancta
1394 748 1644 804 videlicet
1689 750 1954 805 Trinitate

363 839 511 894 altus
531 847 614 893 est
645 837 699 892 in
721 852 954 908 persona
974 836 1154 902 Pater,
1178 837 1316 892 alius
1337 836 1526 903 Filius,
1557 837 1694 894 alius
1719 837 1953 908 Spiritus

363 939 622 997 sanctus;
650 945 756 986 non
782 929 928 985 aliud
948 929 1003 985 in
1024 937 1218 984 natura
1246 930 1328 984 vel
1358 929 1677 997 substantia,
1716 931 1802 987 vel
1840 930 1954 1002 glo-

363 1025 483 1089 ria,
531 1022 618 1077 vel
665 1021 933 1085 essentia,
976 1021 1059 1076 vel
1104 1021 1424 1076 teteruitate.
1471 1022 1529 1075 In
1569 1021 1787 1076 Christo
1828 1038 1954 1077 vero

360 1114 517 1169 aliud
543 1113 702 1169 estin
724 1112 1023 1175 divinitate,
1049 1110 1192 1167 aliud
1214 1112 1269 1166 in
1292 1112 1656 1177 humanitate;
1683 1128 1790 1166 non
1818 1112 1955 1168 alius

361 1205 454 1259 vel
480 1204 638 1267 alius,
672 1203 769 1259 sed
789 1218 930 1257 unus
949 1203 1198 1271 idemque
1217 1218 1379 1257 verus
1399 1203 1565 1267 Deus,
1587 1218 1748 1258 verus
1768 1204 1950 1269 homo,

364 1311 481 1351 una
520 1310 787 1365 persona,
818 1309 957 1349 unus
992 1293 1085 1348 Dei
1115 1282 1302 1357 Filius,
1331 1308 1472 1348 unus
1506 1293 1781 1360 Christus;
1812 1294 1955 1364 quod

365 1387 560 1443 multis
601 1384 924 1442 testimoniis
969 1383 1185 1454 probari
1228 1392 1426 1453 potest.
1474 1382 1582 1440 Sed
1624 1385 1951 1456 superﬂuum

365 1487 453 1533 est
486 1476 794 1533 testimonio
814 1475 1001 1530 aeterni
1024 1474 1202 1529 Patris
1228 1475 1430 1544 aliquid
1459 1476 1675 1541 addere,
1706 1478 1797 1545 qui
1820 1492 1953 1533 voce
1998 1522 2005 1528 .

366 1568 558 1623 divina
596 1568 733 1622 dixit
774 1567 827 1621 in
871 1565 1138 1637 baptismo
1171 1564 1394 1632 Christi,
1433 1567 1518 1622 vel
1560 1567 1612 1621 in
1650 1576 1834 1633 monte
1862 1569 1953 1623 ubi

366 1659 790 1730 transﬁguratus
818 1665 904 1714 est
928 1657 1179 1713 Christus
1203 1676 1216 1712 :
1247 1646 1348 1711 Hic
1374 1667 1449 1713 est
1492 1656 1665 1715 Filius
1694 1676 1839 1714 meus
1869 1660 1950 1713 di-

366 1755 559 1821 lectus,
589 1754 643 1808 in
668 1769 770 1824 quo
798 1751 926 1805 mihi
955 1750 1078 1805 bene
1098 1750 1388 1821 complacui
1416 1750 1630 1825 (Matth.
1660 1766 1794 1817 xv",
1820 1751 1896 1826 5).

441 1929 529 1984 111.
556 1926 1133 1985 Similiterinvenimus
1157 1926 1214 1980 in
1239 1924 1447 1997 prmfati
1465 1925 1643 1981 Patris
1670 1926 1911 1997 epistolis
1937 1941 1953 1979 :

371 2042 391 2073 ‹
416 2022 715 2085 Christum,
746 2019 837 2093 qui
867 2034 934 2074 ex
959 2017 1178 2088 Virgine
1199 2026 1356 2073 natus
1374 2024 1477 2083 est,
1500 2033 1689 2072 verum
1712 2034 1817 2072 non
1837 2033 1958 2073 esse

367 2115 567 2178 Deum,
600 2113 695 2168 sed
726 2112 1180 2181 nuncupativum;
1208 2132 1225 2165 ι
1254 2112 1399 2181 quod
1438 2111 1656 2166 omnino
1693 2111 1958 2166 catholica

369 2208 587 2277 respuit
612 2206 774 2263 ﬁdes:
828 2206 952 2275 quia
992 2204 1133 2259 sicut
1154 2220 1292 2258 unus
1323 2218 1441 2258 esse
1475 2218 1582 2257 non
1616 2209 1795 2272 potest
1820 2201 1961 2257 illius

367 2299 625 2371 proprius
639 2307 692 2352 et
711 2297 852 2352 ﬁlius
873 2298 1175 2367 adoptivus,
1213 2297 1287 2351 ita
1310 2310 1647 2365 nequaquam
1679 2310 1818 2349 unus
1842 2309 1961 2350 esse

363 2400 550 2461 potest
573 2405 732 2445 verus
754 2388 898 2444 Deus
917 2398 971 2443 et
995 2388 1392 2459 nuncupativus
1406 2387 1567 2442 Deus.
1616 2386 1779 2441 Estne
1799 2403 1961 2441 verus

367 2484 516 2538 Deus
530 2481 621 2552 qui
642 2479 982 2550 iudicaturus
999 2488 1082 2535 est
1103 2480 1398 2534 mundum?
1420 2479 1486 2534 Et
1507 2479 1626 2548 quis
1655 2486 1738 2533 est
1760 2477 1850 2547 qui
1873 2477 1962 2547 ju—

366 2577 652 2630 dicaturus
679 2580 763 2628 est
789 2572 1048 2628 mundum
1067 2571 1090 2625 ?
1111 2570 1251 2626 Vere
1267 2570 1487 2627 omnino
1517 2569 1608 2639 qui
1639 2584 1705 2625 ex
1738 2568 1961 2639 Virgine

372 2678 539 2724 natus
565 2675 674 2731 est,
703 2666 822 2738 ipsa
862 2665 1104 2722 Veritate
1130 2671 1423 2720 attestante
1448 2681 1461 2716 :
1511 2662 1672 2717 Pater
1698 2663 1836 2716 enim
1860 2678 1963 2716 non

363 2761 577 2832 iudicat
604 2774 934 2831 quamquam,
958 2756 1048 2818 sed
1070 2773 1219 2810 omne
1234 2755 1496 2827 judicium
1534 2745 1677 2808 dedit
1710 2750 1872 2816 Filio,
1904 2760 1961 2804 ut

366 2868 553 2904 omnes
571 2849 915 2918 honoriﬁcent
938 2844 1158 2912 Filium,
1186 2848 1316 2901 sicut
1342 2844 1693 2913 honoriﬁcam
1723 2839 1957 2896 Patrem.

368 2942 441 2997 Et
469 2941 630 3012 paulo
661 2949 782 3010 post
814 2957 827 2991 :
861 2935 1007 2992 Sicut
1029 2934 1190 2991 Pater
1214 2936 1366 2990 habet
1397 2935 1556 2989 vitam
1582 2934 1638 2987 in
1667 2933 1957 3003 semetipso,

368 3031 448 3083 sic
476 3039 525 3083 et
555 3026 696 3081 Filio
724 3025 864 3080 dedit
898 3025 1085 3079 habere
1113 3025 1270 3079 vitam
1312 3023 1368 3077 in
1413 3023 1702 3091 semetipso,
1743 3030 1792 3075 et
1825 3030 1964 3091 pote-

369 3130 559 3175 statem
592 3118 733 3173 dedit
758 3118 805 3171 ei
838 3116 1099 3187 judicium
1145 3113 1339 3185 facere,
1378 3114 1503 3183 quia
1546 3110 1689 3181 [ilius
1731 3111 1957 3165 hominis

368 3221 449 3265 est
494 3208 678 3281 (Joan.
708 3222 758 3273 v,
785 3205 857 3260 22
899 3204 1051 3277 seq.).
1093 3205 1224 3260 item
1250 3204 1440 3259 beatus
1460 3203 1660 3258 Paulus
1684 3202 1961 3273 apostolus

371 3301 506 3356 dicit
538 3318 551 3353 :
586 3299 780 3353 Omnes
807 3313 899 3351 nos
929 3303 1124 3366 oportet
1162 3305 1301 3350 stare
1335 3304 1455 3349 ante
1496 3293 1728 3349 tribunal
1766 3294 1962 3350 Christi

368 3394 427 3465 (1
434 3393 461 3448 1
493 3390 619 3447 Cor.
645 3407 699 3456 v,
730 3389 806 3463 8).
853 3389 918 3443 Et
941 3389 994 3443 in
1024 3388 1130 3444 alio
1149 3388 1267 3443 loco
1294 3406 1306 3442 :
1337 3386 1527 3442 Omnes
1546 3388 1682 3441 enim
1706 3388 1960 3443 stabimus

371 3495 493 3538 ante
517 3479 752 3537 tribunal
776 3479 874 3534 Dei
898 3478 1074 3551 (Rom.
1099 3495 1206 3543 x1v,
1235 3477 1344 3549 i3).
1391 3478 1559 3534 Velim
1589 3478 1804 3545 credas,
1835 3494 1961 3535 san-

367 3575 615 3630 ctissime
638 3572 820 3637 Pater,
849 3579 911 3626 ut
935 3571 1027 3640 qui
1052 3585 1177 3625 eum
1198 3586 1340 3625 nunc
1366 3584 1552 3624 verum
1579 3568 1751 3624 Deum
1774 3578 1957 3641 negat,

372 3665 541 3718 etiam
571 3671 702 3717 tunc
734 3676 925 3717 verum
962 3659 1131 3716 Deum
1178 3675 1301 3715 eum
1346 3668 1638 3731 cognoscat
1676 3668 1733 3714 et
1771 3661 1964 3731 probet

370 3750 533 3827 [ϐοά.
580 3752 783 3817 Paris.,
834 3749 1048 3823 probat]
1075 3750 1364 3819 judicatus.
1410 3750 1671 3805 Veritatis
1710 3750 1962 3822 probatio

372 3843 816 3916 erit'potestatis
864 3842 1249 3899 manifestatio.
1312 3841 1536 3909 Quando
1581 3839 1736 3914 [Cod.
1796 3840 1958 3909 Vat.,

374 3937 680 4010 Quomodo]
727 3936 837 3993 non
883 3944 968 3992 est
1010 3951 1173 3991 verus
1212 3935 1375 3999 Deus,
1422 3936 1487 3989 de
1524 3950 1631 4005 quo
1652 3935 1879 4006 legimus
1905 3935 1958 3990 in

372 4028 667 4100 Evangelio
696 4046 709 4080 :
743 4025 874 4082 Cum
900 4035 1071 4080 autem
1097 4027 1293 4080 uenerit
1318 4022 1492 4080 Filius
1529 4024 1752 4079 hominis
1774 4026 1828 4079 in
1854 4042 1965 4079 ma—

372 4124 560 4191 jestate
585 4138 706 4186 sua,
735 4129 784 4174 et
812 4135 988 4173 omnes
1017 4116 1188 4189 angeli
1227 4133 1344 4171 cum
1375 4128 1433 4170 eo
1462 4126 1627 4171 :tunc
1668 4116 1861 4171 sedebit
1901 4117 1958 4170 in

376 4211 498 4265 sede
521 4209 811 4280 majestatis
845 4225 974 4275 sure,
1002 4218 1049 4263 et
1079 4208 1531 4278 congregabantur
1558 4219 1678 4263 ante
1704 4225 1820 4262 eum
1849 4224 1960 4262 om-

376 4318 471 4355 nes
490 4309 665 4372 gentes
690 4299 904 4372 (Matth.
933 4316 1057 4367 xxv,
1087 4301 1176 4373 51)
1198 4302 1221 4356 ?
1256 4301 1332 4355 De
1358 4317 1465 4372 quo
1488 4302 1656 4357 multo
1677 4310 1801 4357 ante
1824 4316 1962 4373 prte-

377 4392 584 4447 dictum
614 4398 697 4445 est
722 4409 735 4443 :
765 4389 829 4444 Et
859 4392 1079 4445 adorent
1108 4408 1226 4446 eum
1253 4408 1429 4445 omnes
1457 4391 1753 4464 angeliDei
1783 4391 1956 4463 (Psal.
1988 4431 2038 4492 υ

378 4498 528 4548 xcvi,
560 4482 638 4554 8).
685 4482 744 4539 Si
770 4483 913 4538 Deus
944 4500 1052 4539 non
1094 4492 1178 4539 est
1217 4499 1397 4550 verus,
1445 4499 1543 4539 cur
1589 4484 1846 4539 aduratur
1892 4484 1960 4541 ab

378 4574 636 4644 angelis?
666 4574 735 4629 Et
759 4575 805 4629 si
827 4574 995 4629 Filius
1013 4574 1111 4629 Dei
1143 4591 1247 4630 non
1276 4584 1359 4630 est
1384 4591 1567 4641 verus,
1603 4592 1701 4632 cur
1725 4575 1878 4631 sedet
1906 4575 1962 4630 in

300 4684 310 4701 θ
378 4669 606 4724 dextera
636 4666 731 4724 Dei
763 4668 980 4727 Patris?
1017 4667 1171 4722 Hunc
1194 4681 1322 4738 ergo
1349 4666 1623 4723 Christum
1653 4675 1708 4723 et
1734 4665 1964 4721 Psalmi-

379 4768 469 4815 sta
518 4760 687 4816 Deum
742 4775 863 4816 esse
920 4760 1242 4816 testiﬁcatur
1288 4756 1441 4831 [ϐοά.
1489 4758 1630 4826 Vat.,
1668 4758 1959 4833 testatur]:

383 4851 630 4907 Ascendit
656 4851 798 4907 Deus
830 4853 886 4906 in
900 4851 1231 4922 jubilatione,
1257 4861 1305 4905 et
1336 4851 1585 4906 Dominus
1607 4852 1662 4905 in
1685 4868 1800 4905 voce
1825 4850 1962 4905 tuba:

384 4939 560 5013 (Psal.
590 4957 739 5008 nn,
768 4940 845 5015 6).
885 4942 1019 4998 item
1047 4960 1060 4995 :
1092 4940 1234 4996 Deus
1273 4951 1448 4996 noster
1486 4940 1760 5012 manifeste
1806 4939 1961 5013 (Cod.

381 5030 583 5097 Paris,
609 5029 962 5102 manifestius]
993 5031 1176 5097 veniet,
1216 5030 1359 5085 Deus
1401 5040 1575 5085 noster
1613 5047 1716 5085 non
1757 5030 1968 5085 silebit:

384 5120 521 5190 ignis
559 5122 616 5175 in
655 5130 929 5192 conspectu
964 5122 1080 5192 ejus
1118 5121 1340 5185 ardebit,
1391 5131 1438 5174 et
1484 5123 1539 5175 in
1588 5122 1811 5175 circuitu
1855 5120 1968 5190 ejus

386 5218 656 5284 tempestas
702 5211 898 5267 “lida.
949 5212 1231 5268 Advocavit
1250 5211 1435 5268 calum
1460 5212 1753 5275 desursum,
1786 5220 1839 5266 et
1866 5221 1970 5266 ter—

387 5320 504 5360 rast
526 5299 822 5361 dimi-nere
842 5304 1093 5375 populum
1116 5320 1271 5359 suum
1298 5301 1473 5377 (Psal.
1504 5320 1654 5371 XLIX,
1681 5306 1738 5371 3,
1772 5304 1849 5376 4).
1893 5303 1971 5359 De

385 5409 499 5465 quo
514 5395 679 5451 etiam
702 5393 851 5450 idem
869 5380 1156 5452 Psalmista
1175 5393 1337 5464 paulo
1353 5402 1478 5449 ante
1500 5394 1595 5456 ait,
1619 5402 1681 5449 ut
1699 5393 1974 5450 disceme-

386 5493 479 5542 nt
518 5501 639 5547 eum
688 5486 767 5542 ab
804 5485 931 5546 aliis
967 5484 1062 5557 qui
1109 5486 1185 5542 dii
1230 5485 1525 5541 dicuntur:
1576 5485 1719 5541 Deus
1756 5483 1973 5542 deorum

393 5575 641 5633 Boarium
671 5574 883 5633 locum
906 5583 1059 5631 est-et
1086 5576 1287 5630 uocauit
1304 5585 1520 5631 terram.
1550 5575 1594 5629 Α
1622 5574 1748 5630 solis
1777 5584 1896 5630 ortu
1924 5585 1971 5631 et

391 5680 593 5737 «esse,
636 5679 709 5725 e1
743 5665 875 5723 Sion
902 5665 1095 5736 species
1130 5664 1329 5720 decoris
1365 5664 1480 5735 ejus
1508 5663 1699 5737 (Ibid.,
1727 5682 1766 5734 ι,
1795 5666 1872 5739 ‘2).
1895 5663 1973 5721 De

1984 3074 2032 3139 C

2053 486 2101 528 et
2132 477 2335 530 verbum
2360 477 2569 532 Domini
2595 478 2658 532 de
2682 477 2976 534 Jerusalem
3000 478 3154 548 (Isai.
3182 498 3241 547 ιι,
3267 485 3342 539 5).

2120 565 2209 620 IV.
2243 566 2382 621 Dicit
2400 582 2611 637 quoque
2634 568 2775 622 idem
2798 568 2880 621 vir
2902 569 3220 625 venerabilis
3235 572 3416 627 Felix:
3436 592 3454 625 ι
3477 574 3630 642 Quod

2054 656 2124 710 sit
2148 671 2243 725 per
2268 658 2448 711 onmia
2475 658 2698 727 aequalis
2720 659 2897 723 nobis,
2932 660 3036 715 nisi
3064 665 3453 729 tantummodo,
3486 667 3629 735 quod

2054 746 2170 801 sine
2200 755 2419 815 peccato
2450 757 2608 803 natus
2636 756 2734 803 est.
2762 769 2780 801 ι
2825 750 3079 816 Qumdam
3111 752 3446 824 inmqualitas
3465 766 3549 812 est
3576 759 3629 812 in

2054 847 2225 892 morte
2256 837 2416 902 illius,
2448 846 2503 891 et
2531 839 2583 893 in
2618 847 2801 894 nostra
2832 857 2844 891 :
2874 856 3022 895 mors
3049 852 3229 898 autem
3261 843 3449 918 [enim]
3486 846 3633 902 illius

2053 942 2240 983 omnes
2276 944 2373 982 uos
2404 930 2628 985 redemit
2651 945 2681 983 a
2718 939 2892 985 morte
2928 940 3132 987 aeterna
3165 952 3178 987 :
3223 934 3422 990 nullius
3453 946 3632 992 autem

2053 1023 2297 1069 nostrum
2328 1032 2475 1070 mors
2512 1016 2597 1071 vel
2630 1018 2866 1087 seipsum
2897 1023 3099 1090 absque
3126 1038 3188 1078 eo
3217 1023 3449 1081 liberare
3480 1036 3634 1096 pote-

2054 1103 2143 1159 rit.
2184 1102 2317 1159 ltem
2341 1108 2583 1173 quaedam
2608 1106 2944 1177 inmqualitas
2973 1119 3075 1173 est,
3116 1114 3256 1181 quod
3292 1114 3381 1169 ille
3418 1127 3502 1172 est
3541 1133 3634 1173 ve-

2054 1210 2147 1248 rus
2167 1194 2308 1249 Deus
2344 1203 2399 1248 et
2426 1211 2585 1250 verus
2608 1197 2804 1252 homo:
2828 1215 2924 1255 nos
2946 1208 3151 1255 tantum
3181 1204 3429 1262 homines
3446 1223 3633 1263 sumus

2054 1283 2109 1339 in
2137 1286 2371 1356 peccatis
2395 1286 2529 1352 nati,
2561 1286 2781 1357 ejusque
2817 1292 2989 1360 gratia
3021 1292 3241 1359 salvati;
3274 1310 3380 1351 non
3415 1312 3482 1352 ex
3520 1314 3633 1354 me-

2056 1376 2173 1430 ritis
2200 1378 2418 1442 nostris,
2449 1378 2542 1433 sed
2570 1379 2732 1450 865
2755 1396 2818 1435 ex
2847 1381 2988 1436 illius
3010 1384 3376 1441 miseratione.
3410 1388 3464 1441 ln
3495 1390 3634 1443 mal—

2056 1466 2122 1520 tis
2146 1467 2291 1521 enim
2320 1465 2473 1522 nobis
2502 1468 2694 1522 similis
2721 1476 2819 1533 est,
2854 1470 2947 1523 sed
2979 1471 3033 1525 in
3063 1472 3305 1541 pluribus
3335 1476 3630 1531 dissimilis.

2055 1555 2206 1610 Unde
2235 1565 2290 1610 et
2318 1557 2369 1610 in
2405 1556 2633 1611 Psalmis
2671 1556 2868 1611 dicitur
2913 1559 2980 1613 de
3017 1575 3082 1614 eo
3108 1579 3120 1613 :
3146 1559 3420 1632 Speciosus
3462 1565 3636 1633 [arma

2051 1663 2160 1715 pra:
2196 1646 2323 1715 ﬁliis
2352 1648 2642 1715 hominum,
2673 1649 2869 1719 diﬂ‘usa
2898 1660 2970 1704 est
3017 1654 3186 1722 gratia
3238 1656 3291 1709 in
3333 1654 3483 1713 labiis
3530 1661 3635 1713 tuis

1984 1728 2027 1787 Β
2060 1739 2233 1810 (Psal.
2262 1757 2406 1807 xuv,
2434 1741 2510 1814 5).

2132 1831 2196 1885 V.
2228 1831 2415 1887 Refert
2442 1848 2675 1904 quoque,
2730 1854 2747 1885 ι
2782 1849 2905 1890 eum
2932 1838 3202 1907 baptismo
3232 1839 3526 1912 indiguisse
3552 1863 3565 1910 ;
3607 1866 3624 1897 ι

2058 1921 2263 1987 volens,
2301 1930 2359 1977 ut
2384 1924 2618 1991 videtur,
2650 1941 2773 1980 eum
2817 1927 2871 1981 in
2905 1926 3172 1998 baptismo
3198 1931 3443 2001 adoptari
3467 1934 3521 1988 in
3544 1934 3636 1989 Fi-

2059 2011 2211 2080 lium,
2242 2016 2382 2070 sicut
2421 2026 2473 2070 et
2497 2033 2615 2074 nos.
2649 2017 2862 2085 Quanta
2888 2021 3176 2080 inﬁdelitas
3198 2025 3393 2082 sithoc
3416 2029 3636 2085 cuilibet

2060 2100 2367 2159 Christiano
2396 2107 2617 2162 credere
2640 2148 2654 2171 ,
2704 2109 2887 2166 nullus
2916 2127 3108 2167 sanum
3158 2116 3372 2184 sapiens
3401 2118 3632 2190 ignorat.

2059 2194 2322 2251 Dominus
2365 2197 2547 2267 itaque
2574 2207 2758 2254 noster
2795 2198 2953 2257 Jesus
2983 2201 3232 2259 Christus
3253 2206 3400 2262 solus
3445 2209 3523 2264 sic
3540 2225 3636 2279 po-

2064 2288 2168 2342 tuit
2192 2288 2361 2352 nasci,
2384 2298 2443 2342 ut
2459 2290 2693 2345 secunda
2718 2293 3125 2360 regeneratioue
3150 2311 3257 2350 non
3278 2297 3632 2369 indiguisset;

2062 2377 2183 2433 ideo
2208 2379 2263 2432 in
2287 2380 2556 2448 baptismo
2598 2379 2823 2437 Joannis
2846 2391 2999 2438 certa
3028 2384 3447 2455 dispensationis
3476 2390 3638 2445 mise-

2062 2472 2276 2525 ratione
2323 2471 2585 2542 baptizari
2639 2473 2828 2539 voluit,
2861 2476 2986 2544 quia
3036 2477 3090 2529 in
3120 2474 3344 2532 Joannis
3368 2479 3637 2549 baptismo

2063 2576 2169 2615 non
2191 2560 2294 2615 fuit
2317 2562 2674 2632 regeneratio,
2702 2563 2795 2619 sed
2819 2565 3062 2635 quzedam
3086 2570 3442 2636 prmcursoria
3466 2570 3633 2641 signi-

2062 2651 2242 2709 ﬁcatio
2268 2654 2524 2725 baptismi
2569 2654 2814 2722 Christi,
2849 2656 2903 2711 in
2931 2672 3038 2726 quo
3087 2659 3202 2714 solo
3225 2660 3496 2729 baptismo
3539 2676 3637 2732 per

2066 2745 2327 2817 Spiritum
2350 2757 2598 2805 sanctum
2622 2762 2746 2804 vera
2770 2757 2854 2805 est
2871 2751 3120 2806 remissio
3138 2760 3488 2822 peccatorum
3517 2771 3639 2809 crc—

2065 2838 2320 2896 dentibus
2347 2880 2361 2904 ,
2394 2848 2453 2894 ut
2484 2838 2539 2894 in
2581 2855 2646 2895 eo
2673 2838 2879 2910 Spiritu
2906 2857 3256 2898 reuascamur
3279 2884 3295 2910 ,
3324 2845 3378 2899 in
3415 2860 3523 2915 quo
3550 2845 3642 2900 ille

2064 2937 2225 2985 natus
2245 2938 2415 2985 estex
2436 2930 2643 3000 virgine
2668 2930 2857 2985 Maria.
2890 2929 2947 2983 in
2975 2947 3115 3002 aqua
3141 2934 3284 2987 enim
3310 2934 3480 2989 voluit
3504 2934 3634 3003 bap~

2067 3022 2226 3078 tizari
2256 3039 2287 3077 a
2316 3020 2543 3089 Joanne,
2576 3039 2682 3078 non
2711 3030 2767 3077 ut
2808 3025 2925 3094 ejus
2959 3025 3067 3080 ulla
3103 3025 3399 3081 dilueretur
3443 3027 3643 3097 iniqui-

2065 3123 2168 3182 tas,
2206 3116 2300 3172 sed
2323 3123 2383 3171 ut
2405 3131 2597 3187 magna
2630 3116 2774 3171 illius
2817 3117 3288 3174 commendaretur
3337 3119 3643 3175 humilitas}

2061 3206 2139 3262 Ita
2166 3207 2362 3278 quippe
2388 3207 2465 3261 nil
2494 3208 2549 3262 in
2569 3223 2633 3263 eo
2660 3208 2962 3276 baptismus
2991 3208 3136 3276 quod
3183 3207 3447 3274 ablueret,
3497 3210 3640 3266 sicut

2063 3310 2211 3351 mors
2246 3295 2381 3351 nihil
2417 3296 2562 3368 quod
2595 3297 2832 3367 puniret,
2864 3297 3082 3363 invenit,
3122 3305 3182 3354 ut
3214 3298 3461 3355 diabolus
3495 3302 3639 3356 veri-

2064 3395 2176 3442 tate
2196 3384 2424 3456 justitiae
2451 3388 2778 3456 vinceretur,
2824 3404 2931 3444 non
2956 3388 3211 3446 violentia
3241 3392 3525 3461 potestatis
3545 3408 3641 3463 op-

2061 3478 2411 3549 primeretur.
2462 3477 2762 3549 Utrumque
2792 3479 2957 3546 enim,
3004 3488 3060 3535 et
3083 3480 3381 3551 baptismus
3413 3491 3469 3538 et
3495 3499 3644 3540 mors

2062 3586 2171 3625 non
2230 3570 2534 3624 miseranda
2594 3572 2940 3638 necessitate,
2985 3571 3082 3629 sed
3124 3573 3416 3629 miserante
3456 3577 3639 3645 potius

2066 3661 2343 3717 voluntate
2365 3671 2677 3732 susceptum
2725 3670 2827 3718 est.
2858 3662 2924 3717 Et
2951 3663 3118 3718 multa
3141 3665 3246 3718 alia
3295 3665 3644 3722 inveniuntur

2063 3752 2117 3806 in
2146 3752 2265 3823 ejus
2312 3751 2530 3821 scriptis
2557 3752 2945 3809 catholicorum
2970 3752 3191 3809 Patrum
3240 3757 3487 3813 sensibus
3534 3774 3642 3814 non
3722 3779 3727 3785 ·

2064 3843 2472 3908 convenientia,
2505 3858 2623 3912 quae
2667 3844 2849 3899 dicere
2894 3845 2979 3900 vel
3026 3859 3294 3915 exponere
3338 3848 3644 3917 epistolaris

2065 3936 2322 4012 [paginae]
2354 3937 2602 4008 angustia
2632 3953 2719 3992 me
2741 3937 2900 3993 modo
2923 3939 3194 4007 prohibet,
3228 3939 3482 4010 ignorans
3508 3958 3645 4012 quo-

2063 4043 2168 4097 que
2219 4030 2436 4098 quando
2473 4025 2559 4081 vel
2600 4025 2834 4097 qualiter
2862 4025 3121 4080 sanctitas
3170 4035 3351 4082 vestra
3398 4037 3454 4083 et
3501 4030 3641 4085 bona

2062 4120 2333 4184 voluntas,
2363 4133 2524 4187 quam
2551 4116 2767 4172 habetis
2791 4117 2844 4171 in
2873 4115 3106 4179 Christo,
3140 4116 3257 4173 lucc
3295 4128 3493 4176 nostra:
3517 4138 3641 4192 par-

2064 4210 2251 4265 vitatis
2278 4209 2421 4265 dicta
2449 4207 2689 4277 recipere
2712 4207 2859 4263 velit.

2133 4301 2221 4358 Vl.
2248 4301 2480 4356 Tantum
2507 4302 2733 4357 obsecro
2752 4302 2804 4356 in
2832 4316 2896 4357 ea
2918 4300 3181 4357 charitate
3204 4342 3219 4368 ,
3254 4317 3362 4373 qua
3387 4300 3638 4357 Christus

2063 4408 2164 4449 nos
2192 4392 2396 4459 dilexit,
2430 4401 2490 4448 ut
2514 4393 2744 4465 benigne
2776 4395 2876 4449 bos
2900 4408 3049 4449 meos
3086 4395 3323 4463 digneris
3360 4394 3641 4465 perlegere

2070 4486 2270 4556 apices,
2296 4494 2351 4541 et
2375 4486 2518 4556 quod
2538 4484 2777 4541 fraterna
2812 4501 2900 4540 me
2944 4487 3168 4555 cogebat
3187 4486 3429 4543 cbaritas
3448 4495 3643 4543 vestrae

2070 4577 2301 4648 dirigere
2354 4574 2716 4640 excellentiae,
2769 4584 2947 4630 vestra
2979 4574 3318 4630 sanctissima
3365 4576 3643 4633 humilitas

2068 4669 2311 4738 recipere
2332 4683 2439 4722 non
2460 4666 2796 4738 dedignetur.
2824 4664 3063 4721 Audiens
3083 4679 3213 4720 vero
3231 4666 3425 4737 smpius
3440 4667 3640 4724 bonam

2070 4760 2268 4815 famam
2298 4758 2560 4829 religiosa:
2577 4758 2700 4812 vitae
2720 4758 2787 4813 de
2809 4757 2978 4824 vobis,
3004 4757 3126 4813 ideo
3153 4758 3441 4817 instinctus
3459 4776 3644 4815 amore.

2069 4849 2321 4903 fraterna;
2367 4846 2668 4904 dilectionis
2712 4847 2975 4917 meipsum
3010 4847 3066 4902 in
3112 4856 3261 4904 tuam
3293 4848 3641 4912 charitatem,

2069 4938 2416 5007 ﬁdeliumque
2441 4945 2681 5002 tuorum,
2718 4934 2830 4993 Deo
2859 4937 3206 4994 servientium
3238 4939 3293 4993 in
3334 4937 3438 4992 illis
3475 4938 3645 5008 parti-

2069 5028 2190 5091 bus,
2220 5027 2601 5083 commendare
2626 5026 2814 5082 curavi
2847 5043 2862 5093 ;
2895 5027 3061 5082 etiam
3088 5036 3145 5082 et
3172 5027 3301 5082 illud
3336 5027 3642 5100 deprecari,

2071 5124 2131 5171 ut
2180 5116 2390 5170 cautius
2429 5129 2559 5181 agas
2601 5115 2667 5169 de
2698 5114 2871 5170 salute
2908 5116 3102 5170 animm
3139 5124 3266 5181 tum,
3321 5124 3646 5189 tuorumque

2073 5206 2431 5262 subditorum.
2470 5204 2623 5260 Licet
2645 5204 2903 5275 prmfatus
2951 5203 3184 5260 famulus
3208 5204 3304 5261 Dei
3352 5204 3503 5263 Felix
3528 5206 3648 5264 lau-

2073 5296 2235 5354 dabili
2256 5297 2365 5351 vita
2390 5296 2527 5351 vitat
2561 5310 2743 5351 coram
2767 5295 3094 5360 hominibus,
3125 5303 3305 5355 tamen
3333 5306 3394 5354 ut
3411 5299 3641 5362 videtur.

2074 5390 2128 5446 in
2140 5389 2325 5446 multis
2345 5387 2623 5444 catholicae
2637 5387 2760 5443 ﬁdei
2772 5385 3105 5459 professione
3125 5404 3230 5445 non
3245 5392 3464 5451 omnino
3478 5394 3649 5466 pleni-

2075 5489 2160 5539 ter
2192 5481 2415 5537 Patrum
2469 5480 2716 5549 sequitur
2755 5480 3117 5546 sententiam;
3156 5490 3211 5538 et
3237 5483 3343 5541 noli
3376 5485 3650 5547 conﬁdam

2076 5574 2144 5629 de
2163 5572 2341 5644 specie
2377 5570 2636 5628 bonitatis
2661 5569 2846 5637 illius;
2877 5568 3192 5628 maledictus
3216 5576 3352 5630 enim
3377 5577 3533 5631 homo
3558 5578 3647 5647 qui

2076 5663 2292 5735 conlidit
2338 5663 2395 5719 in
2438 5661 2646 5718 homine
2672 5659 2806 5734 (Jer.
2834 5675 2982 5730 xm,
3012 5662 3090 5738 ὕ).
3138 5663 3245 5721 Sed
3281 5667 3451 5735 magis
3497 5678 3644 5735 spem
