3964 6186
291 353 397 406 959

1170 345 1228 399 Β.
1270 344 1331 398 F.
1373 341 1597 398 ALBINI
1638 338 1769 395 SEU
1806 336 2080 393 Al.Cl'-l~.\'l
2116 333 2397 392 OPERI’M
2428 334 2606 389 PARS
2646 333 2730 390 lll.

3463 327 3570 382 Ξ)..ίο

292 480 440 523 tuam
470 478 611 537 pone
633 465 687 519 in
717 460 1073 531 omnipotenti
1126 460 1235 513 Deo
1258 500 1270 521 ,
1319 466 1375 512 et
1400 458 1693 526 deprecare
1723 453 1874 507 illum
1906 455 1952 509 Δ
1981 449 2221 519 Apostoli
2257 449 2483 512 dictum,
2512 448 2605 519 qui
2659 448 2733 502 ait
2766 466 2777 501 :
2840 446 3111 500 Novitates
3162 462 3343 499 rarum
3394 444 3572 500 devita

292 562 379 614 die
402 571 672 626 noetuque
696 596 709 621 ,
741 570 810 608 ne
837 554 908 609 sit
932 552 1109 607 inanis
1153 551 1305 604 labor
1337 558 1459 603 tuus
1485 548 1541 600 in
1584 551 1876 615 conspectu

294 650 459 713 illius,
490 657 543 702 ct
579 654 636 700 ιιι
666 646 824 711 ﬁdem
853 643 1065 698 ﬁrmam
1092 640 1245 712 [Coit
1292 638 1431 702 Vah,
1467 634 1737 706 ﬁrmatus]
1761 650 1878 688 om-

295 743 456 810 nique
505 736 757 793 Ecclesia:
807 734 1010 792 Christi
1059 732 1341 803 probatam
1392 737 1598 782 teneas.
1656 726 1881 779 Videtur

295 836 438 890 cnim
462 831 808 900 condignum,
839 835 899 881 ut
928 823 1203 881 communi
1232 820 1475 878 omnium
1496 831 1879 873 conservorum

297 937 515 980 tuorum
550 937 715 993 prece
758 928 809 974 te
845 927 1017 973 totum
1044 922 1328 971 convertas
1368 913 1434 967 ad
1484 911 1790 975 Dominum,
1830 915 1884 963 et

296 1013 605 1085 depreceris
633 1008 974 1065 clementiam
1007 1005 1171 1071 illius,
1199 1012 1466 1074 quatenus
1488 1002 1542 1056 in
1589 1001 1693 1056 ﬁde
1736 1007 1881 1054 recta

296 1106 579 1162 conﬁrmet
606 1103 767 1157 corda
798 1108 998 1161 vestra,
1042 1104 1102 1151 ut
1143 1096 1291 1151 nullo
1335 1109 1521 1149 errore
1572 1092 1879 1162 decipiaris,

299 1214 399 1253 nec
420 1197 557 1250 nllus
583 1196 650 1249 ad
681 1202 734 1247 te
781 1190 1062 1261 pertinens
1088 1185 1444 1257 vagabundus
1469 1200 1499 1238 a
1526 1182 1771 1237 veritatis
1795 1181 1883 1235 via

300 1286 815 1344 deviet.‘Eritcnim
867 1282 965 1338 tibi
1018 1280 1256 1335 maxima
1309 1293 1519 1333 merces
1543 1277 1683 1347 apud
1717 1276 1885 1330 Deum

296 1380 742 1450 omnipotentem,
769 1375 814 1429 si
834 1381 1082 1429 errantes
1099 1370 1431 1433 correxeris,
1462 1369 1508 1424 si
1530 1368 1743 1423 veritati
1758 1382 1889 1422 con—

297 1471 551 1527 sentieris
580 1463 989 1541 [consenseris],
1044 1463 1089 1517 si
1118 1461 1397 1517 humiliter
1429 1461 1626 1531 legeris
1674 1467 1888 1514 sanctac

300 1580 419 1618 rum
442 1561 855 1631 Scripturarum
905 1556 1096 1620 series,
1134 1554 1306 1624 magis
1335 1552 1653 1608 desiderans
1683 1550 1891 1606 veraci-

302 1664 387 1709 ter
434 1650 650 1708 veritati
703 1648 946 1712 obedire,
1004 1661 1167 1716 quam
1212 1644 1564 1715 pertinaciter
1604 1652 1752 1698 tuam
1804 1642 1889 1696 vel

301 1743 589 1815 cujuslibet
626 1740 850 1795 alterius
897 1738 1115 1791 ﬁrmare
1141 1735 1488 1790 sententiam.
1547 1733 1746 1787 Parata
1805 1741 1891 1787 est

1982 540 2033 612 (Ι
2062 540 2194 595 Tim.
2228 557 2301 607 v1,
2333 540 2447 612 20).
2476 540 2617 594 Ecce
2664 539 2841 607 qualis
2876 538 3093 593 novitas
3116 548 3223 601 est,
3269 537 3569 603 Christum,

1982 635 2071 704 qui
2097 650 2162 689 ex
2192 635 2413 704 Virgine
2436 642 2595 686 natus
2621 640 2720 693 est,
2755 631 3064 702 adoptivum
3098 629 3289 694 ﬁlium,
3320 629 3404 683 vel
3433 645 3571 683 nun-

1984 725 2292 794 cupativum
2318 726 2484 779 Deum
2516 723 2813 794 praedicare
2833 731 2889 776 et
2935 722 3238 786 nominare,
3269 729 3324 776 et
3345 723 3572 791 apertis-

1984 817 2136 871 simis
2191 814 2502 885 apostolica:
2557 813 2895 868 auctoritatis
2934 812 3259 867 testimoniis
3295 827 3403 866 non
3457 828 3575 867 cre-

1984 908 2133 974 dere,
2164 908 2259 963 sed
2288 906 2460 977 magis
2484 905 2742 969 aversari,
2783 904 2876 974 qui
2908 904 2983 958 ait
3015 921 3028 957 :
3063 901 3166 969 Qui
3192 905 3401 974 proprio
3431 902 3574 957 Filio

1984 1017 2080 1055 suo
2108 1017 2213 1054 non
2240 998 2480 1071 pepercit,
2515 997 2604 1051 sed
2623 1013 2717 1068 pro
2740 996 2887 1050 nobis
2907 995 3147 1050 omnibus
3175 994 3395 1048 tradidit
3422 994 3572 1048 illum

1988 1092 2167 1165 (Rom.
2194 1107 2313 1156 vtn,
2342 1088 2455 1159 52).
2486 1089 2742 1144 Potuitne
2762 1089 2943 1143 dicere
2967 1087 3275 1157 Apostolus,
3302 1086 3393 1155 qui
3415 1086 3576 1155 adop-

1989 1185 2100 1238 tivo
2127 1181 2237 1236 ﬁlio
2266 1197 2364 1236 suo
2392 1195 2498 1235 non
2527 1180 2790 1250 pepercit,
2814 1179 2858 1233 si
2889 1178 3146 1233 voluisset
3164 1192 3264 1231 nos
3288 1176 3434 1230 illum
3463 1191 3578 1231 cre-

1988 1274 2117 1328 dere
2145 1271 2474 1341 adoptivum,
2522 1272 2612 1341 qui
2644 1270 2876 1325 traditus
2915 1278 2998 1324 est
3024 1285 3122 1339 pro
3144 1278 3316 1323 salute
3344 1276 3533 1322 nostra
3554 1271 3579 1320 ?

1988 1367 2123 1422 Item
2148 1368 2265 1438 ipsa
2288 1366 2504 1421 Veritas
2551 1365 2603 1419 in
2625 1362 2916 1434 Evangelio
2967 1363 3043 1416 ait
3071 1380 3084 1416 :
3114 1360 3205 1416 Sic
3228 1360 3363 1414 enim
3392 1359 3577 1413 dilexit

1991 1460 2132 1514 Deus
2164 1458 2439 1521 mundum,
2491 1468 2549 1510 ut
2594 1453 2797 1509 Filium
2843 1471 3000 1507 suum
3051 1452 3377 1522 unigenitum
3428 1450 3576 1504 daret

1993 1553 2177 1622 (Joan.
2209 1550 2428 1623 111,16);
2456 1550 2521 1603 de
2545 1564 2652 1618 quo
2682 1557 2735 1603 et
2767 1547 2924 1617 paulo
2947 1554 3073 1600 ante
3111 1545 3224 1599 ait:
3262 1541 3411 1598 Sicut
3439 1544 3577 1597 enim

1992 1644 2199 1715 Moyses
2256 1642 2505 1696 exaltavit
2549 1649 2837 1710 serpentem
2884 1638 2938 1691 in
2972 1652 3166 1703 eremo,
3221 1636 3299 1688 ita
3349 1634 3580 1688 exaltari

1993 1745 2191 1809 oportet
2213 1735 2383 1805 ﬁlium
2406 1732 2631 1788 hominis
2661 1730 2839 1803 (Rom.
2868 1744 2944 1793 ιχ,
2973 1727 3050 1800 5).
3075 1727 3143 1781 Et
3179 1727 3310 1796 quid
3334 1734 3417 1780 est
3436 1725 3579 1794 quod

303 1834 449 1889 enim
488 1829 863 1887 misericordia
898 1824 1287 1896 omnipotentis
1339 1824 1433 1878 Dei
1473 1834 1595 1880 tuas
1650 1822 1891 1892 recipere
1923 1833 1967 1894 Β
1997 1835 2135 1889 idem
2164 1829 2439 1901 apostolus
2490 1829 2544 1883 in
2591 1826 2699 1881 alio
2726 1824 2845 1879 loco
2878 1824 2991 1877 ait:
3034 1820 3272 1887 Quorum
3294 1828 3491 1891 patres,
3516 1832 3581 1870 ea-

303 1940 494 1997 preces
567 1922 611 1977 si
667 1934 853 1976 amore
899 1916 1146 1971 veritatis
1200 1915 1587 1986 cognoscenda:
1634 1913 1889 1969 ell'uderis

308 2034 422 2074 ('38.

378 2112 483 2167 VII.
520 2108 827 2166 Potuissem
853 2107 1037 2174 itaque
1080 2102 1264 2158 multis
1313 2100 1641 2156 testimoniis
1671 2107 1888 2153 sancta-

303 2218 425 2257 rum
455 2200 857 2270 Scripturarum
890 2202 945 2249 et
971 2191 1361 2248 catholicorum
1400 2190 1683 2244 doctorum
1728 2186 1891 2256 scrip-

307 2296 376 2349 tis
399 2293 633 2364 probare
656 2288 842 2345 Iesum
877 2286 1154 2342 Christum
1183 2284 1468 2338 Dominum
1506 2288 1773 2341 nostrum,
1801 2279 1892 2348 qui

304 2402 372 2439 ex
402 2383 610 2454 virgine
648 2386 807 2434 natus
842 2385 944 2441 est,
998 2376 1170 2431 Deum
1218 2388 1337 2429 esse
1382 2387 1570 2427 verum
1610 2379 1665 2425 et
1699 2369 1893 2424 Filium

306 2480 399 2535 Dei
423 2476 699 2547 proprium
733 2489 747 2538 ;
781 2472 876 2528 sed
901 2469 1131 2541 sapienti
1155 2483 1325 2539 pauca
1354 2465 1600 2521 sufﬁcere
1629 2464 1899 2526 sciens,et

306 2569 478 2640 magis
507 2581 760 2622 sensuum
786 2561 1000 2616 veritati
1033 2559 1303 2614 arbitrans
1330 2566 1382 2611 te
1411 2558 1711 2621 intendere,
1736 2569 1897 2624 quam

307 2672 616 2714 sermonum
645 2652 1096 2733 multiplicatione
1144 2650 1399 2719 gaudere,
1446 2648 1625 2711 credo,
1681 2646 1897 2702 Domini

307 2749 478 2806 nostri
528 2746 656 2802 Iesu
696 2743 899 2800 Christi
951 2739 1460 2797 misericordissima
1505 2738 1679 2809 pietas
1732 2736 1897 2793 faciet

263 2892 271 2898 .
307 2853 364 2897 te
388 2840 675 2895 veritatem
721 2834 1054 2903 intelligere,
1090 2832 1134 2886 si
1183 2830 1457 2886 lunniliter
1482 2844 1602 2884 eam
1657 2843 1900 2898 quaerere

307 2929 562 2995 insistis;
605 2927 729 2997 quia
776 2925 969 2989 omnis,
1023 2924 1113 2994 qui
1165 2940 1220 2977 se
1266 2921 1532 2986 humiliat,
1581 2920 1900 2974 exalta‘bitur

311 3022 465 3094 (Luc.
507 3034 618 3084 xtv,
657 3016 770 3090 ll),
802 3023 857 3071 et
898 3014 1224 3070 humilitatis
1266 3013 1517 3084 passibus
1566 3011 1630 3066 ad
1660 3011 1899 3067 cmlestis

312 3115 460 3185 regni
492 3112 828 3167 altitudinem
848 3108 1183 3181 pervenitur.
1210 3107 1337 3162 Una
1370 3106 1529 3161 debet
1558 3119 1693 3185 esse,
1713 3103 1900 3159 Eccle-

313 3182 399 3262 si
422 3205 625 3262 Christi
677 3212 792 3258 toto
819 3202 952 3257 orbe
1002 3199 1193 3257 dill‘usa
1246 3199 1299 3253 in
1352 3197 1455 3254 ﬁde
1502 3206 1557 3253 et
1608 3182 1894 3253 charitate.

316 3298 493 3355 Unum
519 3311 550 3350 ε
588 3296 796 3350 duobus
829 3310 842 3347 :
896 3301 991 3347 aut
1047 3292 1102 3346 in
1135 3298 1248 3346 toto
1307 3292 1506 3347 mundo
1550 3300 1634 3347 est
1660 3290 1901 3346 Ecclesia

314 3388 519 3444 Christi
542 3402 707 3457 supra
736 3392 949 3454 petram
975 3383 1219 3448 fundata,
1252 3392 1312 3437 ut
1350 3384 1621 3439 credimus
1651 3392 1705 3438 et
1730 3383 1901 3439 conli-

318 3492 515 3541 temur,
547 3484 641 3531 aut
668 3477 831 3530 etiam
853 3472 1059 3546 [Forte,
1086 3483 1179 3528 aut
1206 3472 1399 3545 solum]
1429 3474 1482 3528 in
1509 3474 1687 3529 Felice
1714 3483 1768 3531 et
1790 3476 1902 3531 suis

315 3569 507 3641 paucis
561 3564 963 3631 sectatoribus,
1022 3565 1165 3634 quod
1218 3563 1439 3619 omnino
1496 3564 1769 3634 indignum
1822 3572 1905 3620 est

316 3659 536 3715 Christo
566 3658 678 3712 Deo
724 3664 934 3720 nostro,
964 3662 1024 3709 ut
1070 3655 1253 3725 plures
1281 3670 1387 3709 non
1431 3648 1629 3710 habeat
1674 3656 1728 3710 in
1777 3656 1905 3713 ovili

318 3765 437 3814 suo,
461 3763 622 3819 quam
672 3746 792 3801 illos
816 3760 1039 3817 paucos,
1064 3746 1157 3816 qui
1197 3745 1251 3799 in
1276 3747 1547 3800 montanis
1572 3747 1738 3818 366
1782 3747 1906 3801 lati-

323 3849 438 3896 tant
466 3856 587 3896 eum
619 3838 817 3895 Felice.
841 3838 922 3893 'l‘u
967 3855 1120 3906 vero,
1150 3839 1234 3894 vir
1275 3839 1382 3894 Deo
1410 3839 1578 3895 electe
1606 3848 1660 3895 et
1689 3841 1903 3906 dilecte,

322 3937 551 4006 teipsum
577 3949 698 3989 cum
733 3932 840 3987 tuis
868 3932 1136 3987 consociis
1157 3932 1448 3987 universali
1474 3932 1726 3988 Ecclesim
1750 3932 1907 3989 Chri-

322 4027 392 4080 sti
418 4023 702 4095 conjungc,
731 4032 790 4077 ut
819 4023 895 4078 sis
915 4023 1217 4078 membrum
1248 4025 1565 4079 honorabile
1590 4025 1736 4080 illius
1761 4026 1908 4096 capi-

329 4120 423 4181 tis,
448 4117 539 4185 qui
569 4130 668 4186 pro
719 4123 769 4168 tc
818 4130 974 4169 suum
1014 4116 1329 4186 sanguinem
1376 4115 1601 4171 fundere
1623 4133 1730 4171 non
1759 4117 1907 4174 dedi-

321 4207 523 4280 gnavit,
542 4206 849 4274 recogitans
873 4215 1133 4275 quantum
1154 4208 1258 4262 erit
1285 4208 1537 4279 gaudium
1566 4208 1619 4263 in
1643 4210 1794 4266 ctrlis
1820 4228 1909 4267 su-

321 4317 419 4372 per
441 4315 547 4356 uno
576 4294 860 4369 peccatore
888 4300 1264 4368 paenitentiam
1304 4308 1518 4371 agente.
1565 4302 1682 4359 Non
1710 4304 1832 4361 dico
1856 4314 1909 4361 te

321 4402 684 4466 peccatorem,
716 4392 809 4446 sed
858 4391 1271 4460 praedicatorem
1300 4410 1314 4459 ;
1341 4393 1707 4451 confessorem
1746 4396 1907 4452 Chri—

326 4487 417 4551 sti,
447 4501 554 4539 non
583 4498 893 4538 aversorem
954 4482 1076 4537 ﬁdei
1106 4499 1121 4549 ;
1146 4483 1424 4539 lucernam
1453 4502 1617 4557 super
1659 4477 1926 4545 candela!

323 4579 482 4632 brum
515 4574 772 4646 positam,
800 4581 858 4629 ut.
881 4573 1057 4629 luceat
1085 4574 1339 4631 omnibus
1381 4576 1473 4645 qui
1524 4576 1578 4631 in
1606 4578 1766 4633 domo
1810 4580 1907 4635 Dei

326 4675 471 4722 sunt.

401 4757 529 4814 VIII.
555 4757 731 4811 Etiam
758 4767 813 4813 et
853 4757 908 4812 in
957 4757 1062 4813 hoc
1107 4765 1212 4812 tuae
1234 4757 1592 4813 sanctissimae
1643 4760 1909 4819 voluntati

328 4851 580 4906 obnixius
607 4850 835 4904 sualere
882 4859 1059 4904 ratum
1104 4851 1310 4921 putavi,
1355 4863 1416 4908 ut
1457 4856 1705 4910 eumdem
1734 4857 1911 4912 virum

326 4942 688 4999 venerabilem
714 4939 947 4996 Felicem
977 4942 1082 4996 tuis
1105 4944 1305 4998 sanctis
1336 4945 1591 5014 precibus
1616 4954 1671 5001 et
1707 4949 1914 5003 suavis-

327 5036 481 5092 simis
532 5031 966 5104 suggcstionibus
1006 5042 1324 5090 convertere
1357 5038 1422 5092 ad
1453 5038 1732 5095 catholica:
1784 5039 1909 5097 ﬁdei

325 5128 592 5182 unitatem
617 5135 671 5182 et
691 5124 975 5179 veritatem
1005 5125 1213 5180 nitaris.
1239 5126 1443 5184 Fidelis
1469 5131 1715 5186 estenim
1741 5131 1906 5197 Deus,

330 5222 451 5293 pius
478 5228 561 5276 est
596 5218 921 5281 misericors,
960 5218 1051 5287 qui
1087 5218 1390 5275 nullatenus
1419 5223 1771 5279 obliviscatur
1792 5223 1908 5294 ejus

334 5312 504 5367 multa
523 5313 687 5378 bona,
711 5321 765 5373 et
788 5311 1097 5383 religiosam
1121 5312 1305 5377 vitam,
1338 5324 1392 5368 et
1418 5313 1651 5382 labores,
1694 5332 1801 5386 qua
1822 5319 1907 5374 die

332 5412 601 5475 noctuque
627 5403 890 5461 indefessa
914 5405 1190 5461 voluntate
1211 5407 1458 5462 desudat.
1484 5408 1695 5475 Quanta
1723 5411 1793 5465 sit
1811 5411 1906 5467 tibi

332 5512 517 5551 coram
548 5496 657 5552 Deo
694 5505 749 5552 et
777 5498 981 5555 sanctis
1005 5498 1122 5568 ejus
1151 5499 1316 5574 gloria
1360 5508 1417 5556 et
1445 5504 1811 5560 remuneratio
1837 5504 1916 5559 in-

335 5593 495 5649 tende
532 5599 586 5645 et
605 5590 912 5663 diligentius
940 5596 1241 5659 considera,
1291 5597 1344 5651 in
1382 5597 1555 5651 salute
1599 5596 1782 5652 fratris
1812 5598 1911 5661 tui,

333 5685 583 5738 etiamet
623 5684 757 5738 tanti
786 5685 908 5752 viri,
961 5693 1018 5740 et
1046 5694 1153 5742 tam
1199 5688 1474 5758 przcclame
1526 5688 1809 5758 dignitatis
1858 5697 1914 5745 et

332 5775 636 5835 sanctitatis
661 5773 861 5836 famulo
886 5777 1109 5837 Christi.
1136 5779 1341 5836 Memor
1362 5787 1479 5837 esto
1510 5795 1726 5855 semper
1754 5783 1913 5857 illius

1991 1927 2181 1998 quibus
2206 1922 2468 1987 Christus,
2491 1921 2579 1991 qui
2608 1928 2683 1974 est
2709 1934 2866 1990 super
2888 1916 3064 1971 omnia
3102 1914 3247 1968 Deus
3279 1910 3580 1965 benedictus

1992 2020 2048 2073 in
2082 2015 2279 2073 strcula
2311 2013 2502 2088 (Ibid.,
2534 2010 2622 2083 Li)
2649 2010 2673 2064 ?
2708 2010 2788 2064 An
2813 2016 2867 2063 et
2895 2008 2984 2063 hic
3033 2022 3140 2061 non
3164 2004 3340 2075 potuit
3376 2002 3581 2067 dicere,

1994 2110 2085 2182 qui
2110 2118 2195 2164 est
2238 2106 2637 2178 nuncupativus
2665 2104 2717 2159 in
2748 2102 2985 2159 sarcula?
3013 2100 3131 2156 Non
3156 2100 3302 2155 enim
3329 2100 3384 2154 in
3418 2096 3581 2154 Citri-

1996 2213 2103 2269 sto,
2133 2203 2273 2257 sicut
2316 2202 2369 2256 in
2401 2198 2646 2270 quolibet
2690 2197 2928 2258 homine,
2959 2193 3238 2266 generatio
3287 2200 3370 2249 est
3399 2190 3583 2262 (homo

1996 2298 2139 2353 enim
2170 2295 2397 2366 quilibet
2422 2294 2564 2347 ﬁlius
2606 2290 2699 2345 ira:
2722 2288 2992 2351 nascitur,
3026 2286 3118 2341 sed
3150 2292 3271 2355 post
3302 2284 3354 2339 in
3382 2281 3585 2351 baptis-

1997 2412 2086 2452 mo
2102 2394 2277 2468 gratia
2302 2392 2474 2448 sancti
2507 2389 2742 2460 Spiritus
2772 2387 2824 2442 in
2841 2384 3006 2439 ﬁlium
3032 2384 3318 2454 adoptatur
3338 2377 3474 2447 Dei),
3491 2376 3584 2433 sed

1998 2486 2183 2540 statim
2205 2484 2260 2538 in
2288 2483 2404 2551 ipso
2444 2486 2709 2548 conceptu
2738 2484 3030 2546 conceptus
3052 2482 3135 2529 est
3175 2472 3343 2526 Filius
3372 2469 3501 2534 Dei,
3531 2480 3588 2523 et

2000 2583 2159 2631 natus
2203 2573 2499 2629 secundum
2532 2569 2792 2641 temporis
2827 2564 3281 2637 opportunitatem
3310 2577 3473 2617 verus
3499 2560 3588 2617 Fi-

2001 2668 2104 2723 lius
2129 2667 2245 2722 Dei.
2284 2664 2544 2720 Similiter
2566 2671 2620 2718 et
2670 2676 2778 2716 non
2833 2667 2917 2716 est
2948 2659 3000 2713 in
3029 2656 3246 2714 Christo
3288 2652 3589 2710 divinitatis

1990 2759 2278 2830 .majestas,
2296 2757 2435 2813 sicut
2460 2756 2515 2811 in
2529 2754 2767 2826 quolibet
2780 2753 2999 2808 homine
3018 2747 3340 2822 episcopalis
3354 2744 3589 2817 dignitas

2000 2850 2148 2906 verbi
2163 2849 2337 2918 gratia
2363 2848 2490 2921 (non
2514 2846 2656 2901 enim
2681 2843 2958 2917 apostolus
2969 2843 3184 2907 Petrus,
3214 2838 3485 2910 apostolus
3506 2847 3592 2893 est

1992 2928 2185 3007 natus,
2216 2936 2311 2995 sed
2336 2948 2524 3010 postea
2555 2954 2585 2992 a
2615 2938 2726 2993 Deo
2750 2934 2954 2992 electus
2984 2952 2996 2988 :
3029 2935 3169 2990 sicut
3213 2931 3438 3003 quilibet
3476 2930 3591 2999 epi—
3648 2950 3655 2955 ο

2003 3049 2198 3104 scapus
2227 3048 2336 3087 non
2366 3040 2450 3087 est
2488 3030 2773 3102 episcopus
2815 3036 2999 3091 natus,
3022 3024 3116 3080 sed
3140 3032 3261 3093 post
3289 3018 3592 3085 nativitatis

2006 3134 2367 3198 opportunum
2393 3133 2602 3192 tempus
2616 3121 2820 3177 electus
2842 3120 2896 3175 in
2910 3120 3273 3189 episcopatum
3296 3123 3351 3170 et
3373 3114 3591 3169 ordina-

2006 3216 2138 3290 tus),
2170 3217 2264 3271 sed
2298 3216 2480 3271 statim
2508 3214 2562 3269 in
2590 3213 2708 3284 ipso
2738 3219 3003 3280 conceptu
3055 3217 3111 3263 et
3134 3208 3419 3262 nativitatc
3453 3205 3594 3260 Deus

2007 3324 2166 3363 verus
2194 3316 2351 3362 natus
2377 3314 2460 3361 est
2485 3304 2753 3370 Christus,
2781 3311 2832 3359 et
2856 3301 3106 3374 preprius
3138 3299 3309 3354 Filius
3337 3297 3453 3363 Dei,
3484 3312 3591 3351 non

2006 3398 2290 3469 adoptivus
2338 3396 2501 3463 ﬁlius,
2545 3411 2646 3451 nec
2675 3394 3075 3465 nuncupativus
3125 3393 3288 3447 Deus.
3336 3388 3595 3444 Firmiter

2008 3494 2212 3562 absque
2241 3491 2387 3545 omni
2445 3490 2779 3545 dubitatione
2807 3486 3136 3544 credendum
3180 3495 3265 3541 est
3293 3496 3349 3541 ct
3389 3484 3591 3555 prredi-

2008 3579 2272 3644 cundum,
2329 3579 2577 3635 eumdem
2605 3594 2748 3646 esse,
2799 3579 2890 3649 qui
2922 3587 3083 3634 natus
3132 3586 3309 3633 estex
3342 3575 3593 3647 Virgine,

2006 3672 2175 3727 Deum
2203 3686 2391 3725 verum
2408 3670 2461 3724 in
2477 3670 2684 3725 duabus
2699 3670 2931 3735 naturis,
2960 3677 3014 3723 et
3039 3683 3225 3723 verum
3252 3667 3447 3722 Filium
3466 3667 3593 3730 Dei;

2008 3761 2084 3817 ita
2108 3769 2169 3817 ut
2191 3778 2329 3818 unus
2364 3762 2438 3817 sit
2478 3761 2753 3829 Christus,
2801 3769 2856 3818 et
2901 3778 3041 3818 unus
3062 3762 3206 3816 Dens
3248 3768 3303 3815 et
3330 3775 3470 3814 unus
3497 3759 3594 3813 Dei

2009 3854 2201 3921 Filius,
2224 3863 2280 3910 et
2295 3870 2432 3911 unus
2447 3870 2566 3918 rex,
2580 3862 2636 3909 et
2654 3868 2793 3909 unus
2804 3854 2971 3909 totius
2982 3851 3165 3908 mundi
3183 3851 3341 3905 Salva
3350 3848 3595 3915 tor,divi—

2008 3948 2179 4003 nitate
2199 3946 2675 4003 consubstantialis
2696 3945 2867 4013 Patri,
2885 3945 3221 4001 humanitate
3242 3943 3598 3999 consubstan-

2013 4040 2156 4097 tialis
2182 4040 2367 4106 matri,
2397 4048 2458 4093 ut
2484 4039 2557 4093 sit
2584 4038 2726 4093 idem
2754 4051 2916 4093 verus
2960 4038 3104 4093 Deus
3143 4044 3198 4092 et
3222 4050 3386 4091 verus
3432 4034 3597 4088 homo

2010 4130 2066 4184 in
2088 4129 2295 4184 unitate
2334 4143 2596 4199 personae.
2626 4127 2761 4182 Nam
2798 4136 2852 4183 et
2886 4129 3001 4198 ipse
3047 4138 3286 4197 tempore
3326 4125 3599 4197 passionis

2011 4236 2122 4277 sua:
2140 4221 2423 4293 adjuratus
2448 4235 2478 4274 a
2500 4220 2775 4291 pontiﬁce,
2798 4220 2993 4275 Filium
3033 4236 3091 4275 se
3118 4221 3211 4276 Dei
3239 4235 3356 4275 esse
3378 4216 3594 4275 confes-

2012 4328 2107 4369 sus
2141 4322 2242 4368 est.
2296 4312 2364 4366 Et
2398 4311 2566 4367 multa
2615 4311 2741 4367 talia
2774 4311 2928 4385 [Cod.
2987 4310 3132 4378 Vah,
3181 4320 3236 4367 et
3266 4311 3436 4365 multa
3462 4309 3592 4382 alia]

2013 4404 2276 4459 habemus
2293 4404 2599 4460 testimonia
2620 4404 2675 4458 in
2699 4412 2889 4459 sancto
2909 4402 3220 4473 Evangelio,
3245 4417 3366 4472 qua:
3394 4401 3596 4471 ubique

2014 4510 2138 4550 eum
2165 4495 2362 4549 Filium
2390 4496 2486 4550 Dei
2516 4510 2638 4552 esse
2664 4503 2951 4550 testantur.
3000 4494 3267 4549 Percurrc
3292 4508 3482 4549 omnes
3502 4509 3598 4563 pa-

2001 4588 2164 4659 ginas
2193 4587 2517 4658 evangelicae
2544 4588 2904 4651 auctoritatis,
2944 4596 2999 4641 et
3026 4586 3343 4657 epistolares
3377 4593 3597 4642 senten-

2010 4680 2116 4734 tias
2146 4678 2457 4748 apostolicae
2502 4678 2817 4752 dignitatis,
2871 4678 2954 4733 vel
2998 4678 3240 4733 omnium
3281 4685 3596 4733 sanctarum

2015 4772 2420 4841 Scripturarum
2448 4773 2641 4839 series,
2688 4782 2742 4828 et
2785 4772 3046 4843 quidquid
3092 4772 3147 4826 in
3183 4772 3293 4828 illis
3326 4772 3591 4835 invenias,

2014 4862 2118 4917 hoc
2143 4860 2371 4917 fideliter
2394 4862 2627 4932 prtedica
2652 4879 2667 4929 ;
2695 4863 2748 4916 in
2780 4864 2864 4917 his
2885 4860 3134 4928 sulIieiat,
3161 4871 3215 4917 et
3237 4863 3467 4932 gaudeat
3492 4869 3597 4915 tuae

2017 4953 2320 5009 sanctitatis
2349 4967 2561 5018 sensus,
2590 4961 2650 5007 ut
2669 4953 2886 5024 dignam
2909 4953 3191 5008 catholica:
3232 4952 3355 5008 tidei
3378 4960 3433 5007 et
3452 4968 3599 5022 pra:-

2018 5046 2304 5101 dicatiouis
2326 5048 2377 5101 in
2406 5055 2609 5101 :eterna
2636 5047 2967 5102 beatitudine
2998 5047 3305 5103 mercedem
3335 5044 3598 5102 merearis

2018 5150 2277 5207 recnpere.

2085 5229 2177 5285 IX.
2206 5230 2441 5287 Obsecro
2456 5240 2507 5287 te
2521 5230 2798 5286 humiliter
2820 5247 2918 5301 per
2930 5232 3244 5305 sanguinem
3274 5230 3603 5300 redemptio-

2014 5322 2100 5377 nis
2127 5330 2416 5388 nostrze,ct
2432 5338 2531 5393 per
2560 5322 2797 5379 terribile
2823 5324 3000 5380 ultimi
3022 5325 3126 5382 diei
3150 5324 3430 5394 judicium,
3458 5338 3601 5392 qua:

2020 5418 2176 5466 tenus
2213 5413 2370 5482 hujus
2408 5413 2666 5471 chartulae
2707 5431 2900 5472 sensus
2922 5426 2977 5472 et
3007 5416 3262 5489 syllabas,
3315 5416 3362 5470 si
3395 5416 3450 5470 in
3493 5423 3605 5471 tua

1995 5505 2366 5589 beatitudinis
2397 5522 2588 5564 manus
2605 5509 2947 5580 perveniant,
2975 5510 3214 5582 digneris
3241 5507 3473 5579 dirigere
3499 5521 3604 5577 per

2016 5604 2235 5653 sanctos
2256 5597 2460 5656 Christi
2493 5603 2827 5671 sacerdotes,
2868 5612 2924 5659 et
2960 5602 3208 5659 sublimia
3235 5600 3490 5657 Ecclesiae
3516 5598 3607 5654 lu-

2016 5688 2182 5754 mina,
2214 5703 2335 5758 quze
2358 5700 2486 5746 sunt
2507 5692 2560 5747 in
2582 5694 2830 5764 partibus
2850 5693 3140 5764 Hispaniae.
3211 5693 3269 5748 In
3307 5693 3411 5748 hoc
3451 5691 3604 5747 enim

2015 5782 2375 5854 cognoscitur,
2405 5784 2450 5841 si
2477 5801 2713 5844 amorem
2736 5789 2936 5849 habeas
2973 5790 3214 5849 veritatis
3236 5796 3292 5848 et
3320 5788 3607 5846 universa-
