  <div class='ocr_page' id='page_1' title='image "/cluster/home/n/w/nwhite01/storage/ocr_20150623/101/hvd.32044054759683/126.png"; bbox 0 0 3964 6186; ppageno 0'>
   <div class='ocr_carea' id='block_1_1' title="bbox 326 270 424 327">
    <p class='ocr_par' dir='ltr' id='par_1_1' title="bbox 326 270 424 327">
     <span class='ocr_line' id='line_1_1' title="bbox 326 270 424 327; baseline -0.031 0"><span class='ocrx_word' id='word_1_1' title='bbox 326 270 424 327; x_wconf 62' lang='grc'><strong>241</strong></span> 
     </span>
    </p>
   </div>
   <div class='ocr_carea' id='block_1_2' title="bbox 323 471 1911 542">
    <p class='ocr_par' dir='ltr' id='par_1_2' title="bbox 323 471 1911 542">
     <span class='ocr_line' id='line_1_2' title="bbox 323 471 1911 542; baseline -0.002 -13"><span class='ocrx_word' id='word_1_2' title='bbox 323 483 473 537; x_wconf 87' lang='lat' dir='ltr'><strong>sunt,</strong></span> <span class='ocrx_word' id='word_1_3' title='bbox 498 472 786 528; x_wconf 90' lang='lat' dir='ltr'><strong>charitatis</strong></span> <span class='ocrx_word' id='word_1_4' title='bbox 805 471 1057 527; x_wconf 69' lang='lat' dir='ltr'><strong>fraterna:</strong></span> <span class='ocrx_word' id='word_1_5' title='bbox 1098 473 1297 542; x_wconf 89' lang='lat' dir='ltr'><strong>scripta</strong></span> <span class='ocrx_word' id='word_1_6' title='bbox 1345 472 1574 527; x_wconf 97' lang='lat' dir='ltr'><strong>ﬁdeliter</strong></span> <span class='ocrx_word' id='word_1_7' title='bbox 1621 486 1911 527; x_wconf 85' lang='lat' dir='ltr'><strong>conservo-</strong></span> 
     </span>
    </p>
   </div>
   <div class='ocr_carea' id='block_1_3' title="bbox 324 560 1913 632">
    <p class='ocr_par' dir='ltr' id='par_1_3' title="bbox 324 560 1913 632">
     <span class='ocr_line' id='line_1_3' title="bbox 324 560 1913 632; baseline -0.001 -16"><span class='ocrx_word' id='word_1_8' title='bbox 324 578 449 616; x_wconf 87' lang='lat' dir='ltr'><strong>rum</strong></span> <span class='ocrx_word' id='word_1_9' title='bbox 472 561 640 632; x_wconf 74' lang='lat'><strong>867</strong></span> <span class='ocrx_word' id='word_1_10' title='bbox 671 568 886 616; x_wconf 92' lang='lat' dir='ltr'><strong>tuorum</strong></span> <span class='ocrx_word' id='word_1_11' title='bbox 912 560 1131 616; x_wconf 84' lang='lat' dir='ltr'><strong>auribus</strong></span> <span class='ocrx_word' id='word_1_12' title='bbox 1158 561 1369 631; x_wconf 90' lang='lat' dir='ltr'><strong>aperire</strong></span> <span class='ocrx_word' id='word_1_13' title='bbox 1398 561 1691 626; x_wconf 84' lang='lat' dir='ltr'><strong>desideras,</strong></span> <span class='ocrx_word' id='word_1_14' title='bbox 1718 569 1773 616; x_wconf 90' lang='lat' dir='ltr'><strong>et</strong></span> <span class='ocrx_word' id='word_1_15' title='bbox 1794 560 1913 615; x_wconf 90' lang='lat' dir='ltr'><strong>illos</strong></span> 
     </span>
    </p>
   </div>
   <div class='ocr_carea' id='block_1_4' title="bbox 320 653 1937 724">
    <p class='ocr_par' dir='ltr' id='par_1_4' title="bbox 320 653 1937 724">
     <span class='ocr_line' id='line_1_4' title="bbox 320 653 1937 724; baseline -0.003 -16"><span class='ocrx_word' id='word_1_16' title='bbox 320 657 377 708; x_wconf 87' lang='lat' dir='ltr'><strong>in</strong></span> <span class='ocrx_word' id='word_1_17' title='bbox 405 654 617 709; x_wconf 87' lang='lat' dir='ltr'><strong>unitate</strong></span> <span class='ocrx_word' id='word_1_18' title='bbox 642 653 919 709; x_wconf 74' lang='lat' dir='ltr'><strong>catholica:</strong></span> <span class='ocrx_word' id='word_1_19' title='bbox 931 654 1081 724; x_wconf 87' lang='lat' dir='ltr'><strong>pacis</strong></span> <span class='ocrx_word' id='word_1_20' title='bbox 1109 656 1449 711; x_wconf 91' lang='lat' dir='ltr'><strong>conﬁrmare.</strong></span> <span class='ocrx_word' id='word_1_21' title='bbox 1483 656 1675 709; x_wconf 87' lang='lat' dir='ltr'><strong>Dicam</strong></span> <span class='ocrx_word' id='word_1_22' title='bbox 1693 654 1937 718; x_wconf 64' lang='lat' dir='ltr'><strong>iterum,</strong></span> 
     </span>
    </p>
   </div>
   <div class='ocr_carea' id='block_1_5' title="bbox 319 744 1911 816">
    <p class='ocr_par' dir='ltr' id='par_1_5' title="bbox 319 744 1911 816">
     <span class='ocr_line' id='line_1_5' title="bbox 319 744 1911 816; baseline -0.002 -17"><span class='ocrx_word' id='word_1_23' title='bbox 319 754 377 799; x_wconf 86' lang='lat' dir='ltr'><strong>et</strong></span> <span class='ocrx_word' id='word_1_24' title='bbox 405 760 533 799; x_wconf 89' lang='lat' dir='ltr'><strong>cum</strong></span> <span class='ocrx_word' id='word_1_25' title='bbox 561 745 709 799; x_wconf 90' lang='lat' dir='ltr'><strong>omni</strong></span> <span class='ocrx_word' id='word_1_26' title='bbox 736 744 1040 801; x_wconf 87' lang='lat' dir='ltr'><strong>humilitate</strong></span> <span class='ocrx_word' id='word_1_27' title='bbox 1069 745 1271 812; x_wconf 89' lang='lat' dir='ltr'><strong>dicam,</strong></span> <span class='ocrx_word' id='word_1_28' title='bbox 1312 746 1611 816; x_wconf 73' lang='lat' dir='ltr'><strong>smpiusque</strong></span> <span class='ocrx_word' id='word_1_29' title='bbox 1634 754 1911 815; x_wconf 83' lang='lat' dir='ltr'><strong>repetens:</strong></span> 
     </span>
    </p>
   </div>
   <div class='ocr_carea' id='block_1_6' title="bbox 322 833 1916 903">
    <p class='ocr_par' dir='ltr' id='par_1_6' title="bbox 322 833 1916 903">
     <span class='ocr_line' id='line_1_6' title="bbox 322 833 1916 903; baseline -0.001 -15"><span class='ocrx_word' id='word_1_30' title='bbox 322 834 795 903; x_wconf 75' lang='lat' dir='ltr'><strong>Evigilemus,viri</strong></span> <span class='ocrx_word' id='word_1_31' title='bbox 825 833 1040 901; x_wconf 77' lang='lat' dir='ltr'><strong>fratres,</strong></span> <span class='ocrx_word' id='word_1_32' title='bbox 1064 835 1131 890; x_wconf 87' lang='lat' dir='ltr'><strong>ad</strong></span> <span class='ocrx_word' id='word_1_33' title='bbox 1150 837 1335 890; x_wconf 89' lang='lat' dir='ltr'><strong>tubam</strong></span> <span class='ocrx_word' id='word_1_34' title='bbox 1362 837 1524 891; x_wconf 85' lang='lat' dir='ltr'><strong>totius</strong></span> <span class='ocrx_word' id='word_1_35' title='bbox 1544 835 1745 889; x_wconf 89' lang='lat' dir='ltr'><strong>mundi.</strong></span> <span class='ocrx_word' id='word_1_36' title='bbox 1779 835 1916 889; x_wconf 84' lang='lat' dir='ltr'><strong>Ecce</strong></span> 
     </span>
    </p>
   </div>
   <div class='ocr_carea' id='block_1_7' title="bbox 320 924 1917 996">
    <p class='ocr_par' dir='ltr' id='par_1_7' title="bbox 320 924 1917 996">
     <span class='ocr_line' id='line_1_7' title="bbox 320 924 1917 996; baseline -0.001 -17"><span class='ocrx_word' id='word_1_37' title='bbox 320 925 527 979; x_wconf 79' lang='lat' dir='ltr'><strong>clamat</strong></span> <span class='ocrx_word' id='word_1_38' title='bbox 558 939 656 978; x_wconf 90' lang='lat' dir='ltr'><strong>vas</strong></span> <span class='ocrx_word' id='word_1_39' title='bbox 692 924 988 989; x_wconf 86' lang='lat' dir='ltr'><strong>electionis,</strong></span> <span class='ocrx_word' id='word_1_40' title='bbox 1036 925 1359 993; x_wconf 63' lang='lat' dir='ltr'><strong>praedicator</strong></span> <span class='ocrx_word' id='word_1_41' title='bbox 1398 926 1656 996; x_wconf 84' lang='lat' dir='ltr'><strong>gentium,</strong></span> <span class='ocrx_word' id='word_1_42' title='bbox 1683 931 1917 979; x_wconf 81' lang='lat' dir='ltr'><strong>secreta-</strong></span> 
     </span>
    </p>
   </div>
   <div class='ocr_carea' id='block_1_8' title="bbox 322 1016 1911 1081">
    <p class='ocr_par' dir='ltr' id='par_1_8' title="bbox 322 1016 1911 1081">
     <span class='ocr_line' id='line_1_8' title="bbox 322 1016 1911 1081; baseline -0.001 -11"><span class='ocrx_word' id='word_1_43' title='bbox 322 1017 441 1071; x_wconf 89' lang='lat' dir='ltr'><strong>rius</strong></span> <span class='ocrx_word' id='word_1_44' title='bbox 457 1016 722 1071; x_wconf 69' lang='lat' dir='ltr'><strong>caelorum</strong></span> <span class='ocrx_word' id='word_1_45' title='bbox 747 1024 935 1070; x_wconf 89' lang='lat' dir='ltr'><strong>contra</strong></span> <span class='ocrx_word' id='word_1_46' title='bbox 964 1031 1152 1071; x_wconf 86' lang='lat' dir='ltr'><strong>omnes</strong></span> <span class='ocrx_word' id='word_1_47' title='bbox 1175 1016 1440 1071; x_wconf 83' lang='lat' dir='ltr'><strong>novitates</strong></span> <span class='ocrx_word' id='word_1_48' title='bbox 1451 1031 1666 1081; x_wconf 86' lang='lat' dir='ltr'><strong>vocum,</strong></span> <span class='ocrx_word' id='word_1_49' title='bbox 1694 1017 1911 1072; x_wconf 90' lang='lat' dir='ltr'><strong>dicens:</strong></span> 
     </span>
    </p>
   </div>
   <div class='ocr_carea' id='block_1_9' title="bbox 324 1104 1918 1177">
    <p class='ocr_par' dir='ltr' id='par_1_9' title="bbox 324 1104 1918 1177">
     <span class='ocr_line' id='line_1_9' title="bbox 324 1104 1918 1177; baseline -0.001 -16"><span class='ocrx_word' id='word_1_50' title='bbox 324 1106 435 1161; x_wconf 84' lang='lat' dir='ltr'><strong>Sed</strong></span> <span class='ocrx_word' id='word_1_51' title='bbox 456 1106 578 1160; x_wconf 87' lang='lat' dir='ltr'><strong>licet</strong></span> <span class='ocrx_word' id='word_1_52' title='bbox 599 1115 691 1159; x_wconf 88' lang='lat' dir='ltr'><strong>aut</strong></span> <span class='ocrx_word' id='word_1_53' title='bbox 716 1105 931 1176; x_wconf 78' lang='lat' dir='ltr'><strong>angelus</strong></span> <span class='ocrx_word' id='word_1_54' title='bbox 951 1104 1016 1160; x_wconf 85' lang='lat' dir='ltr'><strong>de</strong></span> <span class='ocrx_word' id='word_1_55' title='bbox 1043 1105 1169 1159; x_wconf 71' lang='lat' dir='ltr'><strong>caelo</strong></span> <span class='ocrx_word' id='word_1_56' title='bbox 1197 1104 1510 1176; x_wconf 81' lang='lat' dir='ltr'><strong>evangelth</strong></span> <span class='ocrx_word' id='word_1_57' title='bbox 1540 1108 1704 1170; x_wconf 84' lang='lat' dir='ltr'><strong>vobis,</strong></span> <span class='ocrx_word' id='word_1_58' title='bbox 1731 1117 1918 1177; x_wconf 76' lang='lat' dir='ltr'><strong>prwter</strong></span> 
     </span>
    </p>
   </div>
   <div class='ocr_carea' id='block_1_10' title="bbox 319 1188 1921 1270">
    <p class='ocr_par' dir='ltr' id='par_1_10' title="bbox 319 1188 1921 1270">
     <span class='ocr_line' id='line_1_10' title="bbox 319 1188 1921 1270; baseline 0.001 -18"><span class='ocrx_word' id='word_1_59' title='bbox 319 1198 468 1270; x_wconf 78' lang='lat' dir='ltr'><strong>quod</strong></span> <span class='ocrx_word' id='word_1_60' title='bbox 481 1188 950 1268; x_wconf 76' lang='lat' dir='ltr'><strong>eaangelizavimus</strong></span> <span class='ocrx_word' id='word_1_61' title='bbox 971 1198 1133 1263; x_wconf 77' lang='lat' dir='ltr'><strong>vobis,</strong></span> <span class='ocrx_word' id='word_1_62' title='bbox 1171 1199 1452 1251; x_wconf 81' lang='lat' dir='ltr'><strong>anathema</strong></span> <span class='ocrx_word' id='word_1_63' title='bbox 1481 1198 1567 1251; x_wconf 89' lang='lat' dir='ltr'><strong>sit.</strong></span> <span class='ocrx_word' id='word_1_64' title='bbox 1624 1198 1771 1253; x_wconf 85' lang='lat' dir='ltr'><strong>Sicut</strong></span> <span class='ocrx_word' id='word_1_65' title='bbox 1790 1214 1921 1267; x_wconf 77' lang='lat' dir='ltr'><strong>prte-</strong></span> 
     </span>
    </p>
   </div>
   <div class='ocr_carea' id='block_1_11' title="bbox 322 1287 1919 1359">
    <p class='ocr_par' dir='ltr' id='par_1_11' title="bbox 322 1287 1919 1359">
     <span class='ocr_line' id='line_1_11' title="bbox 322 1287 1919 1359; baseline -0.001 -15"><span class='ocrx_word' id='word_1_66' title='bbox 322 1291 589 1354; x_wconf 68' lang='lat' dir='ltr'><strong>diximus,</strong></span> <span class='ocrx_word' id='word_1_67' title='bbox 634 1298 683 1343; x_wconf 86' lang='lat' dir='ltr'><strong>et</strong></span> <span class='ocrx_word' id='word_1_68' title='bbox 723 1304 860 1343; x_wconf 87' lang='lat' dir='ltr'><strong>nunc</strong></span> <span class='ocrx_word' id='word_1_69' title='bbox 904 1289 1094 1342; x_wconf 86' lang='lat' dir='ltr'><strong>iterum</strong></span> <span class='ocrx_word' id='word_1_70' title='bbox 1119 1287 1269 1352; x_wconf 87' lang='lat' dir='ltr'><strong>dico;</strong></span> <span class='ocrx_word' id='word_1_71' title='bbox 1317 1288 1362 1342; x_wconf 89' lang='lat' dir='ltr'><strong>si</strong></span> <span class='ocrx_word' id='word_1_72' title='bbox 1399 1289 1516 1359; x_wconf 87' lang='lat' dir='ltr'><strong>quis</strong></span> <span class='ocrx_word' id='word_1_73' title='bbox 1540 1287 1919 1358; x_wconf 37' lang='lat' dir='ltr'><strong>vobisrevange-</strong></span> 
     </span>
    </p>
   </div>
   <div class='ocr_carea' id='block_1_12' title="bbox 320 1379 1917 1451">
    <p class='ocr_par' dir='ltr' id='par_1_12' title="bbox 320 1379 1917 1451">
     <span class='ocr_line' id='line_1_12' title="bbox 320 1379 1917 1451; baseline -0.002 -16"><span class='ocrx_word' id='word_1_74' title='bbox 320 1381 569 1436; x_wconf 69' lang='lat' dir='ltr'><strong>(iuverit</strong></span> <span class='ocrx_word' id='word_1_75' title='bbox 587 1389 778 1450; x_wconf 76' lang='lat' dir='ltr'><strong>prwter</strong></span> <span class='ocrx_word' id='word_1_76' title='bbox 803 1379 878 1443; x_wconf 91' lang='lat' dir='ltr'><strong>id,</strong></span> <span class='ocrx_word' id='word_1_77' title='bbox 901 1379 1040 1450; x_wconf 89' lang='lat' dir='ltr'><strong>quod</strong></span> <span class='ocrx_word' id='word_1_78' title='bbox 1059 1381 1352 1451; x_wconf 85' lang='lat' dir='ltr'><strong>accepistis,</strong></span> <span class='ocrx_word' id='word_1_79' title='bbox 1378 1380 1655 1434; x_wconf 82' lang='lat' dir='ltr'><strong>anathema</strong></span> <span class='ocrx_word' id='word_1_80' title='bbox 1683 1380 1748 1434; x_wconf 91' lang='lat' dir='ltr'><strong>sit</strong></span> <span class='ocrx_word' id='word_1_81' title='bbox 1774 1379 1917 1451; x_wconf 80' lang='lat' dir='ltr'><strong>(Gal.</strong></span> 
     </span>
    </p>
   </div>
   <div class='ocr_carea' id='block_1_13' title="bbox 324 1469 1925 1542">
    <p class='ocr_par' dir='ltr' id='par_1_13' title="bbox 324 1469 1925 1542">
     <span class='ocr_line' id='line_1_13' title="bbox 324 1469 1925 1542; baseline -0.002 -15"><span class='ocrx_word' id='word_1_82' title='bbox 324 1488 366 1535; x_wconf 87' lang='grc' dir='ltr'><strong>ι,</strong></span> <span class='ocrx_word' id='word_1_83' title='bbox 392 1470 450 1536; x_wconf 89' lang='lat'><strong>8,</strong></span> <span class='ocrx_word' id='word_1_84' title='bbox 485 1469 568 1542; x_wconf 90' lang='lat'><strong>9).</strong></span> <span class='ocrx_word' id='word_1_85' title='bbox 622 1469 762 1525; x_wconf 86' lang='lat' dir='ltr'><strong>Ecce</strong></span> <span class='ocrx_word' id='word_1_86' title='bbox 787 1478 988 1540; x_wconf 90' lang='lat' dir='ltr'><strong>quanta</strong></span> <span class='ocrx_word' id='word_1_87' title='bbox 1016 1469 1211 1525; x_wconf 91' lang='lat' dir='ltr'><strong>ﬁducia</strong></span> <span class='ocrx_word' id='word_1_88' title='bbox 1234 1470 1605 1542; x_wconf 64' lang='lat' dir='ltr'><strong>praedicatoris</strong></span> <span class='ocrx_word' id='word_1_89' title='bbox 1621 1471 1806 1525; x_wconf 89' lang='lat' dir='ltr'><strong>mundi</strong></span> <span class='ocrx_word' id='word_1_90' title='bbox 1837 1477 1925 1524; x_wconf 84' lang='lat' dir='ltr'><strong>est</strong></span> 
     </span>
    </p>
   </div>
   <div class='ocr_carea' id='block_1_14' title="bbox 323 1562 1921 1634">
    <p class='ocr_par' dir='ltr' id='par_1_14' title="bbox 323 1562 1921 1634">
     <span class='ocr_line' id='line_1_14' title="bbox 323 1562 1921 1634; baseline -0.003 -15"><span class='ocrx_word' id='word_1_91' title='bbox 323 1566 386 1619; x_wconf 89' lang='lat' dir='ltr'><strong>in</strong></span> <span class='ocrx_word' id='word_1_92' title='bbox 410 1578 511 1619; x_wconf 87' lang='lat' dir='ltr'><strong>sua</strong></span> <span class='ocrx_word' id='word_1_93' title='bbox 540 1562 946 1634; x_wconf 71' lang='lat' dir='ltr'><strong>prtedicatione,</strong></span> <span class='ocrx_word' id='word_1_94' title='bbox 993 1570 1055 1617; x_wconf 92' lang='lat' dir='ltr'><strong>ut</strong></span> <span class='ocrx_word' id='word_1_95' title='bbox 1090 1577 1197 1617; x_wconf 92' lang='lat' dir='ltr'><strong>non</strong></span> <span class='ocrx_word' id='word_1_96' title='bbox 1242 1563 1414 1618; x_wconf 91' lang='lat' dir='ltr'><strong>solum</strong></span> <span class='ocrx_word' id='word_1_97' title='bbox 1456 1562 1763 1618; x_wconf 88' lang='lat' dir='ltr'><strong>hominibus</strong></span> <span class='ocrx_word' id='word_1_98' title='bbox 1792 1577 1921 1616; x_wconf 89' lang='lat' dir='ltr'><strong>ana-</strong></span> 
     </span>
    </p>
   </div>
   <div class='ocr_carea' id='block_1_15' title="bbox 324 1651 1920 1723">
    <p class='ocr_par' dir='ltr' id='par_1_15' title="bbox 324 1651 1920 1723">
     <span class='ocr_line' id='line_1_15' title="bbox 324 1651 1920 1723; baseline 0 -16"><span class='ocrx_word' id='word_1_99' title='bbox 324 1653 514 1707; x_wconf 83' lang='lat' dir='ltr'><strong>thema</strong></span> <span class='ocrx_word' id='word_1_100' title='bbox 543 1651 759 1717; x_wconf 82' lang='lat' dir='ltr'><strong>indixit,</strong></span> <span class='ocrx_word' id='word_1_101' title='bbox 783 1651 831 1706; x_wconf 88' lang='lat' dir='ltr'><strong>si</strong></span> <span class='ocrx_word' id='word_1_102' title='bbox 858 1652 1428 1723; x_wconf 66' lang='lat' dir='ltr'><strong>aliterprzedicassent,</strong></span> <span class='ocrx_word' id='word_1_103' title='bbox 1457 1669 1619 1723; x_wconf 89' lang='lat' dir='ltr'><strong>quam</strong></span> <span class='ocrx_word' id='word_1_104' title='bbox 1648 1655 1761 1723; x_wconf 90' lang='lat' dir='ltr'><strong>ipse</strong></span> <span class='ocrx_word' id='word_1_105' title='bbox 1780 1668 1920 1723; x_wconf 68' lang='lat' dir='ltr'><strong>pra:-</strong></span> 
     </span>
    </p>
   </div>
   <div class='ocr_carea' id='block_1_16' title="bbox 829 231 1924 330">
    <p class='ocr_par' dir='ltr' id='par_1_16' title="bbox 829 231 1924 326">
     <span class='ocr_line' id='line_1_16' title="bbox 829 231 1924 326; baseline 0.001 -1"><span class='ocrx_word' id='word_1_106' title='bbox 829 231 1245 325; x_wconf 77' lang='lat' dir='ltr'><strong>DOCMATICA.</strong></span> <span class='ocrx_word' id='word_1_107' title='bbox 1283 298 1352 309; x_wconf 92' lang='grc'><strong><em>-</em></strong></span> <span class='ocrx_word' id='word_1_108' title='bbox 1390 269 1548 324; x_wconf 70' lang='grc' dir='ltr'><strong>Αυν.</strong></span> <span class='ocrx_word' id='word_1_109' title='bbox 1591 267 1924 326; x_wconf 74' lang='lat' dir='ltr'><strong>ELIPANDU</strong></span> 
     </span>
    </p>
   </div>
   <div class='ocr_carea' id='block_1_17' title="bbox 2027 231 3075 330">
    <p class='ocr_par' dir='ltr' id='par_1_17' title="bbox 2027 269 3075 330">
     <span class='ocr_line' id='line_1_17' title="bbox 2027 269 3075 330; baseline 0.006 -6"><span class='ocrx_word' id='word_1_110' title='bbox 2027 269 2206 326; x_wconf 84' lang='lat' dir='ltr'><strong>LIBRI</strong></span> <span class='ocrx_word' id='word_1_111' title='bbox 2249 272 2337 329; x_wconf 80' lang='lat' dir='ltr'><strong>IV.</strong></span> <span class='ocrx_word' id='word_1_112' title='bbox 2376 302 2447 313; x_wconf 94' lang='lat'><strong>—</strong></span> <span class='ocrx_word' id='word_1_113' title='bbox 2487 274 2703 330; x_wconf 80' lang='lat' dir='ltr'><strong>EPIST.</strong></span> <span class='ocrx_word' id='word_1_114' title='bbox 2746 274 3075 330; x_wconf 60' lang='lat' dir='ltr'><strong>PRAEV&#39;lrE.</strong></span> 
     </span>
    </p>
   </div>
   <div class='ocr_carea' id='block_1_18' title="bbox 230 376 3593 452">
    <p class='ocr_par' dir='ltr' id='par_1_18' title="bbox 230 376 3593 452">
     <span class='ocr_line' id='line_1_18' title="bbox 230 376 3593 452; baseline 0.001 -16"><span class='ocrx_word' id='word_1_115' title='bbox 230 376 243 387; x_wconf 84' lang='grc'><em>’</em></span> <span class='ocrx_word' id='word_1_116' title='bbox 325 384 394 439; x_wconf 85' lang='lat' dir='ltr'><strong>lis</strong></span> <span class='ocrx_word' id='word_1_117' title='bbox 446 381 703 441; x_wconf 72' lang='lat' dir='ltr'><strong>Ecclesia:</strong></span> <span class='ocrx_word' id='word_1_118' title='bbox 746 381 1199 450; x_wconf 85' lang='lat' dir='ltr'><strong>conjunctiouem,</strong></span> <span class='ocrx_word' id='word_1_119' title='bbox 1248 382 1473 447; x_wconf 47' lang='lat' dir='ltr'><strong>si‘hmc,</strong></span> <span class='ocrx_word' id='word_1_120' title='bbox 1517 380 1911 452; x_wconf 81' lang='lat' dir='ltr'><strong>qualiacunque</strong></span> <span class='ocrx_word' id='word_1_121' title='bbox 1937 383 1986 443; x_wconf 78' lang='grc' dir='ltr'><strong>Α</strong></span> <span class='ocrx_word' id='word_1_122' title='bbox 2012 384 2189 439; x_wconf 90' lang='lat' dir='ltr'><strong>omnis</strong></span> <span class='ocrx_word' id='word_1_123' title='bbox 2211 384 2410 451; x_wconf 86' lang='lat' dir='ltr'><strong>homo;</strong></span> <span class='ocrx_word' id='word_1_124' title='bbox 2453 400 2559 441; x_wconf 93' lang='lat' dir='ltr'><strong>non</strong></span> <span class='ocrx_word' id='word_1_125' title='bbox 2584 394 2641 441; x_wconf 91' lang='lat' dir='ltr'><strong>ut</strong></span> <span class='ocrx_word' id='word_1_126' title='bbox 2663 387 2961 442; x_wconf 82' lang='lat' dir='ltr'><strong>divinitatis</strong></span> <span class='ocrx_word' id='word_1_127' title='bbox 2990 394 3183 439; x_wconf 90' lang='lat' dir='ltr'><strong>natura</strong></span> <span class='ocrx_word' id='word_1_128' title='bbox 3205 393 3504 440; x_wconf 76' lang='lat' dir='ltr'><strong>verteretur</strong></span> <span class='ocrx_word' id='word_1_129' title='bbox 3535 388 3593 438; x_wconf 64' lang='lat' dir='ltr'><strong>in</strong></span> 
     </span>
    </p>
   </div>
   <div class='ocr_carea' id='block_1_19' title="bbox 3485 276 3587 313">
    <p class='ocr_par' dir='ltr' id='par_1_19' title="bbox 3485 276 3587 313">
     <span class='ocr_line' id='line_1_19' title="bbox 3485 276 3587 313; baseline 0.02 -2"><span class='ocrx_word' id='word_1_130' title='bbox 3485 276 3587 313; x_wconf 67' lang='grc' dir='ltr'><strong>αι)</strong></span> 
     </span>
    </p>
   </div>
   <div class='ocr_carea' id='block_1_20' title="bbox 3490 302 3588 332">
    <p class='ocr_par' dir='ltr' id='par_1_20' title="bbox 3490 302 3588 332">
     <span class='ocr_line' id='line_1_20' title="bbox 3490 302 3588 332; baseline 0.01 -2"><span class='ocrx_word' id='word_1_131' title='bbox 3490 302 3588 332; x_wconf 55' lang='lat' dir='ltr'><strong>Kl;</strong></span> 
     </span>
    </p>
   </div>
   <div class='ocr_carea' id='block_1_21' title="bbox 2015 474 3592 550">
    <p class='ocr_par' dir='ltr' id='par_1_21' title="bbox 2015 474 3592 550">
     <span class='ocr_line' id='line_1_21' title="bbox 2015 474 3592 550; baseline 0.001 -22"><span class='ocrx_word' id='word_1_132' title='bbox 2015 474 2436 542; x_wconf 87' lang='lat' dir='ltr'><strong>humanitatem;</strong></span> <span class='ocrx_word' id='word_1_133' title='bbox 2486 477 2581 533; x_wconf 89' lang='lat' dir='ltr'><strong>sed</strong></span> <span class='ocrx_word' id='word_1_134' title='bbox 2600 479 2749 533; x_wconf 88' lang='lat' dir='ltr'><strong>salva</strong></span> <span class='ocrx_word' id='word_1_135' title='bbox 2777 478 3059 550; x_wconf 86' lang='lat' dir='ltr'><strong>majestate</strong></span> <span class='ocrx_word' id='word_1_136' title='bbox 3085 477 3287 543; x_wconf 88' lang='lat' dir='ltr'><strong>divina,</strong></span> <span class='ocrx_word' id='word_1_137' title='bbox 3318 486 3592 546; x_wconf 84' lang='lat' dir='ltr'><strong>assumpta</strong></span> 
     </span>
    </p>
   </div>
   <div class='ocr_carea' id='block_1_22' title="bbox 2014 566 3594 634">
    <p class='ocr_par' dir='ltr' id='par_1_22' title="bbox 2014 566 3594 634">
     <span class='ocr_line' id='line_1_22' title="bbox 2014 566 3594 634; baseline 0.002 -16"><span class='ocrx_word' id='word_1_138' title='bbox 2014 573 2099 619; x_wconf 88' lang='lat' dir='ltr'><strong>est</strong></span> <span class='ocrx_word' id='word_1_139' title='bbox 2125 566 2455 623; x_wconf 82' lang='lat' dir='ltr'><strong>humanitas:</strong></span> <span class='ocrx_word' id='word_1_140' title='bbox 2484 584 2588 622; x_wconf 89' lang='lat' dir='ltr'><strong>non</strong></span> <span class='ocrx_word' id='word_1_141' title='bbox 2612 570 2874 624; x_wconf 87' lang='lat' dir='ltr'><strong>diminuta</strong></span> <span class='ocrx_word' id='word_1_142' title='bbox 2902 578 2986 625; x_wconf 90' lang='lat' dir='ltr'><strong>est</strong></span> <span class='ocrx_word' id='word_1_143' title='bbox 3011 569 3279 634; x_wconf 83' lang='lat' dir='ltr'><strong>divinitas,</strong></span> <span class='ocrx_word' id='word_1_144' title='bbox 3305 571 3398 624; x_wconf 88' lang='lat' dir='ltr'><strong>sed</strong></span> <span class='ocrx_word' id='word_1_145' title='bbox 3425 567 3594 624; x_wconf 86' lang='lat' dir='ltr'><strong>hono-</strong></span> 
     </span>
    </p>
   </div>
   <div class='ocr_carea' id='block_1_23' title="bbox 2016 654 3591 729">
    <p class='ocr_par' dir='ltr' id='par_1_23' title="bbox 2016 654 3591 729">
     <span class='ocr_line' id='line_1_23' title="bbox 2016 654 3591 729; baseline 0.004 -22"><span class='ocrx_word' id='word_1_146' title='bbox 2016 654 2224 709; x_wconf 88' lang='lat' dir='ltr'><strong>riﬁcata</strong></span> <span class='ocrx_word' id='word_1_147' title='bbox 2261 658 2583 722; x_wconf 88' lang='lat' dir='ltr'><strong>humanitas,</strong></span> <span class='ocrx_word' id='word_1_148' title='bbox 2631 666 2881 715; x_wconf 89' lang='lat' dir='ltr'><strong>manente</strong></span> <span class='ocrx_word' id='word_1_149' title='bbox 2904 660 3236 729; x_wconf 86' lang='lat' dir='ltr'><strong>proprietate</strong></span> <span class='ocrx_word' id='word_1_150' title='bbox 3260 666 3467 713; x_wconf 75' lang='lat' dir='ltr'><strong>natura:</strong></span> <span class='ocrx_word' id='word_1_151' title='bbox 3490 658 3591 713; x_wconf 85' lang='lat' dir='ltr'><strong>hu-</strong></span> 
     </span>
    </p>
   </div>
   <div class='ocr_carea' id='block_1_24' title="bbox 2016 746 3597 818">
    <p class='ocr_par' dir='ltr' id='par_1_24' title="bbox 2016 746 3597 818">
     <span class='ocr_line' id='line_1_24' title="bbox 2016 746 3597 818; baseline 0.002 -21"><span class='ocrx_word' id='word_1_152' title='bbox 2016 760 2208 810; x_wconf 70' lang='lat' dir='ltr'><strong>manm,</strong></span> <span class='ocrx_word' id='word_1_153' title='bbox 2259 754 2319 800; x_wconf 93' lang='lat' dir='ltr'><strong>ut</strong></span> <span class='ocrx_word' id='word_1_154' title='bbox 2343 747 2485 802; x_wconf 88' lang='lat' dir='ltr'><strong>idem</strong></span> <span class='ocrx_word' id='word_1_155' title='bbox 2521 749 2654 816; x_wconf 87' lang='lat' dir='ltr'><strong>ipsc,</strong></span> <span class='ocrx_word' id='word_1_156' title='bbox 2702 748 2791 818; x_wconf 86' lang='lat' dir='ltr'><strong>qui</strong></span> <span class='ocrx_word' id='word_1_157' title='bbox 2832 766 2898 804; x_wconf 86' lang='lat' dir='ltr'><strong>ex</strong></span> <span class='ocrx_word' id='word_1_158' title='bbox 2940 749 3049 803; x_wconf 90' lang='lat' dir='ltr'><strong>Deo</strong></span> <span class='ocrx_word' id='word_1_159' title='bbox 3073 749 3232 815; x_wconf 75' lang='lat' dir='ltr'><strong>Patre</strong></span> <span class='ocrx_word' id='word_1_160' title='bbox 3268 746 3597 803; x_wconf 74' lang='lat' dir='ltr'><strong>mternaliter</strong></span> 
     </span>
    </p>
   </div>
   <div class='ocr_carea' id='block_1_25' title="bbox 2015 840 3599 909">
    <p class='ocr_par' dir='ltr' id='par_1_25' title="bbox 2015 840 3599 909">
     <span class='ocr_line' id='line_1_25' title="bbox 2015 840 3599 909; baseline 0.004 -21"><span class='ocrx_word' id='word_1_161' title='bbox 2015 844 2173 890; x_wconf 88' lang='lat' dir='ltr'><strong>natus</strong></span> <span class='ocrx_word' id='word_1_162' title='bbox 2206 844 2306 903; x_wconf 89' lang='lat' dir='ltr'><strong>est,</strong></span> <span class='ocrx_word' id='word_1_163' title='bbox 2358 854 2423 893; x_wconf 72' lang='lat' dir='ltr'><strong>ex</strong></span> <span class='ocrx_word' id='word_1_164' title='bbox 2450 848 2621 893; x_wconf 85' lang='lat' dir='ltr'><strong>matre</strong></span> <span class='ocrx_word' id='word_1_165' title='bbox 2644 841 2864 908; x_wconf 76' lang='lat' dir='ltr'><strong>Virgine</strong></span> <span class='ocrx_word' id='word_1_166' title='bbox 2892 840 3257 909; x_wconf 84' lang='lat' dir='ltr'><strong>temporaliter</strong></span> <span class='ocrx_word' id='word_1_167' title='bbox 3302 847 3460 895; x_wconf 86' lang='lat' dir='ltr'><strong>natus</strong></span> <span class='ocrx_word' id='word_1_168' title='bbox 3511 855 3599 895; x_wconf 85' lang='lat' dir='ltr'><strong>es—</strong></span> 
     </span>
    </p>
   </div>
   <div class='ocr_carea' id='block_1_26' title="bbox 2017 927 3594 1000">
    <p class='ocr_par' dir='ltr' id='par_1_26' title="bbox 2017 927 3594 1000">
     <span class='ocr_line' id='line_1_26' title="bbox 2017 927 3594 1000; baseline 0.002 -21"><span class='ocrx_word' id='word_1_169' title='bbox 2017 934 2125 980; x_wconf 87' lang='lat' dir='ltr'><strong>set:</strong></span> <span class='ocrx_word' id='word_1_170' title='bbox 2175 935 2236 981; x_wconf 92' lang='lat' dir='ltr'><strong>ut</strong></span> <span class='ocrx_word' id='word_1_171' title='bbox 2260 927 2329 982; x_wconf 89' lang='lat' dir='ltr'><strong>sit</strong></span> <span class='ocrx_word' id='word_1_172' title='bbox 2361 943 2545 983; x_wconf 87' lang='lat' dir='ltr'><strong>verum</strong></span> <span class='ocrx_word' id='word_1_173' title='bbox 2577 930 2719 997; x_wconf 88' lang='lat' dir='ltr'><strong>quod</strong></span> <span class='ocrx_word' id='word_1_174' title='bbox 2751 938 2931 983; x_wconf 88' lang='lat' dir='ltr'><strong>tantus</strong></span> <span class='ocrx_word' id='word_1_175' title='bbox 2959 930 3297 1000; x_wconf 86' lang='lat' dir='ltr'><strong>Evangelista</strong></span> <span class='ocrx_word' id='word_1_176' title='bbox 3321 929 3422 984; x_wconf 86' lang='lat' dir='ltr'><strong>ait:</strong></span> <span class='ocrx_word' id='word_1_177' title='bbox 3469 927 3594 984; x_wconf 82' lang='lat' dir='ltr'><strong>Ver-</strong></span> 
     </span>
    </p>
   </div>
   <div class='ocr_carea' id='block_1_27' title="bbox 2018 1016 3598 1089">
    <p class='ocr_par' dir='ltr' id='par_1_27' title="bbox 2018 1016 3598 1089">
     <span class='ocr_line' id='line_1_27' title="bbox 2018 1016 3598 1089; baseline 0.002 -20"><span class='ocrx_word' id='word_1_178' title='bbox 2018 1016 2138 1069; x_wconf 89' lang='lat' dir='ltr'><strong>bum</strong></span> <span class='ocrx_word' id='word_1_179' title='bbox 2163 1033 2285 1071; x_wconf 87' lang='lat' dir='ltr'><strong>caro</strong></span> <span class='ocrx_word' id='word_1_180' title='bbox 2301 1017 2498 1084; x_wconf 84' lang='lat' dir='ltr'><strong>factum</strong></span> <span class='ocrx_word' id='word_1_181' title='bbox 2517 1028 2611 1072; x_wconf 85' lang='lat' dir='ltr'><strong>est.</strong></span> <span class='ocrx_word' id='word_1_182' title='bbox 2656 1019 2713 1073; x_wconf 89' lang='lat' dir='ltr'><strong>Si</strong></span> <span class='ocrx_word' id='word_1_183' title='bbox 2745 1020 3058 1074; x_wconf 71' lang='lat' dir='ltr'><strong>Deushomo</strong></span> <span class='ocrx_word' id='word_1_184' title='bbox 3082 1018 3253 1074; x_wconf 85' lang='lat' dir='ltr'><strong>factus</strong></span> <span class='ocrx_word' id='word_1_185' title='bbox 3278 1027 3381 1085; x_wconf 90' lang='lat' dir='ltr'><strong>est,</strong></span> <span class='ocrx_word' id='word_1_186' title='bbox 3414 1020 3598 1089; x_wconf 80' lang='lat' dir='ltr'><strong>utique</strong></span> 
     </span>
    </p>
   </div>
   <div class='ocr_carea' id='block_1_28' title="bbox 2019 1106 3594 1180">
    <p class='ocr_par' dir='ltr' id='par_1_28' title="bbox 2019 1106 3594 1180">
     <span class='ocr_line' id='line_1_28' title="bbox 2019 1106 3594 1180; baseline 0.003 -22"><span class='ocrx_word' id='word_1_187' title='bbox 2019 1106 2180 1160; x_wconf 87' lang='lat' dir='ltr'><strong>homo</strong></span> <span class='ocrx_word' id='word_1_188' title='bbox 2218 1107 2360 1162; x_wconf 88' lang='lat' dir='ltr'><strong>Deus</strong></span> <span class='ocrx_word' id='word_1_189' title='bbox 2404 1106 2578 1163; x_wconf 83' lang='lat' dir='ltr'><strong>factus</strong></span> <span class='ocrx_word' id='word_1_190' title='bbox 2615 1116 2718 1173; x_wconf 87' lang='lat' dir='ltr'><strong>est,</strong></span> <span class='ocrx_word' id='word_1_191' title='bbox 2765 1117 2987 1179; x_wconf 83' lang='lat' dir='ltr'><strong>propter</strong></span> <span class='ocrx_word' id='word_1_192' title='bbox 3030 1111 3293 1165; x_wconf 85' lang='lat' dir='ltr'><strong>unitatem</strong></span> <span class='ocrx_word' id='word_1_193' title='bbox 3326 1124 3594 1180; x_wconf 72' lang='lat' dir='ltr'><strong>personm,</strong></span> 
     </span>
    </p>
   </div>
   <div class='ocr_carea' id='block_1_29' title="bbox 2018 1200 3597 1272">
    <p class='ocr_par' dir='ltr' id='par_1_29' title="bbox 2018 1200 3597 1272">
     <span class='ocr_line' id='line_1_29' title="bbox 2018 1200 3597 1272; baseline 0.001 -20"><span class='ocrx_word' id='word_1_194' title='bbox 2018 1207 2078 1253; x_wconf 87' lang='lat' dir='ltr'><strong>ut</strong></span> <span class='ocrx_word' id='word_1_195' title='bbox 2105 1200 2178 1253; x_wconf 87' lang='lat' dir='ltr'><strong>sit</strong></span> <span class='ocrx_word' id='word_1_196' title='bbox 2204 1214 2268 1254; x_wconf 79' lang='lat' dir='ltr'><strong>ex</strong></span> <span class='ocrx_word' id='word_1_197' title='bbox 2296 1201 2442 1255; x_wconf 90' lang='lat' dir='ltr'><strong>omni</strong></span> <span class='ocrx_word' id='word_1_198' title='bbox 2466 1210 2619 1272; x_wconf 88' lang='lat' dir='ltr'><strong>parte</strong></span> <span class='ocrx_word' id='word_1_199' title='bbox 2656 1203 2860 1257; x_wconf 86' lang='lat' dir='ltr'><strong>veritas</strong></span> <span class='ocrx_word' id='word_1_200' title='bbox 2882 1204 2936 1256; x_wconf 92' lang='lat' dir='ltr'><strong>in</strong></span> <span class='ocrx_word' id='word_1_201' title='bbox 2963 1203 3179 1258; x_wconf 85' lang='lat' dir='ltr'><strong>Christo</strong></span> <span class='ocrx_word' id='word_1_202' title='bbox 3208 1202 3336 1259; x_wconf 81' lang='lat' dir='ltr'><strong>.lesu</strong></span> <span class='ocrx_word' id='word_1_203' title='bbox 3368 1203 3597 1258; x_wconf 80' lang='lat' dir='ltr'><strong>Domino</strong></span> 
     </span>
    </p>
   </div>
   <div class='ocr_carea' id='block_1_30' title="bbox 2020 1289 3597 1363">
    <p class='ocr_par' dir='ltr' id='par_1_30' title="bbox 2020 1289 3597 1363">
     <span class='ocr_line' id='line_1_30' title="bbox 2020 1289 3597 1363; baseline 0.001 -21"><span class='ocrx_word' id='word_1_204' title='bbox 2020 1296 2227 1343; x_wconf 91' lang='lat' dir='ltr'><strong>nostro.</strong></span> <span class='ocrx_word' id='word_1_205' title='bbox 2290 1289 2343 1345; x_wconf 91' lang='lat' dir='ltr'><strong>Si</strong></span> <span class='ocrx_word' id='word_1_206' title='bbox 2390 1292 2555 1360; x_wconf 82' lang='lat' dir='ltr'><strong>igitur</strong></span> <span class='ocrx_word' id='word_1_207' title='bbox 2579 1292 2760 1356; x_wconf 90' lang='lat' dir='ltr'><strong>homo,</strong></span> <span class='ocrx_word' id='word_1_208' title='bbox 2790 1293 2878 1362; x_wconf 86' lang='lat' dir='ltr'><strong>qui</strong></span> <span class='ocrx_word' id='word_1_209' title='bbox 2924 1303 3229 1363; x_wconf 88' lang='lat' dir='ltr'><strong>assumptus</strong></span> <span class='ocrx_word' id='word_1_210' title='bbox 3257 1303 3341 1349; x_wconf 91' lang='lat' dir='ltr'><strong>est</strong></span> <span class='ocrx_word' id='word_1_211' title='bbox 3363 1310 3394 1348; x_wconf 89' lang='lat' dir='ltr'><strong>a</strong></span> <span class='ocrx_word' id='word_1_212' title='bbox 3417 1294 3597 1350; x_wconf 75' lang='lat' dir='ltr'><strong>Verbo</strong></span> 
     </span>
    </p>
   </div>
   <div class='ocr_carea' id='block_1_31' title="bbox 2020 1378 3595 1452">
    <p class='ocr_par' dir='ltr' id='par_1_31' title="bbox 2020 1378 3595 1452">
     <span class='ocr_line' id='line_1_31' title="bbox 2020 1378 3595 1452; baseline 0.003 -20"><span class='ocrx_word' id='word_1_213' title='bbox 2020 1378 2135 1443; x_wconf 86' lang='lat' dir='ltr'><strong>Dei,</strong></span> <span class='ocrx_word' id='word_1_214' title='bbox 2164 1378 2305 1434; x_wconf 89' lang='lat' dir='ltr'><strong>Deus</strong></span> <span class='ocrx_word' id='word_1_215' title='bbox 2329 1389 2411 1435; x_wconf 88' lang='lat' dir='ltr'><strong>est</strong></span> <span class='ocrx_word' id='word_1_216' title='bbox 2441 1383 2851 1450; x_wconf 88' lang='lat' dir='ltr'><strong>nuncupativus,</strong></span> <span class='ocrx_word' id='word_1_217' title='bbox 2881 1383 3004 1452; x_wconf 90' lang='lat' dir='ltr'><strong>quia</strong></span> <span class='ocrx_word' id='word_1_218' title='bbox 3026 1383 3128 1437; x_wconf 92' lang='lat' dir='ltr'><strong>alia</strong></span> <span class='ocrx_word' id='word_1_219' title='bbox 3152 1396 3346 1439; x_wconf 90' lang='lat' dir='ltr'><strong>natura</strong></span> <span class='ocrx_word' id='word_1_220' title='bbox 3383 1394 3467 1439; x_wconf 91' lang='lat' dir='ltr'><strong>est</strong></span> <span class='ocrx_word' id='word_1_221' title='bbox 3493 1385 3595 1439; x_wconf 87' lang='lat' dir='ltr'><strong>hu—</strong></span> 
     </span>
    </p>
   </div>
   <div class='ocr_carea' id='block_1_32' title="bbox 2019 1471 3600 1546">
    <p class='ocr_par' dir='ltr' id='par_1_32' title="bbox 2019 1471 3600 1546">
     <span class='ocr_line' id='line_1_32' title="bbox 2019 1471 3600 1546; baseline 0.003 -22"><span class='ocrx_word' id='word_1_222' title='bbox 2019 1471 2316 1535; x_wconf 86' lang='lat' dir='ltr'><strong>manitatis,</strong></span> <span class='ocrx_word' id='word_1_223' title='bbox 2361 1472 2463 1527; x_wconf 91' lang='lat' dir='ltr'><strong>alia</strong></span> <span class='ocrx_word' id='word_1_224' title='bbox 2511 1472 2836 1539; x_wconf 86' lang='lat' dir='ltr'><strong>divinitatis;</strong></span> <span class='ocrx_word' id='word_1_225' title='bbox 2889 1490 3225 1546; x_wconf 90' lang='lat' dir='ltr'><strong>consequens</strong></span> <span class='ocrx_word' id='word_1_226' title='bbox 3262 1474 3494 1541; x_wconf 89' lang='lat' dir='ltr'><strong>videtur,</strong></span> <span class='ocrx_word' id='word_1_227' title='bbox 3541 1486 3600 1529; x_wconf 89' lang='lat' dir='ltr'><strong>ut</strong></span> 
     </span>
    </p>
   </div>
   <div class='ocr_carea' id='block_1_33' title="bbox 2021 1560 3595 1636">
    <p class='ocr_par' dir='ltr' id='par_1_33' title="bbox 2021 1560 3595 1636">
     <span class='ocr_line' id='line_1_33' title="bbox 2021 1560 3595 1636; baseline 0.003 -21"><span class='ocrx_word' id='word_1_228' title='bbox 2021 1560 2184 1626; x_wconf 88' lang='lat' dir='ltr'><strong>Deus,</strong></span> <span class='ocrx_word' id='word_1_229' title='bbox 2236 1565 2327 1633; x_wconf 89' lang='lat' dir='ltr'><strong>qui</strong></span> <span class='ocrx_word' id='word_1_230' title='bbox 2352 1562 2622 1619; x_wconf 91' lang='lat' dir='ltr'><strong>hominem</strong></span> <span class='ocrx_word' id='word_1_231' title='bbox 2669 1567 2979 1636; x_wconf 86' lang='lat' dir='ltr'><strong>assumpsit,</strong></span> <span class='ocrx_word' id='word_1_232' title='bbox 3025 1568 3186 1621; x_wconf 92' lang='lat' dir='ltr'><strong>homo</strong></span> <span class='ocrx_word' id='word_1_233' title='bbox 3224 1567 3296 1621; x_wconf 92' lang='lat' dir='ltr'><strong>sit</strong></span> <span class='ocrx_word' id='word_1_234' title='bbox 3324 1581 3595 1635; x_wconf 88' lang='lat' dir='ltr'><strong>nuncupa-</strong></span> 
     </span>
    </p>
   </div>
   <div class='ocr_carea' id='block_1_34' title="bbox 2022 1652 3594 1728">
    <p class='ocr_par' dir='ltr' id='par_1_34' title="bbox 2022 1652 3594 1728">
     <span class='ocr_line' id='line_1_34' title="bbox 2022 1652 3594 1728; baseline 0.003 -23"><span class='ocrx_word' id='word_1_235' title='bbox 2022 1652 2184 1719; x_wconf 88' lang='lat' dir='ltr'><strong>tivus,</strong></span> <span class='ocrx_word' id='word_1_236' title='bbox 2244 1661 2301 1708; x_wconf 89' lang='lat' dir='ltr'><strong>et</strong></span> <span class='ocrx_word' id='word_1_237' title='bbox 2355 1670 2463 1709; x_wconf 93' lang='lat' dir='ltr'><strong>non</strong></span> <span class='ocrx_word' id='word_1_238' title='bbox 2505 1663 2685 1725; x_wconf 87' lang='lat' dir='ltr'><strong>potest</strong></span> <span class='ocrx_word' id='word_1_239' title='bbox 2722 1663 2886 1720; x_wconf 89' lang='lat' dir='ltr'><strong>stare,</strong></span> <span class='ocrx_word' id='word_1_240' title='bbox 2934 1658 3077 1727; x_wconf 88' lang='lat' dir='ltr'><strong>quod</strong></span> <span class='ocrx_word' id='word_1_241' title='bbox 3126 1657 3453 1728; x_wconf 84' lang='lat' dir='ltr'><strong>evangelista</strong></span> <span class='ocrx_word' id='word_1_242' title='bbox 3490 1658 3594 1712; x_wconf 87' lang='lat' dir='ltr'><strong>ait:</strong></span> 
     </span>
    </p>
   </div>
   <div class='ocr_carea' id='block_1_35' title="bbox 325 1740 3601 1823">
    <p class='ocr_par' dir='ltr' id='par_1_35' title="bbox 325 1740 3601 1823">
     <span class='ocr_line' id='line_1_35' title="bbox 325 1740 3601 1823; baseline 0.002 -25"><span class='ocrx_word' id='word_1_243' title='bbox 325 1742 630 1808; x_wconf 80' lang='lat' dir='ltr'><strong>dicaverat,</strong></span> <span class='ocrx_word' id='word_1_244' title='bbox 652 1742 746 1797; x_wconf 87' lang='lat' dir='ltr'><strong>sed</strong></span> <span class='ocrx_word' id='word_1_245' title='bbox 766 1742 1196 1814; x_wconf 87' lang='lat' dir='ltr'><strong>angelisquoque</strong></span> <span class='ocrx_word' id='word_1_246' title='bbox 1207 1744 1492 1799; x_wconf 85' lang='lat' dir='ltr'><strong>anathema</strong></span> <span class='ocrx_word' id='word_1_247' title='bbox 1514 1744 1738 1799; x_wconf 87' lang='lat' dir='ltr'><strong>minavit</strong></span> <span class='ocrx_word' id='word_1_248' title='bbox 1759 1741 1913 1816; x_wconf 82' lang='lat' dir='ltr'><strong>[Cod.</strong></span> <span class='ocrx_word' id='word_1_249' title='bbox 1949 1740 2003 1799; x_wconf 74' lang='grc' dir='ltr'><strong>Β</strong></span> <span class='ocrx_word' id='word_1_250' title='bbox 2029 1744 2263 1800; x_wconf 77' lang='lat' dir='ltr'><strong>Verbum</strong></span> <span class='ocrx_word' id='word_1_251' title='bbox 2282 1764 2406 1802; x_wconf 85' lang='lat' dir='ltr'><strong>caro</strong></span> <span class='ocrx_word' id='word_1_252' title='bbox 2435 1747 2633 1818; x_wconf 83' lang='lat' dir='ltr'><strong>factum</strong></span> <span class='ocrx_word' id='word_1_253' title='bbox 2659 1758 2754 1804; x_wconf 89' lang='lat' dir='ltr'><strong>est.</strong></span> <span class='ocrx_word' id='word_1_254' title='bbox 2811 1750 3072 1806; x_wconf 90' lang='lat' dir='ltr'><strong>Similiter</strong></span> <span class='ocrx_word' id='word_1_255' title='bbox 3098 1752 3499 1823; x_wconf 88' lang='lat' dir='ltr'><strong>intelligendum</strong></span> <span class='ocrx_word' id='word_1_256' title='bbox 3518 1761 3601 1807; x_wconf 89' lang='lat' dir='ltr'><strong>est</strong></span> 
     </span>
    </p>
   </div>
   <div class='ocr_carea' id='block_1_36' title="bbox 343 1835 1923 1911">
    <p class='ocr_par' dir='ltr' id='par_1_36' title="bbox 343 1835 1923 1911">
     <span class='ocr_line' id='line_1_36' title="bbox 343 1835 1923 1911; baseline 0.002 -22"><span class='ocrx_word' id='word_1_257' title='bbox 343 1835 495 1901; x_wconf 64' lang='grc' dir='ltr'><strong>ναι,</strong></span> <span class='ocrx_word' id='word_1_258' title='bbox 524 1836 1049 1911; x_wconf 86' lang='lat' dir='ltr'><strong>anathematizavit],</strong></span> <span class='ocrx_word' id='word_1_259' title='bbox 1104 1838 1150 1892; x_wconf 89' lang='lat' dir='ltr'><strong>si</strong></span> <span class='ocrx_word' id='word_1_260' title='bbox 1176 1838 1300 1894; x_wconf 92' lang='lat' dir='ltr'><strong>novi</strong></span> <span class='ocrx_word' id='word_1_261' title='bbox 1340 1836 1543 1908; x_wconf 90' lang='lat' dir='ltr'><strong>aliquid</strong></span> <span class='ocrx_word' id='word_1_262' title='bbox 1569 1838 1923 1893; x_wconf 87' lang='lat' dir='ltr'><strong>immisissent</strong></span> 
     </span>
    </p>
   </div>
   <div class='ocr_carea' id='block_1_37' title="bbox 326 1927 1918 1999">
    <p class='ocr_par' dir='ltr' id='par_1_37' title="bbox 326 1927 1918 1999">
     <span class='ocr_line' id='line_1_37' title="bbox 326 1927 1918 1999; baseline -0.001 -15"><span class='ocrx_word' id='word_1_263' title='bbox 326 1928 385 1985; x_wconf 90' lang='lat' dir='ltr'><strong>in</strong></span> <span class='ocrx_word' id='word_1_264' title='bbox 412 1927 803 1997; x_wconf 66' lang='lat' dir='ltr'><strong>praedicatione</strong></span> <span class='ocrx_word' id='word_1_265' title='bbox 830 1928 1138 1998; x_wconf 74' lang='lat' dir='ltr'><strong>apostolica:</strong></span> <span class='ocrx_word' id='word_1_266' title='bbox 1166 1928 1532 1985; x_wconf 81' lang='lat' dir='ltr'><strong>auctoritatis:</strong></span> <span class='ocrx_word' id='word_1_267' title='bbox 1590 1944 1751 1998; x_wconf 89' lang='lat' dir='ltr'><strong>quam</strong></span> <span class='ocrx_word' id='word_1_268' title='bbox 1780 1944 1918 1999; x_wconf 64' lang='lat' dir='ltr'><strong>prte-</strong></span> 
     </span>
    </p>
   </div>
   <div class='ocr_carea' id='block_1_38' title="bbox 328 2019 1915 2093">
    <p class='ocr_par' dir='ltr' id='par_1_38' title="bbox 328 2019 1915 2093">
     <span class='ocr_line' id='line_1_38' title="bbox 328 2019 1915 2093; baseline -0.005 -12"><span class='ocrx_word' id='word_1_269' title='bbox 328 2025 665 2081; x_wconf 87' lang='lat' dir='ltr'><strong>dicationem</strong></span> <span class='ocrx_word' id='word_1_270' title='bbox 705 2020 1030 2093; x_wconf 71' lang='lat' dir='ltr'><strong>evangelica:</strong></span> <span class='ocrx_word' id='word_1_271' title='bbox 1053 2020 1308 2075; x_wconf 78' lang='lat' dir='ltr'><strong>veritatis</strong></span> <span class='ocrx_word' id='word_1_272' title='bbox 1343 2034 1449 2074; x_wconf 92' lang='lat' dir='ltr'><strong>non</strong></span> <span class='ocrx_word' id='word_1_273' title='bbox 1494 2034 1552 2074; x_wconf 92' lang='lat' dir='ltr'><strong>se</strong></span> <span class='ocrx_word' id='word_1_274' title='bbox 1577 2019 1647 2074; x_wconf 91' lang='lat' dir='ltr'><strong>ab</strong></span> <span class='ocrx_word' id='word_1_275' title='bbox 1681 2019 1915 2074; x_wconf 87' lang='lat' dir='ltr'><strong>homini-</strong></span> 
     </span>
    </p>
   </div>
   <div class='ocr_carea' id='block_1_39' title="bbox 331 2110 1922 2186">
    <p class='ocr_par' dir='ltr' id='par_1_39' title="bbox 331 2110 1922 2186">
     <span class='ocr_line' id='line_1_39' title="bbox 331 2110 1922 2186; baseline -0.008 -11"><span class='ocrx_word' id='word_1_276' title='bbox 331 2119 459 2184; x_wconf 88' lang='lat' dir='ltr'><strong>bus,</strong></span> <span class='ocrx_word' id='word_1_277' title='bbox 504 2118 600 2174; x_wconf 85' lang='lat' dir='ltr'><strong>sed</strong></span> <span class='ocrx_word' id='word_1_278' title='bbox 635 2118 701 2171; x_wconf 90' lang='lat' dir='ltr'><strong>ab</strong></span> <span class='ocrx_word' id='word_1_279' title='bbox 728 2117 846 2186; x_wconf 91' lang='lat' dir='ltr'><strong>ipso</strong></span> <span class='ocrx_word' id='word_1_280' title='bbox 871 2114 1100 2170; x_wconf 90' lang='lat' dir='ltr'><strong>Domino</strong></span> <span class='ocrx_word' id='word_1_281' title='bbox 1120 2121 1303 2168; x_wconf 87' lang='lat' dir='ltr'><strong>nostro</strong></span> <span class='ocrx_word' id='word_1_282' title='bbox 1338 2111 1463 2167; x_wconf 80' lang='lat' dir='ltr'><strong>Jesu</strong></span> <span class='ocrx_word' id='word_1_283' title='bbox 1517 2111 1739 2167; x_wconf 83' lang='lat' dir='ltr'><strong>Christo</strong></span> <span class='ocrx_word' id='word_1_284' title='bbox 1783 2110 1922 2166; x_wconf 90' lang='lat' dir='ltr'><strong>didi-</strong></span> 
     </span>
    </p>
   </div>
   <div class='ocr_carea' id='block_1_40' title="bbox 329 2200 1920 2275">
    <p class='ocr_par' dir='ltr' id='par_1_40' title="bbox 329 2200 1920 2275">
     <span class='ocr_line' id='line_1_40' title="bbox 329 2200 1920 2275; baseline -0.008 -8"><span class='ocrx_word' id='word_1_285' title='bbox 329 2212 474 2267; x_wconf 81' lang='lat' dir='ltr'><strong>cisse</strong></span> <span class='ocrx_word' id='word_1_286' title='bbox 515 2217 765 2273; x_wconf 75' lang='lat' dir='ltr'><strong>testatur,</strong></span> <span class='ocrx_word' id='word_1_287' title='bbox 803 2207 895 2263; x_wconf 90' lang='lat' dir='ltr'><strong>ubi</strong></span> <span class='ocrx_word' id='word_1_288' title='bbox 932 2206 1038 2261; x_wconf 89' lang='lat' dir='ltr'><strong>ait:</strong></span> <span class='ocrx_word' id='word_1_289' title='bbox 1095 2204 1275 2275; x_wconf 84' lang='lat' dir='ltr'><strong>Neque</strong></span> <span class='ocrx_word' id='word_1_290' title='bbox 1305 2204 1443 2259; x_wconf 88' lang='lat' dir='ltr'><strong>enim</strong></span> <span class='ocrx_word' id='word_1_291' title='bbox 1491 2220 1585 2274; x_wconf 86' lang='lat' dir='ltr'><strong>ego</strong></span> <span class='ocrx_word' id='word_1_292' title='bbox 1619 2202 1683 2256; x_wconf 90' lang='lat' dir='ltr'><strong>ab</strong></span> <span class='ocrx_word' id='word_1_293' title='bbox 1712 2200 1920 2255; x_wconf 84' lang='lat' dir='ltr'><strong>homine</strong></span> 
     </span>
    </p>
   </div>
   <div class='ocr_carea' id='block_1_41' title="bbox 332 2289 1921 2371">
    <p class='ocr_par' dir='ltr' id='par_1_41' title="bbox 332 2289 1921 2371">
     <span class='ocr_line' id='line_1_41' title="bbox 332 2289 1921 2371; baseline -0.006 -17"><span class='ocrx_word' id='word_1_294' title='bbox 332 2302 512 2371; x_wconf 80' lang='lat' dir='ltr'><strong>accepi</strong></span> <span class='ocrx_word' id='word_1_295' title='bbox 542 2298 699 2363; x_wconf 85' lang='lat' dir='ltr'><strong>illud,</strong></span> <span class='ocrx_word' id='word_1_296' title='bbox 728 2313 890 2368; x_wconf 85' lang='lat' dir='ltr'><strong>neque</strong></span> <span class='ocrx_word' id='word_1_297' title='bbox 909 2295 1091 2361; x_wconf 82' lang='lat' dir='ltr'><strong>didici,</strong></span> <span class='ocrx_word' id='word_1_298' title='bbox 1117 2293 1208 2349; x_wconf 88' lang='lat' dir='ltr'><strong>sed</strong></span> <span class='ocrx_word' id='word_1_299' title='bbox 1258 2310 1352 2364; x_wconf 89' lang='lat' dir='ltr'><strong>per</strong></span> <span class='ocrx_word' id='word_1_300' title='bbox 1400 2292 1763 2348; x_wconf 78' lang='lat' dir='ltr'><strong>reuelationem</strong></span> <span class='ocrx_word' id='word_1_301' title='bbox 1789 2289 1921 2345; x_wconf 79' lang='lat' dir='ltr'><strong>Iesu</strong></span> 
     </span>
    </p>
   </div>
   <div class='ocr_carea' id='block_1_42' title="bbox 333 2382 1919 2461">
    <p class='ocr_par' dir='ltr' id='par_1_42' title="bbox 333 2382 1919 2461">
     <span class='ocr_line' id='line_1_42' title="bbox 333 2382 1919 2461; baseline -0.006 -17"><span class='ocrx_word' id='word_1_302' title='bbox 333 2389 537 2445; x_wconf 79' lang='lat' dir='ltr'><strong>Christi</strong></span> <span class='ocrx_word' id='word_1_303' title='bbox 587 2388 751 2461; x_wconf 82' lang='lat' dir='ltr'><strong>(Ibid.</strong></span> <span class='ocrx_word' id='word_1_304' title='bbox 804 2387 916 2456; x_wconf 74' lang='lat'><strong>{2).</strong></span> <span class='ocrx_word' id='word_1_305' title='bbox 973 2384 1147 2439; x_wconf 79' lang='lat' dir='ltr'><strong>Aliter</strong></span> <span class='ocrx_word' id='word_1_306' title='bbox 1192 2385 1469 2454; x_wconf 68' lang='lat' dir='ltr'><strong>praedicat,</strong></span> <span class='ocrx_word' id='word_1_307' title='bbox 1516 2384 1607 2453; x_wconf 87' lang='lat' dir='ltr'><strong>qui</strong></span> <span class='ocrx_word' id='word_1_308' title='bbox 1643 2382 1919 2438; x_wconf 89' lang='lat' dir='ltr'><strong>Christum</strong></span> 
     </span>
    </p>
   </div>
   <div class='ocr_carea' id='block_1_43' title="bbox 331 2473 1920 2551">
    <p class='ocr_par' dir='ltr' id='par_1_43' title="bbox 331 2473 1920 2551">
     <span class='ocr_line' id='line_1_43' title="bbox 331 2473 1920 2551; baseline -0.006 -16"><span class='ocrx_word' id='word_1_309' title='bbox 331 2480 651 2551; x_wconf 85' lang='lat' dir='ltr'><strong>adoptivum</strong></span> <span class='ocrx_word' id='word_1_310' title='bbox 694 2476 940 2533; x_wconf 87' lang='lat' dir='ltr'><strong>nominat</strong></span> <span class='ocrx_word' id='word_1_311' title='bbox 961 2475 1159 2530; x_wconf 86' lang='lat' dir='ltr'><strong>Filium</strong></span> <span class='ocrx_word' id='word_1_312' title='bbox 1195 2474 1309 2537; x_wconf 89' lang='lat' dir='ltr'><strong>Dei,</strong></span> <span class='ocrx_word' id='word_1_313' title='bbox 1343 2489 1501 2543; x_wconf 89' lang='lat' dir='ltr'><strong>quem</strong></span> <span class='ocrx_word' id='word_1_314' title='bbox 1533 2473 1619 2529; x_wconf 90' lang='lat' dir='ltr'><strong>ille</strong></span> <span class='ocrx_word' id='word_1_315' title='bbox 1642 2474 1920 2542; x_wconf 91' lang='lat' dir='ltr'><strong>proprium</strong></span> 
     </span>
    </p>
   </div>
   <div class='ocr_carea' id='block_1_44' title="bbox 332 2565 1922 2637">
    <p class='ocr_par' dir='ltr' id='par_1_44' title="bbox 332 2565 1922 2637">
     <span class='ocr_line' id='line_1_44' title="bbox 332 2565 1922 2637; baseline -0.008 -6"><span class='ocrx_word' id='word_1_316' title='bbox 332 2575 533 2631; x_wconf 80' lang='lat' dir='ltr'><strong>Filium</strong></span> <span class='ocrx_word' id='word_1_317' title='bbox 548 2572 648 2628; x_wconf 85' lang='lat' dir='ltr'><strong>Dei</strong></span> <span class='ocrx_word' id='word_1_318' title='bbox 670 2569 983 2626; x_wconf 85' lang='lat' dir='ltr'><strong>nominavit.</strong></span> <span class='ocrx_word' id='word_1_319' title='bbox 1034 2568 1206 2623; x_wconf 79' lang='lat' dir='ltr'><strong>Aliter</strong></span> <span class='ocrx_word' id='word_1_320' title='bbox 1223 2567 1500 2637; x_wconf 60' lang='lat' dir='ltr'><strong>praedicat,</strong></span> <span class='ocrx_word' id='word_1_321' title='bbox 1530 2566 1621 2636; x_wconf 85' lang='lat' dir='ltr'><strong>qui</strong></span> <span class='ocrx_word' id='word_1_322' title='bbox 1644 2565 1922 2621; x_wconf 87' lang='lat' dir='ltr'><strong>Christum</strong></span> 
     </span>
    </p>
   </div>
   <div class='ocr_carea' id='block_1_45' title="bbox 330 2656 1925 2731">
    <p class='ocr_par' dir='ltr' id='par_1_45' title="bbox 330 2656 1925 2731">
     <span class='ocr_line' id='line_1_45' title="bbox 330 2656 1925 2731; baseline -0.008 -9"><span class='ocrx_word' id='word_1_323' title='bbox 330 2667 520 2724; x_wconf 71' lang='lat' dir='ltr'><strong>Iesum</strong></span> <span class='ocrx_word' id='word_1_324' title='bbox 532 2665 705 2721; x_wconf 82' lang='lat' dir='ltr'><strong>Deum</strong></span> <span class='ocrx_word' id='word_1_325' title='bbox 723 2660 1143 2731; x_wconf 89' lang='lat' dir='ltr'><strong>nuncupativum</strong></span> <span class='ocrx_word' id='word_1_326' title='bbox 1168 2658 1429 2723; x_wconf 87' lang='lat' dir='ltr'><strong>nominat,</strong></span> <span class='ocrx_word' id='word_1_327' title='bbox 1454 2672 1615 2728; x_wconf 90' lang='lat' dir='ltr'><strong>quem</strong></span> <span class='ocrx_word' id='word_1_328' title='bbox 1639 2657 1727 2712; x_wconf 92' lang='lat' dir='ltr'><strong>ille</strong></span> <span class='ocrx_word' id='word_1_329' title='bbox 1749 2656 1925 2711; x_wconf 87' lang='lat' dir='ltr'><strong>Deum</strong></span> 
     </span>
    </p>
   </div>
   <div class='ocr_carea' id='block_1_46' title="bbox 333 2748 1925 2832">
    <p class='ocr_par' dir='ltr' id='par_1_46' title="bbox 333 2748 1925 2832">
     <span class='ocr_line' id='line_1_46' title="bbox 333 2748 1925 2832; baseline -0.009 -15"><span class='ocrx_word' id='word_1_330' title='bbox 333 2774 501 2832; x_wconf 81' lang='lat' dir='ltr'><strong>super</strong></span> <span class='ocrx_word' id='word_1_331' title='bbox 534 2756 718 2815; x_wconf 89' lang='lat' dir='ltr'><strong>omnia</strong></span> <span class='ocrx_word' id='word_1_332' title='bbox 744 2754 1085 2812; x_wconf 90' lang='lat' dir='ltr'><strong>benedictum</strong></span> <span class='ocrx_word' id='word_1_333' title='bbox 1142 2751 1460 2808; x_wconf 79' lang='lat' dir='ltr'><strong>nominavit.</strong></span> <span class='ocrx_word' id='word_1_334' title='bbox 1533 2751 1601 2805; x_wconf 89' lang='lat' dir='ltr'><strong>Et</strong></span> <span class='ocrx_word' id='word_1_335' title='bbox 1635 2749 1727 2820; x_wconf 91' lang='lat' dir='ltr'><strong>qui</strong></span> <span class='ocrx_word' id='word_1_336' title='bbox 1765 2748 1925 2809; x_wconf 83' lang='lat' dir='ltr'><strong>aliter</strong></span> 
     </span>
    </p>
   </div>
   <div class='ocr_carea' id='block_1_47' title="bbox 333 2841 1919 2925">
    <p class='ocr_par' dir='ltr' id='par_1_47' title="bbox 333 2841 1919 2925">
     <span class='ocr_line' id='line_1_47' title="bbox 333 2841 1919 2925; baseline -0.009 -17"><span class='ocrx_word' id='word_1_337' title='bbox 333 2851 618 2925; x_wconf 66' lang='lat' dir='ltr'><strong>praedicat,</strong></span> <span class='ocrx_word' id='word_1_338' title='bbox 665 2849 854 2903; x_wconf 87' lang='lat' dir='ltr'><strong>timeat</strong></span> <span class='ocrx_word' id='word_1_339' title='bbox 890 2844 1201 2916; x_wconf 68' lang='lat' dir='ltr'><strong>apostolicae</strong></span> <span class='ocrx_word' id='word_1_340' title='bbox 1225 2842 1563 2899; x_wconf 80' lang='lat' dir='ltr'><strong>auctoritatis</strong></span> <span class='ocrx_word' id='word_1_341' title='bbox 1601 2841 1919 2907; x_wconf 88' lang='lat' dir='ltr'><strong>anathema;</strong></span> 
     </span>
    </p>
   </div>
   <div class='ocr_carea' id='block_1_48' title="bbox 334 2932 1923 3010">
    <p class='ocr_par' dir='ltr' id='par_1_48' title="bbox 334 2932 1923 3010">
     <span class='ocr_line' id='line_1_48' title="bbox 334 2932 1923 3010; baseline -0.009 -9"><span class='ocrx_word' id='word_1_342' title='bbox 334 2960 447 3001; x_wconf 84' lang='lat' dir='ltr'><strong>non</strong></span> <span class='ocrx_word' id='word_1_343' title='bbox 475 2941 653 2999; x_wconf 84' lang='lat' dir='ltr'><strong>solum</strong></span> <span class='ocrx_word' id='word_1_344' title='bbox 675 2938 923 3010; x_wconf 90' lang='lat' dir='ltr'><strong>apostoli,</strong></span> <span class='ocrx_word' id='word_1_345' title='bbox 961 2936 1056 2992; x_wconf 91' lang='lat' dir='ltr'><strong>sed</strong></span> <span class='ocrx_word' id='word_1_346' title='bbox 1083 2935 1249 2990; x_wconf 90' lang='lat' dir='ltr'><strong>etiam</strong></span> <span class='ocrx_word' id='word_1_347' title='bbox 1295 2934 1393 2989; x_wconf 84' lang='lat' dir='ltr'><strong>Dei</strong></span> <span class='ocrx_word' id='word_1_348' title='bbox 1415 2932 1637 2996; x_wconf 86' lang='lat' dir='ltr'><strong>Christi,</strong></span> <span class='ocrx_word' id='word_1_349' title='bbox 1675 2946 1834 3000; x_wconf 87' lang='lat' dir='ltr'><strong>quem</strong></span> <span class='ocrx_word' id='word_1_350' title='bbox 1868 2933 1923 2987; x_wconf 95' lang='lat' dir='ltr'><strong>in</strong></span> 
     </span>
    </p>
   </div>
   <div class='ocr_carea' id='block_1_49' title="bbox 2016 1838 3602 1914">
    <p class='ocr_par' dir='ltr' id='par_1_49' title="bbox 2016 1838 3602 1914">
     <span class='ocr_line' id='line_1_49' title="bbox 2016 1838 3602 1914; baseline 0.006 -24"><span class='ocrx_word' id='word_1_351' title='bbox 2016 1851 2175 1892; x_wconf 89' lang='lat' dir='ltr'><strong>versa</strong></span> <span class='ocrx_word' id='word_1_352' title='bbox 2211 1838 2327 1893; x_wconf 90' lang='lat' dir='ltr'><strong>vice</strong></span> <span class='ocrx_word' id='word_1_353' title='bbox 2348 1838 2746 1909; x_wconf 89' lang='lat' dir='ltr'><strong>deadoptione:</strong></span> <span class='ocrx_word' id='word_1_354' title='bbox 2793 1842 2839 1897; x_wconf 91' lang='lat' dir='ltr'><strong>si</strong></span> <span class='ocrx_word' id='word_1_355' title='bbox 2883 1842 3003 1897; x_wconf 84' lang='lat' dir='ltr'><strong>ideo</strong></span> <span class='ocrx_word' id='word_1_356' title='bbox 3048 1843 3135 1897; x_wconf 91' lang='lat' dir='ltr'><strong>ille</strong></span> <span class='ocrx_word' id='word_1_357' title='bbox 3160 1843 3341 1910; x_wconf 88' lang='lat' dir='ltr'><strong>homo,</strong></span> <span class='ocrx_word' id='word_1_358' title='bbox 3394 1845 3487 1914; x_wconf 91' lang='lat' dir='ltr'><strong>qui</strong></span> <span class='ocrx_word' id='word_1_359' title='bbox 3513 1860 3602 1899; x_wconf 90' lang='lat' dir='ltr'><strong>as-</strong></span> 
     </span>
    </p>
   </div>
   <div class='ocr_carea' id='block_1_50' title="bbox 2016 1930 3597 2003">
    <p class='ocr_par' dir='ltr' id='par_1_50' title="bbox 2016 1930 3597 2003">
     <span class='ocr_line' id='line_1_50' title="bbox 2016 1930 3597 2003; baseline 0.004 -19"><span class='ocrx_word' id='word_1_360' title='bbox 2016 1936 2263 1998; x_wconf 86' lang='lat' dir='ltr'><strong>sumptus</strong></span> <span class='ocrx_word' id='word_1_361' title='bbox 2292 1937 2397 1993; x_wconf 89' lang='lat' dir='ltr'><strong>est,</strong></span> <span class='ocrx_word' id='word_1_362' title='bbox 2438 1930 2725 1999; x_wconf 89' lang='lat' dir='ltr'><strong>adoptivus</strong></span> <span class='ocrx_word' id='word_1_363' title='bbox 2766 1939 2850 1986; x_wconf 88' lang='lat' dir='ltr'><strong>est</strong></span> <span class='ocrx_word' id='word_1_364' title='bbox 2876 1930 3015 1988; x_wconf 87' lang='lat' dir='ltr'><strong>ﬁlius</strong></span> <span class='ocrx_word' id='word_1_365' title='bbox 3039 1933 3168 1999; x_wconf 89' lang='lat' dir='ltr'><strong>Deo,</strong></span> <span class='ocrx_word' id='word_1_366' title='bbox 3198 1933 3325 2003; x_wconf 87' lang='lat' dir='ltr'><strong>quia</strong></span> <span class='ocrx_word' id='word_1_367' title='bbox 3374 1934 3479 1990; x_wconf 89' lang='lat' dir='ltr'><strong>alia</strong></span> <span class='ocrx_word' id='word_1_368' title='bbox 3495 1951 3597 1990; x_wconf 86' lang='lat' dir='ltr'><strong>na-</strong></span> 
     </span>
    </p>
   </div>
   <div class='ocr_carea' id='block_1_51' title="bbox 2019 2018 3599 2093">
    <p class='ocr_par' dir='ltr' id='par_1_51' title="bbox 2019 2018 3599 2093">
     <span class='ocr_line' id='line_1_51' title="bbox 2019 2018 3599 2093; baseline 0.005 -22"><span class='ocrx_word' id='word_1_369' title='bbox 2019 2026 2137 2072; x_wconf 90' lang='lat' dir='ltr'><strong>tura</strong></span> <span class='ocrx_word' id='word_1_370' title='bbox 2192 2026 2277 2074; x_wconf 93' lang='lat' dir='ltr'><strong>est</strong></span> <span class='ocrx_word' id='word_1_371' title='bbox 2325 2018 2701 2086; x_wconf 88' lang='lat' dir='ltr'><strong>humanitatis,</strong></span> <span class='ocrx_word' id='word_1_372' title='bbox 2746 2020 2853 2077; x_wconf 88' lang='lat' dir='ltr'><strong>alia</strong></span> <span class='ocrx_word' id='word_1_373' title='bbox 2879 2021 3196 2089; x_wconf 86' lang='lat' dir='ltr'><strong>divinitatis,</strong></span> <span class='ocrx_word' id='word_1_374' title='bbox 3236 2023 3477 2093; x_wconf 89' lang='lat' dir='ltr'><strong>sequitur</strong></span> <span class='ocrx_word' id='word_1_375' title='bbox 3508 2024 3599 2079; x_wconf 88' lang='lat' dir='ltr'><strong>illa</strong></span> 
     </span>
    </p>
   </div>
   <div class='ocr_carea' id='block_1_52' title="bbox 2017 2110 3603 2187">
    <p class='ocr_par' dir='ltr' id='par_1_52' title="bbox 2017 2110 3603 2187">
     <span class='ocr_line' id='line_1_52' title="bbox 2017 2110 3603 2187; baseline 0.005 -24"><span class='ocrx_word' id='word_1_376' title='bbox 2017 2110 2325 2165; x_wconf 88' lang='lat' dir='ltr'><strong>necessaria</strong></span> <span class='ocrx_word' id='word_1_377' title='bbox 2353 2111 2656 2178; x_wconf 87' lang='lat' dir='ltr'><strong>conversio,</strong></span> <span class='ocrx_word' id='word_1_378' title='bbox 2712 2119 2775 2168; x_wconf 92' lang='lat' dir='ltr'><strong>ut</strong></span> <span class='ocrx_word' id='word_1_379' title='bbox 2802 2112 2965 2179; x_wconf 86' lang='lat' dir='ltr'><strong>Deus,</strong></span> <span class='ocrx_word' id='word_1_380' title='bbox 2996 2114 3086 2183; x_wconf 90' lang='lat' dir='ltr'><strong>qui</strong></span> <span class='ocrx_word' id='word_1_381' title='bbox 3107 2128 3174 2169; x_wconf 80' lang='lat' dir='ltr'><strong>ex</strong></span> <span class='ocrx_word' id='word_1_382' title='bbox 3202 2115 3422 2187; x_wconf 78' lang='lat' dir='ltr'><strong>Virgine</strong></span> <span class='ocrx_word' id='word_1_383' title='bbox 3443 2124 3603 2171; x_wconf 88' lang='lat' dir='ltr'><strong>natus</strong></span> 
     </span>
    </p>
   </div>
   <div class='ocr_carea' id='block_1_53' title="bbox 2019 2201 3603 2279">
    <p class='ocr_par' dir='ltr' id='par_1_53' title="bbox 2019 2201 3603 2279">
     <span class='ocr_line' id='line_1_53' title="bbox 2019 2201 3603 2279; baseline 0.004 -22"><span class='ocrx_word' id='word_1_384' title='bbox 2019 2208 2123 2268; x_wconf 89' lang='lat' dir='ltr'><strong>est,</strong></span> <span class='ocrx_word' id='word_1_385' title='bbox 2151 2202 2224 2256; x_wconf 86' lang='lat' dir='ltr'><strong>sit</strong></span> <span class='ocrx_word' id='word_1_386' title='bbox 2242 2201 2526 2272; x_wconf 89' lang='lat' dir='ltr'><strong>adoptivus</strong></span> <span class='ocrx_word' id='word_1_387' title='bbox 2551 2202 2712 2267; x_wconf 89' lang='lat' dir='ltr'><strong>Deus,</strong></span> <span class='ocrx_word' id='word_1_388' title='bbox 2758 2213 2814 2259; x_wconf 89' lang='lat' dir='ltr'><strong>et</strong></span> <span class='ocrx_word' id='word_1_389' title='bbox 2849 2219 2957 2260; x_wconf 92' lang='lat' dir='ltr'><strong>non</strong></span> <span class='ocrx_word' id='word_1_390' title='bbox 2985 2206 3058 2261; x_wconf 89' lang='lat' dir='ltr'><strong>sit</strong></span> <span class='ocrx_word' id='word_1_391' title='bbox 3102 2205 3258 2261; x_wconf 89' lang='lat' dir='ltr'><strong>beata</strong></span> <span class='ocrx_word' id='word_1_392' title='bbox 3283 2208 3469 2279; x_wconf 82' lang='lat' dir='ltr'><strong>Virgo,</strong></span> <span class='ocrx_word' id='word_1_393' title='bbox 3522 2223 3603 2263; x_wconf 81' lang='lat' dir='ltr'><strong>sc-</strong></span> 
     </span>
    </p>
   </div>
   <div class='ocr_carea' id='block_1_54' title="bbox 2019 2293 3598 2367">
    <p class='ocr_par' dir='ltr' id='par_1_54' title="bbox 2019 2293 3598 2367">
     <span class='ocr_line' id='line_1_54' title="bbox 2019 2293 3598 2367; baseline 0.004 -18"><span class='ocrx_word' id='word_1_394' title='bbox 2019 2295 2253 2349; x_wconf 90' lang='lat' dir='ltr'><strong>cundum</strong></span> <span class='ocrx_word' id='word_1_395' title='bbox 2280 2293 2653 2350; x_wconf 80' lang='lat' dir='ltr'><strong>Nestorianam</strong></span> <span class='ocrx_word' id='word_1_396' title='bbox 2675 2295 3027 2367; x_wconf 87' lang='lat' dir='ltr'><strong>impietatem,</strong></span> <span class='ocrx_word' id='word_1_397' title='bbox 3052 2312 3179 2354; x_wconf 88' lang='lat' dir='ltr'><strong>vera</strong></span> <span class='ocrx_word' id='word_1_398' title='bbox 3210 2297 3455 2355; x_wconf 82' lang='lat' dir='ltr'><strong>Cenitrix</strong></span> <span class='ocrx_word' id='word_1_399' title='bbox 3482 2301 3598 2363; x_wconf 89' lang='lat' dir='ltr'><strong>Dei,</strong></span> 
     </span>
    </p>
   </div>
   <div class='ocr_carea' id='block_1_55' title="bbox 2020 2385 3604 2461">
    <p class='ocr_par' dir='ltr' id='par_1_55' title="bbox 2020 2385 3604 2461">
     <span class='ocr_line' id='line_1_55' title="bbox 2020 2385 3604 2461; baseline 0.005 -22"><span class='ocrx_word' id='word_1_400' title='bbox 2020 2385 2114 2441; x_wconf 89' lang='lat' dir='ltr'><strong>sed</strong></span> <span class='ocrx_word' id='word_1_401' title='bbox 2138 2400 2234 2455; x_wconf 91' lang='lat' dir='ltr'><strong>per</strong></span> <span class='ocrx_word' id='word_1_402' title='bbox 2262 2387 2569 2456; x_wconf 84' lang='lat' dir='ltr'><strong>quamdam,</strong></span> <span class='ocrx_word' id='word_1_403' title='bbox 2621 2388 2668 2442; x_wconf 91' lang='lat' dir='ltr'><strong>si</strong></span> <span class='ocrx_word' id='word_1_404' title='bbox 2697 2387 2813 2443; x_wconf 86' lang='lat' dir='ltr'><strong>ﬁeri</strong></span> <span class='ocrx_word' id='word_1_405' title='bbox 2842 2391 3034 2458; x_wconf 88' lang='lat' dir='ltr'><strong>possit,</strong></span> <span class='ocrx_word' id='word_1_406' title='bbox 3064 2391 3406 2461; x_wconf 88' lang='lat' dir='ltr'><strong>adoptionem</strong></span> <span class='ocrx_word' id='word_1_407' title='bbox 3431 2401 3604 2447; x_wconf 88' lang='lat' dir='ltr'><strong>mater</strong></span> 
     </span>
    </p>
   </div>
   <div class='ocr_carea' id='block_1_56' title="bbox 2022 2474 3599 2553">
    <p class='ocr_par' dir='ltr' id='par_1_56' title="bbox 2022 2474 3599 2553">
     <span class='ocr_line' id='line_1_56' title="bbox 2022 2474 3599 2553; baseline 0.005 -25"><span class='ocrx_word' id='word_1_408' title='bbox 2022 2474 2136 2529; x_wconf 88' lang='lat' dir='ltr'><strong>Dei.</strong></span> <span class='ocrx_word' id='word_1_409' title='bbox 2202 2474 2355 2542; x_wconf 87' lang='lat' dir='ltr'><strong>Quod</strong></span> <span class='ocrx_word' id='word_1_410' title='bbox 2383 2492 2546 2545; x_wconf 90' lang='lat' dir='ltr'><strong>quam</strong></span> <span class='ocrx_word' id='word_1_411' title='bbox 2596 2474 2750 2548; x_wconf 90' lang='lat' dir='ltr'><strong>[Cod.</strong></span> <span class='ocrx_word' id='word_1_412' title='bbox 2786 2477 2930 2544; x_wconf 84' lang='lat' dir='ltr'><strong>Vat.,</strong></span> <span class='ocrx_word' id='word_1_413' title='bbox 2981 2481 3261 2553; x_wconf 74' lang='lat' dir='ltr'><strong>quantum}</strong></span> <span class='ocrx_word' id='word_1_414' title='bbox 3302 2481 3599 2536; x_wconf 78' lang='lat' dir='ltr'><strong>nefandum</strong></span> 
     </span>
    </p>
   </div>
   <div class='ocr_carea' id='block_1_57' title="bbox 2021 2566 3599 2638">
    <p class='ocr_par' dir='ltr' id='par_1_57' title="bbox 2021 2566 3599 2638">
     <span class='ocr_line' id='line_1_57' title="bbox 2021 2566 3599 2638; baseline 0.004 -17"><span class='ocrx_word' id='word_1_415' title='bbox 2021 2566 2114 2630; x_wconf 89' lang='lat' dir='ltr'><strong>sit,</strong></span> <span class='ocrx_word' id='word_1_416' title='bbox 2164 2574 2218 2620; x_wconf 87' lang='lat' dir='ltr'><strong>et</strong></span> <span class='ocrx_word' id='word_1_417' title='bbox 2240 2581 2403 2636; x_wconf 90' lang='lat' dir='ltr'><strong>quam</strong></span> <span class='ocrx_word' id='word_1_418' title='bbox 2436 2568 2678 2638; x_wconf 90' lang='lat' dir='ltr'><strong>impium,</strong></span> <span class='ocrx_word' id='word_1_419' title='bbox 2727 2576 2784 2624; x_wconf 92' lang='lat' dir='ltr'><strong>et</strong></span> <span class='ocrx_word' id='word_1_420' title='bbox 2811 2572 2879 2625; x_wconf 88' lang='lat' dir='ltr'><strong>ab</strong></span> <span class='ocrx_word' id='word_1_421' title='bbox 2910 2572 3057 2626; x_wconf 91' lang='lat' dir='ltr'><strong>omni</strong></span> <span class='ocrx_word' id='word_1_422' title='bbox 3078 2573 3306 2628; x_wconf 88' lang='lat' dir='ltr'><strong>veritate</strong></span> <span class='ocrx_word' id='word_1_423' title='bbox 3344 2573 3599 2636; x_wconf 88' lang='lat' dir='ltr'><strong>alienum,</strong></span> 
     </span>
    </p>
   </div>
   <div class='ocr_carea' id='block_1_58' title="bbox 2022 2659 3598 2735">
    <p class='ocr_par' dir='ltr' id='par_1_58' title="bbox 2022 2659 3598 2735">
     <span class='ocr_line' id='line_1_58' title="bbox 2022 2659 3598 2735; baseline 0.006 -23"><span class='ocrx_word' id='word_1_424' title='bbox 2022 2659 2268 2729; x_wconf 90' lang='lat' dir='ltr'><strong>quisquis</strong></span> <span class='ocrx_word' id='word_1_425' title='bbox 2287 2660 2374 2729; x_wconf 91' lang='lat' dir='ltr'><strong>pie</strong></span> <span class='ocrx_word' id='word_1_426' title='bbox 2398 2660 2465 2716; x_wconf 92' lang='lat' dir='ltr'><strong>de</strong></span> <span class='ocrx_word' id='word_1_427' title='bbox 2488 2659 2704 2717; x_wconf 88' lang='lat' dir='ltr'><strong>Christo</strong></span> <span class='ocrx_word' id='word_1_428' title='bbox 2742 2662 2934 2729; x_wconf 87' lang='lat' dir='ltr'><strong>sentit,</strong></span> <span class='ocrx_word' id='word_1_429' title='bbox 2982 2666 3244 2735; x_wconf 81' lang='lat' dir='ltr'><strong>agnoscit.</strong></span> <span class='ocrx_word' id='word_1_430' title='bbox 3307 2665 3418 2721; x_wconf 79' lang='lat' dir='ltr'><strong>llas</strong></span> <span class='ocrx_word' id='word_1_431' title='bbox 3469 2682 3598 2722; x_wconf 89' lang='lat' dir='ltr'><strong>vero</strong></span> 
     </span>
    </p>
   </div>
   <div class='ocr_carea' id='block_1_59' title="bbox 2024 2750 3602 2828">
    <p class='ocr_par' dir='ltr' id='par_1_59' title="bbox 2024 2750 3602 2828">
     <span class='ocr_line' id='line_1_59' title="bbox 2024 2750 3602 2828; baseline 0.004 -22"><span class='ocrx_word' id='word_1_432' title='bbox 2024 2750 2291 2806; x_wconf 83' lang='lat' dir='ltr'><strong>novitates</strong></span> <span class='ocrx_word' id='word_1_433' title='bbox 2320 2766 2528 2815; x_wconf 88' lang='lat' dir='ltr'><strong>vocum,</strong></span> <span class='ocrx_word' id='word_1_434' title='bbox 2560 2753 2863 2809; x_wconf 89' lang='lat' dir='ltr'><strong>charissimi</strong></span> <span class='ocrx_word' id='word_1_435' title='bbox 2891 2762 2947 2810; x_wconf 89' lang='lat' dir='ltr'><strong>et</strong></span> <span class='ocrx_word' id='word_1_436' title='bbox 2987 2756 3300 2813; x_wconf 72' lang='lat' dir='ltr'><strong>clarissima:</strong></span> <span class='ocrx_word' id='word_1_437' title='bbox 3325 2757 3602 2828; x_wconf 76' lang='lat' dir='ltr'><strong>dignitatis</strong></span> 
     </span>
    </p>
   </div>
   <div class='ocr_carea' id='block_1_60' title="bbox 2023 2842 3606 2920">
    <p class='ocr_par' dir='ltr' id='par_1_60' title="bbox 2023 2842 3606 2920">
     <span class='ocr_line' id='line_1_60' title="bbox 2023 2842 3606 2920; baseline 0.006 -24"><span class='ocrx_word' id='word_1_438' title='bbox 2023 2842 2151 2908; x_wconf 87' lang='lat' dir='ltr'><strong>viri,</strong></span> <span class='ocrx_word' id='word_1_439' title='bbox 2202 2844 2422 2899; x_wconf 89' lang='lat' dir='ltr'><strong>omnino</strong></span> <span class='ocrx_word' id='word_1_440' title='bbox 2448 2843 2664 2915; x_wconf 84' lang='lat' dir='ltr'><strong>abjicite</strong></span> <span class='ocrx_word' id='word_1_441' title='bbox 2690 2885 2705 2909; x_wconf 96' lang='lat'><strong>,</strong></span> <span class='ocrx_word' id='word_1_442' title='bbox 2767 2853 2824 2900; x_wconf 90' lang='lat' dir='ltr'><strong>et</strong></span> <span class='ocrx_word' id='word_1_443' title='bbox 2870 2856 3230 2905; x_wconf 87' lang='lat' dir='ltr'><strong>consentanea</strong></span> <span class='ocrx_word' id='word_1_444' title='bbox 3278 2850 3606 2920; x_wconf 85' lang='lat' dir='ltr'><strong>evangelicis</strong></span> 
     </span>
    </p>
   </div>
   <div class='ocr_carea' id='block_1_61' title="bbox 2023 2932 3607 3005">
    <p class='ocr_par' dir='ltr' id='par_1_61' title="bbox 2023 2932 3607 3005">
     <span class='ocr_line' id='line_1_61' title="bbox 2023 2932 3607 3005; baseline 0.004 -18"><span class='ocrx_word' id='word_1_445' title='bbox 2023 2932 2193 3004; x_wconf 74' lang='lat'><strong>868</strong></span> <span class='ocrx_word' id='word_1_446' title='bbox 2218 2934 2428 3005; x_wconf 81' lang='lat' dir='ltr'><strong>paginis</strong></span> <span class='ocrx_word' id='word_1_447' title='bbox 2472 2941 2529 2988; x_wconf 93' lang='lat' dir='ltr'><strong>et</strong></span> <span class='ocrx_word' id='word_1_448' title='bbox 2563 2934 2874 3004; x_wconf 88' lang='lat' dir='ltr'><strong>apostolicis</strong></span> <span class='ocrx_word' id='word_1_449' title='bbox 2915 2937 3287 2993; x_wconf 87' lang='lat' dir='ltr'><strong>traditionibus</strong></span> <span class='ocrx_word' id='word_1_450' title='bbox 3317 2939 3521 2994; x_wconf 89' lang='lat' dir='ltr'><strong>credite</strong></span> <span class='ocrx_word' id='word_1_451' title='bbox 3550 2948 3607 2993; x_wconf 90' lang='lat' dir='ltr'><strong>et</strong></span> 
     </span>
    </p>
   </div>
   <div class='ocr_carea' id='block_1_62' title="bbox 335 3022 3606 3096">
    <p class='ocr_par' dir='ltr' id='par_1_62' title="bbox 335 3022 3606 3096">
     <span class='ocr_line' id='line_1_62' title="bbox 335 3022 3606 3096; baseline -0.002 -6"><span class='ocrx_word' id='word_1_452' title='bbox 335 3051 397 3091; x_wconf 86' lang='lat' dir='ltr'><strong>se</strong></span> <span class='ocrx_word' id='word_1_453' title='bbox 416 3034 658 3089; x_wconf 88' lang='lat' dir='ltr'><strong>locutum</strong></span> <span class='ocrx_word' id='word_1_454' title='bbox 681 3044 804 3087; x_wconf 87' lang='lat' dir='ltr'><strong>esse</strong></span> <span class='ocrx_word' id='word_1_455' title='bbox 850 3035 1099 3091; x_wconf 88' lang='lat' dir='ltr'><strong>testatur,</strong></span> <span class='ocrx_word' id='word_1_456' title='bbox 1130 3025 1222 3081; x_wconf 90' lang='lat' dir='ltr'><strong>ubi</strong></span> <span class='ocrx_word' id='word_1_457' title='bbox 1248 3025 1355 3079; x_wconf 91' lang='lat' dir='ltr'><strong>ait:</strong></span> <span class='ocrx_word' id='word_1_458' title='bbox 1410 3022 1493 3077; x_wconf 82' lang='lat' dir='ltr'><strong>An</strong></span> <span class='ocrx_word' id='word_1_459' title='bbox 1514 3024 1924 3094; x_wconf 73' lang='lat' dir='ltr'><strong>experimentum</strong></span> <span class='ocrx_word' id='word_1_460' title='bbox 1960 3086 1997 3096; x_wconf 84' lang='lat'>_</span> <span class='ocrx_word' id='word_1_461' title='bbox 2028 3023 2349 3094; x_wconf 62' lang='lat' dir='ltr'><strong>praedicate;</strong></span> <span class='ocrx_word' id='word_1_462' title='bbox 2393 3024 2751 3096; x_wconf 84' lang='lat' dir='ltr'><strong>intelligentes</strong></span> <span class='ocrx_word' id='word_1_463' title='bbox 2776 3025 2880 3079; x_wconf 88' lang='lat' dir='ltr'><strong>alia</strong></span> <span class='ocrx_word' id='word_1_464' title='bbox 2912 3026 3129 3082; x_wconf 87' lang='lat' dir='ltr'><strong>nomina</strong></span> <span class='ocrx_word' id='word_1_465' title='bbox 3178 3027 3233 3081; x_wconf 92' lang='lat' dir='ltr'><strong>in</strong></span> <span class='ocrx_word' id='word_1_466' title='bbox 3261 3026 3477 3083; x_wconf 90' lang='lat' dir='ltr'><strong>Christo</strong></span> <span class='ocrx_word' id='word_1_467' title='bbox 3495 3029 3606 3085; x_wconf 91' lang='lat' dir='ltr'><strong>Deo</strong></span> 
     </span>
    </p>
   </div>
   <div class='ocr_carea' id='block_1_63' title="bbox 332 3086 3607 3197">
    <p class='ocr_par' dir='ltr' id='par_1_63' title="bbox 332 3086 3607 3197">
     <span class='ocr_line' id='line_1_63' title="bbox 332 3086 3607 3197; baseline -0.001 -17"><span class='ocrx_word' id='word_1_468' title='bbox 476 3086 741 3194; x_wconf 58' lang='lat' dir='ltr'><strong>queritis,</strong></span> <span class='ocrx_word' id='word_1_469' title='bbox 776 3119 868 3191; x_wconf 85' lang='lat' dir='ltr'><strong>qui</strong></span> <span class='ocrx_word' id='word_1_470' title='bbox 910 3118 965 3173; x_wconf 88' lang='lat' dir='ltr'><strong>in</strong></span> <span class='ocrx_word' id='word_1_471' title='bbox 1003 3086 1097 3171; x_wconf 35' lang='lat' dir='ltr'><strong>me.</strong></span> <span class='ocrx_word' id='word_1_472' title='bbox 1135 3115 1368 3186; x_wconf 86' lang='lat' dir='ltr'><strong>loquitur</strong></span> <span class='ocrx_word' id='word_1_473' title='bbox 1411 3086 1650 3168; x_wconf 77' lang='lat' dir='ltr'><strong>Christus</strong></span> <span class='ocrx_word' id='word_1_474' title='bbox 1683 3111 1769 3183; x_wconf 90' lang='lat' dir='ltr'><strong>(II</strong></span> <span class='ocrx_word' id='word_1_475' title='bbox 1798 3110 1922 3166; x_wconf 90' lang='lat' dir='ltr'><strong>Cor.</strong></span> <span class='ocrx_word' id='word_1_476' title='bbox 1953 3086 1999 3148; x_wconf 63' lang='grc' dir='ltr'>(ἶ</span> <span class='ocrx_word' id='word_1_477' title='bbox 2028 3086 2247 3185; x_wconf 77' lang='lat' dir='ltr'><strong>propria</strong></span> <span class='ocrx_word' id='word_1_478' title='bbox 2271 3086 2414 3180; x_wconf 86' lang='lat' dir='ltr'><strong>esse,</strong></span> <span class='ocrx_word' id='word_1_479' title='bbox 2467 3086 2593 3171; x_wconf 45' lang='lat' dir='ltr'><strong>aliav</strong></span> <span class='ocrx_word' id='word_1_480' title='bbox 2616 3117 2971 3189; x_wconf 86' lang='lat' dir='ltr'><strong>signiﬁcativa</strong></span> <span class='ocrx_word' id='word_1_481' title='bbox 3010 3138 3023 3173; x_wconf 78' lang='grc' dir='ltr'>ε</span> <span class='ocrx_word' id='word_1_482' title='bbox 3070 3128 3125 3175; x_wconf 91' lang='lat' dir='ltr'><strong>et</strong></span> <span class='ocrx_word' id='word_1_483' title='bbox 3153 3120 3442 3176; x_wconf 89' lang='lat' dir='ltr'><strong>discernite</strong></span> <span class='ocrx_word' id='word_1_484' title='bbox 3476 3123 3607 3191; x_wconf 88' lang='lat' dir='ltr'><strong>quid</strong></span> 
     </span>
    </p>
   </div>
   <div class='ocr_carea' id='block_1_64' title="bbox 335 3204 1937 3287">
    <p class='ocr_par' dir='ltr' id='par_1_64' title="bbox 335 3204 1937 3287">
     <span class='ocr_line' id='line_1_64' title="bbox 335 3204 1937 3287; baseline -0.007 -17"><span class='ocrx_word' id='word_1_485' title='bbox 335 3231 456 3277; x_wconf 76' lang='lat' dir='ltr'><strong>xm,</strong></span> <span class='ocrx_word' id='word_1_486' title='bbox 488 3213 576 3287; x_wconf 77' lang='lat'><strong>3)?</strong></span> <span class='ocrx_word' id='word_1_487' title='bbox 608 3210 888 3280; x_wconf 80' lang='lat' dir='ltr'><strong>Quomodo</strong></span> <span class='ocrx_word' id='word_1_488' title='bbox 909 3207 1166 3280; x_wconf 86' lang='lat' dir='ltr'><strong>quislibet</strong></span> <span class='ocrx_word' id='word_1_489' title='bbox 1193 3205 1479 3263; x_wconf 88' lang='lat' dir='ltr'><strong>temeraria</strong></span> <span class='ocrx_word' id='word_1_490' title='bbox 1507 3204 1937 3274; x_wconf 83' lang='lat' dir='ltr'><strong>praesumptione</strong></span> 
     </span>
    </p>
   </div>
   <div class='ocr_carea' id='block_1_65' title="bbox 336 3294 1927 3369">
    <p class='ocr_par' dir='ltr' id='par_1_65' title="bbox 336 3294 1927 3369">
     <span class='ocr_line' id='line_1_65' title="bbox 336 3294 1927 3369; baseline -0.009 -6"><span class='ocrx_word' id='word_1_491' title='bbox 336 3306 628 3363; x_wconf 82' lang='lat' dir='ltr'><strong>Dominum</strong></span> <span class='ocrx_word' id='word_1_492' title='bbox 652 3312 900 3360; x_wconf 90' lang='lat' dir='ltr'><strong>nostrum</strong></span> <span class='ocrx_word' id='word_1_493' title='bbox 946 3298 1129 3357; x_wconf 83' lang='lat' dir='ltr'><strong>Jesum</strong></span> <span class='ocrx_word' id='word_1_494' title='bbox 1170 3296 1444 3356; x_wconf 88' lang='lat' dir='ltr'><strong>Christum</strong></span> <span class='ocrx_word' id='word_1_495' title='bbox 1494 3296 1801 3369; x_wconf 80' lang='lat' dir='ltr'><strong>adoptivum</strong></span> <span class='ocrx_word' id='word_1_496' title='bbox 1832 3294 1927 3350; x_wconf 89' lang='lat' dir='ltr'><strong>Dei</strong></span> 
     </span>
    </p>
   </div>
   <div class='ocr_carea' id='block_1_66' title="bbox 336 3387 1929 3460">
    <p class='ocr_par' dir='ltr' id='par_1_66' title="bbox 336 3387 1929 3460">
     <span class='ocr_line' id='line_1_66' title="bbox 336 3387 1929 3460; baseline -0.009 -6"><span class='ocrx_word' id='word_1_497' title='bbox 336 3398 537 3454; x_wconf 76' lang='lat' dir='ltr'><strong>Filium</strong></span> <span class='ocrx_word' id='word_1_498' title='bbox 555 3397 839 3453; x_wconf 89' lang='lat' dir='ltr'><strong>nominare</strong></span> <span class='ocrx_word' id='word_1_499' title='bbox 888 3394 1069 3458; x_wconf 84' lang='lat' dir='ltr'><strong>audet,</strong></span> <span class='ocrx_word' id='word_1_500' title='bbox 1101 3405 1261 3460; x_wconf 89' lang='lat' dir='ltr'><strong>quem</strong></span> <span class='ocrx_word' id='word_1_501' title='bbox 1283 3396 1465 3443; x_wconf 91' lang='lat' dir='ltr'><strong>tantus</strong></span> <span class='ocrx_word' id='word_1_502' title='bbox 1492 3387 1837 3457; x_wconf 69' lang='lat' dir='ltr'><strong>praedicator,</strong></span> <span class='ocrx_word' id='word_1_503' title='bbox 1867 3394 1929 3440; x_wconf 88' lang='lat' dir='ltr'><strong>ut</strong></span> 
     </span>
    </p>
   </div>
   <div class='ocr_carea' id='block_1_67' title="bbox 339 3480 1924 3559">
    <p class='ocr_par' dir='ltr' id='par_1_67' title="bbox 339 3480 1924 3559">
     <span class='ocr_line' id='line_1_67' title="bbox 339 3480 1924 3559; baseline -0.008 -12"><span class='ocrx_word' id='word_1_504' title='bbox 339 3492 600 3555; x_wconf 81' lang='lat' dir='ltr'><strong>diximus,</strong></span> <span class='ocrx_word' id='word_1_505' title='bbox 638 3487 916 3559; x_wconf 82' lang='lat' dir='ltr'><strong>proprium</strong></span> <span class='ocrx_word' id='word_1_506' title='bbox 942 3485 1038 3540; x_wconf 88' lang='lat' dir='ltr'><strong>Dei</strong></span> <span class='ocrx_word' id='word_1_507' title='bbox 1087 3483 1280 3538; x_wconf 84' lang='lat' dir='ltr'><strong>Filium</strong></span> <span class='ocrx_word' id='word_1_508' title='bbox 1333 3481 1650 3547; x_wconf 88' lang='lat' dir='ltr'><strong>nominavit,</strong></span> <span class='ocrx_word' id='word_1_509' title='bbox 1699 3480 1789 3535; x_wconf 88' lang='lat' dir='ltr'><strong>ubi</strong></span> <span class='ocrx_word' id='word_1_510' title='bbox 1821 3480 1924 3535; x_wconf 89' lang='lat' dir='ltr'><strong>ait:</strong></span> 
     </span>
    </p>
   </div>
   <div class='ocr_carea' id='block_1_68' title="bbox 345 3572 1927 3653">
    <p class='ocr_par' dir='ltr' id='par_1_68' title="bbox 345 3572 1927 3653">
     <span class='ocr_line' id='line_1_68' title="bbox 345 3572 1927 3653; baseline -0.006 -17"><span class='ocrx_word' id='word_1_511' title='bbox 345 3582 449 3649; x_wconf 82' lang='lat' dir='ltr'><strong>Qui</strong></span> <span class='ocrx_word' id='word_1_512' title='bbox 470 3582 685 3653; x_wconf 85' lang='lat' dir='ltr'><strong>proprio</strong></span> <span class='ocrx_word' id='word_1_513' title='bbox 712 3577 854 3632; x_wconf 80' lang='lat' dir='ltr'><strong>Filio</strong></span> <span class='ocrx_word' id='word_1_514' title='bbox 899 3593 996 3632; x_wconf 88' lang='lat' dir='ltr'><strong>suo</strong></span> <span class='ocrx_word' id='word_1_515' title='bbox 1027 3593 1130 3630; x_wconf 85' lang='lat' dir='ltr'><strong>non</strong></span> <span class='ocrx_word' id='word_1_516' title='bbox 1171 3574 1393 3645; x_wconf 81' lang='lat' dir='ltr'><strong>pepercit</strong></span> <span class='ocrx_word' id='word_1_517' title='bbox 1436 3572 1607 3644; x_wconf 84' lang='lat' dir='ltr'><strong>(Rom.</strong></span> <span class='ocrx_word' id='word_1_518' title='bbox 1639 3588 1758 3638; x_wconf 88' lang='lat' dir='ltr'><strong>vm,</strong></span> <span class='ocrx_word' id='word_1_519' title='bbox 1786 3573 1877 3643; x_wconf 74' lang='grc'><strong>55)</strong></span> <span class='ocrx_word' id='word_1_520' title='bbox 1905 3573 1927 3626; x_wconf 87' lang='lat'><strong>?</strong></span> 
     </span>
    </p>
   </div>
   <div class='ocr_carea' id='block_1_69' title="bbox 344 3663 1929 3741">
    <p class='ocr_par' dir='ltr' id='par_1_69' title="bbox 344 3663 1929 3741">
     <span class='ocr_line' id='line_1_69' title="bbox 344 3663 1929 3741; baseline -0.007 -14"><span class='ocrx_word' id='word_1_521' title='bbox 344 3672 559 3741; x_wconf 73' lang='lat' dir='ltr'><strong>Velqua</strong></span> <span class='ocrx_word' id='word_1_522' title='bbox 588 3667 816 3725; x_wconf 88' lang='lat' dir='ltr'><strong>audacia</strong></span> <span class='ocrx_word' id='word_1_523' title='bbox 837 3667 1083 3724; x_wconf 89' lang='lat' dir='ltr'><strong>eumdem</strong></span> <span class='ocrx_word' id='word_1_524' title='bbox 1112 3664 1395 3720; x_wconf 90' lang='lat' dir='ltr'><strong>Dominum</strong></span> <span class='ocrx_word' id='word_1_525' title='bbox 1408 3671 1464 3716; x_wconf 88' lang='lat' dir='ltr'><strong>et</strong></span> <span class='ocrx_word' id='word_1_526' title='bbox 1489 3663 1658 3717; x_wconf 86' lang='lat' dir='ltr'><strong>Deum</strong></span> <span class='ocrx_word' id='word_1_527' title='bbox 1686 3671 1929 3717; x_wconf 90' lang='lat' dir='ltr'><strong>nostrum</strong></span> 
     </span>
    </p>
   </div>
   <div class='ocr_carea' id='block_1_70' title="bbox 340 3754 1926 3833">
    <p class='ocr_par' dir='ltr' id='par_1_70' title="bbox 340 3754 1926 3833">
     <span class='ocr_line' id='line_1_70' title="bbox 340 3754 1926 3833; baseline -0.007 -15"><span class='ocrx_word' id='word_1_528' title='bbox 340 3764 462 3833; x_wconf 88' lang='lat' dir='ltr'><strong>quis</strong></span> <span class='ocrx_word' id='word_1_529' title='bbox 487 3759 771 3832; x_wconf 71' lang='lat' dir='ltr'><strong>prmsumit</strong></span> <span class='ocrx_word' id='word_1_530' title='bbox 795 3758 1074 3813; x_wconf 90' lang='lat' dir='ltr'><strong>nominare</strong></span> <span class='ocrx_word' id='word_1_531' title='bbox 1102 3754 1521 3824; x_wconf 88' lang='lat' dir='ltr'><strong>nuncupativum</strong></span> <span class='ocrx_word' id='word_1_532' title='bbox 1546 3754 1737 3817; x_wconf 90' lang='lat' dir='ltr'><strong>Deum,</strong></span> <span class='ocrx_word' id='word_1_533' title='bbox 1765 3768 1926 3824; x_wconf 87' lang='lat' dir='ltr'><strong>quem</strong></span> 
     </span>
    </p>
   </div>
   <div class='ocr_carea' id='block_1_71' title="bbox 340 3845 1926 3924">
    <p class='ocr_par' dir='ltr' id='par_1_71' title="bbox 340 3845 1926 3924">
     <span class='ocr_line' id='line_1_71' title="bbox 340 3845 1926 3924; baseline -0.006 -15"><span class='ocrx_word' id='word_1_534' title='bbox 340 3854 485 3909; x_wconf 81' lang='lat' dir='ltr'><strong>idem</strong></span> <span class='ocrx_word' id='word_1_535' title='bbox 513 3850 790 3924; x_wconf 86' lang='lat' dir='ltr'><strong>apostolus</strong></span> <span class='ocrx_word' id='word_1_536' title='bbox 810 3848 1153 3905; x_wconf 89' lang='lat' dir='ltr'><strong>benedictum</strong></span> <span class='ocrx_word' id='word_1_537' title='bbox 1201 3862 1364 3917; x_wconf 88' lang='lat' dir='ltr'><strong>super</strong></span> <span class='ocrx_word' id='word_1_538' title='bbox 1405 3846 1583 3901; x_wconf 88' lang='lat' dir='ltr'><strong>omnia</strong></span> <span class='ocrx_word' id='word_1_539' title='bbox 1609 3845 1797 3910; x_wconf 87' lang='lat' dir='ltr'><strong>Deum,</strong></span> <span class='ocrx_word' id='word_1_540' title='bbox 1845 3845 1926 3899; x_wconf 89' lang='lat' dir='ltr'><strong>vel</strong></span> 
     </span>
    </p>
   </div>
   <div class='ocr_carea' id='block_1_72' title="bbox 339 3935 1927 4013">
    <p class='ocr_par' dir='ltr' id='par_1_72' title="bbox 339 3935 1927 4013">
     <span class='ocr_line' id='line_1_72' title="bbox 339 3935 1927 4013; baseline -0.008 -13"><span class='ocrx_word' id='word_1_541' title='bbox 339 3946 503 4001; x_wconf 88' lang='lat' dir='ltr'><strong>etiam</strong></span> <span class='ocrx_word' id='word_1_542' title='bbox 534 3956 788 4013; x_wconf 88' lang='lat' dir='ltr'><strong>magnum</strong></span> <span class='ocrx_word' id='word_1_543' title='bbox 811 3939 981 3995; x_wconf 86' lang='lat' dir='ltr'><strong>Deum</strong></span> <span class='ocrx_word' id='word_1_544' title='bbox 1008 3953 1113 3993; x_wconf 92' lang='lat' dir='ltr'><strong>non</strong></span> <span class='ocrx_word' id='word_1_545' title='bbox 1138 3936 1404 3994; x_wconf 88' lang='lat' dir='ltr'><strong>dubitavit</strong></span> <span class='ocrx_word' id='word_1_546' title='bbox 1430 3935 1575 3994; x_wconf 87' lang='lat' dir='ltr'><strong>clara</strong></span> <span class='ocrx_word' id='word_1_547' title='bbox 1623 3949 1757 3989; x_wconf 87' lang='lat' dir='ltr'><strong>voce</strong></span> <span class='ocrx_word' id='word_1_548' title='bbox 1798 3949 1927 3989; x_wconf 73' lang='lat' dir='ltr'><strong>con~</strong></span> 
     </span>
    </p>
   </div>
   <div class='ocr_carea' id='block_1_73' title="bbox 343 4024 1928 4097">
    <p class='ocr_par' dir='ltr' id='par_1_73' title="bbox 343 4024 1928 4097">
     <span class='ocr_line' id='line_1_73' title="bbox 343 4024 1928 4097; baseline -0.008 -7"><span class='ocrx_word' id='word_1_549' title='bbox 343 4035 487 4091; x_wconf 86' lang='lat' dir='ltr'><strong>ﬁteri</strong></span> <span class='ocrx_word' id='word_1_550' title='bbox 510 4041 566 4090; x_wconf 91' lang='lat' dir='ltr'><strong>et</strong></span> <span class='ocrx_word' id='word_1_551' title='bbox 589 4031 902 4088; x_wconf 85' lang='lat' dir='ltr'><strong>nominare?</strong></span> <span class='ocrx_word' id='word_1_552' title='bbox 943 4029 1032 4084; x_wconf 82' lang='lat' dir='ltr'><strong>Ait</strong></span> <span class='ocrx_word' id='word_1_553' title='bbox 1053 4030 1234 4097; x_wconf 89' lang='lat' dir='ltr'><strong>itaque</strong></span> <span class='ocrx_word' id='word_1_554' title='bbox 1271 4027 1336 4082; x_wconf 89' lang='lat' dir='ltr'><strong>ad</strong></span> <span class='ocrx_word' id='word_1_555' title='bbox 1368 4026 1580 4081; x_wconf 86' lang='lat' dir='ltr'><strong>Titum:</strong></span> <span class='ocrx_word' id='word_1_556' title='bbox 1609 4024 1928 4095; x_wconf 67' lang='lat' dir='ltr'><strong>Exspectan—</strong></span> 
     </span>
    </p>
   </div>
   <div class='ocr_carea' id='block_1_74' title="bbox 339 4112 1927 4195">
    <p class='ocr_par' dir='ltr' id='par_1_74' title="bbox 339 4112 1927 4195">
     <span class='ocr_line' id='line_1_74' title="bbox 339 4112 1927 4195; baseline -0.009 -15"><span class='ocrx_word' id='word_1_557' title='bbox 339 4138 420 4182; x_wconf 69' lang='grc' dir='ltr'><strong>ια</strong></span> <span class='ocrx_word' id='word_1_558' title='bbox 458 4127 664 4180; x_wconf 83' lang='lat' dir='ltr'><strong>beatam</strong></span> <span class='ocrx_word' id='word_1_559' title='bbox 715 4138 858 4195; x_wconf 83' lang='lat' dir='ltr'><strong>spem</strong></span> <span class='ocrx_word' id='word_1_560' title='bbox 918 4128 966 4174; x_wconf 89' lang='lat' dir='ltr'><strong>et</strong></span> <span class='ocrx_word' id='word_1_561' title='bbox 1021 4119 1299 4174; x_wconf 84' lang='lat' dir='ltr'><strong>adventum</strong></span> <span class='ocrx_word' id='word_1_562' title='bbox 1325 4115 1507 4187; x_wconf 72' lang='lat' dir='ltr'><strong>gloria:</strong></span> <span class='ocrx_word' id='word_1_563' title='bbox 1551 4115 1727 4184; x_wconf 83' lang='lat' dir='ltr'><strong>magni</strong></span> <span class='ocrx_word' id='word_1_564' title='bbox 1754 4112 1850 4167; x_wconf 86' lang='lat' dir='ltr'><strong>Dei</strong></span> <span class='ocrx_word' id='word_1_565' title='bbox 1879 4122 1927 4167; x_wconf 85' lang='lat' dir='ltr'><strong>et</strong></span> 
     </span>
    </p>
   </div>
   <div class='ocr_carea' id='block_1_75' title="bbox 346 4206 1926 4279">
    <p class='ocr_par' dir='ltr' id='par_1_75' title="bbox 346 4206 1926 4279">
     <span class='ocr_line' id='line_1_75' title="bbox 346 4206 1926 4279; baseline -0.008 -8"><span class='ocrx_word' id='word_1_566' title='bbox 346 4215 641 4271; x_wconf 69' lang='lat' dir='ltr'><strong>Saluatoris</strong></span> <span class='ocrx_word' id='word_1_567' title='bbox 668 4212 832 4268; x_wconf 81' lang='lat' dir='ltr'><strong>nostri</strong></span> <span class='ocrx_word' id='word_1_568' title='bbox 857 4208 987 4265; x_wconf 78' lang='lat' dir='ltr'><strong>Iesu</strong></span> <span class='ocrx_word' id='word_1_569' title='bbox 1016 4210 1232 4273; x_wconf 83' lang='lat' dir='ltr'><strong>Christi,</strong></span> <span class='ocrx_word' id='word_1_570' title='bbox 1304 4207 1394 4279; x_wconf 89' lang='lat' dir='ltr'><strong>qui</strong></span> <span class='ocrx_word' id='word_1_571' title='bbox 1426 4206 1566 4262; x_wconf 87' lang='lat' dir='ltr'><strong>dedit</strong></span> <span class='ocrx_word' id='word_1_572' title='bbox 1594 4206 1926 4277; x_wconf 86' lang='lat' dir='ltr'><strong>semetipsum</strong></span> 
     </span>
    </p>
   </div>
   <div class='ocr_carea' id='block_1_76' title="bbox 341 4299 1924 4379">
    <p class='ocr_par' dir='ltr' id='par_1_76' title="bbox 341 4299 1924 4379">
     <span class='ocr_line' id='line_1_76' title="bbox 341 4299 1924 4379; baseline -0.007 -16"><span class='ocrx_word' id='word_1_573' title='bbox 341 4325 438 4379; x_wconf 85' lang='lat' dir='ltr'><strong>pro</strong></span> <span class='ocrx_word' id='word_1_574' title='bbox 459 4306 630 4373; x_wconf 81' lang='lat' dir='ltr'><strong>nobis,</strong></span> <span class='ocrx_word' id='word_1_575' title='bbox 656 4315 712 4360; x_wconf 89' lang='lat' dir='ltr'><strong>ut</strong></span> <span class='ocrx_word' id='word_1_576' title='bbox 735 4321 828 4359; x_wconf 86' lang='lat' dir='ltr'><strong>nos</strong></span> <span class='ocrx_word' id='word_1_577' title='bbox 853 4303 1121 4358; x_wconf 88' lang='lat' dir='ltr'><strong>redimeret</strong></span> <span class='ocrx_word' id='word_1_578' title='bbox 1150 4302 1215 4356; x_wconf 91' lang='lat' dir='ltr'><strong>ab</strong></span> <span class='ocrx_word' id='word_1_579' title='bbox 1237 4301 1378 4355; x_wconf 86' lang='lat' dir='ltr'><strong>omni</strong></span> <span class='ocrx_word' id='word_1_580' title='bbox 1407 4300 1682 4370; x_wconf 84' lang='lat' dir='ltr'><strong>iniquitate</strong></span> <span class='ocrx_word' id='word_1_581' title='bbox 1704 4299 1832 4369; x_wconf 86' lang='lat' dir='ltr'><strong>(Tit.</strong></span> <span class='ocrx_word' id='word_1_582' title='bbox 1864 4316 1924 4364; x_wconf 89' lang='grc' dir='ltr'><strong>ιι,</strong></span> 
     </span>
    </p>
   </div>
   <div class='ocr_carea' id='block_1_77' title="bbox 344 4390 2005 4492">
    <p class='ocr_par' dir='ltr' id='par_1_77' title="bbox 344 4390 2005 4492">
     <span class='ocr_line' id='line_1_77' title="bbox 344 4390 2005 4492; baseline -0.007 -37"><span class='ocrx_word' id='word_1_583' title='bbox 344 4401 432 4463; x_wconf 78' lang='grc'><strong>13,</strong></span> <span class='ocrx_word' id='word_1_584' title='bbox 462 4398 576 4469; x_wconf 69' lang='lat' dir='ltr'><strong>ﬂ).</strong></span> <span class='ocrx_word' id='word_1_585' title='bbox 624 4396 874 4467; x_wconf 75' lang='lat' dir='ltr'><strong>Magnum</strong></span> <span class='ocrx_word' id='word_1_586' title='bbox 915 4396 1102 4463; x_wconf 89' lang='lat' dir='ltr'><strong>utique</strong></span> <span class='ocrx_word' id='word_1_587' title='bbox 1122 4393 1291 4447; x_wconf 89' lang='lat' dir='ltr'><strong>Deum</strong></span> <span class='ocrx_word' id='word_1_588' title='bbox 1319 4406 1444 4446; x_wconf 89' lang='lat' dir='ltr'><strong>eum</strong></span> <span class='ocrx_word' id='word_1_589' title='bbox 1470 4390 1787 4457; x_wconf 86' lang='lat' dir='ltr'><strong>nominavit,</strong></span> <span class='ocrx_word' id='word_1_590' title='bbox 1832 4391 1922 4459; x_wconf 91' lang='lat' dir='ltr'><strong>qui</strong></span> <span class='ocrx_word' id='word_1_591' title='bbox 1956 4432 2005 4492; x_wconf 68' lang='grc' dir='ltr'>υ</span> 
     </span>
    </p>
   </div>
   <div class='ocr_carea' id='block_1_78' title="bbox 342 4483 1924 4555">
    <p class='ocr_par' dir='ltr' id='par_1_78' title="bbox 342 4483 1924 4555">
     <span class='ocr_line' id='line_1_78' title="bbox 342 4483 1924 4555; baseline -0.003 -12"><span class='ocrx_word' id='word_1_592' title='bbox 342 4499 610 4546; x_wconf 79' lang='lat' dir='ltr'><strong>venturus</strong></span> <span class='ocrx_word' id='word_1_593' title='bbox 628 4496 713 4543; x_wconf 90' lang='lat' dir='ltr'><strong>est</strong></span> <span class='ocrx_word' id='word_1_594' title='bbox 731 4485 977 4555; x_wconf 88' lang='lat' dir='ltr'><strong>judicare</strong></span> <span class='ocrx_word' id='word_1_595' title='bbox 1002 4485 1155 4540; x_wconf 86' lang='lat' dir='ltr'><strong>vivos</strong></span> <span class='ocrx_word' id='word_1_596' title='bbox 1181 4492 1238 4538; x_wconf 90' lang='lat' dir='ltr'><strong>et</strong></span> <span class='ocrx_word' id='word_1_597' title='bbox 1264 4492 1525 4547; x_wconf 88' lang='lat' dir='ltr'><strong>mortuos,</strong></span> <span class='ocrx_word' id='word_1_598' title='bbox 1552 4498 1658 4538; x_wconf 89' lang='lat' dir='ltr'><strong>non</strong></span> <span class='ocrx_word' id='word_1_599' title='bbox 1683 4483 1924 4538; x_wconf 89' lang='lat' dir='ltr'><strong>deuncu-</strong></span> 
     </span>
    </p>
   </div>
   <div class='ocr_carea' id='block_1_79' title="bbox 344 4573 1926 4651">
    <p class='ocr_par' dir='ltr' id='par_1_79' title="bbox 344 4573 1926 4651">
     <span class='ocr_line' id='line_1_79' title="bbox 344 4573 1926 4651; baseline -0.005 -14"><span class='ocrx_word' id='word_1_600' title='bbox 344 4585 455 4637; x_wconf 84' lang='lat' dir='ltr'><strong>lum</strong></span> <span class='ocrx_word' id='word_1_601' title='bbox 478 4581 793 4651; x_wconf 89' lang='lat' dir='ltr'><strong>quemdam,</strong></span> <span class='ocrx_word' id='word_1_602' title='bbox 832 4576 1047 4648; x_wconf 88' lang='lat' dir='ltr'><strong>qualem</strong></span> <span class='ocrx_word' id='word_1_603' title='bbox 1073 4592 1210 4632; x_wconf 89' lang='lat' dir='ltr'><strong>nova</strong></span> <span class='ocrx_word' id='word_1_604' title='bbox 1232 4576 1587 4645; x_wconf 88' lang='lat' dir='ltr'><strong>quorumdam</strong></span> <span class='ocrx_word' id='word_1_605' title='bbox 1617 4573 1767 4646; x_wconf 88' lang='lat' dir='ltr'><strong>ﬁngit</strong></span> <span class='ocrx_word' id='word_1_606' title='bbox 1789 4591 1926 4645; x_wconf 77' lang='lat' dir='ltr'><strong>pra:-</strong></span> 
     </span>
    </p>
   </div>
   <div class='ocr_carea' id='block_1_80' title="bbox 345 4664 1924 4741">
    <p class='ocr_par' dir='ltr' id='par_1_80' title="bbox 345 4664 1924 4741">
     <span class='ocr_line' id='line_1_80' title="bbox 345 4664 1924 4741; baseline -0.004 -15"><span class='ocrx_word' id='word_1_607' title='bbox 345 4670 609 4741; x_wconf 83' lang='lat' dir='ltr'><strong>sumptio.</strong></span> <span class='ocrx_word' id='word_1_608' title='bbox 660 4668 719 4724; x_wconf 88' lang='lat' dir='ltr'><strong>Si</strong></span> <span class='ocrx_word' id='word_1_609' title='bbox 743 4669 868 4737; x_wconf 89' lang='lat' dir='ltr'><strong>quis</strong></span> <span class='ocrx_word' id='word_1_610' title='bbox 905 4667 1113 4723; x_wconf 91' lang='lat' dir='ltr'><strong>dubitet</strong></span> <span class='ocrx_word' id='word_1_611' title='bbox 1146 4666 1212 4722; x_wconf 92' lang='lat' dir='ltr'><strong>de</strong></span> <span class='ocrx_word' id='word_1_612' title='bbox 1238 4680 1346 4734; x_wconf 92' lang='lat' dir='ltr'><strong>quo</strong></span> <span class='ocrx_word' id='word_1_613' title='bbox 1367 4664 1592 4720; x_wconf 82' lang='lat' dir='ltr'><strong>dixisset</strong></span> <span class='ocrx_word' id='word_1_614' title='bbox 1616 4664 1924 4734; x_wconf 85' lang='lat' dir='ltr'><strong>Apostolus,</strong></span> 
     </span>
    </p>
   </div>
   <div class='ocr_carea' id='block_1_81' title="bbox 345 4755 1929 4834">
    <p class='ocr_par' dir='ltr' id='par_1_81' title="bbox 345 4755 1929 4834">
     <span class='ocr_line' id='line_1_81' title="bbox 345 4755 1929 4834; baseline -0.005 -17"><span class='ocrx_word' id='word_1_615' title='bbox 345 4765 493 4834; x_wconf 76' lang='lat' dir='ltr'><strong>legat</strong></span> <span class='ocrx_word' id='word_1_616' title='bbox 507 4762 819 4816; x_wconf 83' lang='lat' dir='ltr'><strong>Tractatum</strong></span> <span class='ocrx_word' id='word_1_617' title='bbox 842 4758 984 4814; x_wconf 91' lang='lat' dir='ltr'><strong>beati</strong></span> <span class='ocrx_word' id='word_1_618' title='bbox 999 4757 1309 4829; x_wconf 81' lang='lat' dir='ltr'><strong>Hieronymi</strong></span> <span class='ocrx_word' id='word_1_619' title='bbox 1324 4768 1371 4822; x_wconf 77' lang='grc' dir='ltr'><strong>α,</strong></span> <span class='ocrx_word' id='word_1_620' title='bbox 1386 4771 1547 4826; x_wconf 90' lang='lat' dir='ltr'><strong>quem</strong></span> <span class='ocrx_word' id='word_1_621' title='bbox 1570 4756 1623 4810; x_wconf 93' lang='lat' dir='ltr'><strong>in</strong></span> <span class='ocrx_word' id='word_1_622' title='bbox 1650 4756 1789 4810; x_wconf 90' lang='lat' dir='ltr'><strong>hanc</strong></span> <span class='ocrx_word' id='word_1_623' title='bbox 1800 4755 1929 4810; x_wconf 82' lang='lat' dir='ltr'><strong>fecit</strong></span> 
     </span>
    </p>
   </div>
   <div class='ocr_carea' id='block_1_82' title="bbox 346 4856 665 4926">
    <p class='ocr_par' dir='ltr' id='par_1_82' title="bbox 346 4856 665 4926">
     <span class='ocr_line' id='line_1_82' title="bbox 346 4856 665 4926; baseline -0.016 -14"><span class='ocrx_word' id='word_1_624' title='bbox 346 4856 665 4926; x_wconf 83' lang='lat' dir='ltr'><strong>Epistolam.</strong></span> 
     </span>
    </p>
   </div>
   <div class='ocr_carea' id='block_1_83' title="bbox 422 4938 1928 5012">
    <p class='ocr_par' dir='ltr' id='par_1_83' title="bbox 422 4938 1928 5012">
     <span class='ocr_line' id='line_1_83' title="bbox 422 4938 1928 5012; baseline -0.007 -11"><span class='ocrx_word' id='word_1_625' title='bbox 422 4946 487 5001; x_wconf 75' lang='grc' dir='ltr'><strong>Χ.</strong></span> <span class='ocrx_word' id='word_1_626' title='bbox 525 4943 987 5000; x_wconf 81' lang='lat' dir='ltr'><strong>Considerandum</strong></span> <span class='ocrx_word' id='word_1_627' title='bbox 1041 4950 1127 4997; x_wconf 88' lang='lat' dir='ltr'><strong>est</strong></span> <span class='ocrx_word' id='word_1_628' title='bbox 1147 4940 1474 5012; x_wconf 87' lang='lat' dir='ltr'><strong>diligentius,</strong></span> <span class='ocrx_word' id='word_1_629' title='bbox 1525 4948 1580 4993; x_wconf 87' lang='lat' dir='ltr'><strong>et</strong></span> <span class='ocrx_word' id='word_1_630' title='bbox 1601 4938 1778 4993; x_wconf 89' lang='lat' dir='ltr'><strong>omnis</strong></span> <span class='ocrx_word' id='word_1_631' title='bbox 1813 4938 1928 5008; x_wconf 88' lang='lat' dir='ltr'><strong>pie-</strong></span> 
     </span>
    </p>
   </div>
   <div class='ocr_carea' id='block_1_84' title="bbox 350 5026 1934 5105">
    <p class='ocr_par' dir='ltr' id='par_1_84' title="bbox 350 5026 1934 5105">
     <span class='ocr_line' id='line_1_84' title="bbox 350 5026 1934 5105; baseline -0.008 -12"><span class='ocrx_word' id='word_1_632' title='bbox 350 5039 480 5094; x_wconf 84' lang='lat' dir='ltr'><strong>tatis</strong></span> <span class='ocrx_word' id='word_1_633' title='bbox 516 5037 794 5093; x_wconf 88' lang='lat' dir='ltr'><strong>intellectu</strong></span> <span class='ocrx_word' id='word_1_634' title='bbox 848 5033 1249 5105; x_wconf 89' lang='lat' dir='ltr'><strong>percipiendum</strong></span> <span class='ocrx_word' id='word_1_635' title='bbox 1282 5072 1297 5097; x_wconf 90' lang='lat'><strong>,</strong></span> <span class='ocrx_word' id='word_1_636' title='bbox 1358 5029 1501 5101; x_wconf 91' lang='lat' dir='ltr'><strong>quod</strong></span> <span class='ocrx_word' id='word_1_637' title='bbox 1547 5029 1637 5083; x_wconf 88' lang='lat' dir='ltr'><strong>ille</strong></span> <span class='ocrx_word' id='word_1_638' title='bbox 1670 5026 1934 5083; x_wconf 87' lang='lat' dir='ltr'><strong>mirabilis</strong></span> 
     </span>
    </p>
   </div>
   <div class='ocr_carea' id='block_1_85' title="bbox 349 5120 1930 5199">
    <p class='ocr_par' dir='ltr' id='par_1_85' title="bbox 349 5120 1930 5199">
     <span class='ocr_line' id='line_1_85' title="bbox 349 5120 1930 5199; baseline -0.007 -16"><span class='ocrx_word' id='word_1_639' title='bbox 349 5128 679 5199; x_wconf 85' lang='lat' dir='ltr'><strong>evangelista</strong></span> <span class='ocrx_word' id='word_1_640' title='bbox 708 5127 817 5181; x_wconf 90' lang='lat' dir='ltr'><strong>ait:</strong></span> <span class='ocrx_word' id='word_1_641' title='bbox 884 5124 1108 5180; x_wconf 81' lang='lat' dir='ltr'><strong>Verbum</strong></span> <span class='ocrx_word' id='word_1_642' title='bbox 1158 5139 1283 5177; x_wconf 85' lang='lat' dir='ltr'><strong>caro</strong></span> <span class='ocrx_word' id='word_1_643' title='bbox 1338 5121 1536 5191; x_wconf 75' lang='lat' dir='ltr'><strong>factum</strong></span> <span class='ocrx_word' id='word_1_644' title='bbox 1581 5128 1675 5184; x_wconf 84' lang='lat' dir='ltr'><strong>est,</strong></span> <span class='ocrx_word' id='word_1_645' title='bbox 1732 5120 1785 5174; x_wconf 90' lang='lat' dir='ltr'><strong>id</strong></span> <span class='ocrx_word' id='word_1_646' title='bbox 1827 5126 1930 5182; x_wconf 88' lang='lat' dir='ltr'><strong>est,</strong></span> 
     </span>
    </p>
   </div>
   <div class='ocr_carea' id='block_1_86' title="bbox 352 5209 1931 5280">
    <p class='ocr_par' dir='ltr' id='par_1_86' title="bbox 352 5209 1931 5280">
     <span class='ocr_line' id='line_1_86' title="bbox 352 5209 1931 5280; baseline -0.008 -7"><span class='ocrx_word' id='word_1_647' title='bbox 352 5219 498 5273; x_wconf 73' lang='lat' dir='ltr'><strong>Deus</strong></span> <span class='ocrx_word' id='word_1_648' title='bbox 537 5219 698 5273; x_wconf 88' lang='lat' dir='ltr'><strong>homo</strong></span> <span class='ocrx_word' id='word_1_649' title='bbox 731 5216 906 5271; x_wconf 77' lang='lat' dir='ltr'><strong>factus</strong></span> <span class='ocrx_word' id='word_1_650' title='bbox 928 5222 1029 5270; x_wconf 84' lang='lat' dir='ltr'><strong>est.</strong></span> <span class='ocrx_word' id='word_1_651' title='bbox 1079 5214 1155 5268; x_wconf 76' lang='lat' dir='ltr'><strong>Ex</strong></span> <span class='ocrx_word' id='word_1_652' title='bbox 1196 5213 1377 5269; x_wconf 86' lang='lat' dir='ltr'><strong>carnis</strong></span> <span class='ocrx_word' id='word_1_653' title='bbox 1400 5212 1580 5280; x_wconf 85' lang='lat' dir='ltr'><strong>itaque</strong></span> <span class='ocrx_word' id='word_1_654' title='bbox 1605 5209 1820 5265; x_wconf 90' lang='lat' dir='ltr'><strong>nomine</strong></span> <span class='ocrx_word' id='word_1_655' title='bbox 1848 5216 1931 5261; x_wconf 86' lang='lat' dir='ltr'><strong>to-</strong></span> 
     </span>
    </p>
   </div>
   <div class='ocr_carea' id='block_1_87' title="bbox 352 5301 1930 5377">
    <p class='ocr_par' dir='ltr' id='par_1_87' title="bbox 352 5301 1930 5377">
     <span class='ocr_line' id='line_1_87' title="bbox 352 5301 1930 5377; baseline -0.008 -13"><span class='ocrx_word' id='word_1_656' title='bbox 352 5319 469 5364; x_wconf 85' lang='lat' dir='ltr'><strong>tum</strong></span> <span class='ocrx_word' id='word_1_657' title='bbox 494 5310 766 5363; x_wconf 88' lang='lat' dir='ltr'><strong>hominem</strong></span> <span class='ocrx_word' id='word_1_658' title='bbox 791 5305 1124 5377; x_wconf 86' lang='lat' dir='ltr'><strong>signiﬁcans,</strong></span> <span class='ocrx_word' id='word_1_659' title='bbox 1177 5313 1235 5358; x_wconf 92' lang='lat' dir='ltr'><strong>ut</strong></span> <span class='ocrx_word' id='word_1_660' title='bbox 1264 5305 1317 5358; x_wconf 92' lang='lat' dir='ltr'><strong>in</strong></span> <span class='ocrx_word' id='word_1_661' title='bbox 1347 5318 1411 5357; x_wconf 84' lang='lat' dir='ltr'><strong>eo</strong></span> <span class='ocrx_word' id='word_1_662' title='bbox 1439 5302 1556 5356; x_wconf 87' lang='lat' dir='ltr'><strong>loco</strong></span> <span class='ocrx_word' id='word_1_663' title='bbox 1592 5301 1930 5367; x_wconf 78' lang='lat' dir='ltr'><strong>intelligitur:</strong></span> 
     </span>
    </p>
   </div>
   <div class='ocr_carea' id='block_1_88' title="bbox 364 5389 1934 5464">
    <p class='ocr_par' dir='ltr' id='par_1_88' title="bbox 364 5389 1934 5464">
     <span class='ocr_line' id='line_1_88' title="bbox 364 5389 1934 5464; baseline -0.005 -13"><span class='ocrx_word' id='word_1_664' title='bbox 364 5397 568 5453; x_wconf 75' lang='lat' dir='ltr'><strong>Videbit</strong></span> <span class='ocrx_word' id='word_1_665' title='bbox 592 5399 760 5453; x_wconf 87' lang='lat' dir='ltr'><strong>omnis</strong></span> <span class='ocrx_word' id='word_1_666' title='bbox 788 5413 911 5452; x_wconf 88' lang='lat' dir='ltr'><strong>caro</strong></span> <span class='ocrx_word' id='word_1_667' title='bbox 941 5394 1172 5449; x_wconf 83' lang='lat' dir='ltr'><strong>salutare</strong></span> <span class='ocrx_word' id='word_1_668' title='bbox 1203 5393 1295 5447; x_wconf 83' lang='lat' dir='ltr'><strong>Dei</strong></span> <span class='ocrx_word' id='word_1_669' title='bbox 1333 5392 1483 5464; x_wconf 87' lang='lat' dir='ltr'><strong>(Luc.</strong></span> <span class='ocrx_word' id='word_1_670' title='bbox 1511 5408 1593 5456; x_wconf 89' lang='grc' dir='ltr'><strong>ιιι,</strong></span> <span class='ocrx_word' id='word_1_671' title='bbox 1625 5389 1703 5463; x_wconf 74' lang='lat'><strong>6),</strong></span> <span class='ocrx_word' id='word_1_672' title='bbox 1753 5391 1805 5444; x_wconf 88' lang='lat' dir='ltr'><strong>id</strong></span> <span class='ocrx_word' id='word_1_673' title='bbox 1833 5398 1934 5453; x_wconf 83' lang='lat' dir='ltr'><strong>est,</strong></span> 
     </span>
    </p>
   </div>
   <div class='ocr_carea' id='block_1_89' title="bbox 428 5522 1936 5597">
    <p class='ocr_par' dir='ltr' id='par_1_89' title="bbox 428 5522 1936 5597">
     <span class='ocr_line' id='line_1_89' title="bbox 428 5522 1936 5597; baseline -0.005 -12"><span class='ocrx_word' id='word_1_674' title='bbox 428 5543 451 5571; x_wconf 79' lang='grc' dir='ltr'><strong>ι</strong></span> <span class='ocrx_word' id='word_1_675' title='bbox 485 5530 543 5585; x_wconf 89' lang='lat' dir='ltr'><strong>S.</strong></span> <span class='ocrx_word' id='word_1_676' title='bbox 565 5531 715 5586; x_wconf 83' lang='lat' dir='ltr'><strong>llier.</strong></span> <span class='ocrx_word' id='word_1_677' title='bbox 743 5532 818 5585; x_wconf 92' lang='lat' dir='ltr'><strong>in.</strong></span> <span class='ocrx_word' id='word_1_678' title='bbox 836 5530 911 5584; x_wconf 91' lang='lat' dir='ltr'><strong>cit</strong></span> <span class='ocrx_word' id='word_1_679' title='bbox 935 5528 1109 5583; x_wconf 90' lang='lat' dir='ltr'><strong>locum</strong></span> <span class='ocrx_word' id='word_1_680' title='bbox 1137 5527 1293 5597; x_wconf 87' lang='lat' dir='ltr'><strong>epist.</strong></span> <span class='ocrx_word' id='word_1_681' title='bbox 1325 5526 1393 5597; x_wconf 86' lang='lat' dir='ltr'><strong>ad</strong></span> <span class='ocrx_word' id='word_1_682' title='bbox 1421 5524 1630 5579; x_wconf 87' lang='lat' dir='ltr'><strong>Titum:</strong></span> <span class='ocrx_word' id='word_1_683' title='bbox 1671 5541 1693 5597; x_wconf 57' lang='grc' dir='ltr'><strong>ι</strong></span> <span class='ocrx_word' id='word_1_684' title='bbox 1715 5522 1936 5597; x_wconf 79' lang='lat' dir='ltr'><strong>Magnus</strong></span> 
     </span>
    </p>
   </div>
   <div class='ocr_carea' id='block_1_90' title="bbox 354 5593 1935 5664">
    <p class='ocr_par' dir='ltr' id='par_1_90' title="bbox 354 5593 1935 5664">
     <span class='ocr_line' id='line_1_90' title="bbox 354 5593 1935 5664; baseline -0.007 -8"><span class='ocrx_word' id='word_1_685' title='bbox 354 5602 497 5656; x_wconf 69' lang='lat' dir='ltr'><strong>Deus</strong></span> <span class='ocrx_word' id='word_1_686' title='bbox 521 5600 678 5657; x_wconf 70' lang='lat' dir='ltr'><strong>Iesus</strong></span> <span class='ocrx_word' id='word_1_687' title='bbox 703 5601 954 5656; x_wconf 83' lang='lat' dir='ltr'><strong>Christus</strong></span> <span class='ocrx_word' id='word_1_688' title='bbox 972 5593 1219 5654; x_wconf 80' lang='lat' dir='ltr'><strong>Salvator</strong></span> <span class='ocrx_word' id='word_1_689' title='bbox 1238 5596 1455 5658; x_wconf 87' lang='lat' dir='ltr'><strong>dicitur,</strong></span> <span class='ocrx_word' id='word_1_690' title='bbox 1480 5610 1585 5649; x_wconf 90' lang='lat' dir='ltr'><strong>nou</strong></span> <span class='ocrx_word' id='word_1_691' title='bbox 1618 5593 1935 5664; x_wconf 76' lang='lat' dir='ltr'><strong>primogeni-</strong></span> 
     </span>
    </p>
   </div>
   <div class='ocr_carea' id='block_1_91' title="bbox 357 5663 1929 5736">
    <p class='ocr_par' dir='ltr' id='par_1_91' title="bbox 357 5663 1929 5736">
     <span class='ocr_line' id='line_1_91' title="bbox 357 5663 1929 5736; baseline -0.01 -7"><span class='ocrx_word' id='word_1_692' title='bbox 357 5665 651 5732; x_wconf 50' lang='lat' dir='ltr'><strong>tus&#39;on’mis</strong></span> <span class='ocrx_word' id='word_1_693' title='bbox 685 5679 972 5736; x_wconf 65' lang='lat' dir='ltr'><strong>creaturae,</strong></span> <span class='ocrx_word' id='word_1_694' title='bbox 1008 5683 1114 5726; x_wconf 89' lang='lat' dir='ltr'><strong>non</strong></span> <span class='ocrx_word' id='word_1_695' title='bbox 1139 5666 1371 5724; x_wconf 80' lang='lat' dir='ltr'><strong>Verbum</strong></span> <span class='ocrx_word' id='word_1_696' title='bbox 1403 5665 1496 5720; x_wconf 83' lang='lat' dir='ltr'><strong>Dei</strong></span> <span class='ocrx_word' id='word_1_697' title='bbox 1552 5671 1605 5719; x_wconf 85' lang='lat' dir='ltr'><strong>et</strong></span> <span class='ocrx_word' id='word_1_698' title='bbox 1650 5663 1929 5734; x_wconf 83' lang='lat' dir='ltr'><strong>sapientia,</strong></span> 
     </span>
    </p>
   </div>
   <div class='ocr_carea' id='block_1_92' title="bbox 2029 3202 3608 3282">
    <p class='ocr_par' dir='ltr' id='par_1_92' title="bbox 2029 3202 3608 3282">
     <span class='ocr_line' id='line_1_92' title="bbox 2029 3202 3608 3282; baseline 0.004 -22"><span class='ocrx_word' id='word_1_699' title='bbox 2029 3206 2119 3261; x_wconf 91' lang='lat' dir='ltr'><strong>cui</strong></span> <span class='ocrx_word' id='word_1_700' title='bbox 2170 3202 2322 3277; x_wconf 89' lang='lat' dir='ltr'><strong>[Cod.</strong></span> <span class='ocrx_word' id='word_1_701' title='bbox 2356 3205 2561 3273; x_wconf 62' lang='lat' dir='ltr'><strong>Paris,</strong></span> <span class='ocrx_word' id='word_1_702' title='bbox 2589 3208 2719 3278; x_wconf 89' lang='lat' dir='ltr'><strong>quid</strong></span> <span class='ocrx_word' id='word_1_703' title='bbox 2742 3206 2956 3282; x_wconf 89' lang='lat' dir='ltr'><strong>cuique]</strong></span> <span class='ocrx_word' id='word_1_704' title='bbox 2998 3209 3075 3265; x_wconf 90' lang='lat' dir='ltr'><strong>rei</strong></span> <span class='ocrx_word' id='word_1_705' title='bbox 3098 3210 3403 3265; x_wconf 87' lang='lat' dir='ltr'><strong>conveniat.</strong></span> <span class='ocrx_word' id='word_1_706' title='bbox 3474 3211 3608 3266; x_wconf 86' lang='lat' dir='ltr'><strong>Pro-</strong></span> 
     </span>
    </p>
   </div>
   <div class='ocr_carea' id='block_1_93' title="bbox 2027 3298 3609 3374">
    <p class='ocr_par' dir='ltr' id='par_1_93' title="bbox 2027 3298 3609 3374">
     <span class='ocr_line' id='line_1_93' title="bbox 2027 3298 3609 3374; baseline 0.003 -21"><span class='ocrx_word' id='word_1_707' title='bbox 2027 3299 2148 3369; x_wconf 85' lang='lat' dir='ltr'><strong>pria</strong></span> <span class='ocrx_word' id='word_1_708' title='bbox 2176 3298 2392 3354; x_wconf 89' lang='lat' dir='ltr'><strong>nomina</strong></span> <span class='ocrx_word' id='word_1_709' title='bbox 2418 3307 2542 3355; x_wconf 91' lang='lat' dir='ltr'><strong>sunt</strong></span> <span class='ocrx_word' id='word_1_710' title='bbox 2570 3299 2624 3354; x_wconf 92' lang='lat' dir='ltr'><strong>in</strong></span> <span class='ocrx_word' id='word_1_711' title='bbox 2649 3299 2884 3365; x_wconf 88' lang='lat' dir='ltr'><strong>Christo,</strong></span> <span class='ocrx_word' id='word_1_712' title='bbox 2919 3298 3248 3372; x_wconf 83' lang='lat' dir='ltr'><strong>Unigenitus,</strong></span> <span class='ocrx_word' id='word_1_713' title='bbox 3281 3299 3609 3374; x_wconf 83' lang='lat' dir='ltr'><strong>Primogcni-</strong></span> 
     </span>
    </p>
   </div>
   <div class='ocr_carea' id='block_1_94' title="bbox 2029 3389 3605 3465">
    <p class='ocr_par' dir='ltr' id='par_1_94' title="bbox 2029 3389 3605 3465">
     <span class='ocr_line' id='line_1_94' title="bbox 2029 3389 3605 3465; baseline 0.003 -21"><span class='ocrx_word' id='word_1_714' title='bbox 2029 3399 2135 3456; x_wconf 88' lang='lat' dir='ltr'><strong>tus,</strong></span> <span class='ocrx_word' id='word_1_715' title='bbox 2167 3390 2328 3456; x_wconf 87' lang='lat' dir='ltr'><strong>Deus,</strong></span> <span class='ocrx_word' id='word_1_716' title='bbox 2358 3390 2453 3446; x_wconf 88' lang='lat' dir='ltr'><strong>Dei</strong></span> <span class='ocrx_word' id='word_1_717' title='bbox 2468 3389 2519 3444; x_wconf 87' lang='lat' dir='ltr'><em>F</em></span> <span class='ocrx_word' id='word_1_718' title='bbox 2520 3390 2669 3456; x_wconf 89' lang='lat' dir='ltr'><strong>ilius,</strong></span> <span class='ocrx_word' id='word_1_719' title='bbox 2691 3400 2738 3447; x_wconf 87' lang='lat' dir='ltr'><strong>et</strong></span> <span class='ocrx_word' id='word_1_720' title='bbox 2758 3409 2895 3447; x_wconf 84' lang='lat' dir='ltr'><strong>unus</strong></span> <span class='ocrx_word' id='word_1_721' title='bbox 2917 3391 3068 3465; x_wconf 86' lang='lat' dir='ltr'><strong>[Cod.</strong></span> <span class='ocrx_word' id='word_1_722' title='bbox 3095 3393 3236 3460; x_wconf 86' lang='lat' dir='ltr'><strong>Vat.,</strong></span> <span class='ocrx_word' id='word_1_723' title='bbox 3261 3403 3308 3447; x_wconf 93' lang='lat' dir='ltr'><strong>et</strong></span> <span class='ocrx_word' id='word_1_724' title='bbox 3326 3392 3605 3465; x_wconf 81' lang='lat' dir='ltr'><strong>Dominus]</strong></span> 
     </span>
    </p>
   </div>
   <div class='ocr_carea' id='block_1_95' title="bbox 2028 3480 3608 3555">
    <p class='ocr_par' dir='ltr' id='par_1_95' title="bbox 2028 3480 3608 3555">
     <span class='ocr_line' id='line_1_95' title="bbox 2028 3480 3608 3555; baseline 0.003 -19"><span class='ocrx_word' id='word_1_725' title='bbox 2028 3482 2183 3537; x_wconf 75' lang='lat' dir='ltr'><strong>Iesus</strong></span> <span class='ocrx_word' id='word_1_726' title='bbox 2237 3480 2495 3537; x_wconf 84' lang='lat' dir='ltr'><strong>Christus.</strong></span> <span class='ocrx_word' id='word_1_727' title='bbox 2571 3482 2937 3553; x_wconf 89' lang='lat' dir='ltr'><strong>Signiﬁcativa</strong></span> <span class='ocrx_word' id='word_1_728' title='bbox 2975 3483 3190 3538; x_wconf 88' lang='lat' dir='ltr'><strong>nomina</strong></span> <span class='ocrx_word' id='word_1_729' title='bbox 3237 3493 3362 3539; x_wconf 89' lang='lat' dir='ltr'><strong>sunt</strong></span> <span class='ocrx_word' id='word_1_730' title='bbox 3388 3495 3608 3555; x_wconf 73' lang='lat' dir='ltr'><strong>propter</strong></span> 
     </span>
    </p>
   </div>
   <div class='ocr_carea' id='block_1_96' title="bbox 2029 3573 3609 3645">
    <p class='ocr_par' dir='ltr' id='par_1_96' title="bbox 2029 3573 3609 3645">
     <span class='ocr_line' id='line_1_96' title="bbox 2029 3573 3609 3645; baseline 0.003 -18"><span class='ocrx_word' id='word_1_731' title='bbox 2029 3573 2287 3642; x_wconf 89' lang='lat' dir='ltr'><strong>quasdam</strong></span> <span class='ocrx_word' id='word_1_732' title='bbox 2316 3574 2577 3639; x_wconf 89' lang='lat' dir='ltr'><strong>actiones,</strong></span> <span class='ocrx_word' id='word_1_733' title='bbox 2601 3589 2719 3644; x_wconf 69' lang='lat' dir='ltr'><strong>quae</strong></span> <span class='ocrx_word' id='word_1_734' title='bbox 2737 3574 3015 3645; x_wconf 72' lang='lat' dir='ltr'><strong>completa:</strong></span> <span class='ocrx_word' id='word_1_735' title='bbox 3033 3583 3156 3630; x_wconf 90' lang='lat' dir='ltr'><strong>sunt</strong></span> <span class='ocrx_word' id='word_1_736' title='bbox 3181 3576 3234 3630; x_wconf 90' lang='lat' dir='ltr'><strong>in</strong></span> <span class='ocrx_word' id='word_1_737' title='bbox 3263 3575 3375 3641; x_wconf 87' lang='lat' dir='ltr'><strong>illo,</strong></span> <span class='ocrx_word' id='word_1_738' title='bbox 3403 3575 3609 3641; x_wconf 61' lang='lat'><strong>(00,11:-</strong></span> 
     </span>
    </p>
   </div>
   <div class='ocr_carea' id='block_1_97' title="bbox 2026 3664 3607 3737">
    <p class='ocr_par' dir='ltr' id='par_1_97' title="bbox 2026 3664 3607 3737">
     <span class='ocr_line' id='line_1_97' title="bbox 2026 3664 3607 3737; baseline 0.004 -20"><span class='ocrx_word' id='word_1_739' title='bbox 2026 3665 2130 3734; x_wconf 85' lang='lat' dir='ltr'><strong>pis,</strong></span> <span class='ocrx_word' id='word_1_740' title='bbox 2157 3664 2284 3729; x_wconf 84' lang='lat' dir='ltr'><strong>ovis,</strong></span> <span class='ocrx_word' id='word_1_741' title='bbox 2307 3664 2520 3730; x_wconf 85' lang='lat' dir='ltr'><strong>vitulus,</strong></span> <span class='ocrx_word' id='word_1_742' title='bbox 2544 3665 2752 3730; x_wconf 77' lang='lat' dir='ltr'><strong>vermis,</strong></span> <span class='ocrx_word' id='word_1_743' title='bbox 2768 3674 2822 3721; x_wconf 90' lang='lat' dir='ltr'><strong>et</strong></span> <span class='ocrx_word' id='word_1_744' title='bbox 2846 3665 2972 3721; x_wconf 88' lang='lat' dir='ltr'><strong>talia</strong></span> <span class='ocrx_word' id='word_1_745' title='bbox 2988 3665 3238 3737; x_wconf 85' lang='lat' dir='ltr'><strong>plurima,</strong></span> <span class='ocrx_word' id='word_1_746' title='bbox 3265 3668 3607 3737; x_wconf 71' lang='lat' dir='ltr'><strong>qumt&#39;atiorze</strong></span> 
     </span>
    </p>
   </div>
   <div class='ocr_carea' id='block_1_98' title="bbox 2027 3755 2550 3811">
    <p class='ocr_par' dir='ltr' id='par_1_98' title="bbox 2027 3755 2550 3811">
     <span class='ocr_line' id='line_1_98' title="bbox 2027 3755 2550 3811; baseline 0.004 -2"><span class='ocrx_word' id='word_1_747' title='bbox 2027 3755 2382 3811; x_wconf 86' lang='lat' dir='ltr'><strong>discernenda</strong></span> <span class='ocrx_word' id='word_1_748' title='bbox 2405 3764 2550 3811; x_wconf 92' lang='lat' dir='ltr'><strong>sunt.</strong></span> 
     </span>
    </p>
   </div>
   <div class='ocr_carea' id='block_1_99' title="bbox 2098 3843 3608 3914">
    <p class='ocr_par' dir='ltr' id='par_1_99' title="bbox 2098 3843 3608 3914">
     <span class='ocr_line' id='line_1_99' title="bbox 2098 3843 3608 3914; baseline -0.001 -15"><span class='ocrx_word' id='word_1_749' title='bbox 2098 3843 2187 3899; x_wconf 81' lang='lat' dir='ltr'><strong>XI.</strong></span> <span class='ocrx_word' id='word_1_750' title='bbox 2215 3843 2354 3898; x_wconf 91' lang='lat' dir='ltr'><strong>Dicit</strong></span> <span class='ocrx_word' id='word_1_751' title='bbox 2378 3844 2635 3913; x_wconf 63' lang='lat' dir='ltr'><strong>praefatus</strong></span> <span class='ocrx_word' id='word_1_752' title='bbox 2656 3844 2977 3901; x_wconf 87' lang='lat' dir='ltr'><strong>venerabilis</strong></span> <span class='ocrx_word' id='word_1_753' title='bbox 3002 3845 3149 3900; x_wconf 86' lang='lat' dir='ltr'><strong>Felix</strong></span> <span class='ocrx_word' id='word_1_754' title='bbox 3184 3846 3227 3907; x_wconf 68' lang='grc' dir='ltr'><strong>ιι,</strong></span> <span class='ocrx_word' id='word_1_755' title='bbox 3284 3863 3303 3895; x_wconf 74' lang='grc' dir='ltr'><strong>ι</strong></span> <span class='ocrx_word' id='word_1_756' title='bbox 3340 3844 3608 3914; x_wconf 71' lang='lat' dir='ltr'><strong>Hispania:</strong></span> 
     </span>
    </p>
   </div>
   <div class='ocr_carea' id='block_1_100' title="bbox 2029 3933 3601 4004">
    <p class='ocr_par' dir='ltr' id='par_1_100' title="bbox 2029 3933 3601 4004">
     <span class='ocr_line' id='line_1_100' title="bbox 2029 3933 3601 4004; baseline -0.003 -13"><span class='ocrx_word' id='word_1_757' title='bbox 2029 3938 2278 3992; x_wconf 91' lang='lat' dir='ltr'><strong>doctores</strong></span> <span class='ocrx_word' id='word_1_758' title='bbox 2291 3933 2561 3990; x_wconf 87' lang='lat' dir='ltr'><strong>Christum</strong></span> <span class='ocrx_word' id='word_1_759' title='bbox 2578 3934 2884 4004; x_wconf 85' lang='lat' dir='ltr'><strong>adoptivum</strong></span> <span class='ocrx_word' id='word_1_760' title='bbox 2902 3934 3086 3990; x_wconf 90' lang='lat' dir='ltr'><strong>solitos</strong></span> <span class='ocrx_word' id='word_1_761' title='bbox 3100 3950 3222 3989; x_wconf 88' lang='lat' dir='ltr'><strong>esse</strong></span> <span class='ocrx_word' id='word_1_762' title='bbox 3247 3935 3525 3989; x_wconf 88' lang='lat' dir='ltr'><strong>nominare</strong></span> <span class='ocrx_word' id='word_1_763' title='bbox 3543 3952 3555 3999; x_wconf 88' lang='lat'>;</span> <span class='ocrx_word' id='word_1_764' title='bbox 3584 3956 3601 3987; x_wconf 75' lang='grc' dir='ltr'><strong>ι</strong></span> 
     </span>
    </p>
   </div>
   <div class='ocr_carea' id='block_1_101' title="bbox 2028 4026 3609 4097">
    <p class='ocr_par' dir='ltr' id='par_1_101' title="bbox 2028 4026 3609 4097">
     <span class='ocr_line' id='line_1_101' title="bbox 2028 4026 3609 4097; baseline -0.001 -12"><span class='ocrx_word' id='word_1_765' title='bbox 2028 4028 2120 4085; x_wconf 87' lang='lat' dir='ltr'><strong>sed</strong></span> <span class='ocrx_word' id='word_1_766' title='bbox 2142 4029 2261 4086; x_wconf 88' lang='lat' dir='ltr'><strong>illos</strong></span> <span class='ocrx_word' id='word_1_767' title='bbox 2321 4027 2569 4082; x_wconf 89' lang='lat' dir='ltr'><strong>doctores</strong></span> <span class='ocrx_word' id='word_1_768' title='bbox 2615 4042 2714 4082; x_wconf 91' lang='lat' dir='ltr'><strong>nos</strong></span> <span class='ocrx_word' id='word_1_769' title='bbox 2758 4041 2862 4079; x_wconf 89' lang='lat' dir='ltr'><strong>non</strong></span> <span class='ocrx_word' id='word_1_770' title='bbox 2893 4026 3151 4097; x_wconf 85' lang='lat' dir='ltr'><strong>legimus,</strong></span> <span class='ocrx_word' id='word_1_771' title='bbox 3196 4041 3368 4096; x_wconf 88' lang='lat' dir='ltr'><strong>neque</strong></span> <span class='ocrx_word' id='word_1_772' title='bbox 3397 4027 3463 4083; x_wconf 86' lang='lat' dir='ltr'><strong>ad</strong></span> <span class='ocrx_word' id='word_1_773' title='bbox 3509 4044 3609 4083; x_wconf 80' lang='lat' dir='ltr'><strong>nos</strong></span> 
     </span>
    </p>
   </div>
   <div class='ocr_carea' id='block_1_102' title="bbox 2028 4116 3611 4190">
    <p class='ocr_par' dir='ltr' id='par_1_102' title="bbox 2028 4116 3611 4190">
     <span class='ocr_line' id='line_1_102' title="bbox 2028 4116 3611 4190; baseline -0.003 -17"><span class='ocrx_word' id='word_1_774' title='bbox 2028 4120 2456 4190; x_wconf 88' lang='lat' dir='ltr'><strong>illorumscripta</strong></span> <span class='ocrx_word' id='word_1_775' title='bbox 2484 4127 2878 4189; x_wconf 88' lang='lat' dir='ltr'><strong>pervenerunt:</strong></span> <span class='ocrx_word' id='word_1_776' title='bbox 2904 4124 2959 4172; x_wconf 82' lang='lat' dir='ltr'><strong>et</strong></span> <span class='ocrx_word' id='word_1_777' title='bbox 2978 4116 3024 4173; x_wconf 88' lang='lat' dir='ltr'><strong>si</strong></span> <span class='ocrx_word' id='word_1_778' title='bbox 3040 4116 3292 4181; x_wconf 82' lang='lat' dir='ltr'><strong>dixerint,</strong></span> <span class='ocrx_word' id='word_1_779' title='bbox 3321 4116 3458 4173; x_wconf 81' lang='lat' dir='ltr'><strong>forte</strong></span> <span class='ocrx_word' id='word_1_780' title='bbox 3480 4119 3611 4173; x_wconf 74' lang='lat' dir='ltr'><strong>sin:-</strong></span> 
     </span>
    </p>
   </div>
   <div class='ocr_carea' id='block_1_103' title="bbox 2027 4206 3605 4281">
    <p class='ocr_par' dir='ltr' id='par_1_103' title="bbox 2027 4206 3605 4281">
     <span class='ocr_line' id='line_1_103' title="bbox 2027 4206 3605 4281; baseline -0.001 -19"><span class='ocrx_word' id='word_1_781' title='bbox 2027 4209 2151 4278; x_wconf 79' lang='lat' dir='ltr'><strong>plex</strong></span> <span class='ocrx_word' id='word_1_782' title='bbox 2181 4207 2483 4281; x_wconf 88' lang='lat' dir='ltr'><strong>ignorantia</strong></span> <span class='ocrx_word' id='word_1_783' title='bbox 2510 4222 2605 4263; x_wconf 89' lang='lat' dir='ltr'><strong>eos</strong></span> <span class='ocrx_word' id='word_1_784' title='bbox 2629 4206 2869 4263; x_wconf 83' lang='lat' dir='ltr'><strong>defendit</strong></span> <span class='ocrx_word' id='word_1_785' title='bbox 2894 4222 2925 4261; x_wconf 93' lang='lat' dir='ltr'><strong>a</strong></span> <span class='ocrx_word' id='word_1_786' title='bbox 2949 4221 3205 4262; x_wconf 89' lang='lat' dir='ltr'><strong>mucrone</strong></span> <span class='ocrx_word' id='word_1_787' title='bbox 3226 4207 3605 4271; x_wconf 84' lang='lat' dir='ltr'><strong>anathematis,</strong></span> 
     </span>
    </p>
   </div>
   <div class='ocr_carea' id='block_1_104' title="bbox 2027 4296 3604 4369">
    <p class='ocr_par' dir='ltr' id='par_1_104' title="bbox 2027 4296 3604 4369">
     <span class='ocr_line' id='line_1_104' title="bbox 2027 4296 3604 4369; baseline -0.003 -15"><span class='ocrx_word' id='word_1_788' title='bbox 2027 4315 2135 4356; x_wconf 90' lang='lat' dir='ltr'><strong>non</strong></span> <span class='ocrx_word' id='word_1_789' title='bbox 2160 4299 2407 4369; x_wconf 82' lang='lat' dir='ltr'><strong>pertinax</strong></span> <span class='ocrx_word' id='word_1_790' title='bbox 2422 4298 2625 4354; x_wconf 91' lang='lat' dir='ltr'><strong>erroris</strong></span> <span class='ocrx_word' id='word_1_791' title='bbox 2640 4296 2882 4354; x_wconf 80' lang='lat' dir='ltr'><strong>defensio</strong></span> <span class='ocrx_word' id='word_1_792' title='bbox 2904 4296 3476 4354; x_wconf 77' lang='lat' dir='ltr'><strong>excommunicationis</strong></span> <span class='ocrx_word' id='word_1_793' title='bbox 3488 4312 3604 4366; x_wconf 79' lang='lat' dir='ltr'><strong>por-</strong></span> 
     </span>
    </p>
   </div>
   <div class='ocr_carea' id='block_1_105' title="bbox 2028 4388 3611 4464">
    <p class='ocr_par' dir='ltr' id='par_1_105' title="bbox 2028 4388 3611 4464">
     <span class='ocr_line' id='line_1_105' title="bbox 2028 4388 3611 4464; baseline -0.004 -16"><span class='ocrx_word' id='word_1_794' title='bbox 2028 4392 2166 4449; x_wconf 91' lang='lat' dir='ltr'><strong>cutit</strong></span> <span class='ocrx_word' id='word_1_795' title='bbox 2186 4390 2364 4463; x_wconf 88' lang='lat' dir='ltr'><strong>gladio</strong></span> <span class='ocrx_word' id='word_1_796' title='bbox 2386 4389 2541 4464; x_wconf 88' lang='lat' dir='ltr'><strong>[Cod.</strong></span> <span class='ocrx_word' id='word_1_797' title='bbox 2572 4390 2715 4457; x_wconf 88' lang='lat' dir='ltr'><strong>Vat.,</strong></span> <span class='ocrx_word' id='word_1_798' title='bbox 2740 4389 2992 4463; x_wconf 88' lang='lat' dir='ltr'><strong>gladius].</strong></span> <span class='ocrx_word' id='word_1_799' title='bbox 3020 4388 3187 4458; x_wconf 88' lang='lat' dir='ltr'><strong>Major</strong></span> <span class='ocrx_word' id='word_1_800' title='bbox 3201 4405 3410 4460; x_wconf 86' lang='lat' dir='ltr'><strong>quoque</strong></span> <span class='ocrx_word' id='word_1_801' title='bbox 3426 4396 3611 4443; x_wconf 87' lang='lat' dir='ltr'><strong>aucto-</strong></span> 
     </span>
    </p>
   </div>
   <div class='ocr_carea' id='block_1_106' title="bbox 2032 4480 3611 4550">
    <p class='ocr_par' dir='ltr' id='par_1_106' title="bbox 2032 4480 3611 4550">
     <span class='ocr_line' id='line_1_106' title="bbox 2032 4480 3611 4550; baseline -0.003 -13"><span class='ocrx_word' id='word_1_802' title='bbox 2032 4483 2166 4537; x_wconf 89' lang='lat' dir='ltr'><strong>ritas</strong></span> <span class='ocrx_word' id='word_1_803' title='bbox 2192 4482 2475 4537; x_wconf 90' lang='lat' dir='ltr'><strong>doctorum</strong></span> <span class='ocrx_word' id='word_1_804' title='bbox 2504 4480 2667 4537; x_wconf 89' lang='lat' dir='ltr'><strong>totius</strong></span> <span class='ocrx_word' id='word_1_805' title='bbox 2693 4480 2880 4535; x_wconf 90' lang='lat' dir='ltr'><strong>mundi</strong></span> <span class='ocrx_word' id='word_1_806' title='bbox 2912 4480 3072 4535; x_wconf 90' lang='lat' dir='ltr'><strong>debet</strong></span> <span class='ocrx_word' id='word_1_807' title='bbox 3110 4493 3248 4542; x_wconf 81' lang='lat' dir='ltr'><strong>esse,</strong></span> <span class='ocrx_word' id='word_1_808' title='bbox 3297 4493 3457 4547; x_wconf 89' lang='lat' dir='ltr'><strong>quam</strong></span> <span class='ocrx_word' id='word_1_809' title='bbox 3480 4495 3611 4550; x_wconf 84' lang='lat' dir='ltr'><strong>pau-</strong></span> 
     </span>
    </p>
   </div>
   <div class='ocr_carea' id='block_1_107' title="bbox 2032 4570 3607 4643">
    <p class='ocr_par' dir='ltr' id='par_1_107' title="bbox 2032 4570 3607 4643">
     <span class='ocr_line' id='line_1_107' title="bbox 2032 4570 3607 4643; baseline -0.001 -15"><span class='ocrx_word' id='word_1_810' title='bbox 2032 4588 2219 4629; x_wconf 85' lang='lat' dir='ltr'><strong>corum</strong></span> <span class='ocrx_word' id='word_1_811' title='bbox 2245 4572 2300 4627; x_wconf 93' lang='lat' dir='ltr'><strong>in</strong></span> <span class='ocrx_word' id='word_1_812' title='bbox 2333 4572 2608 4643; x_wconf 85' lang='lat' dir='ltr'><strong>Hispania.</strong></span> <span class='ocrx_word' id='word_1_813' title='bbox 2651 4570 2819 4643; x_wconf 87' lang='lat' dir='ltr'><strong>[gitur</strong></span> <span class='ocrx_word' id='word_1_814' title='bbox 2846 4572 3037 4626; x_wconf 89' lang='lat' dir='ltr'><strong>beatus</strong></span> <span class='ocrx_word' id='word_1_815' title='bbox 3064 4570 3318 4635; x_wconf 82' lang='lat' dir='ltr'><strong>Isidorus,</strong></span> <span class='ocrx_word' id='word_1_816' title='bbox 3355 4572 3439 4625; x_wconf 91' lang='lat' dir='ltr'><strong>cui</strong></span> <span class='ocrx_word' id='word_1_817' title='bbox 3472 4572 3607 4626; x_wconf 82' lang='lat' dir='ltr'><strong>nihil</strong></span> 
     </span>
    </p>
   </div>
   <div class='ocr_carea' id='block_1_108' title="bbox 2032 4661 3609 4734">
    <p class='ocr_par' dir='ltr' id='par_1_108' title="bbox 2032 4661 3609 4734">
     <span class='ocr_line' id='line_1_108' title="bbox 2032 4661 3609 4734; baseline -0.001 -15"><span class='ocrx_word' id='word_1_818' title='bbox 2032 4665 2291 4734; x_wconf 83' lang='lat' dir='ltr'><strong>Hispania</strong></span> <span class='ocrx_word' id='word_1_819' title='bbox 2314 4664 2511 4719; x_wconf 88' lang='lat' dir='ltr'><strong>clarius</strong></span> <span class='ocrx_word' id='word_1_820' title='bbox 2540 4663 2746 4729; x_wconf 89' lang='lat' dir='ltr'><strong>habuit,</strong></span> <span class='ocrx_word' id='word_1_821' title='bbox 2776 4662 2942 4716; x_wconf 90' lang='lat' dir='ltr'><strong>multa</strong></span> <span class='ocrx_word' id='word_1_822' title='bbox 2971 4661 3189 4717; x_wconf 88' lang='lat' dir='ltr'><strong>nomina</strong></span> <span class='ocrx_word' id='word_1_823' title='bbox 3224 4662 3373 4732; x_wconf 92' lang='lat' dir='ltr'><strong>ponit</strong></span> <span class='ocrx_word' id='word_1_824' title='bbox 3404 4664 3469 4718; x_wconf 88' lang='lat' dir='ltr'><strong>de</strong></span> <span class='ocrx_word' id='word_1_825' title='bbox 3499 4664 3609 4718; x_wconf 87' lang='lat' dir='ltr'><strong>Deo</strong></span> 
     </span>
    </p>
   </div>
   <div class='ocr_carea' id='block_1_109' title="bbox 2032 4751 3609 4825">
    <p class='ocr_par' dir='ltr' id='par_1_109' title="bbox 2032 4751 3609 4825">
     <span class='ocr_line' id='line_1_109' title="bbox 2032 4751 3609 4825; baseline -0.001 -14"><span class='ocrx_word' id='word_1_826' title='bbox 2032 4756 2250 4811; x_wconf 89' lang='lat' dir='ltr'><strong>Christo</strong></span> <span class='ocrx_word' id='word_1_827' title='bbox 2284 4755 2339 4808; x_wconf 90' lang='lat' dir='ltr'><strong>in</strong></span> <span class='ocrx_word' id='word_1_828' title='bbox 2370 4752 2738 4825; x_wconf 83' lang='lat' dir='ltr'><strong>Etymologiis,</strong></span> <span class='ocrx_word' id='word_1_829' title='bbox 2763 4751 2848 4807; x_wconf 91' lang='lat' dir='ltr'><strong>vel</strong></span> <span class='ocrx_word' id='word_1_830' title='bbox 2874 4751 2994 4807; x_wconf 90' lang='lat' dir='ltr'><strong>aliis</strong></span> <span class='ocrx_word' id='word_1_831' title='bbox 3023 4752 3307 4823; x_wconf 87' lang='lat' dir='ltr'><strong>scripturis</strong></span> <span class='ocrx_word' id='word_1_832' title='bbox 3356 4755 3485 4819; x_wconf 88' lang='lat' dir='ltr'><strong>suis,</strong></span> <span class='ocrx_word' id='word_1_833' title='bbox 3514 4754 3609 4809; x_wconf 82' lang='lat' dir='ltr'><strong>sed</strong></span> 
     </span>
    </p>
   </div>
   <div class='ocr_carea' id='block_1_110' title="bbox 2036 4843 3607 4913">
    <p class='ocr_par' dir='ltr' id='par_1_110' title="bbox 2036 4843 3607 4913">
     <span class='ocr_line' id='line_1_110' title="bbox 2036 4843 3607 4913; baseline -0.003 -13"><span class='ocrx_word' id='word_1_834' title='bbox 2036 4848 2087 4900; x_wconf 92' lang='lat' dir='ltr'><strong>in</strong></span> <span class='ocrx_word' id='word_1_835' title='bbox 2111 4846 2257 4902; x_wconf 89' lang='lat' dir='ltr'><strong>nullo</strong></span> <span class='ocrx_word' id='word_1_836' title='bbox 2283 4845 2403 4900; x_wconf 92' lang='lat' dir='ltr'><strong>loco</strong></span> <span class='ocrx_word' id='word_1_837' title='bbox 2424 4845 2726 4899; x_wconf 87' lang='lat' dir='ltr'><strong>invenimus</strong></span> <span class='ocrx_word' id='word_1_838' title='bbox 2744 4857 2865 4897; x_wconf 90' lang='lat' dir='ltr'><strong>eum</strong></span> <span class='ocrx_word' id='word_1_839' title='bbox 2897 4843 3206 4913; x_wconf 89' lang='lat' dir='ltr'><strong>adoptivum</strong></span> <span class='ocrx_word' id='word_1_840' title='bbox 3231 4844 3314 4899; x_wconf 91' lang='lat' dir='ltr'><strong>vel</strong></span> <span class='ocrx_word' id='word_1_841' title='bbox 3328 4859 3607 4913; x_wconf 85' lang='lat' dir='ltr'><strong>nuneupa-</strong></span> 
     </span>
    </p>
   </div>
   <div class='ocr_carea' id='block_1_111' title="bbox 2037 4932 3609 4998">
    <p class='ocr_par' dir='ltr' id='par_1_111' title="bbox 2037 4932 3609 4998">
     <span class='ocr_line' id='line_1_111' title="bbox 2037 4932 3609 4998; baseline -0.001 -8"><span class='ocrx_word' id='word_1_842' title='bbox 2037 4937 2206 4990; x_wconf 88' lang='lat' dir='ltr'><strong>tivum</strong></span> <span class='ocrx_word' id='word_1_843' title='bbox 2230 4935 2419 4998; x_wconf 89' lang='lat' dir='ltr'><strong>Deum,</strong></span> <span class='ocrx_word' id='word_1_844' title='bbox 2472 4932 2567 4986; x_wconf 91' lang='lat' dir='ltr'><strong>Dei</strong></span> <span class='ocrx_word' id='word_1_845' title='bbox 2596 4932 2791 4987; x_wconf 85' lang='lat' dir='ltr'><strong>Filium</strong></span> <span class='ocrx_word' id='word_1_846' title='bbox 2823 4932 3098 4988; x_wconf 88' lang='lat' dir='ltr'><strong>Christum</strong></span> <span class='ocrx_word' id='word_1_847' title='bbox 3141 4934 3468 4997; x_wconf 90' lang='lat' dir='ltr'><strong>nominasse,</strong></span> <span class='ocrx_word' id='word_1_848' title='bbox 3512 4935 3609 4992; x_wconf 87' lang='lat' dir='ltr'><strong>sed</strong></span> 
     </span>
    </p>
   </div>
   <div class='ocr_carea' id='block_1_112' title="bbox 2036 5022 3605 5096">
    <p class='ocr_par' dir='ltr' id='par_1_112' title="bbox 2036 5022 3605 5096">
     <span class='ocr_line' id='line_1_112' title="bbox 2036 5022 3605 5096; baseline -0.003 -15"><span class='ocrx_word' id='word_1_849' title='bbox 2036 5038 2251 5096; x_wconf 89' lang='lat' dir='ltr'><strong>semper</strong></span> <span class='ocrx_word' id='word_1_850' title='bbox 2270 5022 2589 5079; x_wconf 89' lang='lat' dir='ltr'><strong>universalis</strong></span> <span class='ocrx_word' id='word_1_851' title='bbox 2608 5030 2810 5078; x_wconf 63' lang='lat' dir='ltr'><strong>sancta:</strong></span> <span class='ocrx_word' id='word_1_852' title='bbox 2854 5023 2948 5078; x_wconf 89' lang='lat' dir='ltr'><strong>Dei</strong></span> <span class='ocrx_word' id='word_1_853' title='bbox 2971 5023 3226 5079; x_wconf 81' lang='lat' dir='ltr'><strong>Ecclesia:</strong></span> <span class='ocrx_word' id='word_1_854' title='bbox 3262 5023 3315 5076; x_wconf 93' lang='lat' dir='ltr'><strong>in</strong></span> <span class='ocrx_word' id='word_1_855' title='bbox 3342 5023 3605 5077; x_wconf 85' lang='lat' dir='ltr'><strong>catholica</strong></span> 
     </span>
    </p>
   </div>
   <div class='ocr_carea' id='block_1_113' title="bbox 2043 5114 3114 5176">
    <p class='ocr_par' dir='ltr' id='par_1_113' title="bbox 2043 5114 3114 5176">
     <span class='ocr_line' id='line_1_113' title="bbox 2043 5114 3114 5176; baseline -0.004 -5"><span class='ocrx_word' id='word_1_856' title='bbox 2043 5117 2145 5172; x_wconf 87' lang='lat' dir='ltr'><strong>ﬁde</strong></span> <span class='ocrx_word' id='word_1_857' title='bbox 2167 5130 2289 5171; x_wconf 90' lang='lat' dir='ltr'><strong>eum</strong></span> <span class='ocrx_word' id='word_1_858' title='bbox 2320 5114 2625 5169; x_wconf 90' lang='lat' dir='ltr'><strong>consentire</strong></span> <span class='ocrx_word' id='word_1_859' title='bbox 2652 5114 2972 5169; x_wconf 88' lang='lat' dir='ltr'><strong>invenimus.</strong></span> <span class='ocrx_word' id='word_1_860' title='bbox 3103 5168 3114 5176; x_wconf 86' lang='lat'>_</span> 
     </span>
    </p>
   </div>
   <div class='ocr_carea' id='block_1_114' title="bbox 2109 5200 3603 5273">
    <p class='ocr_par' dir='ltr' id='par_1_114' title="bbox 2109 5200 3603 5273">
     <span class='ocr_line' id='line_1_114' title="bbox 2109 5200 3603 5273; baseline -0.003 -10"><span class='ocrx_word' id='word_1_861' title='bbox 2109 5207 2223 5264; x_wconf 78' lang='lat' dir='ltr'><strong>XII.</strong></span> <span class='ocrx_word' id='word_1_862' title='bbox 2265 5206 2322 5261; x_wconf 89' lang='lat' dir='ltr'><strong>Si</strong></span> <span class='ocrx_word' id='word_1_863' title='bbox 2348 5213 2528 5261; x_wconf 90' lang='lat' dir='ltr'><strong>vestra</strong></span> <span class='ocrx_word' id='word_1_864' title='bbox 2565 5218 2694 5258; x_wconf 87' lang='lat' dir='ltr'><strong>vero</strong></span> <span class='ocrx_word' id='word_1_865' title='bbox 2712 5203 2882 5273; x_wconf 89' lang='lat' dir='ltr'><strong>pietas</strong></span> <span class='ocrx_word' id='word_1_866' title='bbox 2907 5210 2963 5256; x_wconf 89' lang='lat' dir='ltr'><strong>et</strong></span> <span class='ocrx_word' id='word_1_867' title='bbox 2990 5202 3128 5256; x_wconf 77' lang='lat' dir='ltr'><strong>bona</strong></span> <span class='ocrx_word' id='word_1_868' title='bbox 3151 5200 3418 5267; x_wconf 86' lang='lat' dir='ltr'><strong>voluntas,</strong></span> <span class='ocrx_word' id='word_1_869' title='bbox 3440 5218 3603 5273; x_wconf 81' lang='lat' dir='ltr'><strong>quam</strong></span> 
     </span>
    </p>
   </div>
   <div class='ocr_carea' id='block_1_115' title="bbox 2044 5293 3607 5364">
    <p class='ocr_par' dir='ltr' id='par_1_115' title="bbox 2044 5293 3607 5364">
     <span class='ocr_line' id='line_1_115' title="bbox 2044 5293 3607 5364; baseline -0.006 -7"><span class='ocrx_word' id='word_1_870' title='bbox 2044 5301 2255 5358; x_wconf 88' lang='lat' dir='ltr'><strong>habetis</strong></span> <span class='ocrx_word' id='word_1_871' title='bbox 2291 5299 2343 5353; x_wconf 94' lang='lat' dir='ltr'><strong>in</strong></span> <span class='ocrx_word' id='word_1_872' title='bbox 2372 5296 2570 5353; x_wconf 91' lang='lat' dir='ltr'><strong>Christi</strong></span> <span class='ocrx_word' id='word_1_873' title='bbox 2601 5297 2884 5357; x_wconf 81' lang='lat' dir='ltr'><strong>charitate,</strong></span> <span class='ocrx_word' id='word_1_874' title='bbox 2941 5294 3079 5347; x_wconf 91' lang='lat' dir='ltr'><strong>hanc</strong></span> <span class='ocrx_word' id='word_1_875' title='bbox 3104 5293 3383 5362; x_wconf 85' lang='lat' dir='ltr'><strong>epistolam</strong></span> <span class='ocrx_word' id='word_1_876' title='bbox 3434 5295 3607 5364; x_wconf 74' lang='lat' dir='ltr'><strong>perle-</strong></span> 
     </span>
    </p>
   </div>
   <div class='ocr_carea' id='block_1_116' title="bbox 2036 5383 3605 5462">
    <p class='ocr_par' dir='ltr' id='par_1_116' title="bbox 2036 5383 3605 5462">
     <span class='ocr_line' id='line_1_116' title="bbox 2036 5383 3605 5462; baseline -0.005 -16"><span class='ocrx_word' id='word_1_877' title='bbox 2036 5406 2161 5462; x_wconf 89' lang='lat' dir='ltr'><strong>gere</strong></span> <span class='ocrx_word' id='word_1_878' title='bbox 2189 5388 2481 5451; x_wconf 86' lang='lat' dir='ltr'><strong>curaverit,</strong></span> <span class='ocrx_word' id='word_1_879' title='bbox 2509 5395 2565 5440; x_wconf 89' lang='lat' dir='ltr'><strong>et</strong></span> <span class='ocrx_word' id='word_1_880' title='bbox 2585 5385 2736 5440; x_wconf 80' lang='lat' dir='ltr'><strong>vobis</strong></span> <span class='ocrx_word' id='word_1_881' title='bbox 2761 5383 3022 5453; x_wconf 89' lang='lat' dir='ltr'><strong>placuerit</strong></span> <span class='ocrx_word' id='word_1_882' title='bbox 3045 5384 3457 5438; x_wconf 84' lang='lat' dir='ltr'><strong>communicatio</strong></span> <span class='ocrx_word' id='word_1_883' title='bbox 3486 5400 3605 5441; x_wconf 84' lang='lat' dir='ltr'><strong>san-</strong></span> 
     </span>
    </p>
   </div>
   <div class='ocr_carea' id='block_1_117' title="bbox 2035 5519 3608 5591">
    <p class='ocr_par' dir='ltr' id='par_1_117' title="bbox 2035 5519 3608 5591">
     <span class='ocr_line' id='line_1_117' title="bbox 2035 5519 3608 5591; baseline -0.002 -12"><span class='ocrx_word' id='word_1_884' title='bbox 2035 5525 2129 5580; x_wconf 90' lang='lat' dir='ltr'><strong>sed</strong></span> <span class='ocrx_word' id='word_1_885' title='bbox 2152 5523 2308 5580; x_wconf 84' lang='lat' dir='ltr'><strong>Jesus</strong></span> <span class='ocrx_word' id='word_1_886' title='bbox 2334 5521 2608 5579; x_wconf 88' lang='lat' dir='ltr'><strong>Christus:</strong></span> <span class='ocrx_word' id='word_1_887' title='bbox 2667 5535 2785 5590; x_wconf 68' lang='lat' dir='ltr'><strong>quae</strong></span> <span class='ocrx_word' id='word_1_888' title='bbox 2814 5519 3070 5576; x_wconf 86' lang='lat' dir='ltr'><strong>vocabula</strong></span> <span class='ocrx_word' id='word_1_889' title='bbox 3090 5520 3350 5591; x_wconf 81' lang='lat' dir='ltr'><strong>assumpti</strong></span> <span class='ocrx_word' id='word_1_890' title='bbox 3378 5521 3608 5577; x_wconf 80' lang='lat' dir='ltr'><strong>hominis</strong></span> 
     </span>
    </p>
   </div>
   <div class='ocr_carea' id='block_1_118' title="bbox 2037 5603 2231 5650">
    <p class='ocr_par' dir='ltr' id='par_1_118' title="bbox 2037 5603 2231 5650">
     <span class='ocr_line' id='line_1_118' title="bbox 2037 5603 2231 5650; baseline -0.026 0"><span class='ocrx_word' id='word_1_891' title='bbox 2037 5603 2178 5650; x_wconf 87' lang='lat' dir='ltr'><strong>sunt.</strong></span> <span class='ocrx_word' id='word_1_892' title='bbox 2216 5614 2231 5645; x_wconf 83' lang='grc' dir='ltr'><strong>Ι</strong></span> 
     </span>
    </p>
   </div>
   <div class='ocr_carea' id='block_1_119' title="bbox 2110 5660 3567 5733">
    <p class='ocr_par' dir='ltr' id='par_1_119' title="bbox 2110 5660 3567 5733">
     <span class='ocr_line' id='line_1_119' title="bbox 2110 5660 3567 5733; baseline -0.004 -15"><span class='ocrx_word' id='word_1_893' title='bbox 2110 5666 2134 5703; x_wconf 77' lang='lat' dir='ltr'><strong>b</strong></span> <span class='ocrx_word' id='word_1_894' title='bbox 2176 5663 2307 5718; x_wconf 71' lang='lat' dir='ltr'><strong>Vide</strong></span> <span class='ocrx_word' id='word_1_895' title='bbox 2332 5678 2491 5733; x_wconf 86' lang='lat' dir='ltr'><strong>supra</strong></span> <span class='ocrx_word' id='word_1_896' title='bbox 2514 5661 2607 5719; x_wconf 78' lang='lat' dir='ltr'><strong>lib.</strong></span> <span class='ocrx_word' id='word_1_897' title='bbox 2641 5677 2714 5718; x_wconf 85' lang='lat' dir='ltr'><strong>vn</strong></span> <span class='ocrx_word' id='word_1_898' title='bbox 2747 5660 3006 5719; x_wconf 87' lang='lat' dir='ltr'><strong>adversus</strong></span> <span class='ocrx_word' id='word_1_899' title='bbox 3032 5661 3266 5719; x_wconf 80' lang='lat' dir='ltr'><strong>Felicem</strong></span> <span class='ocrx_word' id='word_1_900' title='bbox 3304 5676 3450 5717; x_wconf 88' lang='lat' dir='ltr'><strong>num.</strong></span> <span class='ocrx_word' id='word_1_901' title='bbox 3483 5660 3567 5715; x_wconf 73' lang='grc'><strong>15.</strong></span> 
     </span>
    </p>
   </div>
  </div>
