  <div class='ocr_page' id='page_1' title='image "/cluster/home/n/w/nwhite01/storage/ocr_20150623/101/hvd.32044054759683/127.png"; bbox 0 0 3964 6186; ppageno 0'>
   <div class='ocr_carea' id='block_1_1' title="bbox 307 290 413 344">
    <p class='ocr_par' dir='ltr' id='par_1_1' title="bbox 307 290 413 344">
     <span class='ocr_line' id='line_1_1' title="bbox 307 290 413 344; baseline 0 0"><span class='ocrx_word' id='word_1_1' title='bbox 307 290 413 344; x_wconf 64' lang='grc'><strong>215</strong></span> 
     </span>
    </p>
   </div>
   <div class='ocr_carea' id='block_1_2' title="bbox 1168 260 2766 340">
    <p class='ocr_par' dir='ltr' id='par_1_2' title="bbox 1168 260 2766 340">
     <span class='ocr_line' id='line_1_2' title="bbox 1168 260 2766 340; baseline -0.002 0"><span class='ocrx_word' id='word_1_2' title='bbox 1168 284 1232 340; x_wconf 85' lang='lat' dir='ltr'><strong>B.</strong></span> <span class='ocrx_word' id='word_1_3' title='bbox 1276 285 1338 340; x_wconf 62' lang='grc' dir='ltr'><strong>ιτ.</strong></span> <span class='ocrx_word' id='word_1_4' title='bbox 1383 260 1608 339; x_wconf 67' lang='lat' dir='ltr'><strong>Auum</strong></span> <span class='ocrx_word' id='word_1_5' title='bbox 1648 281 1780 339; x_wconf 64' lang='lat' dir='ltr'><strong>seu</strong></span> <span class='ocrx_word' id='word_1_6' title='bbox 1819 281 2096 339; x_wconf 74' lang='lat' dir='ltr'><strong>ALCUINI</strong></span> <span class='ocrx_word' id='word_1_7' title='bbox 2143 282 2427 340; x_wconf 77' lang='lat' dir='ltr'><strong>OPERL‘M</strong></span> <span class='ocrx_word' id='word_1_8' title='bbox 2465 283 2643 339; x_wconf 78' lang='lat' dir='ltr'><strong>PARS</strong></span> <span class='ocrx_word' id='word_1_9' title='bbox 2680 283 2766 340; x_wconf 90' lang='grc' dir='ltr'><em>ιιι.</em></span> 
     </span>
    </p>
   </div>
   <div class='ocr_carea' id='block_1_3' title="bbox 3490 292 3597 349">
    <p class='ocr_par' dir='ltr' id='par_1_3' title="bbox 3490 292 3597 349">
     <span class='ocr_line' id='line_1_3' title="bbox 3490 292 3597 349; baseline 0.019 -2"><span class='ocrx_word' id='word_1_10' title='bbox 3490 292 3597 349; x_wconf 66' lang='lat' dir='ltr'><strong>2L5</strong></span> 
     </span>
    </p>
   </div>
   <div class='ocr_carea' id='block_1_4' title="bbox 306 397 3601 470">
    <p class='ocr_par' dir='ltr' id='par_1_4' title="bbox 306 397 3601 470">
     <span class='ocr_line' id='line_1_4' title="bbox 306 397 3601 470; baseline 0.003 -13"><span class='ocrx_word' id='word_1_11' title='bbox 306 409 410 457; x_wconf 66' lang='lat' dir='ltr'><strong>cce</strong></span> <span class='ocrx_word' id='word_1_12' title='bbox 432 399 557 458; x_wconf 87' lang='lat' dir='ltr'><strong>ﬁdei</strong></span> <span class='ocrx_word' id='word_1_13' title='bbox 602 400 905 468; x_wconf 87' lang='lat' dir='ltr'><strong>nobiscum,</strong></span> <span class='ocrx_word' id='word_1_14' title='bbox 954 410 1010 457; x_wconf 90' lang='lat' dir='ltr'><strong>et</strong></span> <span class='ocrx_word' id='word_1_15' title='bbox 1040 409 1101 457; x_wconf 89' lang='lat' dir='ltr'><strong>ut</strong></span> <span class='ocrx_word' id='word_1_16' title='bbox 1148 415 1459 457; x_wconf 88' lang='lat' dir='ltr'><strong>sermonem</strong></span> <span class='ocrx_word' id='word_1_17' title='bbox 1496 398 1692 469; x_wconf 66' lang='lat' dir='ltr'><strong>saepius</strong></span> <span class='ocrx_word' id='word_1_18' title='bbox 1731 397 1897 452; x_wconf 86' lang='lat' dir='ltr'><strong>facia-</strong></span> <span class='ocrx_word' id='word_1_19' title='bbox 1922 410 1975 466; x_wconf 73' lang='grc' dir='ltr'>Α</span> <span class='ocrx_word' id='word_1_20' title='bbox 2000 398 2053 452; x_wconf 92' lang='lat' dir='ltr'><strong>in</strong></span> <span class='ocrx_word' id='word_1_21' title='bbox 2084 397 2351 454; x_wconf 86' lang='lat' dir='ltr'><strong>charitate</strong></span> <span class='ocrx_word' id='word_1_22' title='bbox 2370 397 2573 453; x_wconf 89' lang='lat' dir='ltr'><strong>Christi</strong></span> <span class='ocrx_word' id='word_1_23' title='bbox 2595 397 2689 453; x_wconf 88' lang='lat' dir='ltr'><strong>Dei</strong></span> <span class='ocrx_word' id='word_1_24' title='bbox 2728 398 2995 468; x_wconf 83' lang='lat' dir='ltr'><strong>proﬁcere</strong></span> <span class='ocrx_word' id='word_1_25' title='bbox 3022 410 3298 470; x_wconf 87' lang='lat' dir='ltr'><strong>optamus,</strong></span> <span class='ocrx_word' id='word_1_26' title='bbox 3360 404 3601 466; x_wconf 78' lang='lat' dir='ltr'><strong>dilectis-</strong></span> 
     </span>
    </p>
   </div>
   <div class='ocr_carea' id='block_1_5' title="bbox 305 492 1902 566">
    <p class='ocr_par' dir='ltr' id='par_1_5' title="bbox 305 492 1902 566">
     <span class='ocr_line' id='line_1_5' title="bbox 305 492 1902 566; baseline -0.003 -16"><span class='ocrx_word' id='word_1_27' title='bbox 305 510 429 553; x_wconf 86' lang='lat' dir='ltr'><strong>mus</strong></span> <span class='ocrx_word' id='word_1_28' title='bbox 456 494 598 552; x_wconf 89' lang='lat' dir='ltr'><strong>inter</strong></span> <span class='ocrx_word' id='word_1_29' title='bbox 623 512 723 553; x_wconf 89' lang='lat' dir='ltr'><strong>nos</strong></span> <span class='ocrx_word' id='word_1_30' title='bbox 745 495 1089 563; x_wconf 80' lang='lat' dir='ltr'><strong>familiarem,</strong></span> <span class='ocrx_word' id='word_1_31' title='bbox 1126 495 1281 566; x_wconf 89' lang='lat' dir='ltr'><strong>plura</strong></span> <span class='ocrx_word' id='word_1_32' title='bbox 1304 492 1457 550; x_wconf 83' lang='lat' dir='ltr'><strong>vobis</strong></span> <span class='ocrx_word' id='word_1_33' title='bbox 1483 493 1551 548; x_wconf 91' lang='lat' dir='ltr'><strong>de</strong></span> <span class='ocrx_word' id='word_1_34' title='bbox 1582 492 1791 547; x_wconf 82' lang='lat' dir='ltr'><strong>ratione</strong></span> <span class='ocrx_word' id='word_1_35' title='bbox 1809 508 1902 547; x_wconf 90' lang='lat' dir='ltr'><strong>or-</strong></span> 
     </span>
    </p>
   </div>
   <div class='ocr_carea' id='block_1_6' title="bbox 304 584 1900 656">
    <p class='ocr_par' dir='ltr' id='par_1_6' title="bbox 304 584 1900 656">
     <span class='ocr_line' id='line_1_6' title="bbox 304 584 1900 656; baseline -0.002 -16"><span class='ocrx_word' id='word_1_36' title='bbox 304 586 557 643; x_wconf 69' lang='lat' dir='ltr'><strong>thodoxa:</strong></span> <span class='ocrx_word' id='word_1_37' title='bbox 581 587 726 654; x_wconf 93' lang='lat' dir='ltr'><strong>ﬁdei,</strong></span> <span class='ocrx_word' id='word_1_38' title='bbox 759 596 815 643; x_wconf 88' lang='lat' dir='ltr'><strong>et</strong></span> <span class='ocrx_word' id='word_1_39' title='bbox 850 588 1219 644; x_wconf 89' lang='lat' dir='ltr'><strong>ecclesiastica</strong></span> <span class='ocrx_word' id='word_1_40' title='bbox 1264 600 1421 656; x_wconf 94' lang='lat' dir='ltr'><strong>pace,</strong></span> <span class='ocrx_word' id='word_1_41' title='bbox 1461 593 1515 639; x_wconf 84' lang='lat' dir='ltr'><strong>et</strong></span> <span class='ocrx_word' id='word_1_42' title='bbox 1545 591 1736 639; x_wconf 90' lang='lat' dir='ltr'><strong>sancta</strong></span> <span class='ocrx_word' id='word_1_43' title='bbox 1780 584 1900 638; x_wconf 85' lang='lat' dir='ltr'><strong>uni-</strong></span> 
     </span>
    </p>
   </div>
   <div class='ocr_carea' id='block_1_7' title="bbox 307 675 1899 748">
    <p class='ocr_par' dir='ltr' id='par_1_7' title="bbox 307 675 1899 748">
     <span class='ocr_line' id='line_1_7' title="bbox 307 675 1899 748; baseline -0.001 -15"><span class='ocrx_word' id='word_1_44' title='bbox 307 688 441 741; x_wconf 90' lang='lat' dir='ltr'><strong>tate,</strong></span> <span class='ocrx_word' id='word_1_45' title='bbox 464 680 758 738; x_wconf 75' lang='lat' dir='ltr'><strong>miserante</strong></span> <span class='ocrx_word' id='word_1_46' title='bbox 788 682 899 736; x_wconf 89' lang='lat' dir='ltr'><strong>Deo</strong></span> <span class='ocrx_word' id='word_1_47' title='bbox 915 679 1130 737; x_wconf 85' lang='lat' dir='ltr'><strong>Christo</strong></span> <span class='ocrx_word' id='word_1_48' title='bbox 1155 695 1285 736; x_wconf 86' lang='lat' dir='ltr'><strong>vero</strong></span> <span class='ocrx_word' id='word_1_49' title='bbox 1306 681 1418 734; x_wconf 88' lang='lat' dir='ltr'><strong>Deo</strong></span> <span class='ocrx_word' id='word_1_50' title='bbox 1439 685 1492 735; x_wconf 88' lang='lat' dir='ltr'><strong>et</strong></span> <span class='ocrx_word' id='word_1_51' title='bbox 1522 677 1741 748; x_wconf 89' lang='lat' dir='ltr'><strong>proprio</strong></span> <span class='ocrx_word' id='word_1_52' title='bbox 1762 675 1899 732; x_wconf 82' lang='lat' dir='ltr'><strong>Filio</strong></span> 
     </span>
    </p>
   </div>
   <div class='ocr_carea' id='block_1_8' title="bbox 305 769 1903 843">
    <p class='ocr_par' dir='ltr' id='par_1_8' title="bbox 305 769 1903 843">
     <span class='ocr_line' id='line_1_8' title="bbox 305 769 1903 843; baseline -0.001 -19"><span class='ocrx_word' id='word_1_53' title='bbox 305 770 424 836; x_wconf 89' lang='lat' dir='ltr'><strong>Dei,</strong></span> <span class='ocrx_word' id='word_1_54' title='bbox 438 770 673 843; x_wconf 80' lang='lat' dir='ltr'><strong>dirigere</strong></span> <span class='ocrx_word' id='word_1_55' title='bbox 694 772 1085 827; x_wconf 70' lang='lat' dir='ltr'><strong>curaverimus.</strong></span> <span class='ocrx_word' id='word_1_56' title='bbox 1110 770 1236 825; x_wconf 72' lang='lat' dir='ltr'><strong>Hmc</strong></span> <span class='ocrx_word' id='word_1_57' title='bbox 1258 769 1473 824; x_wconf 78' lang='lat' dir='ltr'><strong>interim</strong></span> <span class='ocrx_word' id='word_1_58' title='bbox 1492 783 1661 838; x_wconf 89' lang='lat' dir='ltr'><strong>pauca</strong></span> <span class='ocrx_word' id='word_1_59' title='bbox 1689 783 1755 823; x_wconf 80' lang='lat' dir='ltr'><strong>ex</strong></span> <span class='ocrx_word' id='word_1_60' title='bbox 1776 769 1903 822; x_wconf 90' lang='lat' dir='ltr'><strong>cha-</strong></span> 
     </span>
    </p>
   </div>
   <div class='ocr_carea' id='block_1_9' title="bbox 304 860 1897 933">
    <p class='ocr_par' dir='ltr' id='par_1_9' title="bbox 304 860 1897 933">
     <span class='ocr_line' id='line_1_9' title="bbox 304 860 1897 933; baseline -0.001 -18"><span class='ocrx_word' id='word_1_61' title='bbox 304 863 484 917; x_wconf 87' lang='lat' dir='ltr'><strong>ritatis</strong></span> <span class='ocrx_word' id='word_1_62' title='bbox 504 861 651 919; x_wconf 86' lang='lat' dir='ltr'><strong>fonte</strong></span> <span class='ocrx_word' id='word_1_63' title='bbox 678 863 1020 929; x_wconf 77' lang='lat' dir='ltr'><strong>dictavimus,</strong></span> <span class='ocrx_word' id='word_1_64' title='bbox 1050 870 1303 933; x_wconf 90' lang='lat' dir='ltr'><strong>optantes</strong></span> <span class='ocrx_word' id='word_1_65' title='bbox 1323 876 1421 915; x_wconf 88' lang='lat' dir='ltr'><strong>vos</strong></span> <span class='ocrx_word' id='word_1_66' title='bbox 1444 861 1644 930; x_wconf 86' lang='lat' dir='ltr'><strong>ubique</strong></span> <span class='ocrx_word' id='word_1_67' title='bbox 1671 861 1723 914; x_wconf 91' lang='lat' dir='ltr'><strong>in</strong></span> <span class='ocrx_word' id='word_1_68' title='bbox 1749 860 1897 914; x_wconf 89' lang='lat' dir='ltr'><strong>omni</strong></span> 
     </span>
    </p>
   </div>
   <div class='ocr_carea' id='block_1_10' title="bbox 307 950 1896 1021">
    <p class='ocr_par' dir='ltr' id='par_1_10' title="bbox 307 950 1896 1021">
     <span class='ocr_line' id='line_1_10' title="bbox 307 950 1896 1021; baseline 0.001 -19"><span class='ocrx_word' id='word_1_69' title='bbox 307 951 595 1006; x_wconf 76' lang='lat' dir='ltr'><strong>sanctitate</strong></span> <span class='ocrx_word' id='word_1_70' title='bbox 608 960 659 1007; x_wconf 92' lang='lat' dir='ltr'><strong>et</strong></span> <span class='ocrx_word' id='word_1_71' title='bbox 680 953 891 1007; x_wconf 91' lang='lat' dir='ltr'><strong>unitate</strong></span> <span class='ocrx_word' id='word_1_72' title='bbox 926 950 1151 1020; x_wconf 88' lang='lat' dir='ltr'><strong>paciﬁca</strong></span> <span class='ocrx_word' id='word_1_73' title='bbox 1176 951 1441 1021; x_wconf 88' lang='lat' dir='ltr'><strong>proﬁcere</strong></span> <span class='ocrx_word' id='word_1_74' title='bbox 1490 965 1673 1005; x_wconf 88' lang='lat' dir='ltr'><strong>coram</strong></span> <span class='ocrx_word' id='word_1_75' title='bbox 1702 950 1814 1004; x_wconf 90' lang='lat' dir='ltr'><strong>Deo</strong></span> <span class='ocrx_word' id='word_1_76' title='bbox 1842 956 1896 1004; x_wconf 91' lang='lat' dir='ltr'><strong>et</strong></span> 
     </span>
    </p>
   </div>
   <div class='ocr_carea' id='block_1_11' title="bbox 304 1039 1897 1097">
    <p class='ocr_par' dir='ltr' id='par_1_11' title="bbox 304 1039 1897 1097">
     <span class='ocr_line' id='line_1_11' title="bbox 304 1039 1897 1097; baseline 0 -4"><span class='ocrx_word' id='word_1_77' title='bbox 304 1040 631 1096; x_wconf 85' lang='lat' dir='ltr'><strong>hominibus.</strong></span> <span class='ocrx_word' id='word_1_78' title='bbox 705 1043 815 1097; x_wconf 68' lang='lat' dir='ltr'><strong>Vos</strong></span> <span class='ocrx_word' id='word_1_79' title='bbox 859 1057 987 1097; x_wconf 86' lang='lat' dir='ltr'><strong>vero</strong></span> <span class='ocrx_word' id='word_1_80' title='bbox 1023 1041 1385 1096; x_wconf 85' lang='lat' dir='ltr'><strong>communiter</strong></span> <span class='ocrx_word' id='word_1_81' title='bbox 1407 1041 1635 1096; x_wconf 83' lang='lat' dir='ltr'><strong>obsecro</strong></span> <span class='ocrx_word' id='word_1_82' title='bbox 1665 1040 1720 1094; x_wconf 91' lang='lat' dir='ltr'><strong>in</strong></span> <span class='ocrx_word' id='word_1_83' title='bbox 1749 1039 1897 1095; x_wconf 89' lang='lat' dir='ltr'><strong>calce</strong></span> 
     </span>
    </p>
   </div>
   <div class='ocr_carea' id='block_1_12' title="bbox 307 1130 1895 1204">
    <p class='ocr_par' dir='ltr' id='par_1_12' title="bbox 307 1130 1895 1204">
     <span class='ocr_line' id='line_1_12' title="bbox 307 1130 1895 1204; baseline 0.001 -19"><span class='ocrx_word' id='word_1_84' title='bbox 307 1130 465 1201; x_wconf 88' lang='lat' dir='ltr'><strong>hujus</strong></span> <span class='ocrx_word' id='word_1_85' title='bbox 495 1132 759 1203; x_wconf 80' lang='lat' dir='ltr'><strong>epistolae,</strong></span> <span class='ocrx_word' id='word_1_86' title='bbox 814 1133 1182 1188; x_wconf 85' lang='lat' dir='ltr'><strong>sacratissima</strong></span> <span class='ocrx_word' id='word_1_87' title='bbox 1234 1134 1436 1187; x_wconf 89' lang='lat' dir='ltr'><strong>lumina</strong></span> <span class='ocrx_word' id='word_1_88' title='bbox 1482 1132 1784 1204; x_wconf 70' lang='lat' dir='ltr'><strong>Ilispanim,</strong></span> <span class='ocrx_word' id='word_1_89' title='bbox 1834 1142 1895 1187; x_wconf 89' lang='lat' dir='ltr'><strong>ut</strong></span> 
     </span>
    </p>
   </div>
   <div class='ocr_carea' id='block_1_13' title="bbox 303 1223 1895 1281">
    <p class='ocr_par' dir='ltr' id='par_1_13' title="bbox 303 1223 1895 1281">
     <span class='ocr_line' id='line_1_13' title="bbox 303 1223 1895 1281; baseline 0.001 -3"><span class='ocrx_word' id='word_1_90' title='bbox 303 1225 621 1279; x_wconf 80' lang='lat' dir='ltr'><strong>memoriam</strong></span> <span class='ocrx_word' id='word_1_91' title='bbox 648 1226 818 1280; x_wconf 84' lang='lat' dir='ltr'><strong>nostri</strong></span> <span class='ocrx_word' id='word_1_92' title='bbox 849 1227 903 1280; x_wconf 88' lang='lat' dir='ltr'><strong>in</strong></span> <span class='ocrx_word' id='word_1_93' title='bbox 928 1225 1292 1281; x_wconf 81' lang='lat' dir='ltr'><strong>sacrosanctis</strong></span> <span class='ocrx_word' id='word_1_94' title='bbox 1335 1225 1532 1280; x_wconf 77' lang='lat' dir='ltr'><strong>vestris</strong></span> <span class='ocrx_word' id='word_1_95' title='bbox 1558 1223 1895 1280; x_wconf 80' lang='lat' dir='ltr'><strong>orationibus</strong></span> 
     </span>
    </p>
   </div>
   <div class='ocr_carea' id='block_1_14' title="bbox 303 1319 1887 1391">
    <p class='ocr_par' dir='ltr' id='par_1_14' title="bbox 303 1319 1887 1391">
     <span class='ocr_line' id='line_1_14' title="bbox 303 1319 1887 1391; baseline 0.002 -19"><span class='ocrx_word' id='word_1_96' title='bbox 303 1319 505 1374; x_wconf 88' lang='lat' dir='ltr'><strong>habere</strong></span> <span class='ocrx_word' id='word_1_97' title='bbox 549 1319 867 1391; x_wconf 81' lang='lat' dir='ltr'><strong>dignemini.</strong></span> <span class='ocrx_word' id='word_1_98' title='bbox 936 1321 1041 1376; x_wconf 75' lang='lat' dir='ltr'><strong>Vos</strong></span> <span class='ocrx_word' id='word_1_99' title='bbox 1084 1336 1214 1376; x_wconf 88' lang='lat' dir='ltr'><strong>vero</strong></span> <span class='ocrx_word' id='word_1_100' title='bbox 1246 1361 1261 1385; x_wconf 94' lang='lat'><strong>,</strong></span> <span class='ocrx_word' id='word_1_101' title='bbox 1301 1320 1631 1375; x_wconf 80' lang='lat' dir='ltr'><strong>sanctissimi</strong></span> <span class='ocrx_word' id='word_1_102' title='bbox 1675 1321 1887 1385; x_wconf 87' lang='lat' dir='ltr'><strong>Patres,</strong></span> 
     </span>
    </p>
   </div>
   <div class='ocr_carea' id='block_1_15' title="bbox 302 1412 1891 1484">
    <p class='ocr_par' dir='ltr' id='par_1_15' title="bbox 302 1412 1891 1484">
     <span class='ocr_line' id='line_1_15' title="bbox 302 1412 1891 1484; baseline 0.001 -19"><span class='ocrx_word' id='word_1_103' title='bbox 302 1424 439 1479; x_wconf 87' lang='lat' dir='ltr'><strong>quos</strong></span> <span class='ocrx_word' id='word_1_104' title='bbox 490 1412 633 1466; x_wconf 89' lang='lat' dir='ltr'><strong>Deus</strong></span> <span class='ocrx_word' id='word_1_105' title='bbox 682 1421 922 1468; x_wconf 89' lang='lat' dir='ltr'><strong>rectores</strong></span> <span class='ocrx_word' id='word_1_106' title='bbox 945 1413 1128 1484; x_wconf 86' lang='lat' dir='ltr'><strong>populi</strong></span> <span class='ocrx_word' id='word_1_107' title='bbox 1159 1413 1241 1469; x_wconf 91' lang='lat' dir='ltr'><strong>sui</strong></span> <span class='ocrx_word' id='word_1_108' title='bbox 1273 1412 1574 1478; x_wconf 74' lang='lat' dir='ltr'><strong>constituit,</strong></span> <span class='ocrx_word' id='word_1_109' title='bbox 1599 1428 1696 1483; x_wconf 84' lang='lat' dir='ltr'><strong>per</strong></span> <span class='ocrx_word' id='word_1_110' title='bbox 1751 1414 1891 1469; x_wconf 88' lang='lat' dir='ltr'><strong>dona</strong></span> 
     </span>
    </p>
   </div>
   <div class='ocr_carea' id='block_1_16' title="bbox 304 1490 1893 1577">
    <p class='ocr_par' dir='ltr' id='par_1_16' title="bbox 304 1490 1893 1577">
     <span class='ocr_line' id='line_1_16' title="bbox 304 1490 1893 1577; baseline 0.002 -20"><span class='ocrx_word' id='word_1_111' title='bbox 304 1503 477 1559; x_wconf 87' lang='lat' dir='ltr'><strong>sancti</strong></span> <span class='ocrx_word' id='word_1_112' title='bbox 507 1502 741 1575; x_wconf 88' lang='lat' dir='ltr'><strong>Spiritus</strong></span> <span class='ocrx_word' id='word_1_113' title='bbox 772 1507 824 1559; x_wconf 91' lang='lat' dir='ltr'><strong>in</strong></span> <span class='ocrx_word' id='word_1_114' title='bbox 851 1504 998 1559; x_wconf 89' lang='lat' dir='ltr'><strong>omni</strong></span> <span class='ocrx_word' id='word_1_115' title='bbox 1029 1490 1292 1574; x_wconf 83' lang='lat' dir='ltr'><strong>sapientia</strong></span> <span class='ocrx_word' id='word_1_116' title='bbox 1315 1504 1595 1561; x_wconf 70' lang='lat' dir='ltr'><strong>catholicze</strong></span> <span class='ocrx_word' id='word_1_117' title='bbox 1617 1506 1787 1577; x_wconf 82' lang='lat' dir='ltr'><strong>pacis,</strong></span> <span class='ocrx_word' id='word_1_118' title='bbox 1839 1514 1893 1560; x_wconf 90' lang='lat' dir='ltr'><strong>et</strong></span> 
     </span>
    </p>
   </div>
   <div class='ocr_carea' id='block_1_17' title="bbox 2002 490 3593 561">
    <p class='ocr_par' dir='ltr' id='par_1_17' title="bbox 2002 490 3593 561">
     <span class='ocr_line' id='line_1_17' title="bbox 2002 490 3593 561; baseline 0.01 -16"><span class='ocrx_word' id='word_1_119' title='bbox 2002 490 2125 546; x_wconf 85' lang='lat' dir='ltr'><strong>simi</strong></span> <span class='ocrx_word' id='word_1_120' title='bbox 2137 490 2352 558; x_wconf 84' lang='lat' dir='ltr'><strong>Patres,</strong></span> <span class='ocrx_word' id='word_1_121' title='bbox 2366 491 2588 547; x_wconf 84' lang='lat' dir='ltr'><strong>Fratres</strong></span> <span class='ocrx_word' id='word_1_122' title='bbox 2604 499 2661 546; x_wconf 89' lang='lat' dir='ltr'><strong>et</strong></span> <span class='ocrx_word' id='word_1_123' title='bbox 2675 491 2798 547; x_wconf 84' lang='lat' dir='ltr'><strong>Filii</strong></span> <span class='ocrx_word' id='word_1_124' title='bbox 2824 492 2881 547; x_wconf 89' lang='lat' dir='ltr'><strong>in</strong></span> <span class='ocrx_word' id='word_1_125' title='bbox 2900 493 3119 549; x_wconf 85' lang='lat' dir='ltr'><strong>Christo</strong></span> <span class='ocrx_word' id='word_1_126' title='bbox 3134 494 3363 553; x_wconf 90' lang='lat' dir='ltr'><strong>Domino</strong></span> <span class='ocrx_word' id='word_1_127' title='bbox 3387 510 3593 561; x_wconf 89' lang='lat' dir='ltr'><strong>nostro.</strong></span> 
     </span>
    </p>
   </div>
   <div class='ocr_carea' id='block_1_18' title="bbox 2004 585 3597 666">
    <p class='ocr_par' dir='ltr' id='par_1_18' title="bbox 2004 585 3597 666">
     <span class='ocr_line' id='line_1_18' title="bbox 2004 585 3597 666; baseline 0.007 -25"><span class='ocrx_word' id='word_1_128' title='bbox 2004 585 2192 641; x_wconf 78' lang='lat' dir='ltr'><strong>Valete</strong></span> <span class='ocrx_word' id='word_1_129' title='bbox 2220 586 2275 641; x_wconf 91' lang='lat' dir='ltr'><strong>in</strong></span> <span class='ocrx_word' id='word_1_130' title='bbox 2301 594 2643 657; x_wconf 85' lang='lat' dir='ltr'><strong>perpetuum.</strong></span> <span class='ocrx_word' id='word_1_131' title='bbox 2686 586 2800 655; x_wconf 80' lang='lat' dir='ltr'><strong>Qui</strong></span> <span class='ocrx_word' id='word_1_132' title='bbox 2846 586 3008 659; x_wconf 85' lang='lat' dir='ltr'><strong>legat,</strong></span> <span class='ocrx_word' id='word_1_133' title='bbox 3048 588 3280 648; x_wconf 79' lang='lat' dir='ltr'><strong>feliciter</strong></span> <span class='ocrx_word' id='word_1_134' title='bbox 3317 593 3503 666; x_wconf 89' lang='lat' dir='ltr'><strong>legat,</strong></span> <span class='ocrx_word' id='word_1_135' title='bbox 3540 606 3597 654; x_wconf 88' lang='lat' dir='ltr'><strong>et</strong></span> 
     </span>
    </p>
   </div>
   <div class='ocr_carea' id='block_1_19' title="bbox 2003 677 3593 754">
    <p class='ocr_par' dir='ltr' id='par_1_19' title="bbox 2003 677 3593 754">
     <span class='ocr_line' id='line_1_19' title="bbox 2003 677 3593 754; baseline 0.006 -22"><span class='ocrx_word' id='word_1_136' title='bbox 2003 679 2273 735; x_wconf 79' lang='lat' dir='ltr'><strong>veraciter</strong></span> <span class='ocrx_word' id='word_1_137' title='bbox 2299 677 2587 749; x_wconf 83' lang='lat' dir='ltr'><strong>intelligat,</strong></span> <span class='ocrx_word' id='word_1_138' title='bbox 2600 685 2653 734; x_wconf 91' lang='lat' dir='ltr'><strong>et</strong></span> <span class='ocrx_word' id='word_1_139' title='bbox 2667 679 2899 735; x_wconf 88' lang='lat' dir='ltr'><strong>ﬁdeliter</strong></span> <span class='ocrx_word' id='word_1_140' title='bbox 2913 680 3121 747; x_wconf 88' lang='lat' dir='ltr'><strong>credat,</strong></span> <span class='ocrx_word' id='word_1_141' title='bbox 3139 697 3260 753; x_wconf 67' lang='lat' dir='ltr'><strong>quae</strong></span> <span class='ocrx_word' id='word_1_142' title='bbox 3280 684 3425 740; x_wconf 91' lang='lat' dir='ltr'><strong>dicta</strong></span> <span class='ocrx_word' id='word_1_143' title='bbox 3447 696 3593 754; x_wconf 91' lang='lat' dir='ltr'><strong>sunt,</strong></span> 
     </span>
    </p>
   </div>
   <div class='ocr_carea' id='block_1_20' title="bbox 2005 771 3596 844">
    <p class='ocr_par' dir='ltr' id='par_1_20' title="bbox 2005 771 3596 844">
     <span class='ocr_line' id='line_1_20' title="bbox 2005 771 3596 844; baseline 0.005 -18"><span class='ocrx_word' id='word_1_144' title='bbox 2005 781 2271 841; x_wconf 80' lang='lat' dir='ltr'><strong>quatenus</strong></span> <span class='ocrx_word' id='word_1_145' title='bbox 2294 771 2626 826; x_wconf 74' lang='lat' dir='ltr'><strong>teternaliter</strong></span> <span class='ocrx_word' id='word_1_146' title='bbox 2674 785 2906 843; x_wconf 83' lang='lat' dir='ltr'><strong>regnare</strong></span> <span class='ocrx_word' id='word_1_147' title='bbox 2933 782 3206 828; x_wconf 89' lang='lat' dir='ltr'><strong>mereatur</strong></span> <span class='ocrx_word' id='word_1_148' title='bbox 3234 790 3356 830; x_wconf 91' lang='lat' dir='ltr'><strong>cum</strong></span> <span class='ocrx_word' id='word_1_149' title='bbox 3383 792 3469 844; x_wconf 89' lang='lat' dir='ltr'><strong>eo,</strong></span> <span class='ocrx_word' id='word_1_150' title='bbox 3530 780 3596 835; x_wconf 93' lang='lat' dir='ltr'><strong>de</strong></span> 
     </span>
    </p>
   </div>
   <div class='ocr_carea' id='block_1_21' title="bbox 2004 863 3596 933">
    <p class='ocr_par' dir='ltr' id='par_1_21' title="bbox 2004 863 3596 933">
     <span class='ocr_line' id='line_1_21' title="bbox 2004 863 3596 933; baseline 0.005 -16"><span class='ocrx_word' id='word_1_151' title='bbox 2004 879 2113 933; x_wconf 90' lang='lat' dir='ltr'><strong>quo</strong></span> <span class='ocrx_word' id='word_1_152' title='bbox 2140 864 2296 918; x_wconf 89' lang='lat' dir='ltr'><strong>nobis</strong></span> <span class='ocrx_word' id='word_1_153' title='bbox 2321 878 2500 918; x_wconf 88' lang='lat' dir='ltr'><strong>sermo</strong></span> <span class='ocrx_word' id='word_1_154' title='bbox 2536 871 2640 929; x_wconf 89' lang='lat' dir='ltr'><strong>est,</strong></span> <span class='ocrx_word' id='word_1_155' title='bbox 2691 863 2973 920; x_wconf 84' lang='lat' dir='ltr'><strong>Salvatore</strong></span> <span class='ocrx_word' id='word_1_156' title='bbox 3017 875 3204 922; x_wconf 89' lang='lat' dir='ltr'><strong>nostro</strong></span> <span class='ocrx_word' id='word_1_157' title='bbox 3248 868 3359 924; x_wconf 85' lang='lat' dir='ltr'><strong>Deo</strong></span> <span class='ocrx_word' id='word_1_158' title='bbox 3388 884 3519 927; x_wconf 86' lang='lat' dir='ltr'><strong>vero</strong></span> <span class='ocrx_word' id='word_1_159' title='bbox 3540 880 3596 927; x_wconf 92' lang='lat' dir='ltr'><strong>et</strong></span> 
     </span>
    </p>
   </div>
   <div class='ocr_carea' id='block_1_22' title="bbox 2006 953 3191 1025">
    <p class='ocr_par' dir='ltr' id='par_1_22' title="bbox 2006 953 3191 1025">
     <span class='ocr_line' id='line_1_22' title="bbox 2006 953 3191 1025; baseline 0.003 -16"><span class='ocrx_word' id='word_1_160' title='bbox 2006 955 2147 1020; x_wconf 80' lang='lat' dir='ltr'><strong>vivo,</strong></span> <span class='ocrx_word' id='word_1_161' title='bbox 2181 954 2411 1010; x_wconf 89' lang='lat' dir='ltr'><strong>Domino</strong></span> <span class='ocrx_word' id='word_1_162' title='bbox 2434 965 2621 1010; x_wconf 89' lang='lat' dir='ltr'><strong>nostro</strong></span> <span class='ocrx_word' id='word_1_163' title='bbox 2646 953 2777 1010; x_wconf 89' lang='lat' dir='ltr'><strong>Iesu</strong></span> <span class='ocrx_word' id='word_1_164' title='bbox 2802 956 3042 1025; x_wconf 75' lang='lat' dir='ltr'><strong>Christo.</strong></span> <span class='ocrx_word' id='word_1_165' title='bbox 3186 956 3191 963; x_wconf 80' lang='grc'><em>’</em></span> 
     </span>
    </p>
   </div>
   <div class='ocr_carea' id='block_1_23' title="bbox 2459 1093 3147 1153">
    <p class='ocr_par' dir='ltr' id='par_1_23' title="bbox 2459 1093 3147 1153">
     <span class='ocr_line' id='line_1_23' title="bbox 2459 1093 3147 1153; baseline 0.007 -5"><span class='ocrx_word' id='word_1_166' title='bbox 2459 1093 2793 1151; x_wconf 78' lang='lat' dir='ltr'><strong>EPISTOLA</strong></span> <span class='ocrx_word' id='word_1_167' title='bbox 2830 1096 3147 1153; x_wconf 67' lang='lat' dir='ltr'><strong>ELIPANDI</strong></span> 
     </span>
    </p>
   </div>
   <div class='ocr_carea' id='block_1_24' title="bbox 2614 1220 3011 1279">
    <p class='ocr_par' dir='ltr' id='par_1_24' title="bbox 2614 1220 3011 1279">
     <span class='ocr_line' id='line_1_24' title="bbox 2614 1220 3011 1279; baseline 0.01 -16"><span class='ocrx_word' id='word_1_168' title='bbox 2614 1226 2681 1264; x_wconf 67' lang='lat' dir='ltr'><strong>an</strong></span> <span class='ocrx_word' id='word_1_169' title='bbox 2733 1220 3011 1279; x_wconf 61' lang='lat' dir='ltr'><strong>animum,</strong></span> 
     </span>
    </p>
   </div>
   <div class='ocr_carea' id='block_1_25' title="bbox 2214 1321 3390 1397">
    <p class='ocr_par' dir='ltr' id='par_1_25' title="bbox 2214 1321 3390 1397">
     <span class='ocr_line' id='line_1_25' title="bbox 2214 1321 3390 1397; baseline 0.004 -20"><span class='ocrx_word' id='word_1_170' title='bbox 2214 1321 2595 1394; x_wconf 83' lang='lat' dir='ltr'><strong>Responsiones</strong></span> <span class='ocrx_word' id='word_1_171' title='bbox 2622 1323 2891 1377; x_wconf 85' lang='lat' dir='ltr'><strong>continens</strong></span> <span class='ocrx_word' id='word_1_172' title='bbox 2921 1325 3114 1394; x_wconf 77' lang='lat' dir='ltr'><strong>prioris</strong></span> <span class='ocrx_word' id='word_1_173' title='bbox 3140 1327 3390 1397; x_wconf 72' lang='lat' dir='ltr'><strong>cpistola’.</strong></span> 
     </span>
    </p>
   </div>
   <div class='ocr_carea' id='block_1_26' title="bbox 2003 1434 3596 1513">
    <p class='ocr_par' dir='ltr' id='par_1_26' title="bbox 2003 1434 3596 1513">
     <span class='ocr_line' id='line_1_26' title="bbox 2003 1434 3596 1513; baseline 0.007 -26"><span class='ocrx_word' id='word_1_174' title='bbox 2003 1434 2157 1490; x_wconf 84' lang='lat' dir='ltr'><strong>Hanc</strong></span> <span class='ocrx_word' id='word_1_175' title='bbox 2179 1434 3024 1513; x_wconf 42' lang='lat' dir='ltr'><strong>epistolamridesisitttetL&#39;Qgera</strong></span> <span class='ocrx_word' id='word_1_176' title='bbox 3061 1437 3334 1513; x_wconf 67' lang='lat' dir='ltr'><strong>Elipandi,</strong></span> <span class='ocrx_word' id='word_1_177' title='bbox 3376 1440 3596 1513; x_wconf 74' lang='lat' dir='ltr'><strong>hujusce</strong></span> 
     </span>
    </p>
   </div>
   <div class='ocr_carea' id='block_1_27' title="bbox 2190 1502 3300 1575">
    <p class='ocr_par' dir='ltr' id='par_1_27' title="bbox 2190 1502 3300 1575">
     <span class='ocr_line' id='line_1_27' title="bbox 2190 1502 3300 1575; baseline 0.007 -20"><span class='ocrx_word' id='word_1_178' title='bbox 2190 1502 2221 1541; x_wconf 54' lang='grc' dir='ltr'><strong>εξ</strong></span> <span class='ocrx_word' id='word_1_179' title='bbox 2286 1502 2607 1575; x_wconf 72' lang='lat' dir='ltr'><strong>Pati-elogia:</strong></span> <span class='ocrx_word' id='word_1_180' title='bbox 2638 1516 2776 1560; x_wconf 86' lang='lat' dir='ltr'><strong>tanto</strong></span> <span class='ocrx_word' id='word_1_181' title='bbox 2801 1502 3005 1573; x_wconf 80' lang='lat' dir='ltr'><strong>XCVI,</strong></span> <span class='ocrx_word' id='word_1_182' title='bbox 3037 1502 3300 1565; x_wconf 52' lang='lat' dir='ltr'><strong>col.&#39;870.</strong></span> 
     </span>
    </p>
   </div>
   <div class='ocr_carea' id='block_1_28' title="bbox 306 1625 3578 1654">
    <p class='ocr_par' dir='ltr' id='par_1_28' title="bbox 306 1625 3578 1654">
     <span class='ocr_line' id='line_1_28' title="bbox 306 1625 3578 1654; baseline 0.001 -12"><span class='ocrx_word' id='word_1_183' title='bbox 306 1625 3578 1654; x_wconf 51' lang='lat' dir='ltr'><strong>mm</strong></span> 
     </span>
    </p>
   </div>
   <div class='ocr_carea' id='block_1_29' title="bbox 827 1717 3137 1791">
    <p class='ocr_par' dir='ltr' id='par_1_29' title="bbox 827 1717 3137 1791">
     <span class='ocr_line' id='line_1_29' title="bbox 827 1717 3137 1791; baseline 0.004 -15"><span class='ocrx_word' id='word_1_184' title='bbox 827 1717 1441 1791; x_wconf 65' lang='grc' dir='ltr'><strong>εσθεΑιινιῖιιευε</strong></span> <span class='ocrx_word' id='word_1_185' title='bbox 1484 1719 1952 1782; x_wconf 80' lang='lat' dir='ltr'><strong>ELIPANDUM</strong></span> <span class='ocrx_word' id='word_1_186' title='bbox 1999 1719 2497 1783; x_wconf 76' lang='lat' dir='ltr'><strong>TOLETANUM</strong></span> <span class='ocrx_word' id='word_1_187' title='bbox 2540 1721 2780 1784; x_wconf 82' lang='lat' dir='ltr'><strong>LIBER</strong></span> <span class='ocrx_word' id='word_1_188' title='bbox 2821 1722 3137 1786; x_wconf 78' lang='lat' dir='ltr'><strong>PRIMUS.</strong></span> 
     </span>
    </p>
   </div>
   <div class='ocr_carea' id='block_1_30' title="bbox 365 1939 3595 2017">
    <p class='ocr_par' dir='ltr' id='par_1_30' title="bbox 365 1939 3595 2017">
     <span class='ocr_line' id='line_1_30' title="bbox 365 1939 3595 2017; baseline -0.003 -14"><span class='ocrx_word' id='word_1_189' title='bbox 365 1943 411 2003; x_wconf 83' lang='grc'><strong>1.</strong></span> <span class='ocrx_word' id='word_1_190' title='bbox 452 1945 711 2002; x_wconf 83' lang='lat' dir='ltr'><strong>Paratum</strong></span> <span class='ocrx_word' id='word_1_191' title='bbox 765 1961 856 2000; x_wconf 88' lang='lat' dir='ltr'><strong>cor</strong></span> <span class='ocrx_word' id='word_1_192' title='bbox 880 1961 1052 2000; x_wconf 81' lang='lat' dir='ltr'><strong>meum</strong></span> <span class='ocrx_word' id='word_1_193' title='bbox 1080 1944 1247 2012; x_wconf 86' lang='lat' dir='ltr'><strong>Deus,</strong></span> <span class='ocrx_word' id='word_1_194' title='bbox 1300 1953 1547 2015; x_wconf 81' lang='lat' dir='ltr'><strong>paratum</strong></span> <span class='ocrx_word' id='word_1_195' title='bbox 1587 1960 1679 1998; x_wconf 85' lang='lat' dir='ltr'><strong>cor</strong></span> <span class='ocrx_word' id='word_1_196' title='bbox 1720 1959 1891 1997; x_wconf 86' lang='lat' dir='ltr'><strong>meum</strong></span> <span class='ocrx_word' id='word_1_197' title='bbox 1922 1945 1968 2005; x_wconf 90' lang='lat' dir='ltr'><strong>B</strong></span> <span class='ocrx_word' id='word_1_198' title='bbox 1999 1941 2147 1996; x_wconf 80' lang='lat' dir='ltr'><strong>duos</strong></span> <span class='ocrx_word' id='word_1_199' title='bbox 2184 1939 2344 2005; x_wconf 89' lang='lat' dir='ltr'><strong>ﬁlios,</strong></span> <span class='ocrx_word' id='word_1_200' title='bbox 2397 1939 2676 2011; x_wconf 88' lang='lat' dir='ltr'><strong>proprium</strong></span> <span class='ocrx_word' id='word_1_201' title='bbox 2722 1949 2888 2012; x_wconf 84' lang='lat' dir='ltr'><strong>atque</strong></span> <span class='ocrx_word' id='word_1_202' title='bbox 2943 1943 3287 2013; x_wconf 78' lang='lat' dir='ltr'><strong>adoptivum;</strong></span> <span class='ocrx_word' id='word_1_203' title='bbox 3339 1961 3458 2017; x_wconf 78' lang='lat' dir='ltr'><strong>quae</strong></span> <span class='ocrx_word' id='word_1_204' title='bbox 3510 1950 3595 2005; x_wconf 78' lang='lat' dir='ltr'><strong>di-</strong></span> 
     </span>
    </p>
   </div>
   <div class='ocr_carea' id='block_1_31' title="bbox 301 2033 1894 2107">
    <p class='ocr_par' dir='ltr' id='par_1_31' title="bbox 301 2033 1894 2107">
     <span class='ocr_line' id='line_1_31' title="bbox 301 2033 1894 2107; baseline -0.001 -18"><span class='ocrx_word' id='word_1_205' title='bbox 301 2033 476 2107; x_wconf 88' lang='lat' dir='ltr'><strong>(Psal.</strong></span> <span class='ocrx_word' id='word_1_206' title='bbox 511 2052 621 2104; x_wconf 79' lang='lat' dir='ltr'><strong>LVI,</strong></span> <span class='ocrx_word' id='word_1_207' title='bbox 647 2036 724 2107; x_wconf 87' lang='lat'><strong>8).</strong></span> <span class='ocrx_word' id='word_1_208' title='bbox 763 2033 1025 2091; x_wconf 86' lang='lat' dir='ltr'><strong>Paratum</strong></span> <span class='ocrx_word' id='word_1_209' title='bbox 1048 2034 1230 2090; x_wconf 89' lang='lat' dir='ltr'><strong>divina</strong></span> <span class='ocrx_word' id='word_1_210' title='bbox 1263 2035 1565 2105; x_wconf 84' lang='lat' dir='ltr'><strong>inspirante</strong></span> <span class='ocrx_word' id='word_1_211' title='bbox 1602 2034 1777 2106; x_wconf 80' lang='lat' dir='ltr'><strong>gratia</strong></span> <span class='ocrx_word' id='word_1_212' title='bbox 1826 2034 1894 2088; x_wconf 90' lang='lat' dir='ltr'><strong>ad</strong></span> 
     </span>
    </p>
   </div>
   <div class='ocr_carea' id='block_1_32' title="bbox 300 2127 1895 2200">
    <p class='ocr_par' dir='ltr' id='par_1_32' title="bbox 300 2127 1895 2200">
     <span class='ocr_line' id='line_1_32' title="bbox 300 2127 1895 2200; baseline -0.002 -16"><span class='ocrx_word' id='word_1_213' title='bbox 300 2129 684 2200; x_wconf 83' lang='lat' dir='ltr'><strong>proferendam</strong></span> <span class='ocrx_word' id='word_1_214' title='bbox 706 2129 954 2186; x_wconf 80' lang='lat' dir='ltr'><strong>veritatis</strong></span> <span class='ocrx_word' id='word_1_215' title='bbox 973 2130 1308 2196; x_wconf 89' lang='lat' dir='ltr'><strong>doctrinam;</strong></span> <span class='ocrx_word' id='word_1_216' title='bbox 1360 2136 1612 2200; x_wconf 88' lang='lat' dir='ltr'><strong>paratum</strong></span> <span class='ocrx_word' id='word_1_217' title='bbox 1642 2128 1709 2182; x_wconf 84' lang='lat' dir='ltr'><strong>ad</strong></span> <span class='ocrx_word' id='word_1_218' title='bbox 1759 2127 1895 2182; x_wconf 88' lang='lat' dir='ltr'><strong>resi-</strong></span> 
     </span>
    </p>
   </div>
   <div class='ocr_carea' id='block_1_33' title="bbox 299 2217 1890 2291">
    <p class='ocr_par' dir='ltr' id='par_1_33' title="bbox 299 2217 1890 2291">
     <span class='ocr_line' id='line_1_33' title="bbox 299 2217 1890 2291; baseline -0.003 -14"><span class='ocrx_word' id='word_1_219' title='bbox 299 2223 549 2278; x_wconf 87' lang='lat' dir='ltr'><strong>stendum</strong></span> <span class='ocrx_word' id='word_1_220' title='bbox 572 2220 819 2277; x_wconf 86' lang='lat' dir='ltr'><strong>falsitatis</strong></span> <span class='ocrx_word' id='word_1_221' title='bbox 840 2220 1146 2286; x_wconf 88' lang='lat' dir='ltr'><strong>erroribus;</strong></span> <span class='ocrx_word' id='word_1_222' title='bbox 1183 2229 1455 2291; x_wconf 88' lang='lat' dir='ltr'><strong>paratum,</strong></span> <span class='ocrx_word' id='word_1_223' title='bbox 1486 2219 1711 2276; x_wconf 89' lang='lat' dir='ltr'><strong>Domine</strong></span> <span class='ocrx_word' id='word_1_224' title='bbox 1739 2217 1890 2285; x_wconf 90' lang='lat' dir='ltr'><strong>Iesu,</strong></span> 
     </span>
    </p>
   </div>
   <div class='ocr_carea' id='block_1_34' title="bbox 299 2312 1891 2384">
    <p class='ocr_par' dir='ltr' id='par_1_34' title="bbox 299 2312 1891 2384">
     <span class='ocr_line' id='line_1_34' title="bbox 299 2312 1891 2384; baseline -0.002 -15"><span class='ocrx_word' id='word_1_225' title='bbox 299 2323 354 2369; x_wconf 90' lang='lat' dir='ltr'><strong>te</strong></span> <span class='ocrx_word' id='word_1_226' title='bbox 398 2330 602 2381; x_wconf 87' lang='lat' dir='ltr'><strong>amare,</strong></span> <span class='ocrx_word' id='word_1_227' title='bbox 632 2312 854 2370; x_wconf 87' lang='lat' dir='ltr'><strong>laudare</strong></span> <span class='ocrx_word' id='word_1_228' title='bbox 890 2321 945 2370; x_wconf 93' lang='lat' dir='ltr'><strong>et</strong></span> <span class='ocrx_word' id='word_1_229' title='bbox 972 2314 1298 2384; x_wconf 74' lang='lat' dir='ltr'><strong>przedicare;</strong></span> <span class='ocrx_word' id='word_1_230' title='bbox 1351 2320 1600 2383; x_wconf 87' lang='lat' dir='ltr'><strong>paratum</strong></span> <span class='ocrx_word' id='word_1_231' title='bbox 1630 2321 1683 2367; x_wconf 90' lang='lat' dir='ltr'><strong>te</strong></span> <span class='ocrx_word' id='word_1_232' title='bbox 1704 2327 1891 2367; x_wconf 89' lang='lat' dir='ltr'><strong>verum</strong></span> 
     </span>
    </p>
   </div>
   <div class='ocr_carea' id='block_1_35' title="bbox 302 2404 1892 2477">
    <p class='ocr_par' dir='ltr' id='par_1_35' title="bbox 302 2404 1892 2477">
     <span class='ocr_line' id='line_1_35' title="bbox 302 2404 1892 2477; baseline -0.002 -16"><span class='ocrx_word' id='word_1_233' title='bbox 302 2407 490 2471; x_wconf 88' lang='lat' dir='ltr'><strong>Deum,</strong></span> <span class='ocrx_word' id='word_1_234' title='bbox 518 2421 817 2475; x_wconf 89' lang='lat' dir='ltr'><strong>verumque</strong></span> <span class='ocrx_word' id='word_1_235' title='bbox 843 2406 941 2460; x_wconf 87' lang='lat' dir='ltr'><strong>Dei</strong></span> <span class='ocrx_word' id='word_1_236' title='bbox 970 2405 1167 2461; x_wconf 89' lang='lat' dir='ltr'><strong>Filium</strong></span> <span class='ocrx_word' id='word_1_237' title='bbox 1199 2406 1519 2477; x_wconf 89' lang='lat' dir='ltr'><strong>intelligere,</strong></span> <span class='ocrx_word' id='word_1_238' title='bbox 1579 2421 1700 2460; x_wconf 88' lang='lat' dir='ltr'><strong>cum</strong></span> <span class='ocrx_word' id='word_1_239' title='bbox 1733 2404 1892 2459; x_wconf 88' lang='lat' dir='ltr'><strong>beato</strong></span> 
     </span>
    </p>
   </div>
   <div class='ocr_carea' id='block_1_36' title="bbox 298 2494 1892 2567">
    <p class='ocr_par' dir='ltr' id='par_1_36' title="bbox 298 2494 1892 2567">
     <span class='ocr_line' id='line_1_36' title="bbox 298 2494 1892 2567; baseline -0.001 -17"><span class='ocrx_word' id='word_1_240' title='bbox 298 2496 630 2567; x_wconf 77' lang='lat' dir='ltr'><strong>evangelista</strong></span> <span class='ocrx_word' id='word_1_241' title='bbox 652 2497 745 2565; x_wconf 89' lang='lat' dir='ltr'><strong>qui</strong></span> <span class='ocrx_word' id='word_1_242' title='bbox 772 2494 839 2551; x_wconf 92' lang='lat' dir='ltr'><strong>de</strong></span> <span class='ocrx_word' id='word_1_243' title='bbox 863 2496 1234 2551; x_wconf 84' lang='lat' dir='ltr'><strong>sacratissima</strong></span> <span class='ocrx_word' id='word_1_244' title='bbox 1280 2497 1358 2550; x_wconf 90' lang='lat' dir='ltr'><strong>tui</strong></span> <span class='ocrx_word' id='word_1_245' title='bbox 1398 2494 1635 2565; x_wconf 85' lang='lat' dir='ltr'><strong>pectoris</strong></span> <span class='ocrx_word' id='word_1_246' title='bbox 1659 2494 1892 2564; x_wconf 80' lang='lat' dir='ltr'><strong>plenitu—</strong></span> 
     </span>
    </p>
   </div>
   <div class='ocr_carea' id='block_1_37' title="bbox 297 2585 1891 2644">
    <p class='ocr_par' dir='ltr' id='par_1_37' title="bbox 297 2585 1891 2644">
     <span class='ocr_line' id='line_1_37' title="bbox 297 2585 1891 2644; baseline 0 -3"><span class='ocrx_word' id='word_1_247' title='bbox 297 2588 423 2642; x_wconf 84' lang='lat' dir='ltr'><strong>dine</strong></span> <span class='ocrx_word' id='word_1_248' title='bbox 445 2586 725 2642; x_wconf 75' lang='lat' dir='ltr'><strong>eatholica:</strong></span> <span class='ocrx_word' id='word_1_249' title='bbox 753 2587 999 2642; x_wconf 82' lang='lat' dir='ltr'><strong>veritatis</strong></span> <span class='ocrx_word' id='word_1_250' title='bbox 1021 2587 1281 2643; x_wconf 88' lang='lat' dir='ltr'><strong>hauriens</strong></span> <span class='ocrx_word' id='word_1_251' title='bbox 1312 2587 1472 2642; x_wconf 89' lang='lat' dir='ltr'><strong>ﬁdem</strong></span> <span class='ocrx_word' id='word_1_252' title='bbox 1495 2588 1573 2644; x_wconf 90' lang='lat' dir='ltr'><strong>ait</strong></span> <span class='ocrx_word' id='word_1_253' title='bbox 1601 2606 1613 2640; x_wconf 90' lang='lat'><strong>:</strong></span> <span class='ocrx_word' id='word_1_254' title='bbox 1641 2585 1771 2642; x_wconf 71' lang='lat' dir='ltr'><strong>Hrec</strong></span> <span class='ocrx_word' id='word_1_255' title='bbox 1794 2606 1891 2641; x_wconf 89' lang='lat' dir='ltr'><strong>au-</strong></span> 
     </span>
    </p>
   </div>
   <div class='ocr_carea' id='block_1_38' title="bbox 298 2675 1890 2747">
    <p class='ocr_par' dir='ltr' id='par_1_38' title="bbox 298 2675 1890 2747">
     <span class='ocr_line' id='line_1_38' title="bbox 298 2675 1890 2747; baseline 0.001 -17"><span class='ocrx_word' id='word_1_256' title='bbox 298 2687 400 2730; x_wconf 87' lang='lat' dir='ltr'><strong>tem</strong></span> <span class='ocrx_word' id='word_1_257' title='bbox 426 2677 620 2747; x_wconf 85' lang='lat' dir='ltr'><strong>scripta</strong></span> <span class='ocrx_word' id='word_1_258' title='bbox 658 2684 799 2741; x_wconf 88' lang='lat' dir='ltr'><strong>sunt,</strong></span> <span class='ocrx_word' id='word_1_259' title='bbox 832 2686 889 2729; x_wconf 92' lang='lat' dir='ltr'><strong>ut</strong></span> <span class='ocrx_word' id='word_1_260' title='bbox 927 2676 1154 2731; x_wconf 83' lang='lat' dir='ltr'><strong>credatis</strong></span> <span class='ocrx_word' id='word_1_261' title='bbox 1182 2679 1305 2747; x_wconf 83' lang='lat' dir='ltr'><strong>quia</strong></span> <span class='ocrx_word' id='word_1_262' title='bbox 1338 2676 1499 2732; x_wconf 66' lang='lat' dir='ltr'><strong>Iesus</strong></span> <span class='ocrx_word' id='word_1_263' title='bbox 1549 2686 1623 2732; x_wconf 85' lang='lat' dir='ltr'><strong>est</strong></span> <span class='ocrx_word' id='word_1_264' title='bbox 1651 2675 1890 2732; x_wconf 78' lang='lat' dir='ltr'><strong>Christus</strong></span> 
     </span>
    </p>
   </div>
   <div class='ocr_carea' id='block_1_39' title="bbox 298 2768 1887 2845">
    <p class='ocr_par' dir='ltr' id='par_1_39' title="bbox 298 2768 1887 2845">
     <span class='ocr_line' id='line_1_39' title="bbox 298 2768 1887 2845; baseline 0.003 -21"><span class='ocrx_word' id='word_1_265' title='bbox 298 2770 476 2826; x_wconf 82' lang='lat' dir='ltr'><strong>Filius</strong></span> <span class='ocrx_word' id='word_1_266' title='bbox 508 2770 602 2825; x_wconf 87' lang='lat' dir='ltr'><strong>Dei</strong></span> <span class='ocrx_word' id='word_1_267' title='bbox 629 2768 810 2844; x_wconf 85' lang='lat' dir='ltr'><strong>(Joan.</strong></span> <span class='ocrx_word' id='word_1_268' title='bbox 842 2787 936 2837; x_wconf 78' lang='lat' dir='ltr'><strong>xx,</strong></span> <span class='ocrx_word' id='word_1_269' title='bbox 966 2771 1081 2845; x_wconf 80' lang='grc'><strong>51).</strong></span> <span class='ocrx_word' id='word_1_270' title='bbox 1108 2771 1337 2843; x_wconf 75' lang='lat' dir='ltr'><strong>Moxque</strong></span> <span class='ocrx_word' id='word_1_271' title='bbox 1358 2773 1520 2844; x_wconf 83' lang='lat' dir='ltr'><strong>hujus</strong></span> <span class='ocrx_word' id='word_1_272' title='bbox 1545 2772 1668 2827; x_wconf 90' lang='lat' dir='ltr'><strong>ﬁdei</strong></span> <span class='ocrx_word' id='word_1_273' title='bbox 1692 2787 1887 2844; x_wconf 11' lang='lat' dir='ltr'><strong>perpet-</strong></span> 
     </span>
    </p>
   </div>
   <div class='ocr_carea' id='block_1_40' title="bbox 298 2864 1890 2937">
    <p class='ocr_par' dir='ltr' id='par_1_40' title="bbox 298 2864 1890 2937">
     <span class='ocr_line' id='line_1_40' title="bbox 298 2864 1890 2937; baseline -0.001 -17"><span class='ocrx_word' id='word_1_274' title='bbox 298 2877 446 2921; x_wconf 87' lang='lat' dir='ltr'><strong>tuam</strong></span> <span class='ocrx_word' id='word_1_275' title='bbox 484 2865 775 2921; x_wconf 84' lang='lat' dir='ltr'><strong>ostendens</strong></span> <span class='ocrx_word' id='word_1_276' title='bbox 801 2864 1126 2931; x_wconf 87' lang='lat' dir='ltr'><strong>mercedem,</strong></span> <span class='ocrx_word' id='word_1_277' title='bbox 1158 2866 1463 2937; x_wconf 78' lang='lat' dir='ltr'><strong>subjunxit:</strong></span> <span class='ocrx_word' id='word_1_278' title='bbox 1497 2864 1565 2920; x_wconf 84' lang='lat' dir='ltr'><strong>Et</strong></span> <span class='ocrx_word' id='word_1_279' title='bbox 1590 2876 1645 2920; x_wconf 87' lang='lat' dir='ltr'><strong>ut</strong></span> <span class='ocrx_word' id='word_1_280' title='bbox 1672 2866 1890 2920; x_wconf 75' lang='lat' dir='ltr'><strong>creden-</strong></span> 
     </span>
    </p>
   </div>
   <div class='ocr_carea' id='block_1_41' title="bbox 294 2957 1886 3029">
    <p class='ocr_par' dir='ltr' id='par_1_41' title="bbox 294 2957 1886 3029">
     <span class='ocr_line' id='line_1_41' title="bbox 294 2957 1886 3029; baseline 0.001 -18"><span class='ocrx_word' id='word_1_281' title='bbox 294 2968 369 3013; x_wconf 83' lang='lat' dir='ltr'><strong>tes</strong></span> <span class='ocrx_word' id='word_1_282' title='bbox 396 2959 555 3013; x_wconf 73' lang='lat' dir='ltr'><strong>vitam</strong></span> <span class='ocrx_word' id='word_1_283' title='bbox 577 2966 827 3012; x_wconf 64' lang='lat' dir='ltr'><strong>aeternam</strong></span> <span class='ocrx_word' id='word_1_284' title='bbox 849 2957 1084 3013; x_wconf 80' lang='lat' dir='ltr'><strong>habeatis</strong></span> <span class='ocrx_word' id='word_1_285' title='bbox 1110 2958 1166 3011; x_wconf 88' lang='lat' dir='ltr'><strong>in</strong></span> <span class='ocrx_word' id='word_1_286' title='bbox 1195 2957 1402 3012; x_wconf 84' lang='lat' dir='ltr'><strong>nomine</strong></span> <span class='ocrx_word' id='word_1_287' title='bbox 1444 2958 1588 3029; x_wconf 84' lang='lat' dir='ltr'><strong>ejus;</strong></span> <span class='ocrx_word' id='word_1_288' title='bbox 1637 2959 1886 3012; x_wconf 83' lang='lat' dir='ltr'><strong>eumdem</strong></span> 
     </span>
    </p>
   </div>
   <div class='ocr_carea' id='block_1_42' title="bbox 295 3047 1887 3120">
    <p class='ocr_par' dir='ltr' id='par_1_42' title="bbox 295 3047 1887 3120">
     <span class='ocr_line' id='line_1_42' title="bbox 295 3047 1887 3120; baseline -0.001 -17"><span class='ocrx_word' id='word_1_289' title='bbox 295 3048 608 3120; x_wconf 84' lang='lat' dir='ltr'><strong>evangelica</strong></span> <span class='ocrx_word' id='word_1_290' title='bbox 634 3048 965 3105; x_wconf 87' lang='lat' dir='ltr'><strong>auctoritate</strong></span> <span class='ocrx_word' id='word_1_291' title='bbox 1000 3048 1094 3104; x_wconf 91' lang='lat' dir='ltr'><strong>Dei</strong></span> <span class='ocrx_word' id='word_1_292' title='bbox 1126 3047 1325 3103; x_wconf 89' lang='lat' dir='ltr'><strong>Filium</strong></span> <span class='ocrx_word' id='word_1_293' title='bbox 1359 3049 1682 3119; x_wconf 72' lang='lat' dir='ltr'><strong>przedicans,</strong></span> <span class='ocrx_word' id='word_1_294' title='bbox 1726 3064 1887 3119; x_wconf 91' lang='lat' dir='ltr'><strong>quem</strong></span> 
     </span>
    </p>
   </div>
   <div class='ocr_carea' id='block_1_43' title="bbox 293 3140 1888 3214">
    <p class='ocr_par' dir='ltr' id='par_1_43' title="bbox 293 3140 1888 3214">
     <span class='ocr_line' id='line_1_43' title="bbox 293 3140 1888 3214; baseline 0.001 -19"><span class='ocrx_word' id='word_1_295' title='bbox 293 3140 513 3196; x_wconf 83' lang='lat' dir='ltr'><strong>Gabriel</strong></span> <span class='ocrx_word' id='word_1_296' title='bbox 539 3141 915 3214; x_wconf 83' lang='lat' dir='ltr'><strong>archangelus,</strong></span> <span class='ocrx_word' id='word_1_297' title='bbox 958 3150 1251 3213; x_wconf 88' lang='lat' dir='ltr'><strong>antequam</strong></span> <span class='ocrx_word' id='word_1_298' title='bbox 1278 3142 1675 3213; x_wconf 86' lang='lat' dir='ltr'><strong>conciperetur,</strong></span> <span class='ocrx_word' id='word_1_299' title='bbox 1715 3143 1888 3198; x_wconf 59' lang='lat' dir='ltr'><strong>beata:</strong></span> 
     </span>
    </p>
   </div>
   <div class='ocr_carea' id='block_1_44' title="bbox 295 3234 1886 3306">
    <p class='ocr_par' dir='ltr' id='par_1_44' title="bbox 295 3234 1886 3306">
     <span class='ocr_line' id='line_1_44' title="bbox 295 3234 1886 3306; baseline -0.001 -17"><span class='ocrx_word' id='word_1_300' title='bbox 295 3235 506 3306; x_wconf 68' lang='lat' dir='ltr'><strong>Virgini</strong></span> <span class='ocrx_word' id='word_1_301' title='bbox 528 3234 712 3291; x_wconf 86' lang='lat' dir='ltr'><strong>Iesum</strong></span> <span class='ocrx_word' id='word_1_302' title='bbox 733 3234 1039 3305; x_wconf 85' lang='lat' dir='ltr'><strong>Filiumque</strong></span> <span class='ocrx_word' id='word_1_303' title='bbox 1071 3234 1333 3291; x_wconf 86' lang='lat' dir='ltr'><strong>Altissimi</strong></span> <span class='ocrx_word' id='word_1_304' title='bbox 1384 3236 1727 3290; x_wconf 90' lang='lat' dir='ltr'><strong>vocitandum</strong></span> <span class='ocrx_word' id='word_1_305' title='bbox 1766 3248 1886 3290; x_wconf 89' lang='lat' dir='ltr'><strong>esse</strong></span> 
     </span>
    </p>
   </div>
   <div class='ocr_carea' id='block_1_45' title="bbox 1995 2032 3595 2105">
    <p class='ocr_par' dir='ltr' id='par_1_45' title="bbox 1995 2032 3595 2105">
     <span class='ocr_line' id='line_1_45' title="bbox 1995 2032 3595 2105; baseline 0.006 -18"><span class='ocrx_word' id='word_1_306' title='bbox 1995 2033 2136 2087; x_wconf 82' lang='lat' dir='ltr'><strong>visio</strong></span> <span class='ocrx_word' id='word_1_307' title='bbox 2155 2032 2386 2088; x_wconf 88' lang='lat' dir='ltr'><strong>duarum</strong></span> <span class='ocrx_word' id='word_1_308' title='bbox 2434 2033 2640 2103; x_wconf 85' lang='lat' dir='ltr'><strong>absque</strong></span> <span class='ocrx_word' id='word_1_309' title='bbox 2689 2032 3025 2089; x_wconf 89' lang='lat' dir='ltr'><strong>dubitatione</strong></span> <span class='ocrx_word' id='word_1_310' title='bbox 3051 2049 3411 2105; x_wconf 83' lang='lat' dir='ltr'><strong>personarum</strong></span> <span class='ocrx_word' id='word_1_311' title='bbox 3468 2051 3595 2097; x_wconf 79' lang='lat' dir='ltr'><strong>esse</strong></span> 
     </span>
    </p>
   </div>
   <div class='ocr_carea' id='block_1_46' title="bbox 1996 2127 2337 2200">
    <p class='ocr_par' dir='ltr' id='par_1_46' title="bbox 1996 2127 2337 2200">
     <span class='ocr_line' id='line_1_46' title="bbox 1996 2127 2337 2200; baseline -0.003 -18"><span class='ocrx_word' id='word_1_312' title='bbox 1996 2127 2337 2200; x_wconf 53' lang='lat' dir='ltr'><strong>mmmgmn</strong></span> 
     </span>
    </p>
   </div>
   <div class='ocr_carea' id='block_1_47' title="bbox 2062 2219 3595 2296">
    <p class='ocr_par' dir='ltr' id='par_1_47' title="bbox 2062 2219 3595 2296">
     <span class='ocr_line' id='line_1_47' title="bbox 2062 2219 3595 2296; baseline 0.008 -23"><span class='ocrx_word' id='word_1_313' title='bbox 2062 2219 2149 2274; x_wconf 85' lang='grc'><strong>111.</strong></span> <span class='ocrx_word' id='word_1_314' title='bbox 2179 2219 2334 2275; x_wconf 87' lang='lat' dir='ltr'><strong>Sicut</strong></span> <span class='ocrx_word' id='word_1_315' title='bbox 2349 2220 2607 2290; x_wconf 87' lang='lat' dir='ltr'><strong>possibile</strong></span> <span class='ocrx_word' id='word_1_316' title='bbox 2626 2235 2751 2278; x_wconf 92' lang='lat' dir='ltr'><strong>esse</strong></span> <span class='ocrx_word' id='word_1_317' title='bbox 2766 2221 2876 2277; x_wconf 89' lang='lat' dir='ltr'><strong>Deo</strong></span> <span class='ocrx_word' id='word_1_318' title='bbox 2893 2238 3000 2278; x_wconf 91' lang='lat' dir='ltr'><strong>non</strong></span> <span class='ocrx_word' id='word_1_319' title='bbox 3016 2227 3409 2296; x_wconf 85' lang='lat' dir='ltr'><strong>estnegandum</strong></span> <span class='ocrx_word' id='word_1_320' title='bbox 3424 2237 3482 2283; x_wconf 88' lang='lat' dir='ltr'><strong>ut</strong></span> <span class='ocrx_word' id='word_1_321' title='bbox 3495 2228 3595 2286; x_wconf 83' lang='lat' dir='ltr'><strong>Fi-</strong></span> 
     </span>
    </p>
   </div>
   <div class='ocr_carea' id='block_1_48' title="bbox 1992 2308 3592 2387">
    <p class='ocr_par' dir='ltr' id='par_1_48' title="bbox 1992 2308 3592 2387">
     <span class='ocr_line' id='line_1_48' title="bbox 1992 2308 3592 2387; baseline 0.009 -25"><span class='ocrx_word' id='word_1_322' title='bbox 1992 2308 2097 2365; x_wconf 88' lang='lat' dir='ltr'><strong>lius</strong></span> <span class='ocrx_word' id='word_1_323' title='bbox 2113 2309 2370 2375; x_wconf 86' lang='lat' dir='ltr'><strong>hominis,</strong></span> <span class='ocrx_word' id='word_1_324' title='bbox 2390 2310 2517 2365; x_wconf 93' lang='lat' dir='ltr'><strong>dum</strong></span> <span class='ocrx_word' id='word_1_325' title='bbox 2544 2311 2734 2377; x_wconf 86' lang='lat' dir='ltr'><strong>voluit,</strong></span> <span class='ocrx_word' id='word_1_326' title='bbox 2759 2312 3035 2383; x_wconf 88' lang='lat' dir='ltr'><strong>perfectus</strong></span> <span class='ocrx_word' id='word_1_327' title='bbox 3056 2322 3111 2371; x_wconf 92' lang='lat' dir='ltr'><strong>et</strong></span> <span class='ocrx_word' id='word_1_328' title='bbox 3133 2319 3388 2386; x_wconf 88' lang='lat' dir='ltr'><strong>proprius</strong></span> <span class='ocrx_word' id='word_1_329' title='bbox 3410 2319 3592 2387; x_wconf 84' lang='lat' dir='ltr'><strong>ﬁeret,</strong></span> 
     </span>
    </p>
   </div>
   <div class='ocr_carea' id='block_1_49' title="bbox 1992 2402 3592 2468">
    <p class='ocr_par' dir='ltr' id='par_1_49' title="bbox 1992 2402 3592 2468">
     <span class='ocr_line' id='line_1_49' title="bbox 1992 2402 3592 2468; baseline 0.007 -11"><span class='ocrx_word' id='word_1_330' title='bbox 1992 2402 2072 2457; x_wconf 87' lang='lat' dir='ltr'><strong>sic</strong></span> <span class='ocrx_word' id='word_1_331' title='bbox 2108 2419 2215 2459; x_wconf 90' lang='lat' dir='ltr'><strong>non</strong></span> <span class='ocrx_word' id='word_1_332' title='bbox 2236 2411 2319 2458; x_wconf 88' lang='lat' dir='ltr'><strong>est</strong></span> <span class='ocrx_word' id='word_1_333' title='bbox 2340 2404 2452 2458; x_wconf 88' lang='lat' dir='ltr'><strong>Deo</strong></span> <span class='ocrx_word' id='word_1_334' title='bbox 2477 2404 2961 2461; x_wconf 71' lang='lat' dir='ltr'><strong>contr-edicendum</strong></span> <span class='ocrx_word' id='word_1_335' title='bbox 3020 2416 3080 2463; x_wconf 88' lang='lat' dir='ltr'><strong>ut</strong></span> <span class='ocrx_word' id='word_1_336' title='bbox 3107 2407 3397 2465; x_wconf 87' lang='lat' dir='ltr'><strong>humanam</strong></span> <span class='ocrx_word' id='word_1_337' title='bbox 3429 2420 3592 2468; x_wconf 87' lang='lat' dir='ltr'><strong>natu-</strong></span> 
     </span>
    </p>
   </div>
   <div class='ocr_carea' id='block_1_50' title="bbox 1992 2495 3587 2573">
    <p class='ocr_par' dir='ltr' id='par_1_50' title="bbox 1992 2495 3587 2573">
     <span class='ocr_line' id='line_1_50' title="bbox 1992 2495 3587 2573; baseline 0.006 -25"><span class='ocrx_word' id='word_1_338' title='bbox 1992 2509 2133 2558; x_wconf 90' lang='lat' dir='ltr'><strong>ram,</strong></span> <span class='ocrx_word' id='word_1_339' title='bbox 2179 2510 2344 2565; x_wconf 91' lang='lat' dir='ltr'><strong>quam</strong></span> <span class='ocrx_word' id='word_1_340' title='bbox 2372 2496 2424 2549; x_wconf 91' lang='lat' dir='ltr'><strong>in</strong></span> <span class='ocrx_word' id='word_1_341' title='bbox 2459 2495 2777 2566; x_wconf 85' lang='lat' dir='ltr'><strong>dignitatem</strong></span> <span class='ocrx_word' id='word_1_342' title='bbox 2831 2513 2943 2553; x_wconf 70' lang='lat' dir='ltr'><strong>sua:</strong></span> <span class='ocrx_word' id='word_1_343' title='bbox 2989 2514 3233 2568; x_wconf 70' lang='lat' dir='ltr'><strong>persona:</strong></span> <span class='ocrx_word' id='word_1_344' title='bbox 3261 2502 3587 2573; x_wconf 86' lang='lat' dir='ltr'><strong>assumpsit,</strong></span> 
     </span>
    </p>
   </div>
   <div class='ocr_carea' id='block_1_51' title="bbox 1991 2585 3588 2660">
    <p class='ocr_par' dir='ltr' id='par_1_51' title="bbox 1991 2585 3588 2660">
     <span class='ocr_line' id='line_1_51' title="bbox 1991 2585 3588 2660; baseline 0.006 -20"><span class='ocrx_word' id='word_1_345' title='bbox 1991 2585 2046 2640; x_wconf 89' lang='lat' dir='ltr'><strong>in</strong></span> <span class='ocrx_word' id='word_1_346' title='bbox 2075 2587 2463 2657; x_wconf 87' lang='lat' dir='ltr'><strong>proprietatem</strong></span> <span class='ocrx_word' id='word_1_347' title='bbox 2489 2586 2613 2642; x_wconf 85' lang='lat' dir='ltr'><strong>Filii</strong></span> <span class='ocrx_word' id='word_1_348' title='bbox 2635 2587 2731 2643; x_wconf 87' lang='lat' dir='ltr'><strong>Dei</strong></span> <span class='ocrx_word' id='word_1_349' title='bbox 2758 2587 3001 2644; x_wconf 80' lang='lat' dir='ltr'><strong>exaltare</strong></span> <span class='ocrx_word' id='word_1_350' title='bbox 3024 2591 3310 2660; x_wconf 84' lang='lat' dir='ltr'><strong>potuisset,</strong></span> <span class='ocrx_word' id='word_1_351' title='bbox 3355 2599 3416 2647; x_wconf 88' lang='lat' dir='ltr'><strong>ut</strong></span> <span class='ocrx_word' id='word_1_352' title='bbox 3439 2602 3588 2649; x_wconf 86' lang='lat' dir='ltr'><strong>esset</strong></span> 
     </span>
    </p>
   </div>
   <div class='ocr_carea' id='block_1_52' title="bbox 1990 2679 3595 2756">
    <p class='ocr_par' dir='ltr' id='par_1_52' title="bbox 1990 2679 3595 2756">
     <span class='ocr_line' id='line_1_52' title="bbox 1990 2679 3595 2756; baseline 0.003 -21"><span class='ocrx_word' id='word_1_353' title='bbox 1990 2679 2179 2735; x_wconf 89' lang='lat' dir='ltr'><strong>eadem</strong></span> <span class='ocrx_word' id='word_1_354' title='bbox 2199 2695 2431 2751; x_wconf 90' lang='lat' dir='ltr'><strong>persona</strong></span> <span class='ocrx_word' id='word_1_355' title='bbox 2459 2696 2582 2735; x_wconf 90' lang='lat' dir='ltr'><strong>cum</strong></span> <span class='ocrx_word' id='word_1_356' title='bbox 2602 2688 2883 2752; x_wconf 89' lang='lat' dir='ltr'><strong>assumpto</strong></span> <span class='ocrx_word' id='word_1_357' title='bbox 2911 2682 3130 2738; x_wconf 89' lang='lat' dir='ltr'><strong>homine</strong></span> <span class='ocrx_word' id='word_1_358' title='bbox 3166 2683 3222 2739; x_wconf 92' lang='lat' dir='ltr'><strong>in</strong></span> <span class='ocrx_word' id='word_1_359' title='bbox 3247 2685 3595 2756; x_wconf 84' lang='lat' dir='ltr'><strong>proprietate</strong></span> 
     </span>
    </p>
   </div>
   <div class='ocr_carea' id='block_1_53' title="bbox 1989 2770 3587 2841">
    <p class='ocr_par' dir='ltr' id='par_1_53' title="bbox 1989 2770 3587 2841">
     <span class='ocr_line' id='line_1_53' title="bbox 1989 2770 3587 2841; baseline 0.004 -16"><span class='ocrx_word' id='word_1_360' title='bbox 1989 2770 2158 2836; x_wconf 85' lang='lat' dir='ltr'><strong>Filii,</strong></span> <span class='ocrx_word' id='word_1_361' title='bbox 2217 2787 2338 2841; x_wconf 64' lang='lat' dir='ltr'><strong>qum</strong></span> <span class='ocrx_word' id='word_1_362' title='bbox 2389 2770 2492 2826; x_wconf 90' lang='lat' dir='ltr'><strong>fuit</strong></span> <span class='ocrx_word' id='word_1_363' title='bbox 2522 2780 2652 2827; x_wconf 89' lang='lat' dir='ltr'><strong>ante</strong></span> <span class='ocrx_word' id='word_1_364' title='bbox 2699 2773 2883 2828; x_wconf 90' lang='lat' dir='ltr'><strong>omnia</strong></span> <span class='ocrx_word' id='word_1_365' title='bbox 2925 2774 3122 2829; x_wconf 59' lang='lat' dir='ltr'><strong>saecula</strong></span> <span class='ocrx_word' id='word_1_366' title='bbox 3171 2774 3228 2829; x_wconf 89' lang='lat' dir='ltr'><strong>in</strong></span> <span class='ocrx_word' id='word_1_367' title='bbox 3281 2776 3587 2831; x_wconf 80' lang='lat' dir='ltr'><strong>substantia</strong></span> 
     </span>
    </p>
   </div>
   <div class='ocr_carea' id='block_1_54' title="bbox 1988 2860 3578 2937">
    <p class='ocr_par' dir='ltr' id='par_1_54' title="bbox 1988 2860 3578 2937">
     <span class='ocr_line' id='line_1_54' title="bbox 1988 2860 3578 2937; baseline 0.004 -22"><span class='ocrx_word' id='word_1_368' title='bbox 1988 2860 2236 2918; x_wconf 86' lang='lat' dir='ltr'><strong>Deitatis.</strong></span> <span class='ocrx_word' id='word_1_369' title='bbox 2295 2861 2437 2934; x_wconf 86' lang='lat' dir='ltr'><strong>Ergo</strong></span> <span class='ocrx_word' id='word_1_370' title='bbox 2466 2862 2522 2917; x_wconf 91' lang='lat' dir='ltr'><strong>in</strong></span> <span class='ocrx_word' id='word_1_371' title='bbox 2551 2862 2699 2917; x_wconf 89' lang='lat' dir='ltr'><strong>omni</strong></span> <span class='ocrx_word' id='word_1_372' title='bbox 2749 2864 2890 2920; x_wconf 87' lang='lat' dir='ltr'><strong>serie</strong></span> <span class='ocrx_word' id='word_1_373' title='bbox 2912 2874 3222 2921; x_wconf 87' lang='lat' dir='ltr'><strong>sanctarum</strong></span> <span class='ocrx_word' id='word_1_374' title='bbox 3260 2866 3578 2937; x_wconf 85' lang='lat' dir='ltr'><strong>Scriptura-</strong></span> 
     </span>
    </p>
   </div>
   <div class='ocr_carea' id='block_1_55' title="bbox 1990 2953 3587 3028">
    <p class='ocr_par' dir='ltr' id='par_1_55' title="bbox 1990 2953 3587 3028">
     <span class='ocr_line' id='line_1_55' title="bbox 1990 2953 3587 3028; baseline 0.003 -20"><span class='ocrx_word' id='word_1_375' title='bbox 1990 2969 2111 3008; x_wconf 89' lang='lat' dir='ltr'><strong>rum</strong></span> <span class='ocrx_word' id='word_1_376' title='bbox 2140 2968 2415 3023; x_wconf 86' lang='lat' dir='ltr'><strong>nunquam</strong></span> <span class='ocrx_word' id='word_1_377' title='bbox 2439 2969 2636 3009; x_wconf 89' lang='lat' dir='ltr'><strong>nomen</strong></span> <span class='ocrx_word' id='word_1_378' title='bbox 2665 2953 2972 3025; x_wconf 86' lang='lat' dir='ltr'><strong>adoptionis</strong></span> <span class='ocrx_word' id='word_1_379' title='bbox 3009 2956 3228 3012; x_wconf 88' lang='lat' dir='ltr'><strong>Christo</strong></span> <span class='ocrx_word' id='word_1_380' title='bbox 3278 2958 3480 3028; x_wconf 87' lang='lat' dir='ltr'><strong>imponi</strong></span> <span class='ocrx_word' id='word_1_381' title='bbox 3510 2959 3587 3013; x_wconf 83' lang='lat' dir='ltr'><strong>le-</strong></span> 
     </span>
    </p>
   </div>
   <div class='ocr_carea' id='block_1_56' title="bbox 1989 3043 3584 3122">
    <p class='ocr_par' dir='ltr' id='par_1_56' title="bbox 1989 3043 3584 3122">
     <span class='ocr_line' id='line_1_56' title="bbox 1989 3043 3584 3122; baseline 0.005 -24"><span class='ocrx_word' id='word_1_382' title='bbox 1989 3043 2155 3115; x_wconf 88' lang='lat' dir='ltr'><strong>gitur,</strong></span> <span class='ocrx_word' id='word_1_383' title='bbox 2186 3044 2282 3100; x_wconf 88' lang='lat' dir='ltr'><strong>sed</strong></span> <span class='ocrx_word' id='word_1_384' title='bbox 2310 3059 2410 3099; x_wconf 90' lang='lat' dir='ltr'><strong>nos</strong></span> <span class='ocrx_word' id='word_1_385' title='bbox 2434 3060 2532 3115; x_wconf 89' lang='lat' dir='ltr'><strong>per</strong></span> <span class='ocrx_word' id='word_1_386' title='bbox 2559 3061 2682 3101; x_wconf 92' lang='lat' dir='ltr'><strong>eum</strong></span> <span class='ocrx_word' id='word_1_387' title='bbox 2724 3046 3031 3117; x_wconf 89' lang='lat' dir='ltr'><strong>adoptionis</strong></span> <span class='ocrx_word' id='word_1_388' title='bbox 3052 3048 3325 3120; x_wconf 89' lang='lat' dir='ltr'><strong>accepisse</strong></span> <span class='ocrx_word' id='word_1_389' title='bbox 3354 3052 3584 3122; x_wconf 82' lang='lat' dir='ltr'><strong>gratiam</strong></span> 
     </span>
    </p>
   </div>
   <div class='ocr_carea' id='block_1_57' title="bbox 1989 3135 3590 3211">
    <p class='ocr_par' dir='ltr' id='par_1_57' title="bbox 1989 3135 3590 3211">
     <span class='ocr_line' id='line_1_57' title="bbox 1989 3135 3590 3211; baseline 0.005 -21"><span class='ocrx_word' id='word_1_390' title='bbox 1989 3143 2279 3191; x_wconf 89' lang='lat' dir='ltr'><strong>testantur.</strong></span> <span class='ocrx_word' id='word_1_391' title='bbox 2338 3135 2430 3211; x_wconf 33' lang='lat' dir='ltr'><strong>De.</strong></span> <span class='ocrx_word' id='word_1_392' title='bbox 2459 3153 2566 3208; x_wconf 88' lang='lat' dir='ltr'><strong>qua</strong></span> <span class='ocrx_word' id='word_1_393' title='bbox 2610 3138 2976 3208; x_wconf 89' lang='lat' dir='ltr'><strong>adoptioucin</strong></span> <span class='ocrx_word' id='word_1_394' title='bbox 2999 3155 3100 3195; x_wconf 86' lang='lat' dir='ltr'><strong>nos</strong></span> <span class='ocrx_word' id='word_1_395' title='bbox 3144 3140 3289 3196; x_wconf 81' lang='lat' dir='ltr'><strong>facta</strong></span> <span class='ocrx_word' id='word_1_396' title='bbox 3326 3141 3590 3210; x_wconf 81' lang='lat' dir='ltr'><strong>praefatus</strong></span> 
     </span>
    </p>
   </div>
   <div class='ocr_carea' id='block_1_58' title="bbox 1988 3226 3583 3301">
    <p class='ocr_par' dir='ltr' id='par_1_58' title="bbox 1988 3226 3583 3301">
     <span class='ocr_line' id='line_1_58' title="bbox 1988 3226 3583 3301; baseline 0.006 -22"><span class='ocrx_word' id='word_1_397' title='bbox 1988 3226 2320 3296; x_wconf 78' lang='lat' dir='ltr'><strong>evangelista</strong></span> <span class='ocrx_word' id='word_1_398' title='bbox 2347 3227 2455 3281; x_wconf 89' lang='lat' dir='ltr'><strong>ait:</strong></span> <span class='ocrx_word' id='word_1_399' title='bbox 2529 3226 2596 3283; x_wconf 87' lang='lat' dir='ltr'><strong>In</strong></span> <span class='ocrx_word' id='word_1_400' title='bbox 2633 3230 2849 3301; x_wconf 87' lang='lat' dir='ltr'><strong>propria</strong></span> <span class='ocrx_word' id='word_1_401' title='bbox 2884 3230 3043 3296; x_wconf 69' lang='lat' dir='ltr'><strong>venit,</strong></span> <span class='ocrx_word' id='word_1_402' title='bbox 3078 3240 3128 3285; x_wconf 88' lang='lat' dir='ltr'><strong>et</strong></span> <span class='ocrx_word' id='word_1_403' title='bbox 3173 3233 3257 3286; x_wconf 83' lang='lat' dir='ltr'><strong>sui</strong></span> <span class='ocrx_word' id='word_1_404' title='bbox 3297 3249 3416 3287; x_wconf 87' lang='lat' dir='ltr'><strong>eum</strong></span> <span class='ocrx_word' id='word_1_405' title='bbox 3480 3252 3583 3288; x_wconf 89' lang='lat' dir='ltr'><strong>non</strong></span> 
     </span>
    </p>
   </div>
   <div class='ocr_carea' id='block_1_59' title="bbox 293 3304 3587 3395">
    <p class='ocr_par' dir='ltr' id='par_1_59' title="bbox 293 3304 3587 3395">
     <span class='ocr_line' id='line_1_59' title="bbox 293 3304 3587 3395; baseline 0.003 -27"><span class='ocrx_word' id='word_1_406' title='bbox 293 3304 647 3394; x_wconf 52' lang='lat' dir='ltr'><strong>pmﬂixemt,</strong></span> <span class='ocrx_word' id='word_1_407' title='bbox 677 3323 818 3380; x_wconf 78' lang='lat' dir='ltr'><strong>Num</strong></span> <span class='ocrx_word' id='word_1_408' title='bbox 843 3304 1064 3380; x_wconf 63' lang='lat' dir='ltr'><strong>dubium</strong></span> <span class='ocrx_word' id='word_1_409' title='bbox 1093 3333 1180 3381; x_wconf 60' lang='lat' dir='ltr'><strong>est</strong></span> <span class='ocrx_word' id='word_1_410' title='bbox 1207 3326 1336 3394; x_wconf 72' lang='lat' dir='ltr'><strong>quin</strong></span> <span class='ocrx_word' id='word_1_411' title='bbox 1362 3326 1427 3380; x_wconf 69' lang='lat' dir='ltr'><strong>ad</strong></span> <span class='ocrx_word' id='word_1_412' title='bbox 1443 3327 1733 3380; x_wconf 66' lang='lat' dir='ltr'><strong>humanam</strong></span> <span class='ocrx_word' id='word_1_413' title='bbox 1758 3340 1883 3395; x_wconf 69' lang='grc' dir='ltr'><strong>ρει-.-</strong></span> <span class='ocrx_word' id='word_1_414' title='bbox 1906 3304 1953 3366; x_wconf 87' lang='lat' dir='ltr'><strong>C</strong></span> <span class='ocrx_word' id='word_1_415' title='bbox 1986 3328 2287 3388; x_wconf 81' lang='lat' dir='ltr'><strong>receperunt</strong></span> <span class='ocrx_word' id='word_1_416' title='bbox 2321 3336 2339 3372; x_wconf 94' lang='lat'><strong>:</strong></span> <span class='ocrx_word' id='word_1_417' title='bbox 2367 3329 2620 3391; x_wconf 78' lang='lat' dir='ltr'><strong>quotquot</strong></span> <span class='ocrx_word' id='word_1_418' title='bbox 2679 3329 2853 3375; x_wconf 82' lang='lat' dir='ltr'><strong>autent</strong></span> <span class='ocrx_word' id='word_1_419' title='bbox 2898 3333 3204 3393; x_wconf 80' lang='lat' dir='ltr'><strong>receperunt</strong></span> <span class='ocrx_word' id='word_1_420' title='bbox 3260 3341 3399 3389; x_wconf 87' lang='lat' dir='ltr'><strong>eum,</strong></span> <span class='ocrx_word' id='word_1_421' title='bbox 3440 3326 3587 3380; x_wconf 82' lang='lat' dir='ltr'><strong>dedit</strong></span> 
     </span>
    </p>
   </div>
   <div class='ocr_carea' id='block_1_60' title="bbox 299 3413 1887 3485">
    <p class='ocr_par' dir='ltr' id='par_1_60' title="bbox 299 3413 1887 3485">
     <span class='ocr_line' id='line_1_60' title="bbox 299 3413 1887 3485; baseline 0.002 -17"><span class='ocrx_word' id='word_1_422' title='bbox 299 3415 493 3469; x_wconf 88' lang='lat' dir='ltr'><strong>tineret</strong></span> <span class='ocrx_word' id='word_1_423' title='bbox 520 3423 773 3469; x_wconf 89' lang='lat' dir='ltr'><strong>naturam</strong></span> <span class='ocrx_word' id='word_1_424' title='bbox 794 3430 992 3469; x_wconf 89' lang='lat' dir='ltr'><strong>nomen</strong></span> <span class='ocrx_word' id='word_1_425' title='bbox 1015 3413 1164 3480; x_wconf 90' lang='lat' dir='ltr'><strong>Iesu,</strong></span> <span class='ocrx_word' id='word_1_426' title='bbox 1212 3416 1266 3469; x_wconf 90' lang='lat' dir='ltr'><strong>in</strong></span> <span class='ocrx_word' id='word_1_427' title='bbox 1306 3431 1413 3485; x_wconf 91' lang='lat' dir='ltr'><strong>quo</strong></span> <span class='ocrx_word' id='word_1_428' title='bbox 1450 3417 1688 3482; x_wconf 90' lang='lat' dir='ltr'><strong>nomine,</strong></span> <span class='ocrx_word' id='word_1_429' title='bbox 1725 3417 1887 3472; x_wconf 87' lang='lat' dir='ltr'><strong>beato</strong></span> 
     </span>
    </p>
   </div>
   <div class='ocr_carea' id='block_1_61' title="bbox 296 3505 1888 3578">
    <p class='ocr_par' dir='ltr' id='par_1_61' title="bbox 296 3505 1888 3578">
     <span class='ocr_line' id='line_1_61' title="bbox 296 3505 1888 3578; baseline 0.001 -18"><span class='ocrx_word' id='word_1_430' title='bbox 296 3507 518 3561; x_wconf 85' lang='lat' dir='ltr'><strong>doctore</strong></span> <span class='ocrx_word' id='word_1_431' title='bbox 541 3505 781 3577; x_wconf 88' lang='lat' dir='ltr'><strong>gentium</strong></span> <span class='ocrx_word' id='word_1_432' title='bbox 818 3513 1128 3569; x_wconf 89' lang='lat' dir='ltr'><strong>attestante,</strong></span> <span class='ocrx_word' id='word_1_433' title='bbox 1159 3523 1311 3561; x_wconf 83' lang='lat' dir='ltr'><strong>omne</strong></span> <span class='ocrx_word' id='word_1_434' title='bbox 1342 3524 1477 3577; x_wconf 86' lang='lat' dir='ltr'><strong>genu</strong></span> <span class='ocrx_word' id='word_1_435' title='bbox 1510 3508 1759 3578; x_wconf 82' lang='lat' dir='ltr'><strong>ﬂectitur,</strong></span> <span class='ocrx_word' id='word_1_436' title='bbox 1789 3524 1888 3562; x_wconf 67' lang='lat' dir='ltr'><strong>cae-</strong></span> 
     </span>
    </p>
   </div>
   <div class='ocr_carea' id='block_1_62' title="bbox 295 3598 1888 3673">
    <p class='ocr_par' dir='ltr' id='par_1_62' title="bbox 295 3598 1888 3673">
     <span class='ocr_line' id='line_1_62' title="bbox 295 3598 1888 3673; baseline 0.003 -22"><span class='ocrx_word' id='word_1_437' title='bbox 295 3598 527 3664; x_wconf 81' lang='lat' dir='ltr'><strong>(estiam,</strong></span> <span class='ocrx_word' id='word_1_438' title='bbox 553 3598 900 3665; x_wconf 85' lang='lat' dir='ltr'><strong>terrestrium,</strong></span> <span class='ocrx_word' id='word_1_439' title='bbox 934 3606 983 3652; x_wconf 82' lang='lat' dir='ltr'><strong>et</strong></span> <span class='ocrx_word' id='word_1_440' title='bbox 1006 3598 1334 3670; x_wconf 79' lang='lat' dir='ltr'><strong>infernarum</strong></span> <span class='ocrx_word' id='word_1_441' title='bbox 1355 3641 1369 3666; x_wconf 95' lang='lat'><strong>,</strong></span> <span class='ocrx_word' id='word_1_442' title='bbox 1402 3609 1450 3654; x_wconf 86' lang='lat' dir='ltr'><strong>et</strong></span> <span class='ocrx_word' id='word_1_443' title='bbox 1491 3602 1657 3656; x_wconf 86' lang='lat' dir='ltr'><strong>omnis</strong></span> <span class='ocrx_word' id='word_1_444' title='bbox 1704 3600 1888 3673; x_wconf 82' lang='lat' dir='ltr'><strong>lingua</strong></span> 
     </span>
    </p>
   </div>
   <div class='ocr_carea' id='block_1_63' title="bbox 294 3689 1885 3764">
    <p class='ocr_par' dir='ltr' id='par_1_63' title="bbox 294 3689 1885 3764">
     <span class='ocr_line' id='line_1_63' title="bbox 294 3689 1885 3764; baseline 0.002 -19"><span class='ocrx_word' id='word_1_445' title='bbox 294 3690 593 3760; x_wconf 79' lang='lat' dir='ltr'><strong>conﬁtetur,</strong></span> <span class='ocrx_word' id='word_1_446' title='bbox 639 3689 765 3761; x_wconf 84' lang='lat' dir='ltr'><strong>quia</strong></span> <span class='ocrx_word' id='word_1_447' title='bbox 793 3689 1049 3745; x_wconf 87' lang='lat' dir='ltr'><strong>Dominus</strong></span> <span class='ocrx_word' id='word_1_448' title='bbox 1090 3689 1248 3745; x_wconf 88' lang='lat' dir='ltr'><strong>Jesus</strong></span> <span class='ocrx_word' id='word_1_449' title='bbox 1271 3692 1326 3745; x_wconf 91' lang='lat' dir='ltr'><strong>in</strong></span> <span class='ocrx_word' id='word_1_450' title='bbox 1352 3691 1522 3764; x_wconf 82' lang='lat' dir='ltr'><strong>gloria</strong></span> <span class='ocrx_word' id='word_1_451' title='bbox 1549 3702 1622 3747; x_wconf 85' lang='lat' dir='ltr'><strong>est</strong></span> <span class='ocrx_word' id='word_1_452' title='bbox 1651 3692 1749 3748; x_wconf 86' lang='lat' dir='ltr'><strong>Dei</strong></span> <span class='ocrx_word' id='word_1_453' title='bbox 1772 3691 1885 3748; x_wconf 89' lang='lat' dir='ltr'><strong>Pa-</strong></span> 
     </span>
    </p>
   </div>
   <div class='ocr_carea' id='block_1_64' title="bbox 298 3778 1888 3855">
    <p class='ocr_par' dir='ltr' id='par_1_64' title="bbox 298 3778 1888 3855">
     <span class='ocr_line' id='line_1_64' title="bbox 298 3778 1888 3855; baseline 0.003 -20"><span class='ocrx_word' id='word_1_454' title='bbox 298 3781 392 3835; x_wconf 89' lang='lat' dir='ltr'><strong>tris</strong></span> <span class='ocrx_word' id='word_1_455' title='bbox 421 3778 644 3852; x_wconf 77' lang='lat' dir='ltr'><strong>(l’ltilip.</strong></span> <span class='ocrx_word' id='word_1_456' title='bbox 674 3796 737 3846; x_wconf 90' lang='grc' dir='ltr'><strong>ιι,</strong></span> <span class='ocrx_word' id='word_1_457' title='bbox 766 3780 876 3851; x_wconf 87' lang='grc'><strong>10).</strong></span> <span class='ocrx_word' id='word_1_458' title='bbox 937 3781 1102 3853; x_wconf 88' lang='lat' dir='ltr'><strong>Cujus</strong></span> <span class='ocrx_word' id='word_1_459' title='bbox 1127 3798 1341 3853; x_wconf 88' lang='lat' dir='ltr'><strong>quoque</strong></span> <span class='ocrx_word' id='word_1_460' title='bbox 1372 3784 1607 3840; x_wconf 89' lang='lat' dir='ltr'><strong>nominis</strong></span> <span class='ocrx_word' id='word_1_461' title='bbox 1646 3793 1888 3855; x_wconf 88' lang='lat' dir='ltr'><strong>potesta-</strong></span> 
     </span>
    </p>
   </div>
   <div class='ocr_carea' id='block_1_65' title="bbox 296 3871 1887 3946">
    <p class='ocr_par' dir='ltr' id='par_1_65' title="bbox 296 3871 1887 3946">
     <span class='ocr_line' id='line_1_65' title="bbox 296 3871 1887 3946; baseline 0.003 -19"><span class='ocrx_word' id='word_1_462' title='bbox 296 3881 406 3927; x_wconf 90' lang='lat' dir='ltr'><strong>tem</strong></span> <span class='ocrx_word' id='word_1_463' title='bbox 434 3873 625 3928; x_wconf 89' lang='lat' dir='ltr'><strong>beatus</strong></span> <span class='ocrx_word' id='word_1_464' title='bbox 652 3871 844 3928; x_wconf 86' lang='lat' dir='ltr'><strong>Petrus</strong></span> <span class='ocrx_word' id='word_1_465' title='bbox 873 3875 1125 3944; x_wconf 88' lang='lat' dir='ltr'><strong>princeps</strong></span> <span class='ocrx_word' id='word_1_466' title='bbox 1148 3875 1516 3946; x_wconf 87' lang='lat' dir='ltr'><strong>apostolorum</strong></span> <span class='ocrx_word' id='word_1_467' title='bbox 1569 3878 1623 3931; x_wconf 88' lang='lat' dir='ltr'><strong>in</strong></span> <span class='ocrx_word' id='word_1_468' title='bbox 1655 3879 1887 3932; x_wconf 84' lang='lat' dir='ltr'><strong>sanitate</strong></span> 
     </span>
    </p>
   </div>
   <div class='ocr_carea' id='block_1_66' title="bbox 300 3966 1881 4041">
    <p class='ocr_par' dir='ltr' id='par_1_66' title="bbox 300 3966 1881 4041">
     <span class='ocr_line' id='line_1_66' title="bbox 300 3966 1881 4041; baseline 0.001 -18"><span class='ocrx_word' id='word_1_469' title='bbox 300 3968 497 4032; x_wconf 83' lang='lat' dir='ltr'><strong>claudi,</strong></span> <span class='ocrx_word' id='word_1_470' title='bbox 543 3969 633 4039; x_wconf 87' lang='lat' dir='ltr'><strong>qui</strong></span> <span class='ocrx_word' id='word_1_471' title='bbox 679 3967 749 4023; x_wconf 89' lang='lat' dir='ltr'><strong>ad</strong></span> <span class='ocrx_word' id='word_1_472' title='bbox 788 3966 1103 4038; x_wconf 88' lang='lat' dir='ltr'><strong>Speciosam</strong></span> <span class='ocrx_word' id='word_1_473' title='bbox 1148 3970 1334 4041; x_wconf 88' lang='lat' dir='ltr'><strong>templi</strong></span> <span class='ocrx_word' id='word_1_474' title='bbox 1382 3979 1595 4041; x_wconf 87' lang='lat' dir='ltr'><strong>portam</strong></span> <span class='ocrx_word' id='word_1_475' title='bbox 1643 3970 1881 4040; x_wconf 86' lang='lat' dir='ltr'><strong>jacebat,</strong></span> 
     </span>
    </p>
   </div>
   <div class='ocr_carea' id='block_1_67' title="bbox 299 4063 1885 4136">
    <p class='ocr_par' dir='ltr' id='par_1_67' title="bbox 299 4063 1885 4136">
     <span class='ocr_line' id='line_1_67' title="bbox 299 4063 1885 4136; baseline 0.001 -17"><span class='ocrx_word' id='word_1_476' title='bbox 299 4064 558 4131; x_wconf 86' lang='lat' dir='ltr'><strong>ostendit,</strong></span> <span class='ocrx_word' id='word_1_477' title='bbox 579 4064 703 4120; x_wconf 90' lang='lat' dir='ltr'><strong>dum</strong></span> <span class='ocrx_word' id='word_1_478' title='bbox 737 4064 840 4118; x_wconf 86' lang='lat' dir='ltr'><strong>ait:</strong></span> <span class='ocrx_word' id='word_1_479' title='bbox 874 4063 941 4118; x_wconf 87' lang='lat' dir='ltr'><strong>In</strong></span> <span class='ocrx_word' id='word_1_480' title='bbox 969 4064 1175 4119; x_wconf 86' lang='lat' dir='ltr'><strong>nomine</strong></span> <span class='ocrx_word' id='word_1_481' title='bbox 1198 4063 1327 4118; x_wconf 79' lang='lat' dir='ltr'><strong>Iesu</strong></span> <span class='ocrx_word' id='word_1_482' title='bbox 1360 4064 1629 4118; x_wconf 75' lang='lat' dir='ltr'><strong>Nazareni</strong></span> <span class='ocrx_word' id='word_1_483' title='bbox 1655 4081 1809 4136; x_wconf 81' lang='lat' dir='ltr'><strong>surge</strong></span> <span class='ocrx_word' id='word_1_484' title='bbox 1836 4075 1885 4120; x_wconf 86' lang='lat' dir='ltr'><strong>et</strong></span> 
     </span>
    </p>
   </div>
   <div class='ocr_carea' id='block_1_68' title="bbox 299 4156 1885 4231">
    <p class='ocr_par' dir='ltr' id='par_1_68' title="bbox 299 4156 1885 4231">
     <span class='ocr_line' id='line_1_68' title="bbox 299 4156 1885 4231; baseline -0.001 -18"><span class='ocrx_word' id='word_1_485' title='bbox 299 4156 513 4213; x_wconf 85' lang='lat' dir='ltr'><strong>ambula</strong></span> <span class='ocrx_word' id='word_1_486' title='bbox 546 4157 683 4231; x_wconf 82' lang='lat' dir='ltr'><strong>(Act.</strong></span> <span class='ocrx_word' id='word_1_487' title='bbox 720 4174 805 4224; x_wconf 86' lang='grc' dir='ltr'><em>ιιι,</em></span> <span class='ocrx_word' id='word_1_488' title='bbox 828 4156 913 4229; x_wconf 87' lang='lat'><strong>6);</strong></span> <span class='ocrx_word' id='word_1_489' title='bbox 952 4157 1044 4227; x_wconf 89' lang='lat' dir='ltr'><strong>qui</strong></span> <span class='ocrx_word' id='word_1_490' title='bbox 1067 4156 1351 4212; x_wconf 83' lang='lat' dir='ltr'><strong>confestim</strong></span> <span class='ocrx_word' id='word_1_491' title='bbox 1383 4164 1603 4211; x_wconf 89' lang='lat' dir='ltr'><strong>sanatus</strong></span> <span class='ocrx_word' id='word_1_492' title='bbox 1629 4156 1885 4211; x_wconf 78' lang='lat' dir='ltr'><strong>exsiliens</strong></span> 
     </span>
    </p>
   </div>
   <div class='ocr_carea' id='block_1_69' title="bbox 296 4247 1883 4318">
    <p class='ocr_par' dir='ltr' id='par_1_69' title="bbox 296 4247 1883 4318">
     <span class='ocr_line' id='line_1_69' title="bbox 296 4247 1883 4318; baseline 0.001 -15"><span class='ocrx_word' id='word_1_493' title='bbox 296 4261 351 4306; x_wconf 90' lang='lat' dir='ltr'><strong>et</strong></span> <span class='ocrx_word' id='word_1_494' title='bbox 386 4250 671 4306; x_wconf 90' lang='lat' dir='ltr'><strong>ambulans</strong></span> <span class='ocrx_word' id='word_1_495' title='bbox 690 4249 950 4305; x_wconf 81' lang='lat' dir='ltr'><strong>laudabat</strong></span> <span class='ocrx_word' id='word_1_496' title='bbox 984 4249 1174 4303; x_wconf 89' lang='lat' dir='ltr'><strong>Deum.</strong></span> <span class='ocrx_word' id='word_1_497' title='bbox 1247 4247 1468 4303; x_wconf 85' lang='lat' dir='ltr'><strong>Addidit</strong></span> <span class='ocrx_word' id='word_1_498' title='bbox 1502 4263 1716 4318; x_wconf 89' lang='lat' dir='ltr'><strong>quoque</strong></span> <span class='ocrx_word' id='word_1_499' title='bbox 1742 4249 1883 4305; x_wconf 89' lang='lat' dir='ltr'><strong>idem</strong></span> 
     </span>
    </p>
   </div>
   <div class='ocr_carea' id='block_1_70' title="bbox 294 4339 1884 4413">
    <p class='ocr_par' dir='ltr' id='par_1_70' title="bbox 294 4339 1884 4413">
     <span class='ocr_line' id='line_1_70' title="bbox 294 4339 1884 4413; baseline -0.003 -14"><span class='ocrx_word' id='word_1_500' title='bbox 294 4344 485 4400; x_wconf 89' lang='lat' dir='ltr'><strong>beatus</strong></span> <span class='ocrx_word' id='word_1_501' title='bbox 536 4341 813 4413; x_wconf 88' lang='lat' dir='ltr'><strong>apostolus</strong></span> <span class='ocrx_word' id='word_1_502' title='bbox 862 4340 1022 4412; x_wconf 85' lang='lat' dir='ltr'><strong>hujus</strong></span> <span class='ocrx_word' id='word_1_503' title='bbox 1050 4339 1285 4395; x_wconf 88' lang='lat' dir='ltr'><strong>nominis</strong></span> <span class='ocrx_word' id='word_1_504' title='bbox 1320 4340 1713 4406; x_wconf 76' lang='lat' dir='ltr'><strong>excellentiam,</strong></span> <span class='ocrx_word' id='word_1_505' title='bbox 1757 4341 1884 4396; x_wconf 88' lang='lat' dir='ltr'><strong>dum</strong></span> 
     </span>
    </p>
   </div>
   <div class='ocr_carea' id='block_1_71' title="bbox 293 4433 1885 4507">
    <p class='ocr_par' dir='ltr' id='par_1_71' title="bbox 293 4433 1885 4507">
     <span class='ocr_line' id='line_1_71' title="bbox 293 4433 1885 4507; baseline 0 -17"><span class='ocrx_word' id='word_1_506' title='bbox 293 4453 325 4490; x_wconf 90' lang='lat' dir='ltr'><strong>a</strong></span> <span class='ocrx_word' id='word_1_507' title='bbox 380 4435 580 4493; x_wconf 66' lang='lat' dir='ltr'><strong>ludatis</strong></span> <span class='ocrx_word' id='word_1_508' title='bbox 634 4434 891 4507; x_wconf 86' lang='lat' dir='ltr'><strong>prohibiti</strong></span> <span class='ocrx_word' id='word_1_509' title='bbox 955 4442 1082 4489; x_wconf 88' lang='lat' dir='ltr'><strong>sunt</strong></span> <span class='ocrx_word' id='word_1_510' title='bbox 1133 4433 1363 4503; x_wconf 90' lang='lat' dir='ltr'><strong>apostoli</strong></span> <span class='ocrx_word' id='word_1_511' title='bbox 1421 4434 1476 4488; x_wconf 90' lang='lat' dir='ltr'><strong>in</strong></span> <span class='ocrx_word' id='word_1_512' title='bbox 1540 4450 1606 4489; x_wconf 90' lang='lat' dir='ltr'><strong>eo</strong></span> <span class='ocrx_word' id='word_1_513' title='bbox 1665 4436 1885 4491; x_wconf 89' lang='lat' dir='ltr'><strong>nomine</strong></span> 
     </span>
    </p>
   </div>
   <div class='ocr_carea' id='block_1_72' title="bbox 295 4523 1882 4598">
    <p class='ocr_par' dir='ltr' id='par_1_72' title="bbox 295 4523 1882 4598">
     <span class='ocr_line' id='line_1_72' title="bbox 295 4523 1882 4598; baseline -0.001 -16"><span class='ocrx_word' id='word_1_514' title='bbox 295 4527 615 4598; x_wconf 78' lang='lat' dir='ltr'><strong>praedicare,</strong></span> <span class='ocrx_word' id='word_1_515' title='bbox 666 4528 850 4583; x_wconf 85' lang='lat' dir='ltr'><strong>dicens</strong></span> <span class='ocrx_word' id='word_1_516' title='bbox 878 4541 895 4580; x_wconf 86' lang='lat'><strong>:</strong></span> <span class='ocrx_word' id='word_1_517' title='bbox 958 4523 1071 4579; x_wconf 85' lang='lat' dir='ltr'><strong>Nec</strong></span> <span class='ocrx_word' id='word_1_518' title='bbox 1100 4526 1239 4580; x_wconf 89' lang='lat' dir='ltr'><strong>enim</strong></span> <span class='ocrx_word' id='word_1_519' title='bbox 1279 4534 1355 4580; x_wconf 82' lang='lat' dir='ltr'><strong>est</strong></span> <span class='ocrx_word' id='word_1_520' title='bbox 1393 4524 1541 4579; x_wconf 84' lang='lat' dir='ltr'><strong>aliud</strong></span> <span class='ocrx_word' id='word_1_521' title='bbox 1573 4542 1761 4580; x_wconf 87' lang='lat' dir='ltr'><strong>nomen</strong></span> <span class='ocrx_word' id='word_1_522' title='bbox 1787 4527 1882 4580; x_wconf 89' lang='lat' dir='ltr'><strong>sub</strong></span> 
     </span>
    </p>
   </div>
   <div class='ocr_carea' id='block_1_73' title="bbox 295 4614 1885 4688">
    <p class='ocr_par' dir='ltr' id='par_1_73' title="bbox 295 4614 1885 4688">
     <span class='ocr_line' id='line_1_73' title="bbox 295 4614 1885 4688; baseline -0.001 -16"><span class='ocrx_word' id='word_1_523' title='bbox 295 4616 424 4674; x_wconf 74' lang='lat' dir='ltr'><strong>caelo</strong></span> <span class='ocrx_word' id='word_1_524' title='bbox 443 4618 626 4672; x_wconf 88' lang='lat' dir='ltr'><strong>datum</strong></span> <span class='ocrx_word' id='word_1_525' title='bbox 652 4617 967 4684; x_wconf 82' lang='lat' dir='ltr'><strong>hominibus,</strong></span> <span class='ocrx_word' id='word_1_526' title='bbox 995 4617 1051 4671; x_wconf 87' lang='lat' dir='ltr'><strong>in</strong></span> <span class='ocrx_word' id='word_1_527' title='bbox 1072 4632 1173 4688; x_wconf 85' lang='lat' dir='ltr'><strong>quo</strong></span> <span class='ocrx_word' id='word_1_528' title='bbox 1204 4624 1438 4688; x_wconf 81' lang='lat' dir='ltr'><strong>oporteat</strong></span> <span class='ocrx_word' id='word_1_529' title='bbox 1472 4632 1565 4670; x_wconf 90' lang='lat' dir='ltr'><strong>nos</strong></span> <span class='ocrx_word' id='word_1_530' title='bbox 1582 4614 1755 4670; x_wconf 85' lang='lat' dir='ltr'><strong>salvos</strong></span> <span class='ocrx_word' id='word_1_531' title='bbox 1766 4616 1885 4686; x_wconf 79' lang='lat' dir='ltr'><strong>fieri</strong></span> 
     </span>
    </p>
   </div>
   <div class='ocr_carea' id='block_1_74' title="bbox 295 4712 688 4787">
    <p class='ocr_par' dir='ltr' id='par_1_74' title="bbox 295 4712 688 4787">
     <span class='ocr_line' id='line_1_74' title="bbox 295 4712 688 4787; baseline 0 -20"><span class='ocrx_word' id='word_1_532' title='bbox 295 4712 435 4787; x_wconf 79' lang='lat' dir='ltr'><strong>(Act.</strong></span> <span class='ocrx_word' id='word_1_533' title='bbox 466 4730 538 4778; x_wconf 88' lang='lat' dir='ltr'><strong>tv,</strong></span> <span class='ocrx_word' id='word_1_534' title='bbox 579 4712 688 4784; x_wconf 71' lang='grc'><strong>12).</strong></span> 
     </span>
    </p>
   </div>
   <div class='ocr_carea' id='block_1_75' title="bbox 361 4803 1882 4867">
    <p class='ocr_par' dir='ltr' id='par_1_75' title="bbox 361 4803 1882 4867">
     <span class='ocr_line' id='line_1_75' title="bbox 361 4803 1882 4867; baseline -0.007 0"><span class='ocrx_word' id='word_1_535' title='bbox 361 4810 427 4867; x_wconf 92' lang='lat' dir='ltr'><strong>ll.</strong></span> <span class='ocrx_word' id='word_1_536' title='bbox 463 4809 590 4866; x_wconf 68' lang='lat' dir='ltr'><strong>Hrec</strong></span> <span class='ocrx_word' id='word_1_537' title='bbox 618 4807 810 4863; x_wconf 89' lang='lat' dir='ltr'><strong>eadem</strong></span> <span class='ocrx_word' id='word_1_538' title='bbox 836 4806 945 4861; x_wconf 91' lang='lat' dir='ltr'><strong>Deo</strong></span> <span class='ocrx_word' id='word_1_539' title='bbox 967 4803 1258 4860; x_wconf 89' lang='lat' dir='ltr'><strong>miserante</strong></span> <span class='ocrx_word' id='word_1_540' title='bbox 1282 4803 1411 4859; x_wconf 87' lang='lat' dir='ltr'><strong>mihi</strong></span> <span class='ocrx_word' id='word_1_541' title='bbox 1462 4811 1730 4859; x_wconf 84' lang='lat' dir='ltr'><strong>estcausa</strong></span> <span class='ocrx_word' id='word_1_542' title='bbox 1754 4818 1882 4858; x_wconf 81' lang='lat' dir='ltr'><strong>con-</strong></span> 
     </span>
    </p>
   </div>
   <div class='ocr_carea' id='block_1_76' title="bbox 294 4894 1882 4968">
    <p class='ocr_par' dir='ltr' id='par_1_76' title="bbox 294 4894 1882 4968">
     <span class='ocr_line' id='line_1_76' title="bbox 294 4894 1882 4968; baseline -0.006 -9"><span class='ocrx_word' id='word_1_543' title='bbox 294 4914 378 4960; x_wconf 90' lang='lat' dir='ltr'><strong>tra</strong></span> <span class='ocrx_word' id='word_1_544' title='bbox 400 4914 452 4961; x_wconf 90' lang='lat' dir='ltr'><strong>te</strong></span> <span class='ocrx_word' id='word_1_545' title='bbox 484 4901 781 4968; x_wconf 86' lang='lat' dir='ltr'><strong>scribendi,</strong></span> <span class='ocrx_word' id='word_1_546' title='bbox 824 4907 882 4956; x_wconf 92' lang='lat' dir='ltr'><strong>et</strong></span> <span class='ocrx_word' id='word_1_547' title='bbox 917 4907 1040 4956; x_wconf 87' lang='lat' dir='ltr'><strong>tuas</strong></span> <span class='ocrx_word' id='word_1_548' title='bbox 1068 4897 1380 4955; x_wconf 90' lang='lat' dir='ltr'><strong>destruendi</strong></span> <span class='ocrx_word' id='word_1_549' title='bbox 1428 4894 1797 4961; x_wconf 87' lang='lat' dir='ltr'><strong>inﬁdelitates,</strong></span> <span class='ocrx_word' id='word_1_550' title='bbox 1849 4911 1882 4950; x_wconf 91' lang='grc' dir='ltr'>ο</span> 
     </span>
    </p>
   </div>
   <div class='ocr_carea' id='block_1_77' title="bbox 292 4986 1882 5075">
    <p class='ocr_par' dir='ltr' id='par_1_77' title="bbox 292 4986 1882 5075">
     <span class='ocr_line' id='line_1_77' title="bbox 292 4986 1882 5075; baseline -0.007 -22"><span class='ocrx_word' id='word_1_551' title='bbox 292 4997 456 5075; x_wconf 73' lang='lat' dir='ltr'><strong>Pater</strong></span> <span class='ocrx_word' id='word_1_552' title='bbox 480 4996 762 5068; x_wconf 85' lang='lat' dir='ltr'><strong>Elipande,</strong></span> <span class='ocrx_word' id='word_1_553' title='bbox 802 5011 924 5066; x_wconf 82' lang='lat' dir='ltr'><strong>quae</strong></span> <span class='ocrx_word' id='word_1_554' title='bbox 958 4993 1062 5050; x_wconf 88' lang='lat' dir='ltr'><strong>fuit</strong></span> <span class='ocrx_word' id='word_1_555' title='bbox 1094 4995 1255 5050; x_wconf 91' lang='lat' dir='ltr'><strong>beato</strong></span> <span class='ocrx_word' id='word_1_556' title='bbox 1302 4989 1497 5046; x_wconf 89' lang='lat' dir='ltr'><strong>Ioanni</strong></span> <span class='ocrx_word' id='word_1_557' title='bbox 1537 4986 1882 5060; x_wconf 72' lang='lat' dir='ltr'><strong>evangelista:</strong></span> 
     </span>
    </p>
   </div>
   <div class='ocr_carea' id='block_1_78' title="bbox 294 5083 1880 5157">
    <p class='ocr_par' dir='ltr' id='par_1_78' title="bbox 294 5083 1880 5157">
     <span class='ocr_line' id='line_1_78' title="bbox 294 5083 1880 5157; baseline -0.008 -11"><span class='ocrx_word' id='word_1_558' title='bbox 294 5099 541 5145; x_wconf 83' lang='lat' dir='ltr'><strong>sanctum</strong></span> <span class='ocrx_word' id='word_1_559' title='bbox 571 5104 736 5146; x_wconf 90' lang='lat' dir='ltr'><strong>causa</strong></span> <span class='ocrx_word' id='word_1_560' title='bbox 774 5086 1045 5144; x_wconf 88' lang='lat' dir='ltr'><strong>scribendi</strong></span> <span class='ocrx_word' id='word_1_561' title='bbox 1065 5083 1441 5157; x_wconf 86' lang='lat' dir='ltr'><strong>Evangelium,</strong></span> <span class='ocrx_word' id='word_1_562' title='bbox 1482 5088 1543 5136; x_wconf 89' lang='lat' dir='ltr'><strong>ut</strong></span> <span class='ocrx_word' id='word_1_563' title='bbox 1570 5090 1880 5136; x_wconf 85' lang='lat' dir='ltr'><strong>sanctarum</strong></span> 
     </span>
    </p>
   </div>
   <div class='ocr_carea' id='block_1_79' title="bbox 296 5169 1878 5248">
    <p class='ocr_par' dir='ltr' id='par_1_79' title="bbox 296 5169 1878 5248">
     <span class='ocr_line' id='line_1_79' title="bbox 296 5169 1878 5248; baseline -0.006 -17"><span class='ocrx_word' id='word_1_564' title='bbox 296 5177 699 5248; x_wconf 84' lang='lat' dir='ltr'><strong>Scripturarum</strong></span> <span class='ocrx_word' id='word_1_565' title='bbox 719 5175 1043 5233; x_wconf 87' lang='lat' dir='ltr'><strong>auctoritate</strong></span> <span class='ocrx_word' id='word_1_566' title='bbox 1085 5182 1140 5230; x_wconf 89' lang='lat' dir='ltr'><strong>et</strong></span> <span class='ocrx_word' id='word_1_567' title='bbox 1162 5171 1446 5229; x_wconf 76' lang='lat' dir='ltr'><strong>catholica:</strong></span> <span class='ocrx_word' id='word_1_568' title='bbox 1472 5169 1595 5226; x_wconf 88' lang='lat' dir='ltr'><strong>ﬁdei</strong></span> <span class='ocrx_word' id='word_1_569' title='bbox 1649 5169 1878 5224; x_wconf 86' lang='lat' dir='ltr'><strong>veritate</strong></span> 
     </span>
    </p>
   </div>
   <div class='ocr_carea' id='block_1_80' title="bbox 295 5259 1875 5337">
    <p class='ocr_par' dir='ltr' id='par_1_80' title="bbox 295 5259 1875 5337">
     <span class='ocr_line' id='line_1_80' title="bbox 295 5259 1875 5337; baseline -0.007 -14"><span class='ocrx_word' id='word_1_570' title='bbox 295 5270 595 5337; x_wconf 88' lang='lat' dir='ltr'><strong>ostendam,</strong></span> <span class='ocrx_word' id='word_1_571' title='bbox 624 5269 808 5326; x_wconf 86' lang='lat' dir='ltr'><strong>Iesum</strong></span> <span class='ocrx_word' id='word_1_572' title='bbox 845 5267 1122 5325; x_wconf 83' lang='lat' dir='ltr'><strong>Christum</strong></span> <span class='ocrx_word' id='word_1_573' title='bbox 1163 5277 1355 5319; x_wconf 89' lang='lat' dir='ltr'><strong>verum</strong></span> <span class='ocrx_word' id='word_1_574' title='bbox 1380 5276 1502 5317; x_wconf 90' lang='lat' dir='ltr'><strong>esse</strong></span> <span class='ocrx_word' id='word_1_575' title='bbox 1528 5260 1720 5315; x_wconf 79' lang='lat' dir='ltr'><strong>Filium</strong></span> <span class='ocrx_word' id='word_1_576' title='bbox 1759 5259 1875 5323; x_wconf 91' lang='lat' dir='ltr'><strong>Dei,</strong></span> 
     </span>
    </p>
   </div>
   <div class='ocr_carea' id='block_1_81' title="bbox 293 5352 1875 5433">
    <p class='ocr_par' dir='ltr' id='par_1_81' title="bbox 293 5352 1875 5433">
     <span class='ocr_line' id='line_1_81' title="bbox 293 5352 1875 5433; baseline -0.009 -14"><span class='ocrx_word' id='word_1_577' title='bbox 293 5363 460 5433; x_wconf 78' lang='lat'><strong>877</strong></span> <span class='ocrx_word' id='word_1_578' title='bbox 490 5377 597 5419; x_wconf 92' lang='lat' dir='ltr'><strong>non</strong></span> <span class='ocrx_word' id='word_1_579' title='bbox 618 5362 793 5419; x_wconf 88' lang='lat' dir='ltr'><strong>solum</strong></span> <span class='ocrx_word' id='word_1_580' title='bbox 837 5362 891 5417; x_wconf 90' lang='lat' dir='ltr'><strong>in</strong></span> <span class='ocrx_word' id='word_1_581' title='bbox 938 5374 1005 5415; x_wconf 88' lang='lat' dir='ltr'><strong>ea</strong></span> <span class='ocrx_word' id='word_1_582' title='bbox 1034 5367 1231 5413; x_wconf 88' lang='lat' dir='ltr'><strong>natura</strong></span> <span class='ocrx_word' id='word_1_583' title='bbox 1274 5370 1395 5425; x_wconf 79' lang='lat' dir='ltr'><strong>qua:</strong></span> <span class='ocrx_word' id='word_1_584' title='bbox 1437 5352 1767 5409; x_wconf 71' lang='lat' dir='ltr'><strong>:etcrnaliter</strong></span> <span class='ocrx_word' id='word_1_585' title='bbox 1807 5366 1875 5406; x_wconf 79' lang='lat' dir='ltr'><strong>ex</strong></span> 
     </span>
    </p>
   </div>
   <div class='ocr_carea' id='block_1_82' title="bbox 294 5441 1870 5525">
    <p class='ocr_par' dir='ltr' id='par_1_82' title="bbox 294 5441 1870 5525">
     <span class='ocr_line' id='line_1_82' title="bbox 294 5441 1870 5525; baseline -0.008 -17"><span class='ocrx_word' id='word_1_586' title='bbox 294 5453 408 5510; x_wconf 84' lang='lat' dir='ltr'><strong>Deo</strong></span> <span class='ocrx_word' id='word_1_587' title='bbox 431 5453 595 5510; x_wconf 89' lang='lat' dir='ltr'><strong>Patre</strong></span> <span class='ocrx_word' id='word_1_588' title='bbox 620 5454 801 5525; x_wconf 91' lang='lat' dir='ltr'><strong>genita</strong></span> <span class='ocrx_word' id='word_1_589' title='bbox 825 5460 930 5520; x_wconf 90' lang='lat' dir='ltr'><strong>est,</strong></span> <span class='ocrx_word' id='word_1_590' title='bbox 960 5465 1150 5507; x_wconf 86' lang='lat' dir='ltr'><strong>verum</strong></span> <span class='ocrx_word' id='word_1_591' title='bbox 1176 5447 1341 5503; x_wconf 88' lang='lat' dir='ltr'><strong>etiam</strong></span> <span class='ocrx_word' id='word_1_592' title='bbox 1381 5453 1436 5502; x_wconf 92' lang='lat' dir='ltr'><strong>et</strong></span> <span class='ocrx_word' id='word_1_593' title='bbox 1481 5461 1547 5501; x_wconf 78' lang='lat' dir='ltr'><strong>ex</strong></span> <span class='ocrx_word' id='word_1_594' title='bbox 1576 5460 1638 5501; x_wconf 91' lang='lat' dir='ltr'><strong>ea</strong></span> <span class='ocrx_word' id='word_1_595' title='bbox 1667 5441 1870 5516; x_wconf 83' lang='lat' dir='ltr'><strong>[Forte,</strong></span> 
     </span>
    </p>
   </div>
   <div class='ocr_carea' id='block_1_83' title="bbox 296 5537 1872 5619">
    <p class='ocr_par' dir='ltr' id='par_1_83' title="bbox 296 5537 1872 5619">
     <span class='ocr_line' id='line_1_83' title="bbox 296 5537 1872 5619; baseline -0.008 -17"><span class='ocrx_word' id='word_1_596' title='bbox 296 5547 351 5602; x_wconf 83' lang='lat' dir='ltr'><strong>in</strong></span> <span class='ocrx_word' id='word_1_597' title='bbox 381 5543 468 5619; x_wconf 89' lang='lat' dir='ltr'><strong>ea]</strong></span> <span class='ocrx_word' id='word_1_598' title='bbox 513 5562 634 5618; x_wconf 78' lang='lat' dir='ltr'><strong>qua:</strong></span> <span class='ocrx_word' id='word_1_599' title='bbox 656 5544 1027 5615; x_wconf 84' lang='lat' dir='ltr'><strong>temporaliter</strong></span> <span class='ocrx_word' id='word_1_600' title='bbox 1049 5558 1117 5598; x_wconf 77' lang='lat' dir='ltr'><strong>ex</strong></span> <span class='ocrx_word' id='word_1_601' title='bbox 1139 5549 1313 5596; x_wconf 88' lang='lat' dir='ltr'><strong>matre</strong></span> <span class='ocrx_word' id='word_1_602' title='bbox 1341 5538 1562 5609; x_wconf 76' lang='lat' dir='ltr'><strong>Virgine</strong></span> <span class='ocrx_word' id='word_1_603' title='bbox 1589 5537 1729 5593; x_wconf 88' lang='lat' dir='ltr'><strong>facta</strong></span> <span class='ocrx_word' id='word_1_604' title='bbox 1755 5543 1872 5600; x_wconf 85' lang='lat' dir='ltr'><strong>est;</strong></span> 
     </span>
    </p>
   </div>
   <div class='ocr_carea' id='block_1_84' title="bbox 298 5624 1876 5696">
    <p class='ocr_par' dir='ltr' id='par_1_84' title="bbox 298 5624 1876 5696">
     <span class='ocr_line' id='line_1_84' title="bbox 298 5624 1876 5696; baseline -0.011 0"><span class='ocrx_word' id='word_1_605' title='bbox 298 5656 366 5696; x_wconf 82' lang='lat' dir='ltr'><strong>ne</strong></span> <span class='ocrx_word' id='word_1_606' title='bbox 418 5655 561 5696; x_wconf 89' lang='lat' dir='ltr'><strong>unus</strong></span> <span class='ocrx_word' id='word_1_607' title='bbox 617 5634 775 5693; x_wconf 88' lang='lat' dir='ltr'><strong>Iesus</strong></span> <span class='ocrx_word' id='word_1_608' title='bbox 819 5634 989 5691; x_wconf 82' lang='lat' dir='ltr'><strong>Filius</strong></span> <span class='ocrx_word' id='word_1_609' title='bbox 1039 5632 1136 5688; x_wconf 90' lang='lat' dir='ltr'><strong>Dei</strong></span> <span class='ocrx_word' id='word_1_610' title='bbox 1193 5629 1442 5687; x_wconf 86' lang='lat' dir='ltr'><strong>Christus</strong></span> <span class='ocrx_word' id='word_1_611' title='bbox 1494 5627 1768 5684; x_wconf 86' lang='lat' dir='ltr'><strong>dividatur</strong></span> <span class='ocrx_word' id='word_1_612' title='bbox 1820 5624 1876 5680; x_wconf 91' lang='lat' dir='ltr'><strong>in</strong></span> 
     </span>
    </p>
   </div>
   <div class='ocr_carea' id='block_1_85' title="bbox 1987 3410 3585 3487">
    <p class='ocr_par' dir='ltr' id='par_1_85' title="bbox 1987 3410 3585 3487">
     <span class='ocr_line' id='line_1_85' title="bbox 1987 3410 3585 3487; baseline 0.004 -24"><span class='ocrx_word' id='word_1_613' title='bbox 1987 3410 2062 3464; x_wconf 84' lang='lat' dir='ltr'><strong>eis</strong></span> <span class='ocrx_word' id='word_1_614' title='bbox 2087 3418 2391 3481; x_wconf 85' lang='lat' dir='ltr'><strong>potestatem</strong></span> <span class='ocrx_word' id='word_1_615' title='bbox 2418 3410 2559 3481; x_wconf 84' lang='lat' dir='ltr'><strong>ﬁlios</strong></span> <span class='ocrx_word' id='word_1_616' title='bbox 2586 3411 2686 3467; x_wconf 88' lang='lat' dir='ltr'><strong>Dei</strong></span> <span class='ocrx_word' id='word_1_617' title='bbox 2714 3414 2831 3482; x_wconf 79' lang='lat' dir='ltr'><strong>ﬁeri</strong></span> <span class='ocrx_word' id='word_1_618' title='bbox 2871 3412 3051 3485; x_wconf 81' lang='lat' dir='ltr'><strong>(Joan.</strong></span> <span class='ocrx_word' id='word_1_619' title='bbox 3088 3431 3128 3479; x_wconf 86' lang='grc' dir='ltr'><strong>ι,</strong></span> <span class='ocrx_word' id='word_1_620' title='bbox 3182 3415 3295 3487; x_wconf 87' lang='grc'><strong>11).</strong></span> <span class='ocrx_word' id='word_1_621' title='bbox 3350 3416 3467 3471; x_wconf 86' lang='lat' dir='ltr'><strong>Non</strong></span> <span class='ocrx_word' id='word_1_622' title='bbox 3496 3425 3585 3472; x_wconf 89' lang='lat' dir='ltr'><strong>est</strong></span> 
     </span>
    </p>
   </div>
   <div class='ocr_carea' id='block_1_86' title="bbox 1987 3504 3582 3581">
    <p class='ocr_par' dir='ltr' id='par_1_86' title="bbox 1987 3504 3582 3581">
     <span class='ocr_line' id='line_1_86' title="bbox 1987 3504 3582 3581; baseline 0.004 -22"><span class='ocrx_word' id='word_1_623' title='bbox 1987 3504 2105 3559; x_wconf 79' lang='lat' dir='ltr'><strong>htec</strong></span> <span class='ocrx_word' id='word_1_624' title='bbox 2125 3512 2369 3577; x_wconf 88' lang='lat' dir='ltr'><strong>potestas</strong></span> <span class='ocrx_word' id='word_1_625' title='bbox 2394 3507 2697 3577; x_wconf 88' lang='lat' dir='ltr'><strong>adoptionis</strong></span> <span class='ocrx_word' id='word_1_626' title='bbox 2738 3525 2769 3563; x_wconf 93' lang='lat' dir='ltr'><strong>a</strong></span> <span class='ocrx_word' id='word_1_627' title='bbox 2797 3509 3040 3579; x_wconf 89' lang='lat' dir='ltr'><strong>quolibet</strong></span> <span class='ocrx_word' id='word_1_628' title='bbox 3065 3511 3322 3581; x_wconf 86' lang='lat' dir='ltr'><strong>adoptivo</strong></span> <span class='ocrx_word' id='word_1_629' title='bbox 3351 3512 3405 3567; x_wconf 86' lang='lat' dir='ltr'><strong>in</strong></span> <span class='ocrx_word' id='word_1_630' title='bbox 3454 3528 3582 3567; x_wconf 87' lang='lat' dir='ltr'><strong>san-</strong></span> 
     </span>
    </p>
   </div>
   <div class='ocr_carea' id='block_1_87' title="bbox 1987 3598 3582 3675">
    <p class='ocr_par' dir='ltr' id='par_1_87' title="bbox 1987 3598 3582 3675">
     <span class='ocr_line' id='line_1_87' title="bbox 1987 3598 3582 3675; baseline 0.004 -22"><span class='ocrx_word' id='word_1_631' title='bbox 1987 3605 2105 3653; x_wconf 85' lang='lat' dir='ltr'><strong>ctos</strong></span> <span class='ocrx_word' id='word_1_632' title='bbox 2130 3598 2344 3664; x_wconf 88' lang='lat' dir='ltr'><strong>collata,</strong></span> <span class='ocrx_word' id='word_1_633' title='bbox 2392 3600 2484 3656; x_wconf 90' lang='lat' dir='ltr'><strong>sed</strong></span> <span class='ocrx_word' id='word_1_634' title='bbox 2508 3600 2574 3656; x_wconf 91' lang='lat' dir='ltr'><strong>ab</strong></span> <span class='ocrx_word' id='word_1_635' title='bbox 2600 3617 2687 3668; x_wconf 90' lang='lat' dir='ltr'><strong>eo,</strong></span> <span class='ocrx_word' id='word_1_636' title='bbox 2734 3617 2893 3673; x_wconf 90' lang='lat' dir='ltr'><strong>quem</strong></span> <span class='ocrx_word' id='word_1_637' title='bbox 2916 3604 3069 3675; x_wconf 87' lang='lat' dir='ltr'><strong>quasi</strong></span> <span class='ocrx_word' id='word_1_638' title='bbox 3098 3604 3446 3675; x_wconf 85' lang='lat' dir='ltr'><strong>unigenitum,</strong></span> <span class='ocrx_word' id='word_1_639' title='bbox 3477 3605 3582 3675; x_wconf 86' lang='lat' dir='ltr'><strong>ple-</strong></span> 
     </span>
    </p>
   </div>
   <div class='ocr_carea' id='block_1_88' title="bbox 1988 3693 3580 3764">
    <p class='ocr_par' dir='ltr' id='par_1_88' title="bbox 1988 3693 3580 3764">
     <span class='ocr_line' id='line_1_88' title="bbox 1988 3693 3580 3764; baseline 0.004 -19"><span class='ocrx_word' id='word_1_640' title='bbox 1988 3708 2112 3745; x_wconf 88' lang='lat' dir='ltr'><strong>num</strong></span> <span class='ocrx_word' id='word_1_641' title='bbox 2141 3693 2311 3762; x_wconf 88' lang='lat' dir='ltr'><strong>gratia</strong></span> <span class='ocrx_word' id='word_1_642' title='bbox 2348 3702 2395 3747; x_wconf 90' lang='lat' dir='ltr'><strong>et</strong></span> <span class='ocrx_word' id='word_1_643' title='bbox 2420 3693 2633 3748; x_wconf 78' lang='lat' dir='ltr'><strong>veritate</strong></span> <span class='ocrx_word' id='word_1_644' title='bbox 2656 3710 2781 3749; x_wconf 82' lang='lat' dir='ltr'><strong>mox</strong></span> <span class='ocrx_word' id='word_1_645' title='bbox 2802 3695 2855 3748; x_wconf 91' lang='lat' dir='ltr'><strong>in</strong></span> <span class='ocrx_word' id='word_1_646' title='bbox 2876 3695 3119 3764; x_wconf 87' lang='lat' dir='ltr'><strong>sequenti</strong></span> <span class='ocrx_word' id='word_1_647' title='bbox 3151 3696 3415 3751; x_wconf 86' lang='lat' dir='ltr'><strong>sententia</strong></span> <span class='ocrx_word' id='word_1_648' title='bbox 3439 3696 3580 3751; x_wconf 88' lang='lat' dir='ltr'><strong>idem</strong></span> 
     </span>
    </p>
   </div>
   <div class='ocr_carea' id='block_1_89' title="bbox 1990 3780 3583 3855">
    <p class='ocr_par' dir='ltr' id='par_1_89' title="bbox 1990 3780 3583 3855">
     <span class='ocr_line' id='line_1_89' title="bbox 1990 3780 3583 3855; baseline 0.003 -19"><span class='ocrx_word' id='word_1_649' title='bbox 1990 3790 2217 3838; x_wconf 85' lang='lat' dir='ltr'><strong>testatur</strong></span> <span class='ocrx_word' id='word_1_650' title='bbox 2259 3783 2611 3854; x_wconf 87' lang='lat' dir='ltr'><strong>evangelista.</strong></span> <span class='ocrx_word' id='word_1_651' title='bbox 2667 3780 2733 3837; x_wconf 84' lang='lat' dir='ltr'><strong>Et</strong></span> <span class='ocrx_word' id='word_1_652' title='bbox 2759 3784 2920 3855; x_wconf 89' lang='lat' dir='ltr'><strong>paulo</strong></span> <span class='ocrx_word' id='word_1_653' title='bbox 2950 3793 3103 3855; x_wconf 90' lang='lat' dir='ltr'><strong>post:</strong></span> <span class='ocrx_word' id='word_1_654' title='bbox 3150 3783 3230 3839; x_wconf 87' lang='lat' dir='ltr'><strong>De</strong></span> <span class='ocrx_word' id='word_1_655' title='bbox 3256 3784 3583 3855; x_wconf 84' lang='lat' dir='ltr'><strong>plenitudine</strong></span> 
     </span>
    </p>
   </div>
   <div class='ocr_carea' id='block_1_90' title="bbox 1985 3872 3578 3949">
    <p class='ocr_par' dir='ltr' id='par_1_90' title="bbox 1985 3872 3578 3949">
     <span class='ocr_line' id='line_1_90' title="bbox 1985 3872 3578 3949; baseline 0.002 -22"><span class='ocrx_word' id='word_1_656' title='bbox 1985 3872 2101 3944; x_wconf 85' lang='lat' dir='ltr'><strong>ejus</strong></span> <span class='ocrx_word' id='word_1_657' title='bbox 2116 3890 2209 3928; x_wconf 87' lang='lat' dir='ltr'><strong>nos</strong></span> <span class='ocrx_word' id='word_1_658' title='bbox 2232 3890 2407 3929; x_wconf 85' lang='lat' dir='ltr'><strong>omnes</strong></span> <span class='ocrx_word' id='word_1_659' title='bbox 2428 3875 2742 3945; x_wconf 76' lang='lat' dir='ltr'><strong>accepimus,</strong></span> <span class='ocrx_word' id='word_1_660' title='bbox 2760 3884 2809 3929; x_wconf 87' lang='lat' dir='ltr'><strong>et</strong></span> <span class='ocrx_word' id='word_1_661' title='bbox 2830 3877 3061 3946; x_wconf 87' lang='lat' dir='ltr'><strong>gratiam</strong></span> <span class='ocrx_word' id='word_1_662' title='bbox 3080 3893 3175 3948; x_wconf 88' lang='lat' dir='ltr'><strong>pro</strong></span> <span class='ocrx_word' id='word_1_663' title='bbox 3199 3877 3373 3947; x_wconf 84' lang='lat' dir='ltr'><strong>gratia</strong></span> <span class='ocrx_word' id='word_1_664' title='bbox 3388 3876 3533 3949; x_wconf 85' lang='lat' dir='ltr'><strong>(Ibid</strong></span> <span class='ocrx_word' id='word_1_665' title='bbox 3540 3918 3578 3943; x_wconf 90' lang='lat'><strong>.,</strong></span> 
     </span>
    </p>
   </div>
   <div class='ocr_carea' id='block_1_91' title="bbox 1987 3963 3579 4039">
    <p class='ocr_par' dir='ltr' id='par_1_91' title="bbox 1987 3963 3579 4039">
     <span class='ocr_line' id='line_1_91' title="bbox 1987 3963 3579 4039; baseline 0.003 -22"><span class='ocrx_word' id='word_1_666' title='bbox 1987 3963 2097 4036; x_wconf 86' lang='grc'><strong>16).</strong></span> <span class='ocrx_word' id='word_1_667' title='bbox 2141 3965 2210 4019; x_wconf 84' lang='grc' dir='ltr'><em>Ει</em></span> <span class='ocrx_word' id='word_1_668' title='bbox 2236 3964 2558 4036; x_wconf 80' lang='lat' dir='ltr'><strong>Apostolus:</strong></span> <span class='ocrx_word' id='word_1_669' title='bbox 2610 3963 2677 4019; x_wconf 88' lang='lat' dir='ltr'><strong>In</strong></span> <span class='ocrx_word' id='word_1_670' title='bbox 2713 3982 2816 4037; x_wconf 78' lang='lat' dir='ltr'><strong>quo</strong></span> <span class='ocrx_word' id='word_1_671' title='bbox 2864 3965 3067 4021; x_wconf 85' lang='lat' dir='ltr'><strong>habitat</strong></span> <span class='ocrx_word' id='word_1_672' title='bbox 3109 3969 3282 4024; x_wconf 84' lang='lat' dir='ltr'><strong>omnis</strong></span> <span class='ocrx_word' id='word_1_673' title='bbox 3309 3967 3579 4039; x_wconf 83' lang='lat' dir='ltr'><strong>plenitudo</strong></span> 
     </span>
    </p>
   </div>
   <div class='ocr_carea' id='block_1_92' title="bbox 1986 4054 3579 4130">
    <p class='ocr_par' dir='ltr' id='par_1_92' title="bbox 1986 4054 3579 4130">
     <span class='ocr_line' id='line_1_92' title="bbox 1986 4054 3579 4130; baseline 0.005 -23"><span class='ocrx_word' id='word_1_674' title='bbox 1986 4054 2277 4109; x_wconf 80' lang='lat' dir='ltr'><strong>divinitatis</strong></span> <span class='ocrx_word' id='word_1_675' title='bbox 2305 4055 2648 4125; x_wconf 84' lang='lat' dir='ltr'><strong>corporaliter</strong></span> <span class='ocrx_word' id='word_1_676' title='bbox 2669 4054 2806 4126; x_wconf 83' lang='lat' dir='ltr'><strong>(Col.</strong></span> <span class='ocrx_word' id='word_1_677' title='bbox 2837 4072 2899 4123; x_wconf 88' lang='grc' dir='ltr'><strong>ιι,</strong></span> <span class='ocrx_word' id='word_1_678' title='bbox 2931 4058 3008 4130; x_wconf 82' lang='lat'><strong>9).</strong></span> <span class='ocrx_word' id='word_1_679' title='bbox 3065 4056 3121 4113; x_wconf 90' lang='lat' dir='ltr'><strong>Si</strong></span> <span class='ocrx_word' id='word_1_680' title='bbox 3147 4059 3365 4129; x_wconf 87' lang='lat' dir='ltr'><strong>adoptio</strong></span> <span class='ocrx_word' id='word_1_681' title='bbox 3413 4069 3497 4115; x_wconf 90' lang='lat' dir='ltr'><strong>est</strong></span> <span class='ocrx_word' id='word_1_682' title='bbox 3522 4061 3579 4115; x_wconf 90' lang='lat' dir='ltr'><strong>in</strong></span> 
     </span>
    </p>
   </div>
   <div class='ocr_carea' id='block_1_93' title="bbox 1986 4144 3571 4219">
    <p class='ocr_par' dir='ltr' id='par_1_93' title="bbox 1986 4144 3571 4219">
     <span class='ocr_line' id='line_1_93' title="bbox 1986 4144 3571 4219; baseline 0.004 -19"><span class='ocrx_word' id='word_1_683' title='bbox 1986 4144 2219 4211; x_wconf 88' lang='lat' dir='ltr'><strong>Christo,</strong></span> <span class='ocrx_word' id='word_1_684' title='bbox 2265 4161 2371 4201; x_wconf 90' lang='lat' dir='ltr'><strong>non</strong></span> <span class='ocrx_word' id='word_1_685' title='bbox 2418 4155 2502 4201; x_wconf 89' lang='lat' dir='ltr'><strong>est</strong></span> <span class='ocrx_word' id='word_1_686' title='bbox 2528 4147 2705 4202; x_wconf 90' lang='lat' dir='ltr'><strong>omnis</strong></span> <span class='ocrx_word' id='word_1_687' title='bbox 2730 4147 3005 4219; x_wconf 90' lang='lat' dir='ltr'><strong>plenitudo</strong></span> <span class='ocrx_word' id='word_1_688' title='bbox 3042 4150 3343 4206; x_wconf 86' lang='lat' dir='ltr'><strong>nobilitatis</strong></span> <span class='ocrx_word' id='word_1_689' title='bbox 3392 4151 3445 4205; x_wconf 91' lang='lat' dir='ltr'><strong>in</strong></span> <span class='ocrx_word' id='word_1_690' title='bbox 3475 4168 3571 4217; x_wconf 89' lang='lat' dir='ltr'><strong>eo;</strong></span> 
     </span>
    </p>
   </div>
   <div class='ocr_carea' id='block_1_94' title="bbox 1985 4236 3575 4311">
    <p class='ocr_par' dir='ltr' id='par_1_94' title="bbox 1985 4236 3575 4311">
     <span class='ocr_line' id='line_1_94' title="bbox 1985 4236 3575 4311; baseline 0.004 -20"><span class='ocrx_word' id='word_1_691' title='bbox 1985 4238 2113 4307; x_wconf 89' lang='lat' dir='ltr'><strong>quia</strong></span> <span class='ocrx_word' id='word_1_692' title='bbox 2142 4236 2357 4309; x_wconf 88' lang='lat' dir='ltr'><strong>adoptio</strong></span> <span class='ocrx_word' id='word_1_693' title='bbox 2416 4239 2482 4293; x_wconf 92' lang='lat' dir='ltr'><strong>de</strong></span> <span class='ocrx_word' id='word_1_694' title='bbox 2507 4238 2743 4308; x_wconf 87' lang='lat' dir='ltr'><strong>quadam</strong></span> <span class='ocrx_word' id='word_1_695' title='bbox 2773 4247 3032 4295; x_wconf 84' lang='lat' dir='ltr'><strong>extranea</strong></span> <span class='ocrx_word' id='word_1_696' title='bbox 3081 4256 3316 4311; x_wconf 88' lang='lat' dir='ltr'><strong>persona</strong></span> <span class='ocrx_word' id='word_1_697' title='bbox 3370 4243 3575 4298; x_wconf 86' lang='lat' dir='ltr'><strong>assumi</strong></span> 
     </span>
    </p>
   </div>
   <div class='ocr_carea' id='block_1_95' title="bbox 1986 4328 3577 4404">
    <p class='ocr_par' dir='ltr' id='par_1_95' title="bbox 1986 4328 3577 4404">
     <span class='ocr_line' id='line_1_95' title="bbox 1986 4328 3577 4404; baseline 0.002 -19"><span class='ocrx_word' id='word_1_698' title='bbox 1986 4329 2122 4385; x_wconf 89' lang='lat' dir='ltr'><strong>solet</strong></span> <span class='ocrx_word' id='word_1_699' title='bbox 2161 4331 2216 4385; x_wconf 91' lang='lat' dir='ltr'><strong>in</strong></span> <span class='ocrx_word' id='word_1_700' title='bbox 2239 4328 2333 4383; x_wconf 88' lang='lat' dir='ltr'><strong>ﬁlii</strong></span> <span class='ocrx_word' id='word_1_701' title='bbox 2361 4345 2588 4395; x_wconf 91' lang='lat' dir='ltr'><strong>nomen;</strong></span> <span class='ocrx_word' id='word_1_702' title='bbox 2618 4345 2719 4386; x_wconf 90' lang='lat' dir='ltr'><strong>nec</strong></span> <span class='ocrx_word' id='word_1_703' title='bbox 2749 4330 3039 4401; x_wconf 88' lang='lat' dir='ltr'><strong>quisquam</strong></span> <span class='ocrx_word' id='word_1_704' title='bbox 3069 4331 3457 4402; x_wconf 90' lang='lat' dir='ltr'><strong>apostolorum,</strong></span> <span class='ocrx_word' id='word_1_705' title='bbox 3483 4334 3577 4404; x_wconf 87' lang='lat' dir='ltr'><strong>qui</strong></span> 
     </span>
    </p>
   </div>
   <div class='ocr_carea' id='block_1_96' title="bbox 1986 4420 3577 4486">
    <p class='ocr_par' dir='ltr' id='par_1_96' title="bbox 1986 4420 3577 4486">
     <span class='ocr_line' id='line_1_96' title="bbox 1986 4420 3577 4486; baseline 0.002 -10"><span class='ocrx_word' id='word_1_706' title='bbox 1986 4429 2111 4476; x_wconf 88' lang='lat' dir='ltr'><strong>sunt</strong></span> <span class='ocrx_word' id='word_1_707' title='bbox 2141 4420 2345 4476; x_wconf 88' lang='lat' dir='ltr'><strong>lumina</strong></span> <span class='ocrx_word' id='word_1_708' title='bbox 2384 4428 2440 4475; x_wconf 89' lang='lat' dir='ltr'><strong>et</strong></span> <span class='ocrx_word' id='word_1_709' title='bbox 2461 4421 2712 4477; x_wconf 87' lang='lat' dir='ltr'><strong>doctores</strong></span> <span class='ocrx_word' id='word_1_710' title='bbox 2752 4424 2918 4477; x_wconf 90' lang='lat' dir='ltr'><strong>totius</strong></span> <span class='ocrx_word' id='word_1_711' title='bbox 2953 4422 3157 4486; x_wconf 92' lang='lat' dir='ltr'><strong>mundi,</strong></span> <span class='ocrx_word' id='word_1_712' title='bbox 3207 4421 3337 4479; x_wconf 88' lang='lat' dir='ltr'><strong>Iesu</strong></span> <span class='ocrx_word' id='word_1_713' title='bbox 3371 4425 3577 4480; x_wconf 89' lang='lat' dir='ltr'><strong>nomini</strong></span> 
     </span>
    </p>
   </div>
   <div class='ocr_carea' id='block_1_97' title="bbox 1985 4510 3580 4585">
    <p class='ocr_par' dir='ltr' id='par_1_97' title="bbox 1985 4510 3580 4585">
     <span class='ocr_line' id='line_1_97' title="bbox 1985 4510 3580 4585; baseline 0.002 -19"><span class='ocrx_word' id='word_1_714' title='bbox 1985 4512 2325 4581; x_wconf 69' lang='lat' dir='ltr'><strong>adoptionem</strong></span> <span class='ocrx_word' id='word_1_715' title='bbox 2353 4510 2553 4566; x_wconf 87' lang='lat' dir='ltr'><strong>addere</strong></span> <span class='ocrx_word' id='word_1_716' title='bbox 2578 4511 2764 4566; x_wconf 85' lang='lat' dir='ltr'><strong>voluit.</strong></span> <span class='ocrx_word' id='word_1_717' title='bbox 2818 4510 3022 4583; x_wconf 79' lang='lat' dir='ltr'><strong>Nempe</strong></span> <span class='ocrx_word' id='word_1_718' title='bbox 3047 4513 3192 4568; x_wconf 89' lang='lat' dir='ltr'><strong>inter</strong></span> <span class='ocrx_word' id='word_1_719' title='bbox 3211 4514 3492 4585; x_wconf 88' lang='lat' dir='ltr'><strong>adoptivos</strong></span> <span class='ocrx_word' id='word_1_720' title='bbox 3522 4524 3580 4569; x_wconf 91' lang='lat' dir='ltr'><strong>et</strong></span> 
     </span>
    </p>
   </div>
   <div class='ocr_carea' id='block_1_98' title="bbox 1985 4602 3577 4676">
    <p class='ocr_par' dir='ltr' id='par_1_98' title="bbox 1985 4602 3577 4676">
     <span class='ocr_line' id='line_1_98' title="bbox 1985 4602 3577 4676; baseline 0.001 -17"><span class='ocrx_word' id='word_1_721' title='bbox 1985 4604 2235 4676; x_wconf 89' lang='lat' dir='ltr'><strong>proprios</strong></span> <span class='ocrx_word' id='word_1_722' title='bbox 2278 4602 2418 4658; x_wconf 91' lang='lat' dir='ltr'><strong>ﬁlios</strong></span> <span class='ocrx_word' id='word_1_723' title='bbox 2483 4602 2678 4659; x_wconf 89' lang='lat' dir='ltr'><strong>beatus</strong></span> <span class='ocrx_word' id='word_1_724' title='bbox 2729 4602 3060 4676; x_wconf 81' lang='lat' dir='ltr'><strong>Augustinus</strong></span> <span class='ocrx_word' id='word_1_725' title='bbox 3097 4605 3153 4660; x_wconf 89' lang='lat' dir='ltr'><strong>in</strong></span> <span class='ocrx_word' id='word_1_726' title='bbox 3208 4604 3577 4676; x_wconf 82' lang='lat' dir='ltr'><strong>diSputationc</strong></span> 
     </span>
    </p>
   </div>
   <div class='ocr_carea' id='block_1_99' title="bbox 1986 4693 3577 4767">
    <p class='ocr_par' dir='ltr' id='par_1_99' title="bbox 1986 4693 3577 4767">
     <span class='ocr_line' id='line_1_99' title="bbox 1986 4693 3577 4767; baseline -0.001 -16"><span class='ocrx_word' id='word_1_727' title='bbox 1986 4710 2148 4767; x_wconf 90' lang='lat' dir='ltr'><strong>quam</strong></span> <span class='ocrx_word' id='word_1_728' title='bbox 2197 4693 2387 4751; x_wconf 89' lang='lat' dir='ltr'><strong>habuit</strong></span> <span class='ocrx_word' id='word_1_729' title='bbox 2425 4709 2549 4750; x_wconf 92' lang='lat' dir='ltr'><strong>cum</strong></span> <span class='ocrx_word' id='word_1_730' title='bbox 2575 4693 2851 4750; x_wconf 88' lang='lat' dir='ltr'><strong>Felieiano</strong></span> <span class='ocrx_word' id='word_1_731' title='bbox 2875 4694 3108 4765; x_wconf 91' lang='lat' dir='ltr'><strong>quodam</strong></span> <span class='ocrx_word' id='word_1_732' title='bbox 3154 4693 3372 4751; x_wconf 68' lang='lat' dir='ltr'><strong>Arianae</strong></span> <span class='ocrx_word' id='word_1_733' title='bbox 3412 4705 3577 4750; x_wconf 77' lang='lat' dir='ltr'><strong>secta:</strong></span> 
     </span>
    </p>
   </div>
   <div class='ocr_carea' id='block_1_100' title="bbox 1982 4784 3574 4851">
    <p class='ocr_par' dir='ltr' id='par_1_100' title="bbox 1982 4784 3574 4851">
     <span class='ocr_line' id='line_1_100' title="bbox 1982 4784 3574 4851; baseline -0.003 -6"><span class='ocrx_word' id='word_1_734' title='bbox 1982 4786 2267 4845; x_wconf 87' lang='lat' dir='ltr'><strong>defensore</strong></span> <span class='ocrx_word' id='word_1_735' title='bbox 2299 4785 2577 4851; x_wconf 89' lang='lat' dir='ltr'><strong>discrevit,</strong></span> <span class='ocrx_word' id='word_1_736' title='bbox 2634 4785 2708 4840; x_wconf 89' lang='lat' dir='ltr'><strong>ita</strong></span> <span class='ocrx_word' id='word_1_737' title='bbox 2730 4785 2917 4841; x_wconf 71' lang='lat' dir='ltr'><strong>dicens</strong></span> <span class='ocrx_word' id='word_1_738' title='bbox 2940 4798 2965 4826; x_wconf 75' lang='grc' dir='ltr'><strong>ι</strong></span> <span class='ocrx_word' id='word_1_739' title='bbox 3000 4803 3014 4839; x_wconf 91' lang='lat'><strong>:</strong></span> <span class='ocrx_word' id='word_1_740' title='bbox 3064 4804 3083 4837; x_wconf 78' lang='grc' dir='ltr'><strong>ι</strong></span> <span class='ocrx_word' id='word_1_741' title='bbox 3117 4784 3381 4840; x_wconf 87' lang='lat' dir='ltr'><strong>Filiorum</strong></span> <span class='ocrx_word' id='word_1_742' title='bbox 3420 4802 3574 4841; x_wconf 90' lang='lat' dir='ltr'><strong>nam-</strong></span> 
     </span>
    </p>
   </div>
   <div class='ocr_carea' id='block_1_101' title="bbox 1982 4877 3579 4951">
    <p class='ocr_par' dir='ltr' id='par_1_101' title="bbox 1982 4877 3579 4951">
     <span class='ocr_line' id='line_1_101' title="bbox 1982 4877 3579 4951; baseline -0.002 -15"><span class='ocrx_word' id='word_1_743' title='bbox 1982 4896 2088 4951; x_wconf 90' lang='lat' dir='ltr'><strong>que</strong></span> <span class='ocrx_word' id='word_1_744' title='bbox 2106 4878 2345 4951; x_wconf 89' lang='lat' dir='ltr'><strong>adoptivi</strong></span> <span class='ocrx_word' id='word_1_745' title='bbox 2385 4878 2477 4932; x_wconf 90' lang='lat' dir='ltr'><strong>alii</strong></span> <span class='ocrx_word' id='word_1_746' title='bbox 2497 4884 2644 4943; x_wconf 90' lang='lat' dir='ltr'><strong>sunt,</strong></span> <span class='ocrx_word' id='word_1_747' title='bbox 2694 4877 2972 4932; x_wconf 88' lang='lat' dir='ltr'><strong>naturales</strong></span> <span class='ocrx_word' id='word_1_748' title='bbox 3000 4877 3115 4932; x_wconf 91' lang='lat' dir='ltr'><strong>alii.</strong></span> <span class='ocrx_word' id='word_1_749' title='bbox 3190 4877 3256 4932; x_wconf 80' lang='lat' dir='ltr'><strong>lli</strong></span> <span class='ocrx_word' id='word_1_750' title='bbox 3311 4877 3438 4947; x_wconf 86' lang='lat' dir='ltr'><strong>quia</strong></span> <span class='ocrx_word' id='word_1_751' title='bbox 3476 4892 3579 4949; x_wconf 78' lang='lat' dir='ltr'><strong>ge-</strong></span> 
     </span>
    </p>
   </div>
   <div class='ocr_carea' id='block_1_102' title="bbox 1982 4970 3583 5042">
    <p class='ocr_par' dir='ltr' id='par_1_102' title="bbox 1982 4970 3583 5042">
     <span class='ocr_line' id='line_1_102' title="bbox 1982 4970 3583 5042; baseline -0.001 -13"><span class='ocrx_word' id='word_1_752' title='bbox 1982 4973 2080 5029; x_wconf 91' lang='lat' dir='ltr'><strong>niti</strong></span> <span class='ocrx_word' id='word_1_753' title='bbox 2108 4974 2177 5028; x_wconf 86' lang='lat' dir='ltr'><strong>ab</strong></span> <span class='ocrx_word' id='word_1_754' title='bbox 2205 4971 2379 5039; x_wconf 87' lang='lat' dir='ltr'><strong>initio,</strong></span> <span class='ocrx_word' id='word_1_755' title='bbox 2421 4970 2517 5026; x_wconf 90' lang='lat' dir='ltr'><strong>ﬁlii</strong></span> <span class='ocrx_word' id='word_1_756' title='bbox 2543 4985 2761 5041; x_wconf 90' lang='lat' dir='ltr'><strong>semper</strong></span> <span class='ocrx_word' id='word_1_757' title='bbox 2781 4986 2844 5025; x_wconf 91' lang='lat' dir='ltr'><strong>ac</strong></span> <span class='ocrx_word' id='word_1_758' title='bbox 2875 4971 3083 5041; x_wconf 88' lang='lat' dir='ltr'><strong>proprii</strong></span> <span class='ocrx_word' id='word_1_759' title='bbox 3110 4979 3265 5027; x_wconf 90' lang='lat' dir='ltr'><strong>sunt:</strong></span> <span class='ocrx_word' id='word_1_760' title='bbox 3294 4971 3367 5026; x_wconf 91' lang='lat' dir='ltr'><strong>illi</strong></span> <span class='ocrx_word' id='word_1_761' title='bbox 3394 4971 3583 5042; x_wconf 85' lang='lat' dir='ltr'><strong>primo</strong></span> 
     </span>
    </p>
   </div>
   <div class='ocr_carea' id='block_1_103' title="bbox 1982 5059 3575 5135">
    <p class='ocr_par' dir='ltr' id='par_1_103' title="bbox 1982 5059 3575 5135">
     <span class='ocr_line' id='line_1_103' title="bbox 1982 5059 3575 5135; baseline -0.001 -16"><span class='ocrx_word' id='word_1_762' title='bbox 1982 5064 2163 5129; x_wconf 88' lang='lat' dir='ltr'><strong>alieni,</strong></span> <span class='ocrx_word' id='word_1_763' title='bbox 2203 5070 2325 5135; x_wconf 88' lang='lat' dir='ltr'><strong>post</strong></span> <span class='ocrx_word' id='word_1_764' title='bbox 2366 5062 2483 5128; x_wconf 92' lang='lat' dir='ltr'><strong>ﬁlii,</strong></span> <span class='ocrx_word' id='word_1_765' title='bbox 2537 5078 2659 5118; x_wconf 87' lang='lat' dir='ltr'><strong>cum</strong></span> <span class='ocrx_word' id='word_1_766' title='bbox 2690 5076 2788 5131; x_wconf 90' lang='lat' dir='ltr'><strong>per</strong></span> <span class='ocrx_word' id='word_1_767' title='bbox 2821 5059 3167 5133; x_wconf 89' lang='lat' dir='ltr'><strong>adoptionem</strong></span> <span class='ocrx_word' id='word_1_768' title='bbox 3217 5063 3273 5117; x_wconf 90' lang='lat' dir='ltr'><strong>in</strong></span> <span class='ocrx_word' id='word_1_769' title='bbox 3311 5062 3575 5119; x_wconf 87' lang='lat' dir='ltr'><strong>familiam</strong></span> 
     </span>
    </p>
   </div>
   <div class='ocr_carea' id='block_1_104' title="bbox 1984 5150 3576 5220">
    <p class='ocr_par' dir='ltr' id='par_1_104' title="bbox 1984 5150 3576 5220">
     <span class='ocr_line' id='line_1_104' title="bbox 1984 5150 3576 5220; baseline -0.001 -11"><span class='ocrx_word' id='word_1_770' title='bbox 1984 5154 2236 5211; x_wconf 79' lang='lat' dir='ltr'><strong>videntur</strong></span> <span class='ocrx_word' id='word_1_771' title='bbox 2264 5154 2513 5210; x_wconf 85' lang='lat' dir='ltr'><strong>adscisci.</strong></span> <span class='ocrx_word' id='word_1_772' title='bbox 2551 5173 2569 5206; x_wconf 76' lang='grc' dir='ltr'><strong>ι</strong></span> <span class='ocrx_word' id='word_1_773' title='bbox 2633 5152 2861 5220; x_wconf 87' lang='lat' dir='ltr'><strong>Quando</strong></span> <span class='ocrx_word' id='word_1_774' title='bbox 2886 5153 3050 5209; x_wconf 90' lang='lat' dir='ltr'><strong>homo</strong></span> <span class='ocrx_word' id='word_1_775' title='bbox 3077 5150 3328 5209; x_wconf 88' lang='lat' dir='ltr'><strong>Christus</strong></span> <span class='ocrx_word' id='word_1_776' title='bbox 3358 5170 3426 5209; x_wconf 79' lang='lat' dir='ltr'><strong>ex</strong></span> <span class='ocrx_word' id='word_1_777' title='bbox 3453 5153 3576 5209; x_wconf 80' lang='lat' dir='ltr'><strong>Vir-</strong></span> 
     </span>
    </p>
   </div>
   <div class='ocr_carea' id='block_1_105' title="bbox 1983 5243 3575 5320">
    <p class='ocr_par' dir='ltr' id='par_1_105' title="bbox 1983 5243 3575 5320">
     <span class='ocr_line' id='line_1_105' title="bbox 1983 5243 3575 5320; baseline -0.002 -18"><span class='ocrx_word' id='word_1_778' title='bbox 1983 5248 2105 5320; x_wconf 86' lang='lat' dir='ltr'><strong>gine</strong></span> <span class='ocrx_word' id='word_1_779' title='bbox 2125 5255 2283 5302; x_wconf 89' lang='lat' dir='ltr'><strong>natus</strong></span> <span class='ocrx_word' id='word_1_780' title='bbox 2300 5247 2510 5301; x_wconf 89' lang='lat' dir='ltr'><strong>alienus</strong></span> <span class='ocrx_word' id='word_1_781' title='bbox 2531 5244 2633 5299; x_wconf 91' lang='lat' dir='ltr'><strong>fuit</strong></span> <span class='ocrx_word' id='word_1_782' title='bbox 2656 5244 2768 5299; x_wconf 88' lang='lat' dir='ltr'><strong>Deo</strong></span> <span class='ocrx_word' id='word_1_783' title='bbox 2797 5245 2959 5300; x_wconf 90' lang='lat' dir='ltr'><strong>Patre</strong></span> <span class='ocrx_word' id='word_1_784' title='bbox 2985 5243 3206 5317; x_wconf 85' lang='lat' dir='ltr'><strong>[Patri],</strong></span> <span class='ocrx_word' id='word_1_785' title='bbox 3223 5251 3279 5299; x_wconf 89' lang='lat' dir='ltr'><strong>ut</strong></span> <span class='ocrx_word' id='word_1_786' title='bbox 3300 5260 3365 5300; x_wconf 85' lang='lat' dir='ltr'><strong>ex</strong></span> <span class='ocrx_word' id='word_1_787' title='bbox 3396 5243 3575 5299; x_wconf 87' lang='lat' dir='ltr'><strong>alieno</strong></span> 
     </span>
    </p>
   </div>
   <div class='ocr_carea' id='block_1_106' title="bbox 1983 5335 3570 5411">
    <p class='ocr_par' dir='ltr' id='par_1_106' title="bbox 1983 5335 3570 5411">
     <span class='ocr_line' id='line_1_106' title="bbox 1983 5335 3570 5411; baseline -0.004 -16"><span class='ocrx_word' id='word_1_788' title='bbox 1983 5341 2215 5411; x_wconf 87' lang='lat' dir='ltr'><strong>quodam</strong></span> <span class='ocrx_word' id='word_1_789' title='bbox 2242 5356 2340 5411; x_wconf 89' lang='lat' dir='ltr'><strong>per</strong></span> <span class='ocrx_word' id='word_1_790' title='bbox 2368 5338 2713 5408; x_wconf 79' lang='lat' dir='ltr'><strong>adoptionem</strong></span> <span class='ocrx_word' id='word_1_791' title='bbox 2730 5338 3127 5393; x_wconf 87' lang='lat' dir='ltr'><strong>adscisceretur</strong></span> <span class='ocrx_word' id='word_1_792' title='bbox 3153 5337 3209 5391; x_wconf 83' lang='lat' dir='ltr'><strong>in</strong></span> <span class='ocrx_word' id='word_1_793' title='bbox 3232 5335 3326 5391; x_wconf 88' lang='lat' dir='ltr'><strong>ﬁlii</strong></span> <span class='ocrx_word' id='word_1_794' title='bbox 3350 5350 3570 5392; x_wconf 89' lang='lat' dir='ltr'><strong>nomen.</strong></span> 
     </span>
    </p>
   </div>
   <div class='ocr_carea' id='block_1_107' title="bbox 1982 5426 3575 5503">
    <p class='ocr_par' dir='ltr' id='par_1_107' title="bbox 1982 5426 3575 5503">
     <span class='ocr_line' id='line_1_107' title="bbox 1982 5426 3575 5503; baseline -0.004 -15"><span class='ocrx_word' id='word_1_795' title='bbox 1982 5432 2171 5488; x_wconf 87' lang='lat' dir='ltr'><strong>Nonne</strong></span> <span class='ocrx_word' id='word_1_796' title='bbox 2218 5433 2274 5488; x_wconf 90' lang='lat' dir='ltr'><strong>in</strong></span> <span class='ocrx_word' id='word_1_797' title='bbox 2322 5433 2438 5503; x_wconf 89' lang='lat' dir='ltr'><strong>ipso</strong></span> <span class='ocrx_word' id='word_1_798' title='bbox 2483 5439 2768 5501; x_wconf 89' lang='lat' dir='ltr'><strong>conceptu,</strong></span> <span class='ocrx_word' id='word_1_799' title='bbox 2820 5436 3079 5500; x_wconf 82' lang='lat' dir='ltr'><strong>cperante</strong></span> <span class='ocrx_word' id='word_1_800' title='bbox 3116 5436 3303 5483; x_wconf 89' lang='lat' dir='ltr'><strong>sancto</strong></span> <span class='ocrx_word' id='word_1_801' title='bbox 3342 5426 3575 5498; x_wconf 79' lang='lat' dir='ltr'><strong>Spiritu,</strong></span> 
     </span>
    </p>
   </div>
   <div class='ocr_carea' id='block_1_108' title="bbox 1982 5522 3578 5597">
    <p class='ocr_par' dir='ltr' id='par_1_108' title="bbox 1982 5522 3578 5597">
     <span class='ocr_line' id='line_1_108' title="bbox 1982 5522 3578 5597; baseline -0.004 -13"><span class='ocrx_word' id='word_1_802' title='bbox 1982 5541 2049 5584; x_wconf 80' lang='lat' dir='ltr'><strong>ex</strong></span> <span class='ocrx_word' id='word_1_803' title='bbox 2068 5527 2227 5583; x_wconf 86' lang='lat' dir='ltr'><strong>beata</strong></span> <span class='ocrx_word' id='word_1_804' title='bbox 2285 5525 2505 5597; x_wconf 72' lang='lat' dir='ltr'><strong>Virgine</strong></span> <span class='ocrx_word' id='word_1_805' title='bbox 2550 5524 2698 5581; x_wconf 90' lang='lat' dir='ltr'><strong>Deus</strong></span> <span class='ocrx_word' id='word_1_806' title='bbox 2735 5540 2917 5587; x_wconf 87' lang='lat' dir='ltr'><strong>verus,</strong></span> <span class='ocrx_word' id='word_1_807' title='bbox 2971 5531 3029 5579; x_wconf 91' lang='lat' dir='ltr'><strong>et</strong></span> <span class='ocrx_word' id='word_1_808' title='bbox 3055 5522 3153 5579; x_wconf 88' lang='lat' dir='ltr'><strong>Dei</strong></span> <span class='ocrx_word' id='word_1_809' title='bbox 3179 5522 3349 5578; x_wconf 85' lang='lat' dir='ltr'><strong>Filius</strong></span> <span class='ocrx_word' id='word_1_810' title='bbox 3409 5537 3578 5578; x_wconf 85' lang='lat' dir='ltr'><strong>verus</strong></span> 
     </span>
    </p>
   </div>
   <div class='ocr_carea' id='block_1_109' title="bbox 1982 5614 3577 5694">
    <p class='ocr_par' dir='ltr' id='par_1_109' title="bbox 1982 5614 3577 5694">
     <span class='ocr_line' id='line_1_109' title="bbox 1982 5614 3577 5694; baseline -0.004 -17"><span class='ocrx_word' id='word_1_811' title='bbox 1982 5629 2270 5694; x_wconf 85' lang='lat' dir='ltr'><strong>conceptus</strong></span> <span class='ocrx_word' id='word_1_812' title='bbox 2305 5627 2408 5683; x_wconf 86' lang='lat' dir='ltr'><strong>est,</strong></span> <span class='ocrx_word' id='word_1_813' title='bbox 2454 5626 2509 5675; x_wconf 92' lang='lat' dir='ltr'><strong>et</strong></span> <span class='ocrx_word' id='word_1_814' title='bbox 2537 5626 2781 5687; x_wconf 88' lang='lat' dir='ltr'><strong>tempore</strong></span> <span class='ocrx_word' id='word_1_815' title='bbox 2828 5624 3135 5689; x_wconf 87' lang='lat' dir='ltr'><strong>opportuno</strong></span> <span class='ocrx_word' id='word_1_816' title='bbox 3161 5615 3355 5671; x_wconf 75' lang='lat' dir='ltr'><strong>natus?</strong></span> <span class='ocrx_word' id='word_1_817' title='bbox 3401 5614 3475 5670; x_wconf 80' lang='lat' dir='ltr'><strong>At</strong></span> <span class='ocrx_word' id='word_1_818' title='bbox 3528 5615 3577 5670; x_wconf 89' lang='lat' dir='ltr'><strong>si</strong></span> 
     </span>
    </p>
   </div>
   <div class='ocr_carea' id='block_1_110' title="bbox 372 5727 3538 5826">
    <p class='ocr_par' dir='ltr' id='par_1_110' title="bbox 372 5727 3538 5826">
     <span class='ocr_line' id='line_1_110' title="bbox 372 5727 3538 5826; baseline -0.009 -14"><span class='ocrx_word' id='word_1_819' title='bbox 372 5776 393 5803; x_wconf 78' lang='grc' dir='ltr'><strong>ιι</strong></span> <span class='ocrx_word' id='word_1_820' title='bbox 438 5762 494 5819; x_wconf 90' lang='lat' dir='ltr'><strong>S.</strong></span> <span class='ocrx_word' id='word_1_821' title='bbox 523 5760 660 5826; x_wconf 72' lang='lat' dir='ltr'><strong>Arg.</strong></span> <span class='ocrx_word' id='word_1_822' title='bbox 691 5753 872 5826; x_wconf 86' lang='lat' dir='ltr'><strong>potius</strong></span> <span class='ocrx_word' id='word_1_823' title='bbox 896 5749 1120 5821; x_wconf 69' lang='lat' dir='ltr'><strong>Vigilius</strong></span> <span class='ocrx_word' id='word_1_824' title='bbox 1144 5746 1431 5818; x_wconf 80' lang='lat' dir='ltr'><strong>Tapsensis</strong></span> <span class='ocrx_word' id='word_1_825' title='bbox 1472 5744 1598 5802; x_wconf 88' lang='lat' dir='ltr'><strong>libr.</strong></span> <span class='ocrx_word' id='word_1_826' title='bbox 1636 5741 1701 5801; x_wconf 88' lang='lat' dir='ltr'><strong>de</strong></span> <span class='ocrx_word' id='word_1_827' title='bbox 1727 5739 1941 5798; x_wconf 81' lang='lat' dir='ltr'><strong>L&#39;nitate</strong></span> <span class='ocrx_word' id='word_1_828' title='bbox 1968 5735 2269 5804; x_wconf 83' lang='lat' dir='ltr'><strong>Trinitatis,</strong></span> <span class='ocrx_word' id='word_1_829' title='bbox 2302 5750 2419 5805; x_wconf 87' lang='lat' dir='ltr'><strong>cap.</strong></span> <span class='ocrx_word' id='word_1_830' title='bbox 2456 5734 2508 5802; x_wconf 88' lang='lat'><strong>6,</strong></span> <span class='ocrx_word' id='word_1_831' title='bbox 2543 5742 2672 5790; x_wconf 87' lang='lat' dir='ltr'><strong>tom.</strong></span> <span class='ocrx_word' id='word_1_832' title='bbox 2702 5732 2814 5789; x_wconf 74' lang='lat' dir='ltr'><strong>Vill</strong></span> <span class='ocrx_word' id='word_1_833' title='bbox 2836 5731 2996 5804; x_wconf 85' lang='lat' dir='ltr'><strong>Oper.</strong></span> <span class='ocrx_word' id='word_1_834' title='bbox 3032 5730 3089 5789; x_wconf 88' lang='lat' dir='ltr'><strong>S.</strong></span> <span class='ocrx_word' id='word_1_835' title='bbox 3122 5728 3258 5801; x_wconf 83' lang='lat' dir='ltr'><strong>Aug.</strong></span> <span class='ocrx_word' id='word_1_836' title='bbox 3286 5727 3538 5802; x_wconf 65' lang='lat' dir='ltr'><strong>Appeal}.</strong></span> 
     </span>
    </p>
   </div>
  </div>
