3964 6186
262 304 381 382 eis

993 306 1413 367 DOGHATICA.
1452 340 1522 350 -—
1555 308 1715 366 ADV.
1758 306 2156 365 ELIPANDUM
2195 309 2379 367 LIBIII
2413 310 2503 366 IV.
2541 342 2612 353 —-
2649 312 2777 368 LIB.
2820 313 2862 368 I.

3456 319 3566 375 ρισ

268 435 563 491 nunquam
589 422 825 488 alienus,
877 437 1155 494 nunquam
1180 424 1348 496 igitur
1371 424 1688 495 adoptivus:
1727 425 1879 494 quia,
1908 426 1959 486 Α
1986 424 2203 479 nomina
2235 441 2370 481 mete
2397 427 2699 499 imposuisti
2726 443 2991 499 personae,
3041 447 3272 501 quorum
3300 435 3573 508 nuagiim.

264 521 332 567 ut
350 512 554 567 beatus
572 512 912 582 Augustinus
934 514 1029 579 ait,
1075 528 1142 568 es
1182 515 1362 570 alieno
1399 515 1636 586 quodam
1662 514 1874 585 adopti-

265 620 369 660 vus
396 604 542 661 solet
589 604 751 662 edici.
809 606 1001 662 Restat
1040 622 1171 679 ergo
1214 616 1275 663 ut
1315 609 1499 664 statim
1537 608 1696 664 ﬁeret
1716 607 1876 662 Chri-

262 708 388 753 stus
425 698 688 768 proprius
726 697 898 753 Filius
945 699 1040 753 Dei
1090 699 1161 754 ab
1212 699 1330 770 ipso
1376 708 1641 769 conceptu
1671 739 1687 763 ,
1746 699 1872 767 quia

265 802 556 859 nunquam
615 789 831 846 alienus
890 789 1010 845 fuit.
1085 791 1375 862 Nunquam
1438 808 1571 848 vero
1642 793 1871 856 alienus,

266 879 398 949 quia
458 894 741 949 nunquam
795 890 947 936 vetus
990 881 1155 938 homo
1199 881 1338 937 fuit:
1401 883 1530 939 licet
1567 883 1622 938 in
1684 896 1875 938 errore

269 980 490 1037 vestro,
552 980 745 1028 contra
776 972 939 1028 tidem
978 973 1303 1030 catholicam
1356 975 1571 1030 dicatur
1620 974 1874 1030 Christus

269 1063 437 1118 homo
469 1071 652 1119 vetus.

334 1153 428 1210 IV.
470 1154 610 1210 Nam
636 1155 828 1212 bentus
855 1155 1218 1228 Hieronymus
1273 1159 1353 1214 ait
1393 1158 1445 1213 in
1482 1166 1717 1214 tractatu
1742 1159 1873 1229 Epi-

268 1248 425 1303 stola:
452 1247 525 1302 ad
555 1247 850 1317 Ephesios:
898 1267 917 1298 ι
948 1248 1089 1315 Quid
1141 1250 1285 1304 enim
1318 1250 1373 1305 in
1419 1251 1658 1315 homine,
1699 1251 1793 1320 qui
1839 1266 1870 1305 a

266 1338 563 1394 Salvatore
592 1346 781 1395 nostro
819 1351 1130 1409 assumptus
1179 1350 1284 1407 est,
1326 1357 1435 1398 non
1478 1354 1677 1398 novum
1720 1342 1871 1397 fuit?

266 1430 603 1502 Conceptus,
633 1433 913 1496 nativitas,
937 1442 1150 1503 partus,
1177 1434 1427 1500 infantia,
1445 1436 1714 1500 doctrina,
1737 1437 1867 1501 vita,

264 1523 537 1579 virtutes:
586 1531 645 1578 et
670 1523 748 1579 ad
773 1532 1080 1580 extremum
1106 1540 1241 1581 crux
1284 1537 1340 1581 ct
1384 1527 1588 1596 passio,
1632 1526 1871 1597 spoliaus

265 1611 322 1668 in
357 1629 429 1669 ea
472 1614 814 1685 principatus
849 1624 907 1670 et
929 1617 1236 1672 contrarias
1254 1616 1603 1673 fortitudines
1632 1618 1872 1673 ostentui

264 1708 512 1763 habens:
564 1709 895 1764 resurrectio
935 1725 1152 1780 quoque
1198 1719 1255 1766 et
1276 1712 1522 1768 ascensio
1567 1713 1622 1768 in
1649 1713 1867 1769 cmlum.

1978 525 2036 570 et
2075 526 2376 586 potestates
2404 521 2456 574 in
2482 521 2704 576 civitate
2755 537 2853 577 sua
2876 522 3139 581 Dominus
3167 526 3311 583 Deus
3335 528 3465 583 olim
3494 531 3563 587 ad

1974 608 2202 664 nihilum
2230 610 2471 683 redegit?
2506 628 2614 668 non
2648 630 2958 671 memorans
2997 617 3126 687 quid
3152 619 3217 674 de
3252 620 3362 675 tuis
3379 620 3568 677 simili-

1973 702 2076 800 bus
2087 702 2374 760 Psalmista
2399 716 2635 771 caneret,
2660 708 2878 800 dicens:
2914 708 3180 767 Venenum
3206 714 3447 800 aspidulm
3466 715 3563 770 sub

1973 793 2129 848 labiis
2155 811 2355 860 eorum,
2379 813 2605 867 quorum
2633 815 2691 852 os
2718 798 3085 856 maledictionc
3128 812 3176 857 et
3207 793 3564 859 amaritudine

1972 884 2183 956 plenum
2211 897 2286 941 est
2319 887 2489 959 (Psal.
2514 905 2635 955 xui,
2661 890 2739 960 5).
2806 890 2874 945 Et
2899 892 3015 961 ipsa
3047 893 3261 949 Veritas
3299 894 3355 949 in
3383 894 3562 949 Evan-

1972 978 2116 1046 gelio
2142 977 2342 1035 Iudaeis
2368 981 2740 1050 improperans
2777 996 2878 1051 pro
2911 984 3208 1039 benefactis
3254 986 3368 1041 suis
3395 985 3562 1041 male—

1970 1070 2116 1125 dicta
2136 1085 2347 1135 eorum,
2376 1072 2480 1126 ait:
2537 1069 2821 1143 Progenies
2842 1075 3153 1145 viperarum,
3184 1078 3443 1147 quomodo
3464 1092 3560 1150 po.

1971 1163 2118 1216 testis
2137 1160 2273 1216 bona
2296 1161 2458 1233 loqui,
2481 1179 2600 1217 cum
2621 1165 2734 1219 sitis
2763 1164 2932 1220 mali?
2959 1166 3047 1220 Ea:
3068 1167 3393 1223 abundantia
3418 1170 3559 1224 enim

1970 1252 2143 1306 cordis
2178 1270 2236 1307 os
2266 1253 2515 1325 loquitur.
2572 1256 2642 1309 Et
2668 1256 2893 1312 iterum:
2939 1257 3120 1313 Battus
3142 1259 3299 1313 homo
3318 1260 3382 1314 de
3415 1261 3550 1316 bono

1970 1345 2214 1398 thesauro
2241 1346 2415 1401 cordis
2440 1349 2524 1401 sui
2570 1348 2769 1418 profert
2817 1349 2974 1415 bona,
3018 1360 3067 1405 et
3093 1350 3263 1405 malus
3287 1352 3440 1407 homo
3489 1354 3555 1407 de

1969 1432 2111 1487 male
2130 1434 2376 1489 thesauro
2401 1436 2574 1490 cordis
2595 1438 2678 1491 sui
2699 1438 2898 1508 profert
2939 1438 3081 1491 mala
3111 1439 3326 1509 (Matth.
3342 1457 3438 1503 xu,
3461 1440 3554 1505 34,

1968 1524 2081 1597 55).
2140 1525 2326 1581 Simile
2353 1526 2525 1598 [Leg.,
2575 1526 2633 1581 Si
2663 1527 2825 1599 mala]
2872 1536 2956 1582 est
2997 1529 3320 1593 maledictio,
3367 1530 3557 1600 utique

1968 1632 2037 1671 ex
2056 1618 2179 1671 mali
2208 1618 2388 1674 cordis
2417 1618 2671 1673 thesauro
2703 1620 2987 1689 processit.
3041 1620 3273 1675 Omnino
3308 1621 3446 1675 mala
3472 1630 3558 1677 est

1970 1706 2299 1771 maledictio,
2335 1707 2655 1777 prohibente
2706 1722 2826 1763 eam
2851 1706 3136 1776 Apostolo:
3191 1707 3410 1775 Nolite,
3456 1710 3554 1776 ait,

266 1798 369 1854 llic
389 1814 529 1869 ergo
557 1814 685 1854 vere
704 1807 924 1856 creatus
938 1808 1024 1855 est
1051 1801 1105 1855 in
1121 1800 1331 1872 justitia
1353 1809 1411 1857 et
1435 1803 1722 1858 sanctitate
1735 1803 1873 1858 veri-
1900 1792 1947 1853 B
1978 1797 2286 1852 maledicere
2317 1798 2493 1869 (Rom.
2525 1814 2624 1863 xu,
2657 1798 2768 1866 ll).
2826 1798 2992 1869 igitur
3038 1800 3127 1869 qui
3165 1798 3458 1867 maledicit,
3488 1815 3556 1855 ex

269 1889 424 1952 tatis,
446 1890 580 1958 quia
602 1888 748 1945 Deus
768 1906 951 1956 verus,
973 1890 1071 1946 Dei
1096 1907 1224 1947 vere
1241 1891 1377 1963 (AL,
1396 1893 1533 1965 veri]
1550 1893 1719 1950 Filius
1741 1894 1865 1955 fuit.

265 1989 321 2036 et
350 1988 467 2035 tota
489 1982 547 2036 in
577 1980 670 2037 illo
692 1982 881 2053 religio
911 1991 1074 2052 atque
1104 1981 1318 2051 iustitia
1342 1983 1440 2041 Dei
1467 1986 1694 2041 veritate
1714 2001 1865 2041 com-

266 2070 409 2141 pleta
430 2078 539 2126 est.
579 2090 599 2123 ι
642 2071 853 2127 Videtis
889 2087 1051 2141 quam
1077 2073 1401 2129 fiducialiter
1429 2074 1533 2129 istc
1561 2074 1868 2144 praecipuus

266 2160 320 2214 in
345 2160 595 2217 Ecclesia
639 2156 733 2216 Dei
752 2161 943 2217 doctor
961 2161 1235 2218 Christum
1263 2163 1599 2233 praedicavit,
1652 2178 1867 2234 semper

266 2268 467 2307 novum
495 2252 799 2316 hominem,
841 2235 1138 2323 verumque
1161 2252 1352 2317 Deum,
1395 2267 1630 2323 vereque
1654 2252 1751 2308 Dei
1773 2253 1864 2306 Fi-

267 2348 394 2403 lium
419 2352 670 2402 creatum
698 2360 842 2410 esse,
873 2354 1035 2416 atque
1062 2347 1117 2402 in
1142 2361 1210 2402 eo
1237 2362 1454 2403 omnem
1493 2347 1763 2417 justitiam
1810 2346 1864 2401 in

268 2436 363 2491 Dei
392 2436 629 2491 veritate
650 2436 976 2506 completam
998 2451 1121 2492 esse
1149 2435 1401 2491 aﬂirmat.
1458 2435 1584 2491 Htec
1609 2452 1717 2490 una
1741 2450 1865 2489 sen-

269 2529 456 2593 tentia,
492 2529 543 2584 si
568 2528 897 2586 ﬁducialiter
917 2530 1126 2601 legatur
1149 2537 1206 2585 et
1222 2528 1486 2585 veraciter
1509 2528 1865 2599 intelligatur,

268 2623 537 2693 pessimae.
562 2622 733 2677 vestri
751 2622 958 2679 erroris
982 2629 1212 2677 evacuat
1224 2620 1587 2677 assertiones:
1612 2621 1739 2676 dum
1766 2635 1864 2677 vos

267 2713 449 2769 dicitis
495 2710 779 2769 Christum
808 2720 1047 2769 veterem
1103 2713 1401 2780 hominem,
1442 2715 1863 2783 nuncupativum

268 2803 463 2870 Deutu,
493 2805 810 2875 adoptivum
848 2805 1038 2861 lilium.
1089 2804 1198 2861 Iste
1223 2819 1357 2861 vero
1377 2804 1742 2861 nobilissimus
1770 2807 1865 2863 do-

270 2906 390 2952 ctor
411 2897 754 2953 Salvatorem
788 2905 1036 2952 nostrum
1085 2910 1285 2954 novum
1330 2897 1626 2963 hominem,
1675 2912 1864 2955 verum

271 2986 461 3053 Deum,
477 2996 538 3043 et
564 3002 689 3043 vere
702 2986 801 3043 Dei
827 2987 1044 3053 Filium,
1065 2988 1387 3059 absqueulla
1412 2988 1687 3045 dubietate
1710 3003 1868 3046 crea-

272 3089 383 3133 tum
407 3086 667 3134 testatur.

1967 1885 2097 1940 mali
2130 1888 2311 1944 cordis
2342 1889 2597 1944 thesauro
2623 1889 3057 1945 maledictionem
3080 1890 3306 1959 profert.
3378 1889 3437 1946 Si
3469 1906 3557 1947 me

1965 1993 2150 2033 errare
2178 1980 2497 2043 aestimares,
2526 1994 2705 2037 nonne
2723 1980 3018 2050 apostolico
3035 1989 3303 2051 praecepto
3325 1996 3412 2037 me
3439 1997 3558 2038 cor-

1967 2069 2142 2139 rigere
2170 2069 2453 2126 debuisses
2485 2072 2540 2126 in
2581 2072 2774 2142 spiritu
2814 2073 3264 2140 mansuetudinis,
3310 2074 3558 2132 conside-

1967 2176 2095 2215 rans
2115 2168 2167 2216 te
2188 2162 2385 2232 ipsum,
2420 2178 2489 2218 ne
2515 2173 2572 2219 et
2597 2172 2654 2218 tu
2685 2166 2943 2220 tenteris?
2986 2165 3131 2221 Alter
3150 2165 3367 2224 alterius
3394 2184 3556 2224 onera

1964 2263 2193 2324 portate,
2221 2265 2270 2309 et
2294 2257 2370 2311 sic
2403 2256 2752 2327 adimplebitis
2782 2256 2946 2327 legem
2975 2256 3169 2313 Christi
3194 2258 3337 2330 (Gal.
3364 2276 3442 2326 Vl,
3471 2260 3552 2333 2).

1966 2347 2148 2403 Facile
2161 2356 2247 2403 est
2263 2350 2409 2405 enim
2431 2363 2498 2404 ex
2516 2350 2699 2405 verbis
2734 2350 2881 2406 beati
2906 2350 3095 2407 Jacobi
3123 2353 3372 2422 apostoli,
3409 2353 3556 2411 unde

1964 2438 2037 2492 sit
2062 2438 2323 2508 sapientia
2343 2447 2453 2505 tua,
2478 2454 2802 2509 agnoscere;
2829 2441 2921 2496 ubi
2942 2441 3008 2496 de
3030 2442 3441 2499 mansuetudine
3461 2456 3557 2499 ve-

1966 2544 2041 2583 ra:
2068 2528 2369 2598 sapientim,
2419 2539 2475 2584 et
2504 2531 2571 2583 de
2599 2532 2958 2586 amaritudine
2985 2532 3161 2600 impiae
3196 2531 3555 2589 aemulationis

1964 2618 2288 2689 disputavit;
2313 2620 2389 2674 ait
2416 2620 2590 2675 enim:
2630 2620 2781 2686 Quod
2794 2622 2840 2676 si
2869 2622 3039 2676 selum
3063 2637 3305 2677 amarum
3325 2623 3551 2688 habetis,

1963 2720 2011 2765 et
2039 2711 2389 2766 contentiones
2419 2712 2475 2765 in
2519 2712 2765 2766 cordibus
2817 2714 3022 2778 vestris,
3070 2713 3228 2768 nolite
3255 2712 3474 2784 gloriari
3502 2725 3554 2769 et

1964 2803 2239 2857 mendaces
2266 2818 2376 2857 esse
2401 2802 2649 2857 adversus
2680 2804 2945 2857 veritatem
2976 2802 3118 2874 (Jac.
3148 2820 3234 2870 ιιι,
3268 2803 3377 2875 li).
3433 2803 3555 2861 Non

1965 2907 2048 2954 est
2074 2899 2176 2953 ista
2197 2898 2459 2968 sapientia
2491 2898 2775 2953 desursum
2805 2898 3161 2964 descendens,
3185 2898 3281 2953 sed
3310 2905 3551 2964 terrena,

1965 2991 2236 3057 animalis,
2258 2990 2545 3047 diabolica.
2607 2990 2709 3044 Ubi
2736 2989 2872 3044 enim
2904 2988 3047 3043 zelus
3093 2998 3141 3043 et
3172 2991 3451 3054 contentio,
3481 2990 3554 3043 ibi

1966 3087 2378 3141 inconstantiaet
2406 3100 2697 3156 omneopus
2718 3099 2956 3153 pravum.
3007 3080 3137 3147 Qua:
3165 3091 3338 3135 autem
3367 3082 3553 3136 desur-

337 3169 405 3225 Υ.
444 3170 592 3226 Ecce
639 3171 860 3240 quidam
907 3169 1092 3228 fervor
1114 3171 1466 3227 testificanda:
1498 3171 1744 3227 veritatis
1772 3185 1860 3226 me
1889 3138 1934 3206 c
1963 3192 2080 3232 sum
2113 3186 2186 3231 est
2209 3176 2487 3245 sapientia,
2508 3138 2736 3245 primum
2755 3173 2966 3244 quidem
2998 3172 3190 3242 pudica
3218 3180 3317 3237 est,
3361 3173 3551 3227 deinde

270 3262 447 3331 rapuit
474 3261 546 3316 ab
585 3262 779 3316 ordine
824 3263 1213 3332 responsionis.
1248 3262 1354 3318 Sed
1381 3263 1706 3333 incipiamus
1731 3279 1863 3320 amc

271 3352 478 3425 (Forte,
519 3353 670 3426 ante]
703 3355 1003 3418 sententias
1042 3355 1119 3410 tui
1163 3355 1436 3412 discutere
1464 3356 1629 3412 libelli
1657 3375 1670 3410 :
1697 3365 1752 3410 et
1780 3357 1866 3412 in-

272 3444 517 3515 telligant
543 3445 637 3514 qui
665 3445 868 3516 legant,
906 3447 1008 3515 pia:
1050 3447 1444 3502 exhortationis
1470 3448 1862 3518 charitatisque

269 3536 496 3601 calamo,
550 3553 585 3592 ο
608 3537 769 3593 Pater
796 3538 1080 3607 Elipande,
1101 3539 1439 3608 conscriptos
1481 3540 1550 3596 ad
1580 3548 1729 3594 tuam
1781 3555 1865 3596 re-

268 3629 569 3683 verentiam
590 3630 797 3700 apices,
834 3630 922 3684 vel
949 3631 1127 3701 impiae
1155 3631 1574 3694 maledictionis,
1603 3647 1743 3702 quos
1769 3648 1862 3688 ve-

268 3734 470 3777 neuoso
493 3735 593 3776 ore
609 3721 914 3790 procaciter
927 3722 1097 3793 378
1131 3737 1252 3778 meo
1278 3722 1484 3777 nomini
1499 3724 1730 3793 dirigere
1748 3732 1867 3780 stu-

268 3811 470 3878 duisti,
521 3812 609 3873 vel
634 3827 704 3868 ex
750 3829 861 3884 quo
895 3815 1087 3883 spiritu
1135 3813 1192 3869 in
1233 3814 1407 3885 prima
1432 3814 1613 3871 fronte
1642 3824 1857 3872 tuartuu

266 3901 574 3959 litterarum
594 3904 780 3958 statim
805 3905 971 3960 verba
992 3905 1279 3961 dirissima:
1307 3906 1700 3963 maledictionis
1728 3924 1859 3978 pro-

264 3991 413 4049 ferre
433 3994 726 4051 voluisses.
772 3995 888 4066 Ego
915 4010 1142 4067 prorsus
1176 3997 1406 4068 simplici
1433 3999 1698 4054 charitate
1726 4016 1860 4056 metu

267 4083 574 4140 devotionis
598 4099 790 4154 preces
831 4093 935 4140 tua:
964 4086 1136 4142 direxi
1166 4089 1503 4156 reverentiae,
1543 4089 1858 4161 desiderans

263 4182 603 4229 senectutem
628 4182 776 4229 tuam
810 4190 909 4246 per
928 4175 1202 4233 Christum
1226 4179 1447 4246 salvari,
1485 4189 1542 4235 et
1581 4182 1649 4236 ad
1670 4184 1861 4239 catho-

264 4262 386 4317 liae
412 4264 566 4334 pacis
589 4266 936 4322 concordiam
962 4269 1225 4334 revocari,
1257 4270 1374 4327 sine
1412 4286 1519 4341 qua
1546 4272 1699 4339 nihil,
1758 4288 1860 4332 nec

267 4352 385 4423 ipsa
409 4356 663 4427 martyrii
688 4355 881 4427 gloria,
915 4357 1026 4413 Deo
1046 4360 1375 4429 acceptabile
1421 4376 1545 4418 esse
1570 4360 1725 4434 [ϐοά.
1748 4360 1859 4420 Ρα-

264 4444 388 4509 ris.,
411 4459 514 4499 nec
537 4445 710 4515 ipsam
815 4446 1042 4517 gloriam
1145 4449 1530 4519 acceptabilem
1553 4452 1696 4524 esse]
1725 4452 1856 4508 bea-

266 4545 355 4589 tus
397 4535 604 4592 Paulus
650 4536 937 4607 Apostolus
988 4533 1353 4608 protestatur:
1410 4541 1489 4596 Τιι
1536 4551 1758 4597 econtra
1801 4544 1857 4599 in

1960 3268 2207 3340 paciﬁca,
2234 3266 2488 3330 modesta,
2528 3263 2824 3329 suadibilis,
2854 3262 3001 3317 bonis
3027 3263 3374 3328 consentiens,
3394 3261 3549 3333 plena

1963 3358 2323 3414 misericordia
2348 3366 2394 3412 et
2424 3355 2678 3427 fructibus
2698 3355 2845 3410 bonis
2877 3352 3064 3426 (Ibid.,
3090 3352 3176 3415 16,
3215 3352 3328 3424 I7).

2033 3450 2143 3509 VII.
2183 3451 2298 3522 Ego
2322 3465 2536 3505 ramum
2558 3448 2714 3504 oliva:
2754 3446 3061 3502 columbino
3087 3461 3185 3502 ore
3209 3444 3409 3510 ferens,
3430 3443 3549 3500 vul-

1962 3558 2065 3598 nus
2092 3542 2169 3597 tui
2191 3540 2370 3596 cordis
2398 3538 2603 3595 mederi
2627 3544 2852 3608 Optans:
2885 3548 2912 3576 ιι
2942 3544 2999 3590 tu
3023 3551 3054 3590 e
3080 3534 3296 3590 diverso
3321 3547 3547 3603 serpen-

1963 3631 2077 3685 tina
2118 3630 2301 3701 lingua
2332 3626 2677 3682 mortiferum
2712 3625 3000 3682 evomuisti
3045 3639 3331 3688 venenum,
3366 3637 3550 3693 prom-
3578 3694 3591 3711 ‘

1960 3723 2103 3793 ptior
2130 3721 2197 3775 ad
2224 3720 2647 3775 maledicendum
2675 3734 2837 3788 quam
2872 3719 2940 3772 ad
2963 3716 3408 3772 benedicendum.
3436 3715 3548 3784 Ego

1960 3825 2087 3867 cum
2114 3808 2358 3872 Nicolao,
2404 3806 2491 3862 cui
2539 3804 2626 3861 m'e
2652 3805 3005 3876 comparasti,
3063 3804 3330 3873 nuptiales
3385 3804 3549 3858 taedas

1960 3919 2068 3959 non
2087 3900 2404 3971 exstinguo;
2460 3897 2555 3952 sed
2601 3912 2724 3951 cum
2750 3898 2907 3952 beato
2936 3894 3212 3964 Stephano
3244 3900 3550 3963 protomar-

1962 4001 2080 4063 tyre
2118 3990 2315 4046 mentis
2363 3987 2558 4045 intuitu
2608 3987 2764 4041 video
2792 3984 2975 4040 Jesunt
3025 3991 3257 4037 stantem
3286 3998 3316 4037 a
3342 3982 3549 4039 dextris

1960 4083 2080 4149 Dei,
2109 4098 2208 4154 pro
2233 4081 2316 4138 sui
2338 4078 2570 4136 nominis
2597 4077 2874 4132 nobilitate
2902 4075 3234 4130 certantibus
3271 4073 3543 4130 auxiliari.

1959 4174 2074 4246 Ego
2092 4189 2214 4229 cum
2235 4171 2399 4241 impio
2444 4169 2671 4224 Datiano
2713 4165 2961 4237 praeclari
2991 4166 3247 4235 martyris
3275 4165 3546 4221 Vincentii

1960 4281 2066 4322 non
2094 4278 2213 4320 sum
2246 4268 2594 4333 persecutor;
2652 4258 2749 4314 sed
2791 4256 3060 4312 ἣξει-ειὶοω
3108 4256 3397 4326 pravitatis
3444 4270 3546 4325 pro

1958 4356 2155 4412 virium
2188 4367 2436 4411 mearum
2471 4350 2743 4422 portione,
2793 4346 3082 4418 adjuvante
3118 4347 3229 4404 Deo
3260 4387 3272 4410 ,
3323 4347 3549 4404 devotus

1959 4445 2303 4517 exstirpator.
2365 4444 2480 4517 Ego
2499 4458 2619 4499 cum
2650 4440 2868 4497 Ruftino
2893 4441 3109 4496 beatum
3141 4440 3370 4496 Felicem
3399 4455 3545 4495 mar-

1885 4510 1934 4567 D
1963 4510 2148 4612 tyrem-
2165 4553 2273 4594 non
2300 4510 2443 4603 feci;
2469 4538 2563 4591 sed
2587 4534 2822 4591 Felicem
2847 4532 2972 4587 olim
3005 4533 3157 4586 vestri
3182 4532 3375 4585 erroris
3403 4547 3545 4586 com-

266 4626 431 4681 verba
455 4625 707 4683 nefanda:
731 4627 1053 4684 iuvectiouis
1072 4630 1389 4699 prosiluisti,
1431 4631 1585 4701 juxta
1614 4632 1861 4689 Salomo-
1954 4632 2158 4703 plicem,
2202 4630 2312 4685 Deo
2337 4630 2634 4692 miserante,
2660 4625 2971 4695 catholicum
2995 4624 3175 4694 effeci:
3214 4639 3559 4694 persequens.

266 4719 354 4774 uis
381 4718 681 4774 veridicum
701 4721 1056 4776 sententiam:
1106 4721 1175 4777 In
1199 4739 1288 4777 ore
1312 4723 1461 4778 stulti
1485 4742 1635 4780 arma
1674 4736 1724 4780 et
1749 4726 1861 4797 gla-

268 4809 393 4863 dius
418 4807 606 4881 (Prov.
631 4826 766 4874 xm,
796 4811 875 4882 5).
924 4811 1094 4867 Item:
1136 4816 1308 4885 Argue
1340 4814 1578 4881 stultum,
1610 4827 1658 4871 ct
1690 4817 1857 4871 oderit

268 4906 316 4951 te
340 4896 540 4969 (lbid.,
576 4915 653 4965 Ix,
686 4899 763 4971 7).
834 4899 987 4956 Unde
1029 4902 1459 4960 maledictionem
1497 4905 1856 4962 bcuedictioni

270 5004 406 5044 mae
449 4990 774 5060 opposuisti,
828 4990 957 5061 quid
1000 4991 1056 5046 in
1104 4994 1266 5049 corde
1305 4994 1535 5051 haberes
1560 5034 1574 5057 ,
1624 4994 1746 5065 quis
1802 5003 1855 5050 te

269 5087 442 5134 totum
484 5081 713 5152 spiritus
744 5082 1046 5152 possideret
1077 5084 1386 5141 ostendens.
1446 5084 1554 5142 Sed
1575 5084 1854 5153 Dominus,

269 5173 365 5242 qui
401 5173 668 5229 illuminat
713 5189 907 5241 caecos,
950 5183 1005 5230 et
1043 5177 1489 5233 sanat.contritos
1526 5177 1710 5243 corde,
1736 5177 1857 5232 illu-

270 5263 443 5318 minet
501 5265 757 5320 tenebras
819 5265 1135 5336 ignorantiae
1183 5276 1307 5335 tua),
1351 5275 1407 5323 et
1449 5276 1604 5323 sanet
1630 5268 1857 5324 infideli-

269 5357 402 5411 tatis
426 5357 647 5414 vulnera
707 5357 761 5412 in
798 5358 962 5414 corde
995 5367 1108 5426 tuo,
1154 5366 1315 5431 teque
1355 5368 1630 5430 pastorem
1654 5358 1854 5415 eﬂiciat

268 5448 453 5520 populi
487 5450 591 5516 sui,
635 5449 986 5521 prudentem,
1034 5451 1198 5520 pium,
1256 5450 1543 5520 paciﬁcum
1570 5458 1627 5506 et
1670 5451 1860 5507 catho-

271 5537 455 5593 licum.

346 5632 428 5689 γι.
465 5632 604 5703 Quid
635 5640 744 5699 est,
774 5633 861 5688 vir
885 5631 1072 5699 frater,
1120 5633 1263 5704 quod
1294 5641 1442 5689 tanta
1478 5632 1856 5689 hicreticorum

1958 4724 2014 4778 in
2057 4738 2124 4777 eu
2151 4721 2294 4776 illius
2332 4719 2551 4790 impiam
2573 4716 2982 4781 dubitationem,
3021 4716 3113 4784 qui
3144 4716 3423 4787 tentando
3448 4718 3544 4773 Dei

1958 4813 2156 4868 Filium
2182 4813 2425 4868 dixerat:
2483 4808 2545 4864 Si
2576 4806 2622 4859 F
2626 4806 2749 4861 ilius
2770 4805 2869 4860 Dei
2889 4821 2962 4870 es,
3017 4804 3101 4859 dic
3145 4815 3201 4859 ut
3227 4804 3425 4878 lapides
3453 4806 3544 4862 isti

1957 4920 2117 4975 panes
2139 4904 2270 4974 fiant
2296 4899 2510 4972 (Matth.
2544 4897 2715 4970 tv,3).
2754 4896 2819 4951 Et
2839 4897 3034 4951 iterum
3052 4913 3149 4969 per
3181 4897 3391 4955 ludmos
3422 4900 3541 4970 ipso

1962 4995 2017 5049 in
2054 5007 2214 5049 cruce
2252 4990 2520 5062 pendente
2547 4988 2830 5043 clamavit:
2883 4986 2943 5043 Si
2987 4987 3161 5044 Filius
3180 4989 3277 5045 Dei
3316 5000 3411 5057 est,
3444 4991 3542 5045 de-

1961 5084 2174 5141 scendat
2203 5100 2338 5139 nunc
2362 5082 2426 5137 de
2454 5098 2630 5147 cruce,
2656 5091 2705 5136 et
2733 5081 2991 5138 credimus
3016 5084 3065 5138 ei
3122 5082 3339 5156 (Matth.
3368 5100 3538 5150 nm,

1960 5178 2075 5250 42).
2151 5176 2401 5246 Nunquid
2450 5190 2556 5232 non
2606 5174 2755 5248 pejor
2812 5185 2896 5233 est
2941 5186 3120 5233 vestra
3173 5177 3520 5235 incredulitas

1961 5286 2126 5340 quam
2148 5269 2412 5325 diabolica
2446 5269 2729 5325 dubietas'l
2810 5269 2900 5323 llle
2925 5270 3208 5338 explorare
3262 5270 3449 5328 volens
3493 5272 3542 5329 si

1958 5361 2129 5417 Filius
2150 5360 2247 5417 Dei
2281 5367 2445 5424 esset,
2490 5374 2651 5429 quem
2672 5359 2904 5424 esurire,
2948 5357 3103 5414 sitire
3144 5368 3200 5415 et
3248 5359 3543 5419 lassescere

1960 5454 2252 5518 cernebat;
2281 5467 2377 5508 vos
2405 5458 2721 5521 regnantem
2750 5449 2803 5504 in
2827 5448 2978 5505 caelis
3008 5466 3196 5508 verum
3225 5453 3321 5509 Dei
3342 5453 3539 5510 Filium

1959 5558 2156 5615 negare
2204 5558 2310 5598 non
2352 5540 2574 5605 timetis,
2622 5539 2900 5594 vincentes
2936 5548 3115 5595 vestra
3169 5541 3545 5600 incredulitate

1960 5632 2280 5689 diabolicam
2302 5631 2690 5688 inﬁdelitatem.
2748 5631 2903 5688 Illum
2927 5648 3056 5690 vero
3076 5633 3332 5705 Felicem,
3380 5651 3540 5707 quem

344 5757 371 5786 ι
408 5746 500 5808 llic
529 5759 585 5806 et
620 5745 767 5806 infra
795 5747 997 5817 passim
1025 5744 1278 5803 alluditur
1325 5746 1394 5803 ad
1418 5745 1704 5819 epistolam
1744 5744 1989 5816 Elipandi
2014 5744 2082 5800 ad
2101 5743 2407 5803 Alcuinum.
