3964 6186
456 312 563 372 267

1321 304 1383 358 Β.
1426 304 1488 359 F.
1529 300 1754 358 ALBlNl
1791 298 1923 356 SEU
1959 295 2239 354 ALCUINI
2272 296 2557 355 OPERUM
2594 294 2774 354 PARS
2812 294 2899 352 Ill.

3630 296 3737 356 2-58

455 435 515 481 tu
545 421 813 481 charitate
831 430 1102 476 summum
1127 457 1143 483 ,
1176 416 1449 487 pudicum,
1498 414 1850 482 moribusque
1884 426 2048 466 orna-
2076 408 2124 468 A
2150 423 2310 465 sensu
2342 425 2461 465 mea
2486 411 2555 465 ad
2581 426 2677 465 vos
2719 418 2775 464 et
2812 424 2912 478 pro
2937 406 3091 463 vobis
3115 407 3336 478 pietatis
3362 409 3529 466 verba
3557 398 3741 484 legere

454 528 572 572 tum
603 512 827 577 asseris,
883 524 983 564 nos
1007 509 1272 564 habemus
1297 507 1355 562 in
1388 505 1584 561 castris
1611 503 1812 558 Christi
1830 517 1852 556 :
1875 512 2038 571 atque

455 609 661 664 utinam
683 615 739 662 et
755 612 811 659 tu
839 618 964 660 cum
985 602 1092 657 tuis
1121 601 1442 672 sequacibus
1471 598 1613 653 illius
1643 595 1889 665 exemplo
1914 596 2044 650 edo-

451 684 591 766 ctus,
619 698 688 754 ad
715 712 858 753 verre
878 695 1003 751 ﬁdei
1033 693 1394 765 cognitionem
1418 689 1730 760 pervenias,
1765 688 1881 758 ipso
1906 702 2044 757 pra:-

451 798 652 855 stante,
694 803 855 858 quem
909 801 1008 841 nos
1029 783 1388 856 praedicamus
1412 795 1602 836 verum
1630 780 1798 835 Deum
1828 787 1887 834 et
1911 792 2039 849 pro-

449 882 628 952 prium
653 880 749 935 Dei
772 878 990 933 Filium.

520 971 655 1028 Vlll.
692 970 870 1026 Dicis:
927 987 947 1020 ί
979 966 1184 1021 Fatuus
1215 965 1362 1019 fatua
1394 962 1653 1034 loquitur.
1697 983 1717 1014 ι
1786 960 2041 1032 Nunquid

449 1062 597 1117 fatua
620 1060 880 1144 loquitur,
900 1058 992 1128 qui
1017 1057 1299 1112 veritatem
1321 1055 1600 1126 prtedicat,
1623 1063 1678 1109 et
1698 1068 1805 1108 non
1824 1052 1911 1108 ille
1928 1068 2041 1107 ma-

447 1156 531 1226 gis
555 1155 739 1209 fatuus
760 1161 863 1218 est,
886 1152 979 1222 qui
998 1159 1083 1206 est
1106 1148 1359 1204 falsitatis
1401 1148 1676 1204 assertor?
1707 1147 1878 1226 _Ponis
1901 1162 2038 1217 quo-

445 1220 554 1317 que
580 1246 750 1317 879
776 1220 1102 1300 sententiam
1140 1241 1418 1314 Apostoli:
1450 1220 1716 1296 Animalia!
1750 1241 1905 1295 homo
1934 1254 2041 1294 non

444 1338 664 1408 percipit
694 1352 755 1391 ea
781 1351 898 1408 quae
924 1332 1153 1405 Spiritus
1173 1340 1294 1387 sunt
1318 1331 1415 1386 Dei
1431 1330 1483 1403 (Ι
1497 1330 1621 1386 Cor.
1642 1347 1701 1398 ιι,
1728 1329 2039 1402 Η),γοιθιιδ

446 1443 538 1482 me
554 1426 843 1482 animalem
865 1424 1183 1493 intelligere,
1213 1431 1269 1478 et
1294 1431 1348 1478 te
1367 1421 1684 1492 spiritalem.
1729 1420 1922 1478 Videat
1946 1420 2039 1490 qui

444 1519 592 1590 legat
612 1518 824 1573 litteras
848 1523 1081 1578 nostras,
1116 1514 1203 1569 cui
1222 1522 1465 1569 nostrum
1493 1513 1609 1568 haec
1638 1514 1903 1569 sententia
1922 1527 2039 1567 ma-

444 1608 529 1679 gis
565 1608 877 1672 conveniat,
923 1621 990 1660 an
1013 1604 1168 1672 mihi,
1204 1606 1299 1676 qui
1326 1604 1654 1676 evangelicis
1701 1605 2040 1675 apostolicis-

444 1719 571 1775 que,
599 1718 700 1760 nec
719 1718 825 1758 non
858 1710 913 1758 et
940 1702 1185 1771 paternis
1209 1701 1497 1757 roboratus
1525 1698 1850 1755 testimoniis
1877 1696 2036 1753 Chri-

443 1766 589 1852 stum
617 1794 854 1864 prtedico
880 1766 1070 1849 verum
1115 1792 1309 1858 Deum,
1354 1805 1411 1847 et
1444 1804 1633 1847 verum
1663 1790 1763 1846 Dei
1807 1790 2034 1857 Filium;
2071 1766 2116 1827 Β

445 1893 540 1941 aut
562 1884 702 1942 forte
725 1885 843 1951 tibi,
876 1885 970 1955 qui
1011 1885 1303 1955 Hispanico
1333 1899 1522 1940 errore
1558 1884 1886 1954 depravatus
1910 1899 2042 1940 con-

444 1988 527 2032 tra
576 1976 736 2033 ﬁdem
760 1976 1083 2032 catholicam
1109 1975 1303 2032 canina
1327 1974 1479 2030 rabie
1508 1974 1709 2030 latrare
1728 1989 1835 2030 non
1858 1975 2035 2037 times,

441 2085 681 2126 renuens
718 2069 773 2124 in
802 2069 1020 2123 Christo
1044 2081 1229 2122 veram
1255 2066 1493 2122 ﬁlietatis
1524 2065 1886 2131 nobilitatem,
1941 2066 2039 2121 scd

438 2169 758 2216 extraneam
804 2159 1184 2215 nominetenus
1224 2164 1436 2212 tantum
1465 2159 1519 2212 in
1550 2158 1642 2213 illo
1665 2173 1786 2213 esse
1814 2172 2041 2229 genero-

440 2253 659 2308 sitatem
687 2250 994 2306 afﬁrmans:
1037 2250 1133 2322 qui
1160 2250 1442 2321 adjuratus
1479 2264 1510 2304 a
1531 2250 1787 2321 pontifice
1821 2248 2040 2306 Judaao«

438 2358 561 2399 rum
589 2358 690 2414 per
719 2355 917 2399 nomen
938 2342 1135 2398 summi
1163 2342 1281 2407 Dei,
1320 2357 1387 2396 an
1410 2340 1582 2397 Filius
1608 2343 1704 2397 Dei
1733 2352 1902 2409 esset,
1952 2358 2041 2397 re-

438 2436 659 2506 spondit
697 2435 889 2506 planc:
942 2434 1055 2505 Ego
1078 2451 1215 2490 sum.
1295 2433 1398 2501 Qui
1447 2443 1500 2489 et
1555 2451 1698 2491 caeco
1736 2435 2039 2492 illuminato

438 2528 799 2600 interroganti
853 2528 977 2599 quis
1024 2536 1170 2583 esset
1197 2527 1366 2582 Filius
1415 2527 1532 2593 Dei,
1585 2537 1641 2583 et
1684 2530 1931 2584 crederet
1981 2530 2037 2585 in

438 2634 585 2685 eum,
635 2618 802 2674 dixit:
852 2618 922 2673 Et
967 2618 1146 2672 vidisti
1183 2634 1325 2684 eum,
1372 2626 1419 2672 et
1443 2620 1533 2689 qui
1560 2617 1796 2690 loquitur
1837 2629 2033 2687 tecum,

435 2714 548 2784 ipse
564 2721 639 2767 est
679 2709 862 2784 (Joan.
883 2727 960 2776 rx,
989 2710 1104 2781 '57).
1154 2709 1293 2777 Quid
1324 2710 1412 2766 ille
1458 2709 1571 2780 jam
1598 2712 1931 2769 illuminatus
1950 2713 2037 2768 vi-

439 2803 554 2860 dit?
590 2803 809 2873 Absque
838 2803 1178 2859 dubitatione
1231 2803 1582 2860 humanitatis
1610 2814 1884 2873 naturam,
1927 2823 2036 2864 non

438 2895 739 2951 divinitatis
763 2896 1145 2961 substantiam,
1200 2911 1322 2966 qua:
1348 2897 1661 2954 carnalibus
1699 2898 1871 2953 videri
1899 2882 2033 2956 oeu-

437 2988 506 3045 lis
532 3005 639 3045 non
666 2997 863 3059 potest.
907 2989 1024 3044 Duo
1049 2989 1185 3045 dixit
1209 2990 1261 3044 ei
1280 2989 1571 3046 Dominus:
1602 2992 1670 3047 Et
1696 2993 1868 3048 vidisti
1893 3009 2031 3060 eum,

436 3094 485 3139 et
508 3084 599 3156 qui
624 3081 856 3154 loquitur
875 3091 1045 3135 tecum
1073 3097 1091 3145 ;
1135 3099 1256 3153 qua:
1289 3083 1505 3154 proprie
1531 3084 1600 3139 ad
1630 3084 1921 3139 humanam
1945 3084 2036 3160 in-A
2062 3121 2109 3184 ρ

438 3178 754 3247 telliguntur
772 3174 1050 3246 pertinere
1074 3184 1359 3240 naturam;
1392 3183 1446 3230 et
1475 3184 1675 3242 tamen,
1717 3191 1840 3246 qua:
1863 3176 2035 3232 videri

437 3268 613 3338 potuit
658 3276 713 3321 et
755 3268 928 3322 audiri
959 3266 1203 3337 loquens,
1255 3267 1503 3322 eamdem
1534 3277 1783 3323 naturam
1836 3268 2034 3324 Filium

441 3359 532 3413 Dei
583 3373 704 3413 esse
728 3357 1019 3413 fatebatur.
1065 3357 1210 3413 Dicis
1248 3373 1461 3428 quoque
1489 3374 1557 3414 ex
1578 3359 1849 3415 versiculo
1889 3358 2037 3414 Psal-

437 3449 725 3520 migraphi,
764 3466 846 3503 me
892 3449 1219 3519 defensorem
1273 3460 1321 3503 et
1370 3451 1642 3505 inimicum
1688 3469 1819 3507 esse.
1872 3452 2037 3509 Forte

438 3539 628 3596 nolens
648 3554 839 3596 verum
869 3539 933 3594 de
963 3553 1049 3594 me
1075 3539 1348 3610 protulisti
1376 3540 1764 3596 testimonium.
1837 3540 2036 3597 Fateor

437 3630 703 3700 siquidem
726 3645 813 3685 me
843 3629 1179 3686 defensorem
1208 3646 1329 3686 esse
1364 3630 1486 3686 fidei
1509 3631 1812 3699 catholicae,
1852 3643 1906 3688 et
1933 3634 2038 3688 ini-

438 3722 639 3777 micum
681 3735 801 3778 esse
847 3722 1189 3780 inimicorum
1216 3723 1445 3790 Christi,
1488 3725 1580 3796 qui
1610 3725 1871 3782 honorem
1900 3727 2036 3782 divi-

439 3815 627 3871 nitatis
668 3823 724 3870 et
751 3813 1085 3871 nobilitatem
1116 3816 1397 3889 dignitatis
1432 3816 1510 3872 illi
1540 3816 1780 3873 adimere
1808 3824 2034 3873 conten-

438 3909 592 3973 dunt,
639 3921 800 3979 quem
845 3923 1086 3980 paganus
1108 3909 1358 3966 centurio
1408 3910 1547 3964 mori
1594 3925 1843 3975 cernens,
1877 3911 2036 3965 terri-

440 4013 527 4057 tus
546 4000 936 4056 elementorum
963 4000 1283 4066 mutatione,
1319 4015 1507 4055 verum
1540 4000 1633 4055 Dei
1674 4000 1871 4056 Filium
1904 4015 2037 4057 con-

440 4091 615 4147 fessus
640 4098 725 4147 est
759 4090 974 4146 dicens:
1029 4089 1162 4145 Vere
1211 4090 1308 4145 Dei
1355 4088 1528 4145 Filius
1566 4099 1679 4144 erat
1736 4090 1889 4144 homo
1936 4092 2036 4147 istc

439 4179 656 4251 (Matth.
681 4195 849 4246 xxvu,
873 4179 974 4246 54;
1014 4178 1186 4233 Marc.
1215 4196 1297 4243 tu,
1333 4179 1420 4244 ll,
1461 4179 1566 4251 l2).
1615 4179 1729 4235 lmo
1756 4180 2036 4236 diabolicae

438 4275 753 4339 potestates,
815 4268 955 4323 sicut
976 4268 1030 4321 in
1075 4268 1366 4339 Evangelia
1410 4268 1623 4340 legitur,
1671 4270 1738 4326 de
1798 4271 2036 4328 obsessis

438 4362 736 4418 clamantes
761 4359 1101 4428 corporibus,
1123 4358 1398 4415 Christum
1431 4359 1527 4414 Dei
1554 4361 1749 4415 Filium
1776 4362 2037 4418 confessa:

2145 507 2200 553 et
2233 499 2536 571 intelligere
2562 500 2744 554 vultis.
2785 500 3103 555 Certissime
3132 517 3219 558 me
3249 504 3448 562 scitote
3476 507 3611 563 duas
3637 525 3736 565 na-

2146 605 2316 661 turas,
2344 595 2487 650 sicut
2513 596 2763 665 superius
2789 595 2900 650 dixi
2918 635 2933 660 ,
2971 603 3028 650 et
3055 611 3220 651 unam
3249 612 3543 667 personam
3564 602 3734 658 eonﬁ-

2144 690 2247 744 teri
2274 691 2331 744 in
2352 690 2594 746 Christo.
2626 690 2884 745 Firmiter
2909 705 3145 761 namque
3172 693 3377 762 absque
3405 695 3554 750 omni
3582 696 3737 751 dubi-

2146 784 2346 839 tatione
2387 785 2717 840 credendum
2760 792 2844 840 est
2891 793 2947 840 et
2986 785 3390 855 praadieandum
3415 828 3430 851 ,
3479 788 3730 843 eumdem

2142 889 2263 930 esse
2290 875 2381 945 qui
2412 883 2574 931 natus
2600 885 2685 931 est
2717 890 2786 931 ex
2814 876 3055 947 Virgine,
3087 876 3257 932 Deum
3288 893 3483 933 verum
3508 880 3564 934 in
3594 881 3730 935 dua-

2141 967 2245 1024 bus
2270 969 2500 1034 naturis,
2535 976 2593 1024 et
2618 984 2809 1024 verum
2834 968 3031 1023 Filium
3062 969 3157 1025 Dei
3186 988 3199 1024 :
3250 970 3328 1025 ita
3372 979 3434 1026 ut
3472 986 3619 1028 unus
3654 975 3728 1029 sit

2140 1060 2412 1129 Christus,
2440 1070 2496 1115 et
2522 1077 2661 1116 unus
2691 1060 2856 1126 Deus,
2901 1070 2957 1116 et
2986 1076 3126 1116 unus
3151 1061 3246 1116 Dei
3275 1061 3464 1126 Filius,
3498 1073 3554 1118 et
3582 1081 3725 1121 unus

2142 1166 2271 1217 rex,
2314 1159 2372 1206 et
2409 1166 2550 1206 unus
2581 1151 2749 1206 totius
2774 1150 2960 1205 mundi
2991 1150 3259 1217 Salvator,
3287 1152 3571 1208 divinitate
3595 1169 3725 1209 con-

2141 1244 2514 1300 substantialis
2537 1243 2705 1308 Patri,
2735 1244 3071 1299 humanitate
3099 1246 3579 1301 consubstantialis
3606 1264 3721 1301 ma-

2141 1340 2233 1406 tri,
2260 1347 2322 1394 ut
2345 1339 2417 1394 sit
2444 1337 2586 1394 idem
2610 1353 2778 1394 verus
2802 1338 2947 1393 Deus
2970 1345 3028 1392 ct
3051 1353 3213 1393 verus
3243 1339 3407 1393 homo
3437 1337 3492 1392 in
3523 1339 3733 1395 unitate

2139 1444 2403 1501 personat,
2433 1445 2593 1499 quem
2618 1445 2718 1485 vos
2746 1430 2863 1485 sine
2892 1429 3063 1485 dubio
3081 1445 3204 1484 eum
3234 1428 3484 1485 Nestorio
3512 1431 3567 1485 in
3593 1431 3730 1488 duos

2140 1521 2382 1577 dividitis
2410 1521 2569 1589 filios,
2597 1530 2654 1577 et
2680 1522 2734 1576 in
2759 1522 2895 1577 duas
2914 1535 3198 1590 personas,
3222 1522 3726 1591 per-proprietatem

2138 1622 2195 1669 et
2239 1613 2605 1683 adoptionem.
2666 1612 2785 1668 Non
2834 1612 3001 1684 igitur
3042 1612 3186 1667 idem
3238 1613 3501 1684 magister
3546 1623 3727 1671 vester

2142 1705 2425 1763 Nestorius
2453 1707 2727 1762 invenitur
2752 1707 2886 1763 duas
2919 1722 3181 1777 personas
3214 1708 3392 1778 palam
3432 1709 3485 1764 in
3511 1709 3728 1765 Christo

2140 1798 2406 1869 profiteri,
2430 1806 2692 1868 quantum
2713 1797 2784 1852 ad
2807 1812 2913 1853 nos
2935 1796 3127 1852 litterae
3153 1796 3300 1852 illius
3325 1798 3609 1868 pervenire
3632 1815 3728 1869 po-

2141 1897 2400 1946 tuerunt:
2438 1889 2533 1944 sed
2559 1888 2741 1944 omnia
2766 1903 2888 1958 quae
2913 1888 3133 1943 duabus
3165 1904 3390 1944 necesse
3426 1897 3511 1945 est
3548 1890 3729 1947 inesse

2139 1980 2408 2053 personis,
2448 1979 2697 2052 proferre
2722 1980 2790 2034 de
2814 1978 3032 2034 Christo
3059 1979 3359 2049 reperitur,
3381 1980 3727 2048 adopiioncm

2140 2073 2282 2128 sicut
2308 2079 2364 2127 et
2387 2087 2486 2127 vos
2514 2069 2843 2126 humanitati
2869 2069 3206 2136 adscribens,
3229 2079 3284 2125 et
3310 2069 3578 2125 divinitati
3602 2086 3729 2143 pro-

2139 2163 2427 2234 prietatem
2454 2162 2550 2216 ﬁlii
2577 2161 2886 2232 designans.
3056 2228 3059 2231 ν

2213 2256 2280 2311 Χ.
2321 2255 2403 2310 Tu
2432 2271 2584 2320 vero,
2615 2254 2786 2309 frater
2813 2254 3091 2324 Elipande,
3109 2255 3272 2311 homo
3301 2255 3572 2321 animalis,
3603 2258 3727 2312 ani-

2140 2349 2366 2404 malium
2394 2363 2547 2405 more
2573 2348 2984 2419 generationem
3009 2347 3137 2402 Filii
3157 2348 3253 2404 Dei
3282 2348 3609 2419 intelligens,
3632 2350 3731 2404 mi-

2139 2457 2243 2497 nus
2268 2452 2321 2497 te
2346 2442 2520 2512 ipsum
2545 2440 2916 2508 considerans,
2944 2456 3014 2495 an
3039 2448 3183 2497 totus
3208 2441 3388 2495 anima
3412 2449 3470 2496 et
3496 2456 3731 2512 corpore

2138 2535 2215 2589 sis
2241 2535 2495 2605 proprius
2522 2533 2664 2588 ﬁlius
2689 2533 2865 2603 patris
2890 2533 2971 2587 tui
2995 2541 3050 2588 et
3074 2533 3263 2588 matris
3290 2540 3417 2599 tum,
3448 2533 3576 2588 dum
3607 2548 3731 2589 cer—

2139 2631 2254 2678 tum
2280 2632 2396 2689 est,
2440 2622 2610 2680 solam
2650 2638 2872 2679 carnem
2913 2638 2983 2678 ex
3023 2624 3403 2695 conjunctione
3434 2632 3727 2694 parentum

2140 2724 2354 2770 tuorum
2382 2724 2722 2785 procreatam
2754 2731 2895 2779 esse,
2942 2716 3134 2770 anima:
3159 2731 3289 2772 vero
3318 2725 3627 2772 creaturam
3657 2733 3725 2772 ex

2138 2806 2311 2861 nihilo
2338 2806 2435 2861 Dei
2466 2807 2710 2877 potentia
2739 2807 3036 2873 conditam,
3066 2816 3122 2863 et
3147 2808 3579 2879 coagulationem
3606 2824 3730 2865 car-

2138 2898 2224 2953 nis
2250 2898 2304 2953 in
2327 2907 2484 2954 utero
2505 2898 2698 2954 matris
2722 2898 3066 2969 coniunctam
3089 2900 3444 2957 viviﬁeatrice
3461 2901 3724 2972 potentia,

2136 2996 2199 3044 ut
2225 2989 2405 3045 vivum
2434 2997 2751 3046 nasceretur
2764 2988 2965 3045 animal
2982 2991 3244 3046 rationale
3269 2999 3434 3061 atque
3461 2991 3722 3047 mortale:

2138 3089 2193 3137 et
2219 3082 2365 3152 quod
2402 3082 2456 3136 in
2494 3082 2645 3137 omni
2687 3082 2907 3138 homine
2935 3081 3049 3137 ﬁeri
3078 3097 3238 3153 posse
3273 3083 3489 3148 cernis,
3533 3083 3588 3137 in
3628 3082 3725 3137 Dei

2138 3173 2279 3229 Filio
2308 3173 2423 3230 ﬁeri
2451 3182 2713 3244 operante
2739 3182 2929 3231 sancto
2959 3174 3165 3246 Spiritu
3195 3175 3443 3232 confiteri
3475 3176 3726 3241 dubitas;

2138 3273 2196 3320 ut
2224 3267 2367 3322 Deus
2396 3267 2762 3336 omnipotens,
2804 3268 2896 3337 qui
2938 3268 3122 3322 omnia
3166 3266 3297 3323 facit
3342 3283 3469 3337 quae
3509 3267 3623 3321 vult
3672 3268 3729 3322 in

2136 3356 2275 3412 coelo
2303 3363 2359 3411 et
2393 3356 2641 3421 interra,
2670 3358 2775 3413 hoc
2801 3357 2999 3424 solum,
3034 3365 3088 3413 te
3116 3357 3353 3423 nolente,
3379 3358 3487 3412 non
3516 3358 3729 3428 (nituis-

2137 3454 2240 3511 set,
2280 3454 2341 3500 ut
2368 3445 2536 3502 Filius
2579 3447 2681 3502 sibi
2725 3448 2978 3517 proprius
3000 3449 3170 3520 880
3192 3463 3261 3503 ex
3286 3448 3537 3519 virginali
3569 3457 3730 3504 utero

2137 3542 2473 3589 nasceretur.
2509 3534 2618 3590 Aut
2645 3544 2698 3590 te
2726 3536 2902 3606 ipsum
2945 3550 3081 3608 nega
3121 3538 3401 3608 proprium
3428 3538 3594 3592 ﬁlium
3622 3554 3726 3608 pa-

2138 3625 2383 3681 rentibus
2413 3626 2523 3680 tuis
2563 3626 2665 3682 nisi
2713 3627 2828 3683 sola
2856 3643 3042 3693 carne,
3074 3636 3169 3683 aut
3199 3630 3251 3684 si
3274 3630 3378 3685 hoc
3412 3631 3507 3684 tibi
3536 3631 3734 3685 absur-

2137 3715 2265 3771 dum
2295 3716 2564 3783 videatur,
2611 3719 2923 3776 confitearis
2964 3735 3189 3776 necesse
3231 3730 3318 3777 est
3359 3722 3412 3777 in
3459 3722 3598 3777 Filio
3627 3723 3728 3777 Dei

2138 3808 2281 3863 hanc
2318 3809 2707 3879 proprietatem
2750 3811 2869 3866 fieri
2906 3826 3068 3881 posse
3097 3810 3245 3884 (licet
3274 3813 3499 3869 alterius
3530 3822 3730 3869 natura

2136 3900 2208 3956 sit
2236 3909 2438 3957 aeterna
2477 3902 2766 3970 divinitas,
2807 3904 3034 3960 alterius
3069 3922 3134 3961 ex
3171 3913 3416 3977 tempore
3446 3906 3587 3963 facta
3618 3909 3730 3962 hu-

2137 3994 2392 4068 manitas)
2413 4010 2575 4066 quam
2598 3996 2652 4051 in
2676 4003 2729 4051 te
2752 3996 3023 4067 ipsofore,
3051 3998 3160 4056 imo
3181 4000 3311 4055 etin
3336 4001 3494 4055 omni
3509 4001 3733 4057 homine

2138 4103 2337 4160 negare
2361 4105 2469 4145 non
2496 4091 2596 4145 vis.

2208 4180 2297 4235 XI.
2341 4180 2423 4237 Me
2463 4181 2630 4253 igitur
2666 4183 2943 4239 recordari
2969 4184 3130 4256 iubes
3156 4184 3443 4240 Dominum
3483 4185 3684 4241 dixisse
3713 4206 3731 4241 :

2138 4271 2274 4327 Lata
2318 4282 2368 4328 et
2409 4274 2643 4344 spatiosa
2682 4275 2765 4328 ria
2799 4283 2899 4341 est,
2944 4291 3065 4346 qua!
3094 4276 3239 4330 ducit
3269 4275 3340 4329 ad
3378 4286 3632 4340 mortem,
3679 4286 3734 4330 et

2136 4361 2289 4416 multi
2326 4373 2467 4427 sunt,
2500 4364 2588 4435 qui
2622 4364 2820 4420 intrant
2857 4380 2951 4435 per
2979 4381 3116 4419 eam.
3156 4362 3329 4430 Quam
3359 4376 3507 4419 arcta
3544 4375 3591 4418 et
3630 4382 3738 4419 an-

439 4458 586 4507 sunt.
662 4449 774 4506 Nec
802 4449 904 4505 hoc
931 4448 1074 4515 dico,
1110 4449 1254 4518 quod
1284 4449 1496 4503 illorum
1543 4449 1852 4505 testimonio
1892 4451 2032 4506 iudi-
2063 4466 2116 4527 ι)
2138 4465 2293 4526 gusta
2322 4456 2405 4510 via
2432 4464 2531 4522 est,
2558 4472 2677 4527 qua:
2705 4456 2849 4510 ducit
2875 4457 2944 4510 ad
2971 4457 3152 4522 ritum,
3185 4466 3234 4510 et
3260 4458 3416 4527 pauci
3461 4464 3581 4510 sunt
3634 4457 3734 4527 qui

440 4557 628 4613 gcam,
669 4541 877 4596 habens
917 4547 1085 4594 testes
1122 4538 1286 4594 totius
1336 4537 1633 4607 Scriptura:
1657 4546 1859 4592 sanctae
1881 4540 2031 4609 pagi-

440 4647 577 4699 nas;
615 4633 709 4688 sed
734 4632 802 4688 ad
823 4630 1197 4687 confusionem
1222 4628 1557 4684 infidelitatis
1592 4635 1787 4682 vestrae
1816 4628 2030 4684 illorum

440 4720 596 4777 vobis
646 4723 877 4792 praefero
918 4723 1102 4789 ﬁdem,
1133 4721 1225 4791 qui
1276 4721 1377 4777 soli
1425 4720 1500 4775 ita
1540 4720 1782 4790 perversi
1811 4720 1942 4775 estis
1976 4721 2032 4776 in

442 4816 571 4883 tlde,
602 4823 663 4870 ut
691 4816 959 4872 diabolica
988 4817 1140 4874 vobis
1165 4816 1325 4890 digne
1348 4814 1671 4889 praeferatur
1703 4815 1992 4872 confessio.

514 4908 604 4964 1X.
643 4907 796 4976 Quod
822 4924 950 4964 vero
984 4925 1070 4965 me
1097 4912 1297 4966 asseris
1331 4911 1724 4966 humanitatem
1752 4927 1937 4967 veram
1979 4911 2034 4966 in

442 5000 664 5059 Christo
703 5016 933 5072 negare,
980 5002 1203 5057 omnino
1238 5002 1433 5058 falsum
1478 5011 1596 5070 est;
1645 5019 1747 5060 nec
1788 5004 1842 5060 in
1888 5004 2035 5059 omni

444 5095 749 5152 litterarum
794 5108 1036 5149 mearum
1078 5094 1218 5149 serie
1261 5110 1349 5149 me
1389 5096 1491 5150 hoc
1532 5097 1713 5152 dicere
1742 5096 1825 5151 vel
1854 5096 2034 5152 credi-

445 5189 589 5245 disse
614 5190 849 5259 probare
874 5187 1097 5260 poteris.
1145 5186 1253 5243 Sed
1279 5188 1334 5241 in
1363 5203 1449 5255 eo,
1480 5190 1683 5259 absque
1711 5189 1820 5243 ulla
1849 5189 2037 5245 dubie-

445 5287 555 5337 tate
580 5281 665 5336 vel
706 5282 983 5354 scrupulo,
1031 5281 1166 5337 duas
1206 5280 1469 5337 conﬁteor
1501 5292 1729 5337 naturas
1765 5281 2038 5353 perfectas

445 5378 502 5427 et
532 5372 790 5443 integras,
826 5375 1127 5430 divinitatis
1168 5374 1378 5429 scilicet
1403 5381 1564 5445 atque
1594 5376 1951 5432 humanitatis
1982 5377 2037 5431 in

446 5479 553 5519 una
606 5479 836 5535 persona
888 5478 944 5524 et
983 5469 1037 5525 in
1074 5484 1183 5524 uno
1211 5468 1334 5523 Filii
1364 5468 1459 5524 Dei
1486 5471 1747 5526 nomine:
1797 5472 1938 5527 sicut
1982 5472 2036 5527 in

445 5554 675 5625 epistola
703 5571 863 5626 quam
895 5559 1179 5615 charitatis
1218 5558 1395 5616 oﬁicio
1438 5571 1493 5616 et
1536 5562 1725 5618 salutis
1756 5570 1863 5617 tum
1894 5562 2037 5619 desi-

450 5645 602 5701 derio
642 5645 908 5702 catholico
952 5648 1161 5705 calamo
1205 5653 1523 5706 reverentia:
1566 5662 1762 5710 vestra:
1808 5670 2037 5711 exarare

450 5738 781 5808 curavimus,
822 5739 1105 5812 perspicue
1139 5740 1436 5812 intelligere
1465 5745 1723 5813 potestis,
1770 5747 1817 5801 si
1856 5747 2038 5803 sobrio

2134 4547 2399 4599 irweniunt
2428 4562 2542 4599 eam
2572 4545 2787 4618 (Matth.
2816 4562 2914 4612 vn,
2945 4546 3032 4611 l3,
3066 4545 3153 4617 l4)
3179 4545 3191 4598 l
3240 4545 3547 4600 Recordare
3583 4555 3639 4599 et
3673 4553 3736 4599 tu

2098 4667 2111 4684 ο
2137 4635 2465 4706 Prophetam
2519 4638 2762 4693 dixisse:
2822 4635 3115 4693 Pascentur
3165 4637 3289 4707 agni
3344 4637 3401 4691 in
3453 4636 3740 4690 latitudine

2137 4726 2311 4798 (Osca:
2337 4744 2412 4795 tv,
2445 4729 2553 4800 16).
2611 4730 2679 4784 Et
2705 4729 3049 4784 Psalmistam
3093 4729 3159 4785 de
3196 4729 3437 4799 potentia
3466 4728 3614 4799 ejus,
3662 4728 3738 4781 de

2136 4835 2245 4890 quo
2271 4820 2428 4876 nobis
2457 4835 2638 4877 sermo
2672 4829 2788 4887 est,
2833 4821 3005 4876 multo
3034 4830 3160 4877 ante
3184 4821 3562 4891 prmcecinisse
3590 4837 3603 4872 :
3657 4819 3737 4874 Et

2136 4911 2495 4967 dominabitur
2519 4929 2551 4966 a
2588 4914 2726 4967 mari
2757 4930 2918 4984 usque
2945 4913 3017 4967 ad
3043 4930 3217 4979 mare,
3263 4923 3311 4968 et
3353 4931 3385 4967 a
3420 4911 3739 4983 ﬂuminibus

2139 5021 2302 5077 usque
2325 5005 2394 5061 ad
2423 5007 2668 5061 terminos
2696 5008 2835 5062 orbis
2864 5017 3019 5062 terra:
3041 5007 3212 5079 (Prol.
3238 5024 3385 5073 uxr,
3412 5007 3489 5078 8).
3522 5007 3742 5077 Ipsum-

2138 5110 2245 5166 que
2289 5113 2414 5152 cum
2461 5098 2741 5169 triumpho
2789 5099 2975 5169 gloriae
3025 5100 3407 5156 ascendentem
3457 5099 3511 5153 in
3558 5099 3744 5156 cmlos

2138 5191 2452 5246 mandatum
2478 5191 2691 5247 dedisse
2714 5191 2986 5262 Apostblis
3013 5192 3145 5256 suis,
3175 5201 3236 5246 ut
3259 5192 3516 5247 docerent
3539 5206 3745 5249 omnes

2138 5290 2362 5351 gentes,
2408 5281 2630 5336 dicens:
2683 5281 2794 5345 Ite,
2841 5282 3021 5337 docete
3070 5300 3247 5339 omnes
3293 5293 3466 5354 gentes
3507 5280 3738 5353 (Matth.

2139 5386 2331 5437 xxmt,
2365 5370 2473 5443 l9).
2512 5370 2651 5427 Olim
2680 5373 2733 5427 in
2762 5373 2948 5429 Judtea
2978 5384 3141 5431 notus
3170 5375 3544 5433 tantummodo
3582 5373 3741 5431 Deus
3772 5404 3779 5409 -

2140 5464 2314 5536 (Psal.
2342 5482 2507 5531 Lxxv,
2535 5467 2613 5540 2),
2674 5484 2817 5523 nunc
2864 5483 2995 5524 vero
3042 5470 3295 5525 omnibus
3340 5468 3593 5540 gentibus
3623 5484 3744 5526 vox

2141 5574 2246 5614 una
2289 5567 2373 5613 est
2396 5558 2671 5626 Christus,
2704 5576 2863 5631 quem
2890 5578 2988 5619 vos
3035 5563 3201 5617 intra;
3224 5561 3514 5632 Pyrenazos
3553 5562 3746 5621 saltus

2140 5667 2247 5707 non
2276 5666 2548 5721 regnasse,
2577 5651 2671 5708 sed
2699 5656 2971 5724 captivum
2997 5654 3242 5710 latitasse
3267 5653 3553 5709 aestimatis

2215 5743 2327 5800 ΧΠ.
2369 5743 2526 5801 Aliud
2560 5760 2777 5817 quoque
2812 5746 2877 5802 de
2911 5746 3200 5818 Evangelio
3234 5744 3447 5818 profers
3483 5746 3741 5805 testimo-
