3964 6186
353 311 446 367 251

1189 303 1253 359 Β.
1286 304 1352 359 F.
1390 301 1617 358 ALBIN!
1656 299 1786 356 SEU
1826 297 2100 354 ALCUINI
2137 295 2417 354 OPERUM
2454 293 2634 351 PARS
2666 294 2750 351 III.

3501 291 3608 350 233

357 422 683 494 praecipuum
711 419 919 475 habens
951 418 1077 483 hoc,
1103 414 1315 487 quod...
1343 414 1508 471 Verbi
1537 410 1931 482 eopulationem
1962 420 2005 475 Α
2033 405 2255 471 Christi,
2295 405 2387 474 qui
2421 420 2490 460 ex
2527 404 2756 458 diversis
2794 401 3074 494 christiani
3099 401 3329 494 imperii
3366 402 3609 494 partibus

356 511 697 582 adoptionem
721 510 1068 580 participans.
1100 528 1118 561 ι

430 601 545 658 XV.
585 600 810 665 Videte,
852 598 957 653 viri
1002 599 1233 663 fratres,
1277 597 1455 651 videte
1497 593 1797 664 periculum
1837 604 1932 645 vc-

360 705 535 751 strum
559 735 573 757 ,
619 702 678 749 et
719 691 936 748 tandem
977 691 1263 761 aliquando
1303 688 1605 759 resipiscite
1644 687 1713 741 ab
1752 698 1935 739 errore

362 785 709 849 inﬁdelitatis,
752 784 1050 838 devitantes
1086 781 1386 836 doctrinam
1425 778 1698 833 dualitatis
1730 776 1796 830 de
1833 775 1938 828 Re-

364 876 642 946 demptore
689 882 892 929 nostro.
955 871 1061 926 Aut
1112 871 1158 926 si
1210 886 1276 924 ex
1324 869 1591 925 catholica
1630 875 1939 923 sanctorum

365 968 588 1020 Patrum
643 964 1023 1033 prmdicatione
1072 977 1179 1016 non
1220 960 1382 1016 vultis
1410 1001 1425 1027 ,
1474 961 1558 1015 vel
1598 976 1665 1016 ex
1708 958 1940 1013 Nestorii

367 1056 530 1126 impia
572 1053 981 1115 incredulitate,
1039 1060 1096 1106 et
1135 1051 1282 1119 iusta
1327 1052 1668 1106 damnatione
1706 1058 1942 1104 vestram

2029 504 2423 561 convenerant,
2462 502 2664 549 aeterno
2696 493 3040 547 anathemate
3078 492 3332 547 damnata
3361 511 3374 546 :
3419 493 3530 547 imo
3555 502 3611 549 et

2031 602 2062 640 a
2094 585 2266 640 beatae
2296 583 2571 638 memoriae
2604 582 2840 637 Adriano
2876 596 3034 663 papa,
3070 583 3160 651 qui
3190 592 3320 637 tunc
3352 584 3611 653 temporis

2034 683 2232 730 sanctae
2292 672 2547 728 Romana:
2607 672 2863 727 Ecclesia:
2925 672 3222 741 apostolica
3284 676 3610 730 auctoritate

2036 772 2254 820 rexerat
2290 762 2491 827 sedem,
2532 762 2777 817 funditus
2814 764 3210 818 exterminata:
3255 766 3427 821 donec
3469 767 3610 822 idem

2032 856 2185 911 Felix
2223 853 2511 909 infeliciter
2549 853 2618 908 ad
2659 861 2866 908 vestras
2909 852 3181 925 refugiens
3204 866 3383 925 partes
3406 858 3613 927 sopitos

2039 944 2371 1000 inﬁdelitatis
2397 945 2626 1009 cineres,
2649 946 2803 1001 vobis
2828 947 3262 1013 exhortantibus,
3287 952 3613 1005 resuscitare

2040 1037 2287 1091 intendit.
2334 1035 2431 1091 Cui
2463 1051 2563 1107 ego
2590 1037 2644 1090 in
2675 1038 2774 1091 has
2805 1038 3096 1093 adveniens
3124 1051 3307 1108 partes
3337 1042 3620 1097 charitatis

368 1145 620 1214 corrigite
662 1144 1023 1206 sententiam,
1071 1142 1316 1196 eam'lem
1361 1140 1702 1210 adeptionem
1747 1140 1799 1193 in
1844 1138 1945 1192 hu—
2043 1128 2252 1183 Cilme
2297 1129 2578 1198 οβίειοιθω
2623 1130 3087 1192 εκῖιοηῧιοτίθω»
3134 1139 3194 1184 ut
3237 1146 3296 1186 δε
3339 1133 3618 1188 “ilionea!

372 1236 631 1289 inanitate
666 1233 867 1288 Christi
908 1233 1227 1289 allirmautis
1268 1231 1425 1305 [Cod.
1450 1230 1652 1297 Paris.,
1677 1230 1948 1285 aﬁirman-
2036 1218 2286 1289 ἱιιηεενει
2323 1220 2539 1284 “nimi,
2580 1220 2814 1290 ἀίνίεθνθ
2853 1221 3058 1276 Cum“
3102 1220 3202 1276 συί
3238 1222 3329 1278 me
3361 1239 3470 1277 ηοῐι
3502 1224 3619 1294 EPi‘

370 1323 474 1396 tes)
500 1365 515 1389 ,
567 1325 709 1380 sicut
748 1325 801 1379 in
847 1325 989 1380 illius
1026 1325 1205 1379 verbis
1243 1324 1430 1379 audire
1470 1324 1696 1394 potestis
1720 1362 1735 1387 ,
1785 1336 1947 1391 quam
2046 1313 2234 1368 molari
2276 1313 2558 1377 brevitate,
2603 1313 2698 1368 sed
2737 1312 2903 1369 libelli
2949 1314 3254 1383 prolixitate
3292 1317 3621 1385 respondere

372 1423 553 1469 vestra
598 1414 848 1484 pertinax
901 1414 1206 1486 ignorantia
1255 1412 1525 1467 afﬁrmare
1574 1412 1785 1466 nititur.
1826 1410 1952 1464 Dis-
2048 1406 2200 1461 nisus
2237 1413 2339 1471 est,
2367 1413 2527 1475 atque
2562 1405 2617 1459 in
2647 1420 2713 1460 eo
2748 1418 2935 1460 omnes
2957 1404 3195 1475 perﬁdiae
3216 1413 3412 1460 vestrae
3436 1404 3621 1462 foveas
3656 1399 3661 1404 ’

373 1505 558 1575 perdat
589 1507 726 1559 enim
758 1504 963 1578 (Forte,
992 1506 1133 1578 eum]
1166 1506 1442 1570 Dominus,
1489 1504 1619 1560 dicit
1656 1503 1950 1573 Propheta,
2050 1501 2285 1558 maxime
2323 1500 2553 1570 aperuit,
2595 1512 2842 1554 asserens
2878 1499 3150 1554 Christum
3182 1507 3241 1555 et
3260 1507 3499 1555 veterem
3525 1500 3625 1555 ho—

376 1593 684 1664 magistrum
710 1604 758 1649 et
786 1593 1102 1665 discipulum
1126 1594 1408 1650 docentem
1451 1593 1577 1647 talia
1605 1591 1863 1663 (Malach.
1886 1606 1950 1654 II,
2053 1592 2254 1648 minem
2289 1606 2430 1655 esse,
2471 1598 2529 1645 et
2559 1590 2981 1659 nuncupativum
3009 1590 3200 1655 Deum,
3234 1597 3291 1645 et
3315 1590 3625 1660 adoptivum

377 1680 488 1755 12).
535 1682 641 1739 Sed
668 1692 728 1739 et
757 1683 978 1755 angelus
1008 1684 1220 1739 Domini
1241 1685 1422 1739 vibrat
1450 1682 1684 1755 gladium
1706 1682 1955 1736 vindicta“:
2057 1682 2248 1747 ﬁlium,
2290 1691 2347 1737 et.
2380 1681 2616 1736 secunda
2653 1680 2950 1751 indiguisse
2987 1681 3419 1752 regeneratione,
3444 1688 3500 1735 et
3522 1680 3626 1736 alia

376 1789 540 1844 super
576 1782 737 1845 caput
760 1782 1019 1837 vestrum,
1048 1783 1109 1828 ut
1147 1773 1349 1829 dividat
1369 1789 1487 1837 vos,
1519 1773 1564 1828 si
1587 1788 1683 1827 vos
1715 1771 1957 1826 dividitis
1984 1755 2030 1815 Β
2057 1773 2286 1843 plurima
2326 1772 2707 1830 ecclesiasth
2738 1772 2997 1827 doctrinm
3033 1773 3483 1828 inconvenientia.
3527 1771 3627 1827 Cui

379 1867 654 1923 Christum
702 1868 757 1922 in
800 1868 1077 1940 proprium
1122 1867 1290 1923 ﬁlium
1333 1876 1389 1922 et
1425 1868 1776 1938 adoptivum,
1826 1880 1954 1935 par—

380 1968 596 2029 temque
626 1959 793 2014 vestri
835 1967 999 2029 ponat
1035 1974 1162 2013 cum
1200 1959 1519 2030 hypocritis,
1552 1957 1644 2012 ubi
1670 1957 1776 2011 erit
1802 1955 1958 2011 ﬂetus

382 2061 439 2105 et
461 2050 659 2106 stridor
680 2050 942 2106 dentium.
966 2050 1034 2105 Et
1065 2059 1144 2114 tu,
1166 2050 1469 2104 venerande
1493 2048 1653 2103 Pater
1679 2047 1955 2117 Elipande,

383 2151 575 2198 caveto
614 2154 683 2197 ne
718 2140 962 2211 iuniores
1006 2140 1154 2195 aetati
1215 2148 1322 2194 tua:
1380 2140 1639 2195 insultent
1687 2148 1742 2193 et
1779 2139 1960 2194 dicant

384 2248 508 2287 cum
541 2231 799 2288 Danielc:
841 2231 1131 2286 Inveterate
1169 2230 1373 2284 dierum
1412 2229 1694 2295 malorum,
1718 2246 1853 2284 nunc
1876 2246 1963 2284 oe-

384 2333 573 2377 nerunt
604 2332 815 2394 peccata
847 2332 959 2386 tua,
995 2339 1111 2392 qua:
1142 2322 1444 2392 operabaris
1481 2322 1627 2392 prius
1653 2321 1814 2393 (Dan.
1840 2338 1958 2387 Xlll,

382 2411 492 2485 52),
540 2414 860 2469 subvertens
901 2413 1014 2467 vias
1052 2412 1442 2475 innocentium,
1487 2428 1596 2468 non
1640 2420 1787 2467 recte
1826 2425 1964 2481 prm—

386 2503 575 2559 dicans
612 2506 679 2558 de
714 2502 995 2557 Salvatore
1037 2502 1243 2558 mundi.
1289 2500 1706 2571 Octogcnarium
1736 2510 1789 2557 te
1811 2501 1964 2556 audi-

386 2593 562 2647 vimus
582 2607 698 2648 esse
720 2592 774 2646 in
797 2592 1018 2663 epistola
1031 2635 1042 2657 ,
1057 2609 1218 2662 quam
1234 2592 1460 2662 prmfato
1474 2593 1637 2648 Felici
1656 2594 1961 2649 direxisti'.

387 2682 527 2736 Audi
555 2679 830 2737 Christum
863 2682 1185 2737 clamantem
1216 2683 1313 2738 tibi
1340 2701 1352 2737 :
1384 2683 1568 2737 Adhuc
1594 2683 1857 2737 modicum
1883 2682 1967 2736 lu—

387 2789 505 2828 men
531 2773 587 2826 in
613 2781 660 2827 te
688 2782 785 2837 est,
814 2788 984 2837 curre,
1028 2772 1153 2826 dum
1188 2772 1356 2827 lucem
1390 2773 1602 2837 habeas,
1642 2791 1705 2829 ne
1742 2774 1966 2829 tenebrae

388 2873 437 2917 te
459 2861 930 2933 comprehendant:
955 2863 1079 2933 quia
1098 2865 1187 2934 qui
1210 2863 1442 2918 ambulat
1466 2864 1522 2919 in
1540 2864 1783 2930 tenebris,
1806 2866 1966 2919 nescit

389 2969 492 3023 quo
537 2951 698 3007 vadit.
737 2948 877 3005 Dum
907 2950 1073 3005 lucem
1116 2951 1329 3019 habeas,
1376 2954 1527 3007 crede
1572 2955 1626 3008 in
1671 2952 1858 3020 lucem,
1909 2963 1968 3008 ut

388 3045 530 3116 ﬁlius
553 3048 623 3101 sis
651 3045 782 3102 lucis
805 3042 986 3119 (Joau.
1004 3063 1098 3111 XII,
1120 3047 1208 3113 55,
1228 3047 1339 3117 56).
1370 3047 1640 3118 Quidquid
1666 3048 1720 3102 in
1743 3048 1967 3118 epistola

389 3135 555 3207 882
584 3145 676 3192 tua
707 3136 773 3192 de
810 3137 1092 3192 tenebroso
1130 3138 1309 3193 cordis
1343 3139 1421 3193 tui
1459 3154 1620 3194 sensu
1646 3139 1966 3208 produxisti,

390 3236 562 3283 totum
597 3243 665 3283 ex
698 3227 1090 3285 maledictionis
1110 3228 1195 3284 vel
1223 3227 1479 3285 falsitatis
1509 3229 1632 3285 felle
1664 3231 1969 3286 derivatum

392 3331 514 3373 esse
554 3319 906 3390 dignoscitur.
950 3318 1056 3375 Sed
1092 3319 1231 3375 forte
1266 3321 1520 3391 ignorans
1542 3321 1846 3388 veritatem,
1872 3321 1970 3376 fal-

391 3408 607 3462 sitatem
647 3409 934 3478 protulisti.
980 3409 1135 3465 Disce
1176 3410 1346 3480 prius,
1386 3419 1441 3466 et
1479 3421 1669 3481 postea
1708 3414 1860 3477 doce,
1901 3429 1970 3468 ne

395 3495 651 3566 magister
688 3494 938 3552 eﬁiciaris
977 3500 1198 3554 erroris.
1246 3499 1434 3555 Melior
1472 3509 1556 3555 est
1591 3502 1866 3557 humilitas
1889 3502 1973 3556 di-

397 3586 580 3642 scendi
605 3628 619 3653 ,
663 3603 823 3657 quam
866 3589 1143 3644 temeritas
1181 3589 1429 3644 docendi.
1491 3588 1609 3645 Noli
1652 3591 1706 3644 in
1746 3592 1971 3646 scientia

399 3686 490 3732 tua
515 3676 721 3733 extolli.
765 3676 999 3733 Scientia
1026 3679 1205 3748 inﬂat,
1239 3680 1468 3733 Charitas
1495 3680 1724 3750 wdiﬁcat
1764 3679 1816 3752 (Ι
1845 3680 1968 3735 Cor.

397 3787 518 3838 vIII,
549 3771 623 3844 Ι).
660 3771 727 3826 Et
754 3772 841 3844 qui
869 3789 923 3826 se
949 3770 1164 3837 exaltat,
1196 3772 1585 3839 Itumiliabitur,
1606 3782 1653 3828 et
1680 3774 1768 3845 qui
1794 3791 1848 3828 se
1875 3775 1975 3828 ltu-

397 3864 589 3931 miliat,
615 3863 930 3920 exaltabitur
956 3863 1169 3935 (Matth.
1196 3881 1351 3929 XXIII,
1378 3865 1486 3937 12).

468 3952 607 4009 XVI.
646 3952 916 4010 Admones
956 3970 1042 4009 me
1082 3970 1189 4009 non
1229 3956 1336 4025 pio,
1383 3964 1443 4010 ut
1480 3956 1713 4022 videtur,
1754 3958 1970 4022 animo,

402 4045 495 4099 sed
521 4059 707 4101 severa
731 4045 1049 4101 invectionis
1070 4046 1442 4115 castigatione,
1471 4047 1764 4118 gloriosum
1792 4064 1973 4120 regem

399 4135 651 4190 Carolum
691 4152 795 4190 non
832 4150 1197 4205 corrumpere.
1242 4135 1359 4191 Non
1397 4151 1495 4206 ego
1535 4136 1684 4191 illum
1726 4152 1973 4194 corrum-

396 4241 527 4299 pere
564 4227 686 4283 vcni
730 4227 785 4282 in
822 4226 1126 4289 Franciam,
1174 4228 1266 4297 qui
1308 4229 1581 4298 corrumpi
1624 4245 1731 4285 non
1775 4238 1970 4299 potest,

400 4320 495 4376 sed
529 4318 781 4390 adjuvare
816 4319 871 4372 in
902 4319 1005 4373 ﬁde
1029 4318 1311 4384 catholica,
1341 4320 1395 4373 in
1421 4336 1527 4390 qua
1551 4320 1638 4375 ille
1664 4322 1731 4376 ab
1755 4322 1976 4376 ineunte

403 4421 560 4467 :etate
613 4409 847 4466 nutritus
886 4408 1025 4475 fuit,
1085 4418 1136 4464 et
1180 4410 1381 4481 optime
1428 4426 1457 4464 a
1498 4410 1976 4467 Christianissimis

400 4503 715 4574 parentiLus
755 4509 810 4555 ct
850 4499 1123 4570 magistris
1165 4499 1447 4554 catholicis
1484 4499 1725 4553 edoctus.
1772 4501 1977 4571 Impos-

403 4594 557 4650 sibile
600 4601 681 4649 est
719 4594 883 4656 enim,
923 4600 983 4647 ut
1022 4586 1398 4661 corrumpatur
1438 4608 1470 4647 a
1514 4607 1804 4661 quoquam,
1849 4594 1975 4663 quia

402 4686 702 4741 catholicus
742 4693 825 4741 est
869 4684 922 4740 in
965 4684 1105 4749 ﬁde,
1152 4700 1245 4739 rex
1289 4686 1342 4738 in
1387 4692 1686 4754 potestate,
1735 4684 1977 4754 pontifex

404 4779 458 4833 in
492 4778 890 4848 praedicatione,
928 4777 1093 4848 juch
1135 4777 1188 4831 in
1230 4779 1501 4847 tequitatc,
1541 4777 1888 4849 philosophus
1924 4780 1977 4834 in

402 4869 717 4926 liberalibus
759 4869 988 4935 studiis,
1040 4870 1269 4941 inclytus
1314 4872 1367 4926 in
1411 4871 1691 4938 moribus,
1738 4880 1794 4927 et
1831 4874 1979 4928 omni

402 4961 687 5019 honestate
711 4959 1030 5030 prcecipuus.
1075 4959 1377 5033 Antequam
1408 4979 1529 5035 ego,
1553 4964 1741 5019 eodem
1769 4965 1983 5035 sapien-

406 5054 616 5109 tissimo
652 5066 779 5123 rege
810 5049 1001 5105 Carolo
1031 5049 1270 5119 jubente,
1298 5054 1565 5108 venissem
1592 5054 1647 5109 in
1669 5054 1979 5119 Franciam,

409 5145 526 5201 haec
554 5138 759 5201 eadem
800 5142 968 5198 vestri
1014 5145 1216 5199 erroris
1262 5152 1448 5211 secta,
1506 5148 1695 5203 eodem
1747 5146 1982 5218 glorioso

405 5236 648 5306 principe
688 5232 1032 5304 praesidente,
1058 5245 1322 5303 przeseute
1346 5234 1543 5300 Felice,
1571 5251 1729 5306 quem
1756 5236 1982 5292 multum

411 5325 628 5380 laudare
668 5324 844 5392 soles,
892 5335 1087 5380 vestra:
1125 5325 1293 5395 partis
1333 5331 1460 5380 tunc
1500 5326 1758 5396 temporis
1794 5324 1981 5382 defen-

408 5430 552 5481 sore,
587 5418 843 5471 ventilata
885 5426 968 5472 est
1011 5416 1063 5471 in
1102 5415 1453 5474 celeberrimo
1491 5417 1628 5484 loco,
1664 5417 1757 5487 qui
1790 5416 1988 5472 dicitur

412 5505 848 5578 llaiginis-Burg,
898 5517 953 5563 et
994 5508 1235 5581 synodali
1280 5509 1602 5565 auctoritate
1643 5508 1981 5564 sacerdotum

410 5621 553 5747 qugd
590 5620 660 5703 ad
703 5620 797 5674 Dei
829 5621 985 5678 Verbi
1031 5623 1425 5697 copulationetn
1468 5630 1522 5679 ct
1565 5620 1981 5677 dominationem

411 5707 483 5747 nar
536 5706 756 5747 Icmans.
790 5711 809 5745 ›

411 5706 756 5764 partICIpans.
790 5711 809 5745 ›

2056 1864 2235 1921 libello
2256 1864 2373 1932 ejus
2398 1872 2603 1935 septem
2641 1872 2839 1921 nostrae
2862 1864 3162 1921 devotionis
3186 1864 3387 1920 libellis
3408 1879 3630 1934 nespon-

2058 1955 2259 2020 dimus,
2283 1969 2474 2011 omnes
2493 1962 2688 2009 vestrae
2722 1954 3003 2025 pravitatis
3035 1968 3307 2009 evacuans
3334 1954 3628 2009 doctrinas.

2060 2044 2161 2113 Qui
2199 2046 2361 2100 etiam
2397 2055 2597 2101 nostrae
2627 2045 2927 2101 devotionis
2958 2058 3236 2100 sermones
3271 2044 3397 2101 lecti
3430 2053 3554 2100 sunt
3578 2053 3633 2100 et

2058 2136 2269 2205 probati
2321 2136 2374 2189 in
2419 2137 2704 2205 praesentia
2755 2136 2938 2192 domui
2994 2138 3134 2206 regis
3186 2144 3243 2192 et
3295 2137 3633 2193 sacerdotum

2059 2228 2286 2284 Christi.
2345 2228 2452 2285 Sed
2494 2237 2550 2285 et
2594 2228 2736 2285 idem
2780 2229 2929 2284 Felix
2974 2245 3119 2284 anno
3163 2230 3373 2299 praefati
3417 2231 3639 2300 gloriosi

2059 2324 2320 2395 principis
2375 2325 2650 2379 tricesimo
2702 2325 2939 2379 secundo
2991 2326 3285 2379 advocatus
3332 2325 3642 2380 voluntarie

2062 2415 2284 2469 veniens
2332 2414 2400 2468 ad
2440 2412 2611 2483 Aquis
2661 2410 2961 2478 Palatium,
3022 2412 3203 2482 ibique
3250 2413 3304 2466 in
3348 2412 3643 2480 pnesentia

2063 2504 2245 2559 domui
2269 2504 2412 2573 regis
2435 2512 2490 2558 et
2509 2502 2832 2573 optimatum
2870 2503 3012 2558 illius
3044 2503 3154 2558 sive
3178 2503 3518 2559 sacerdotum
3538 2503 3644 2559 Dei

2064 2595 2460 2651 rationabiliter
2498 2595 2731 2660 auditus,
2772 2603 2829 2651 et
2861 2596 3122 2650 veraciter
3149 2595 3448 2661 convictus,
3475 2605 3646 2666 atque

2065 2686 2176 2741 Deo
2217 2686 2354 2741 dans
2389 2685 2652 2753 gloriam,
2697 2696 2987 2755 veramque
3024 2683 3300 2741 eoqu
3341 2684 3537 2752 ﬁdem,
3584 2687 3644 2741 in

2064 2789 2254 2845 pacem
2284 2775 2566 2831 catholicae
2597 2775 2970 2830 unanimitatis
2993 2790 3241 2831 reversus
3276 2783 3360 2831 est
3380 2791 3502 2831 cum
3527 2778 3649 2833 suis

2067 2865 2360 2936 discipulis,
2405 2865 2499 2936 qui
2536 2866 2609 2921 ibi
2653 2874 2779 2920 tunc
2820 2867 3078 2936 temporis
3116 2874 3273 2922 erant
3309 2875 3646 2938 prmsentes:

2066 2958 2221 3027 cujus
2263 2966 2316 3014 te
2355 2972 2479 3014 cum
2518 2960 2628 3014 tuis
2663 2957 2963 3028 discipulis,
2998 2959 3299 3014 venerande
3336 2959 3516 3025 Pater,
3544 2959 3650 3015 hu-

2071 3052 2352 3107 militatem
2379 3051 2578 3107 sectari
2606 3052 2832 3105 suadeo.

1990 3098 2039 3168 (ἶ
2071 3098 2583 3214 “inﬁgat
2606 3098 2834 3211 bis];
2860 3156 2981 3195 cum
3006 3141 3195 3197 ovibus
3224 3141 3320 3195 tibi
3342 3141 3655 3197 commissis

2073 3236 2126 3290 in
2155 3236 2297 3290 ovile
2317 3236 2638 3290 Christianae
2666 3234 2965 3299 charitatis,
2996 3248 3092 3302 per
3117 3249 3238 3288 eum
3270 3234 3361 3302 qui
3388 3234 3500 3289 ait:
3531 3233 3652 3303 Ego

2070 3342 2186 3380 sum
2212 3326 2423 3390 ostium,
2463 3342 2556 3396 per
2592 3342 2673 3379 me
2711 3326 2757 3380 si
2789 3326 2905 3395 quis
2932 3325 3218 3389 intraverit,
3250 3324 3553 3388 salvabitur,
3601 3335 3655 3379 et

2071 3417 2391 3487 ingredietur
2418 3426 2467 3471 et
2497 3416 2791 3487 egredietur
2817 3415 3001 3486 (Joan.
3032 3432 3085 3480 χ,
3114 3415 3190 3486 9).
3239 3415 3655 3471 Prtevidendum

2071 3518 2157 3565 est
2186 3509 2282 3564 tibi
2308 3517 2466 3564 cauta
2491 3509 2869 3573 sollicitudine,
2899 3523 2969 3562 ne
2993 3508 3069 3563 sis
3095 3524 3163 3563 ex
3187 3521 3374 3564 eorum
3398 3523 3651 3575 numero,

2074 3599 2141 3653 de
2180 3598 2378 3668 quibus
2422 3598 2536 3668 ipsa
2567 3598 2782 3654 Veritas
2826 3598 2881 3652 in
2926 3599 3114 3653 eodem
3164 3597 3441 3667 subiunxit
3485 3598 3653 3655 loco:

2077 3688 2289 3755 Omnes,
2318 3689 2585 3759 inquiens,
2636 3681 2886 3760 quotquot
2931 3698 3199 3754 venerunt,
3247 3688 3390 3758 [ures
3433 3698 3553 3744 sunt
3601 3700 3658 3745 et

2074 3778 2303 3833 latrones
2331 3778 2518 3849 (Ibid.,
2547 3777 2636 3850 8);
2686 3779 2780 3848 qui
2805 3787 3090 3845 venerunt,
3119 3780 3213 3845 ait,
3242 3794 3349 3836 non
3378 3780 3471 3850 qui
3499 3780 3663 3836 missi

2075 3880 2220 3926 sunt.
2254 3871 2323 3925 Et
2347 3870 2634 3941 Apostolus
2658 3889 2671 3924 :
2706 3870 2978 3936 Quomodo
3003 3872 3380 3943 pradicabunt,
3412 3874 3514 3928 nisi
3539 3876 3666 3929 mit-

2075 3972 2258 4019 tantur
2277 3962 2452 4036 (Rom.
2476 3979 2528 4029 x,
2554 3962 2680 4033 15)?
2707 3962 2839 4029 Quis
2864 3970 2937 4027 te,
2962 3979 2995 4018 o
3017 3963 3177 4018 Pater
3200 3964 3481 4034 Elipande,
3505 3964 3664 4020 misit

2076 4054 2372 4124 prtedicare
2400 4052 2743 4123 adoptionem
2772 4053 2827 4107 in
2853 4052 3073 4109 Christo
3099 4054 3194 4110 Dei
3220 4054 3394 4109 Filio?
3430 4055 3571 4124 Ergo
3608 4055 3662 4110 si

2077 4146 2223 4201 nullo
2246 4146 2493 4200 mittente
2515 4160 2614 4215 per
2636 4152 2691 4199 te
2718 4145 2912 4200 venisti
2949 4153 3004 4200 et
3030 4146 3358 4215 praedicasti,
3385 4145 3470 4200 fur
3497 4154 3550 4200 ct
3576 4145 3668 4202 la-

2078 4247 2164 4295 tro
2189 4238 2525 4295 convinceris
2552 4253 2692 4294 esse.
2746 4235 2861 4291 Fur
2885 4254 2989 4293 non
3016 4239 3179 4303 venit,
3219 4239 3318 4292 nisi
3344 4248 3400 4291 ut
3430 4238 3662 4307 furatur,

2077 4339 2268 4383 mactet
2297 4338 2346 4383 et
2370 4329 2573 4399 perdat.
2605 4328 2844 4384 Caveant
2871 4328 3119 4398 discipuli
3146 4329 3241 4393 tui,
3267 4342 3334 4382 ne
3361 4343 3458 4397 per
3486 4335 3537 4381 te
3562 4342 3669 4383 oc-

2079 4422 2330 4477 cidantur
2363 4430 2418 4477 et
2457 4428 2699 4491 pereant.
2753 4420 2941 4475 Melius
2968 4429 3052 4474 est
3082 4420 3187 4475 illis
3220 4420 3437 4475 oculum
3466 4436 3671 4476 eruere

2081 4514 2182 4569 sibi
2206 4514 2455 4569 dextrum
2476 4554 2489 4579 ,
2526 4528 2688 4583 quam
2718 4512 2927 4581 integro
2953 4526 3178 4580 corpore
3203 4510 3344 4564 mitti
3371 4510 3425 4565 in
3454 4510 3669 4578 gehen-

2080 4623 2207 4662 nam
2255 4605 2414 4676 ignis.
2456 4604 2644 4661 Caecus
2675 4606 2720 4660 si
2748 4620 2949 4660 rmcum
2976 4604 3154 4667 ducit,
3189 4603 3391 4657 cadunt
3413 4603 3570 4656 ambo
3606 4601 3671 4661 in

2080 4695 2292 4751 foveam
2320 4694 2534 4769 (Matth.
2562 4712 2656 4763 xv,
2684 4696 2791 4767 Li).
2829 4694 2967 4749 Audi
2995 4694 3160 4749 etiam
3187 4695 3405 4748 beatum
3432 4691 3677 4762 Aposto-

2083 4786 2193 4841 lum
2234 4786 2377 4841 inter
2412 4785 2647 4856 Moysem
2687 4791 2742 4839 et
2777 4783 3052 4839 Christum
3086 4783 3503 4846 discernentem,
3524 4797 3675 4850 quos

2084 4886 2142 4931 tu
2166 4876 2368 4931 similes
2386 4875 2606 4940 asseris,
2630 4874 2722 4928 ubi
2746 4873 3121 4929 excellentiam
3144 4872 3440 4942 majestatis
3460 4870 3678 4926 Christi

2081 4967 2319 5038 praetulit
2353 4965 2556 5021 famulo
2593 4980 2690 5020 suo
2717 4965 2905 5036 Moysi.
2960 4963 3165 5033 Moyses
3194 4973 3369 5016 autent
3389 5002 3404 5028 ,
3450 4963 3635 5031 inquit
3655 5003 3676 5030 ,

2082 5068 2331 5129 tanquam
2354 5056 2583 5127 famulus
2603 5056 2771 5125 ﬁdelis
2793 5056 2892 5126 fuit
2912 5055 2966 5108 in
2986 5064 3093 5108 tota
3115 5054 3269 5108 domo
3290 5052 3681 5119 sua,Christus

2084 5158 2255 5204 autent
2290 5160 2544 5220 tanquam
2570 5147 2713 5218 ﬁlius
2750 5145 2803 5200 in
2839 5145 2993 5199 domo
3028 5163 3123 5199 sua
3154 5144 3339 5216 (Hebr.
3368 5161 3448 5207 III,
3481 5144 3532 5207 5,
3565 5143 3628 5216 6)
3660 5165 3676 5199 :

2085 5239 2302 5310 Moysen
2346 5238 2606 5294 famulum
2652 5238 2977 5303 nominans,
3025 5245 3083 5291 et
3124 5236 3401 5291 Christum
3444 5234 3681 5291 Filium.

2087 5329 2358 5398 Quantum
2385 5338 2468 5385 est
2494 5331 2638 5385 inter
2662 5328 2920 5383 famulum
2948 5326 3352 5397 patrisfamilias
3379 5333 3434 5379 et
3460 5324 3642 5379 ﬁlium
3663 5365 3684 5391 ,

2087 5428 2294 5475 tantum
2316 5428 2399 5475 est
2420 5420 2561 5475 inter
2584 5418 2803 5490 Moysen
2823 5427 2879 5473 et
2896 5418 3188 5474 Christum.
3211 5415 3499 5487 Nunquam
3521 5414 3686 5472 enim

2088 5513 2154 5566 de
2194 5511 2375 5582 Moyse
2416 5511 2557 5566 idem
2590 5509 2901 5582 Apostolus,
2948 5510 3042 5564 sed
3085 5509 3151 5564 de
3184 5506 3404 5563 Christo
3443 5504 3633 5576 inquit
3665 5524 3685 5565 τ

2158 5636 2185 5666 ι
2210 5624 2342 5681 Vide
2366 5626 2508 5682 hanc
2532 5623 2815 5696 epistolam
2842 5622 3043 5681 Patrol.
3083 5631 3121 5679 t.
3151 5619 3336 5687 XCVI,
3362 5618 3467 5677 col.
3495 5616 3632 5678 880.
