  <div class='ocr_page' id='page_1' title='image "/cluster/home/n/w/nwhite01/storage/ocr_20150623/101/hvd.32044054759683/133.png"; bbox 0 0 3902 6180; ppageno 0'>
   <div class='ocr_carea' id='block_1_1' title="bbox 429 340 537 399">
    <p class='ocr_par' dir='ltr' id='par_1_1' title="bbox 429 340 537 399">
     <span class='ocr_line' id='line_1_1' title="bbox 429 340 537 399; baseline -0.019 0"><span class='ocrx_word' id='word_1_1' title='bbox 429 340 537 399; x_wconf 65' lang='grc' dir='ltr'>ἳέἕὸ</span> 
     </span>
    </p>
   </div>
   <div class='ocr_carea' id='block_1_2' title="bbox 1274 313 2861 399">
    <p class='ocr_par' dir='ltr' id='par_1_2' title="bbox 1274 313 2861 399">
     <span class='ocr_line' id='line_1_2' title="bbox 1274 313 2861 399; baseline -0.005 0"><span class='ocrx_word' id='word_1_2' title='bbox 1274 342 1337 399; x_wconf 89' lang='lat' dir='ltr'>B.</span> <span class='ocrx_word' id='word_1_3' title='bbox 1379 344 1442 399; x_wconf 68' lang='grc' dir='ltr'>ιτ.</span> <span class='ocrx_word' id='word_1_4' title='bbox 1481 340 1707 399; x_wconf 80' lang='lat' dir='ltr'>ALBINI</span> <span class='ocrx_word' id='word_1_5' title='bbox 1747 313 1878 395; x_wconf 63' lang='lat' dir='ltr'>ssi;</span> <span class='ocrx_word' id='word_1_6' title='bbox 1918 335 2196 393; x_wconf 73' lang='lat' dir='ltr'>ALCUINI</span> <span class='ocrx_word' id='word_1_7' title='bbox 2234 332 2519 392; x_wconf 72' lang='lat' dir='ltr'>OPERLM</span> <span class='ocrx_word' id='word_1_8' title='bbox 2565 336 2745 391; x_wconf 59' lang='lat' dir='ltr'>rans</span> <span class='ocrx_word' id='word_1_9' title='bbox 2782 335 2861 391; x_wconf 86' lang='grc' dir='ltr'><strong>ιιι.</strong></span> 
     </span>
    </p>
   </div>
   <div class='ocr_carea' id='block_1_3' title="bbox 3597 335 3705 395">
    <p class='ocr_par' dir='ltr' id='par_1_3' title="bbox 3597 335 3705 395">
     <span class='ocr_line' id='line_1_3' title="bbox 3597 335 3705 395; baseline -0.009 0"><span class='ocrx_word' id='word_1_10' title='bbox 3597 335 3705 395; x_wconf 67' lang='lat'>256</span> 
     </span>
    </p>
   </div>
   <div class='ocr_carea' id='block_1_4' title="bbox 431 442 3705 523">
    <p class='ocr_par' dir='ltr' id='par_1_4' title="bbox 431 442 3705 523">
     <span class='ocr_line' id='line_1_4' title="bbox 431 442 3705 523; baseline 0.003 -17"><span class='ocrx_word' id='word_1_11' title='bbox 431 452 575 506; x_wconf 89' lang='lat' dir='ltr'>enim</span> <span class='ocrx_word' id='word_1_12' title='bbox 622 450 919 507; x_wconf 81' lang='lat' dir='ltr'>dixerimus</span> <span class='ocrx_word' id='word_1_13' title='bbox 964 454 1089 522; x_wconf 83' lang='lat' dir='ltr'>quia</span> <span class='ocrx_word' id='word_1_14' title='bbox 1134 454 1372 511; x_wconf 87' lang='lat' dir='ltr'>Verbum</span> <span class='ocrx_word' id='word_1_15' title='bbox 1421 453 1516 509; x_wconf 87' lang='lat' dir='ltr'>Dei</span> <span class='ocrx_word' id='word_1_16' title='bbox 1557 453 1736 523; x_wconf 88' lang='lat' dir='ltr'>posuit</span> <span class='ocrx_word' id='word_1_17' title='bbox 1778 449 2015 504; x_wconf 89' lang='lat' dir='ltr'>animam</span> <span class='ocrx_word' id='word_1_18' title='bbox 2045 449 2089 504; x_wconf 86' lang='lat' dir='ltr'><strong>A</strong></span> <span class='ocrx_word' id='word_1_19' title='bbox 2119 442 2296 497; x_wconf 72' lang='lat' dir='ltr'>Patris</span> <span class='ocrx_word' id='word_1_20' title='bbox 2325 444 2391 498; x_wconf 84' lang='lat' dir='ltr'>de</span> <span class='ocrx_word' id='word_1_21' title='bbox 2438 443 2575 498; x_wconf 66' lang='lat'>00810</span> <span class='ocrx_word' id='word_1_22' title='bbox 2621 443 2847 509; x_wconf 63' lang='grc' dir='ltr'>ειεηιειῑ,</span> <span class='ocrx_word' id='word_1_23' title='bbox 2893 458 3084 499; x_wconf 59' lang='lat' dir='ltr'>meus:</span> <span class='ocrx_word' id='word_1_24' title='bbox 3117 452 3171 500; x_wconf 75' lang='grc' dir='ltr'><strong>ιυ</strong></span> <span class='ocrx_word' id='word_1_25' title='bbox 3198 446 3263 501; x_wconf 74' lang='lat' dir='ltr'>de</span> <span class='ocrx_word' id='word_1_26' title='bbox 3297 456 3444 502; x_wconf 68' lang='lat' dir='ltr'>10ml</span> <span class='ocrx_word' id='word_1_27' title='bbox 3477 446 3705 517; x_wconf 64' lang='lat' dir='ltr'>Clamas.</span> 
     </span>
    </p>
   </div>
   <div class='ocr_carea' id='block_1_5' title="bbox 433 544 2015 617">
    <p class='ocr_par' dir='ltr' id='par_1_5' title="bbox 433 544 2015 617">
     <span class='ocr_line' id='line_1_5' title="bbox 433 544 2015 617; baseline -0.001 -19"><span class='ocrx_word' id='word_1_28' title='bbox 433 559 588 598; x_wconf 90' lang='lat' dir='ltr'>suam</span> <span class='ocrx_word' id='word_1_29' title='bbox 630 552 686 599; x_wconf 89' lang='lat' dir='ltr'>et</span> <span class='ocrx_word' id='word_1_30' title='bbox 734 544 926 599; x_wconf 90' lang='lat' dir='ltr'>iterum</span> <span class='ocrx_word' id='word_1_31' title='bbox 976 547 1206 617; x_wconf 75' lang='lat' dir='ltr'>sumpsit</span> <span class='ocrx_word' id='word_1_32' title='bbox 1242 562 1385 611; x_wconf 91' lang='lat' dir='ltr'>eam,</span> <span class='ocrx_word' id='word_1_33' title='bbox 1436 546 1780 600; x_wconf 89' lang='lat' dir='ltr'>metuendum</span> <span class='ocrx_word' id='word_1_34' title='bbox 1829 551 2015 598; x_wconf 90' lang='lat' dir='ltr'>estne</span> 
     </span>
    </p>
   </div>
   <div class='ocr_carea' id='block_1_6' title="bbox 434 632 2015 704">
    <p class='ocr_par' dir='ltr' id='par_1_6' title="bbox 434 632 2015 704">
     <span class='ocr_line' id='line_1_6' title="bbox 434 632 2015 704; baseline 0.001 -19"><span class='ocrx_word' id='word_1_35' title='bbox 434 632 706 687; x_wconf 86' lang='lat' dir='ltr'>subintret</span> <span class='ocrx_word' id='word_1_36' title='bbox 747 648 915 703; x_wconf 88' lang='lat' dir='ltr'>prava</span> <span class='ocrx_word' id='word_1_37' title='bbox 965 635 1240 704; x_wconf 74' lang='lat' dir='ltr'>cogitatio,</span> <span class='ocrx_word' id='word_1_38' title='bbox 1292 643 1348 689; x_wconf 89' lang='lat' dir='ltr'>et</span> <span class='ocrx_word' id='word_1_39' title='bbox 1386 634 1599 688; x_wconf 89' lang='lat' dir='ltr'>dicatur</span> <span class='ocrx_word' id='word_1_40' title='bbox 1644 633 1799 688; x_wconf 90' lang='lat' dir='ltr'>nobis</span> <span class='ocrx_word' id='word_1_41' title='bbox 1830 651 1841 685; x_wconf 91' lang='lat'><strong>:</strong></span> <span class='ocrx_word' id='word_1_42' title='bbox 1876 632 2015 701; x_wconf 78' lang='lat' dir='ltr'>Ergo</span> 
     </span>
    </p>
   </div>
   <div class='ocr_carea' id='block_1_7' title="bbox 436 724 2017 797">
    <p class='ocr_par' dir='ltr' id='par_1_7' title="bbox 436 724 2017 797">
     <span class='ocr_line' id='line_1_7' title="bbox 436 724 2017 797; baseline -0.001 -20"><span class='ocrx_word' id='word_1_43' title='bbox 436 724 772 797; x_wconf 81' lang='lat' dir='ltr'>[aliquando]</span> <span class='ocrx_word' id='word_1_44' title='bbox 817 727 996 780; x_wconf 88' lang='lat' dir='ltr'>anima</span> <span class='ocrx_word' id='word_1_45' title='bbox 1029 727 1118 781; x_wconf 90' lang='lat' dir='ltr'>illa</span> <span class='ocrx_word' id='word_1_46' title='bbox 1158 733 1406 796; x_wconf 89' lang='lat' dir='ltr'>separata</span> <span class='ocrx_word' id='word_1_47' title='bbox 1428 733 1512 781; x_wconf 85' lang='lat' dir='ltr'>est</span> <span class='ocrx_word' id='word_1_48' title='bbox 1548 741 1577 779; x_wconf 91' lang='lat' dir='ltr'>a</span> <span class='ocrx_word' id='word_1_49' title='bbox 1618 725 1813 789; x_wconf 89' lang='lat' dir='ltr'>Verbo,</span> <span class='ocrx_word' id='word_1_50' title='bbox 1842 735 1897 779; x_wconf 92' lang='lat' dir='ltr'>et</span> <span class='ocrx_word' id='word_1_51' title='bbox 1922 724 2017 777; x_wconf 91' lang='lat' dir='ltr'>ali-</span> 
     </span>
    </p>
   </div>
   <div class='ocr_carea' id='block_1_8' title="bbox 435 814 2012 884">
    <p class='ocr_par' dir='ltr' id='par_1_8' title="bbox 435 814 2012 884">
     <span class='ocr_line' id='line_1_8' title="bbox 435 814 2012 884; baseline 0 -17"><span class='ocrx_word' id='word_1_52' title='bbox 435 816 651 884; x_wconf 78' lang='lat' dir='ltr'><strong>quando</strong></span> <span class='ocrx_word' id='word_1_53' title='bbox 677 815 911 870; x_wconf 84' lang='lat' dir='ltr'>Verbum</span> <span class='ocrx_word' id='word_1_54' title='bbox 933 815 1079 879; x_wconf 88' lang='lat' dir='ltr'>illud,</span> <span class='ocrx_word' id='word_1_55' title='bbox 1109 831 1173 871; x_wconf 75' lang='lat' dir='ltr'>ex</span> <span class='ocrx_word' id='word_1_56' title='bbox 1198 830 1306 884; x_wconf 92' lang='lat' dir='ltr'>quo</span> <span class='ocrx_word' id='word_1_57' title='bbox 1332 816 1569 883; x_wconf 76' lang='lat' dir='ltr'>suscepit</span> <span class='ocrx_word' id='word_1_58' title='bbox 1589 814 1737 869; x_wconf 86' lang='lat' dir='ltr'><strong>illam</strong></span> <span class='ocrx_word' id='word_1_59' title='bbox 1758 814 2012 876; x_wconf 90' lang='lat' dir='ltr'>animam,</span> 
     </span>
    </p>
   </div>
   <div class='ocr_carea' id='block_1_9' title="bbox 438 905 2015 989">
    <p class='ocr_par' dir='ltr' id='par_1_9' title="bbox 438 905 2015 989">
     <span class='ocr_line' id='line_1_9' title="bbox 438 905 2015 989; baseline 0.003 -31"><span class='ocrx_word' id='word_1_60' title='bbox 438 905 541 960; x_wconf 80' lang='lat' dir='ltr'>fuit</span> <span class='ocrx_word' id='word_1_61' title='bbox 566 907 683 962; x_wconf 87' lang='lat' dir='ltr'>sine</span> <span class='ocrx_word' id='word_1_62' title='bbox 716 907 917 961; x_wconf 88' lang='lat' dir='ltr'>anima.</span> <span class='ocrx_word' id='word_1_63' title='bbox 955 908 1126 961; x_wconf 83' lang='lat' dir='ltr'><strong>Video</strong></span> <span class='ocrx_word' id='word_1_64' title='bbox 1165 908 1310 961; x_wconf 86' lang='lat' dir='ltr'>enim</span> <span class='ocrx_word' id='word_1_65' title='bbox 1340 906 1505 989; x_wconf 81' lang='lat' dir='ltr'>fuisse</span> <span class='ocrx_word' id='word_1_66' title='bbox 1547 908 1662 963; x_wconf 86' lang='lat' dir='ltr'>sine</span> <span class='ocrx_word' id='word_1_67' title='bbox 1704 909 1881 962; x_wconf 88' lang='lat' dir='ltr'>anima</span> <span class='ocrx_word' id='word_1_68' title='bbox 1912 909 2015 962; x_wconf 88' lang='lat' dir='ltr'>hu-</span> 
     </span>
    </p>
   </div>
   <div class='ocr_carea' id='block_1_10' title="bbox 436 998 2016 1071">
    <p class='ocr_par' dir='ltr' id='par_1_10' title="bbox 436 998 2016 1071">
     <span class='ocr_line' id='line_1_10' title="bbox 436 998 2016 1071; baseline 0.001 -17"><span class='ocrx_word' id='word_1_69' title='bbox 436 1013 595 1054; x_wconf 85' lang='lat' dir='ltr'>mana</span> <span class='ocrx_word' id='word_1_70' title='bbox 629 1000 894 1065; x_wconf 82' lang='lat' dir='ltr'>Verbum;</span> <span class='ocrx_word' id='word_1_71' title='bbox 939 998 1034 1054; x_wconf 90' lang='lat' dir='ltr'>sed</span> <span class='ocrx_word' id='word_1_72' title='bbox 1066 1015 1186 1053; x_wconf 92' lang='lat' dir='ltr'>cum</span> <span class='ocrx_word' id='word_1_73' title='bbox 1232 1000 1284 1054; x_wconf 91' lang='lat' dir='ltr'>in</span> <span class='ocrx_word' id='word_1_74' title='bbox 1323 1002 1589 1071; x_wconf 84' lang='lat' dir='ltr'>principio</span> <span class='ocrx_word' id='word_1_75' title='bbox 1617 1010 1737 1056; x_wconf 91' lang='lat' dir='ltr'>erat</span> <span class='ocrx_word' id='word_1_76' title='bbox 1758 1003 2016 1065; x_wconf 82' lang='lat' dir='ltr'>Verbum,</span> 
     </span>
    </p>
   </div>
   <div class='ocr_carea' id='block_1_11' title="bbox 437 1088 2015 1157">
    <p class='ocr_par' dir='ltr' id='par_1_11' title="bbox 437 1088 2015 1157">
     <span class='ocr_line' id='line_1_11' title="bbox 437 1088 2015 1157; baseline 0.004 -17"><span class='ocrx_word' id='word_1_77' title='bbox 437 1096 492 1141; x_wconf 90' lang='lat' dir='ltr'>et</span> <span class='ocrx_word' id='word_1_78' title='bbox 520 1088 755 1143; x_wconf 82' lang='lat' dir='ltr'>Verbum</span> <span class='ocrx_word' id='word_1_79' title='bbox 782 1099 904 1143; x_wconf 91' lang='lat' dir='ltr'>erat</span> <span class='ocrx_word' id='word_1_80' title='bbox 936 1090 1076 1157; x_wconf 91' lang='lat' dir='ltr'>apud</span> <span class='ocrx_word' id='word_1_81' title='bbox 1105 1090 1294 1156; x_wconf 88' lang='lat' dir='ltr'>Deum,</span> <span class='ocrx_word' id='word_1_82' title='bbox 1336 1100 1391 1146; x_wconf 88' lang='lat' dir='ltr'>et</span> <span class='ocrx_word' id='word_1_83' title='bbox 1438 1093 1581 1149; x_wconf 83' lang='lat' dir='ltr'>Deus</span> <span class='ocrx_word' id='word_1_84' title='bbox 1617 1103 1737 1149; x_wconf 91' lang='lat' dir='ltr'>erat</span> <span class='ocrx_word' id='word_1_85' title='bbox 1758 1095 2015 1150; x_wconf 86' lang='lat' dir='ltr'>Verbum.</span> 
     </span>
    </p>
   </div>
   <div class='ocr_carea' id='block_1_12' title="bbox 437 1179 2023 1256">
    <p class='ocr_par' dir='ltr' id='par_1_12' title="bbox 437 1179 2023 1256">
     <span class='ocr_line' id='line_1_12' title="bbox 437 1179 2023 1256; baseline 0.006 -24"><span class='ocrx_word' id='word_1_86' title='bbox 437 1179 517 1233; x_wconf 83' lang='lat' dir='ltr'>Ex</span> <span class='ocrx_word' id='word_1_87' title='bbox 561 1194 668 1248; x_wconf 91' lang='lat' dir='ltr'>quo</span> <span class='ocrx_word' id='word_1_88' title='bbox 715 1187 891 1235; x_wconf 89' lang='lat' dir='ltr'>autem</span> <span class='ocrx_word' id='word_1_89' title='bbox 930 1179 1114 1252; x_wconf 80' lang='lat' dir='ltr'>[Aug.,</span> <span class='ocrx_word' id='word_1_90' title='bbox 1161 1196 1227 1236; x_wconf 88' lang='lat' dir='ltr'>ex</span> <span class='ocrx_word' id='word_1_91' title='bbox 1267 1197 1375 1251; x_wconf 92' lang='lat' dir='ltr'>quo</span> <span class='ocrx_word' id='word_1_92' title='bbox 1411 1184 1578 1256; x_wconf 91' lang='lat' dir='ltr'>enim]</span> <span class='ocrx_word' id='word_1_93' title='bbox 1612 1186 1846 1242; x_wconf 89' lang='lat' dir='ltr'>Verbum</span> <span class='ocrx_word' id='word_1_94' title='bbox 1891 1201 2023 1241; x_wconf 87' lang='lat' dir='ltr'>caro</span> 
     </span>
    </p>
   </div>
   <div class='ocr_carea' id='block_1_13' title="bbox 434 1268 2019 1349">
    <p class='ocr_par' dir='ltr' id='par_1_13' title="bbox 434 1268 2019 1349">
     <span class='ocr_line' id='line_1_13' title="bbox 434 1268 2019 1349; baseline 0.007 -26"><span class='ocrx_word' id='word_1_95' title='bbox 434 1268 639 1325; x_wconf 82' lang='lat' dir='ltr'>factum</span> <span class='ocrx_word' id='word_1_96' title='bbox 672 1277 775 1336; x_wconf 89' lang='lat' dir='ltr'>est,</span> <span class='ocrx_word' id='word_1_97' title='bbox 807 1280 867 1326; x_wconf 89' lang='lat' dir='ltr'>ut</span> <span class='ocrx_word' id='word_1_98' title='bbox 892 1274 1161 1329; x_wconf 76' lang='lat' dir='ltr'>habitaret</span> <span class='ocrx_word' id='word_1_99' title='bbox 1191 1275 1246 1329; x_wconf 92' lang='lat' dir='ltr'><strong>in</strong></span> <span class='ocrx_word' id='word_1_100' title='bbox 1275 1277 1452 1343; x_wconf 88' lang='lat' dir='ltr'>nobis,</span> <span class='ocrx_word' id='word_1_101' title='bbox 1489 1285 1545 1332; x_wconf 86' lang='lat' dir='ltr'>et</span> <span class='ocrx_word' id='word_1_102' title='bbox 1567 1287 1848 1349; x_wconf 91' lang='lat' dir='ltr'>susceptus</span> <span class='ocrx_word' id='word_1_103' title='bbox 1877 1289 1961 1335; x_wconf 93' lang='lat' dir='ltr'>est</span> <span class='ocrx_word' id='word_1_104' title='bbox 1988 1298 2019 1334; x_wconf 92' lang='lat' dir='ltr'>a</span> 
     </span>
    </p>
   </div>
   <div class='ocr_carea' id='block_1_14' title="bbox 434 1361 2022 1441">
    <p class='ocr_par' dir='ltr' id='par_1_14' title="bbox 434 1361 2022 1441">
     <span class='ocr_line' id='line_1_14' title="bbox 434 1361 2022 1441; baseline 0.006 -24"><span class='ocrx_word' id='word_1_105' title='bbox 434 1361 612 1418; x_wconf 88' lang='lat' dir='ltr'>Verbo</span> <span class='ocrx_word' id='word_1_106' title='bbox 632 1363 817 1429; x_wconf 88' lang='lat' dir='ltr'>homo,</span> <span class='ocrx_word' id='word_1_107' title='bbox 845 1365 898 1419; x_wconf 88' lang='lat' dir='ltr'>id</span> <span class='ocrx_word' id='word_1_108' title='bbox 926 1374 1010 1421; x_wconf 91' lang='lat' dir='ltr'>est</span> <span class='ocrx_word' id='word_1_109' title='bbox 1038 1375 1183 1422; x_wconf 88' lang='lat' dir='ltr'>totus</span> <span class='ocrx_word' id='word_1_110' title='bbox 1209 1368 1391 1435; x_wconf 91' lang='lat' dir='ltr'>homo,</span> <span class='ocrx_word' id='word_1_111' title='bbox 1419 1370 1597 1424; x_wconf 90' lang='lat' dir='ltr'>anima</span> <span class='ocrx_word' id='word_1_112' title='bbox 1624 1378 1679 1425; x_wconf 91' lang='lat' dir='ltr'>et</span> <span class='ocrx_word' id='word_1_113' title='bbox 1700 1385 1860 1435; x_wconf 89' lang='lat' dir='ltr'>caro;</span> <span class='ocrx_word' id='word_1_114' title='bbox 1891 1373 2022 1441; x_wconf 91' lang='lat' dir='ltr'>quid</span> 
     </span>
    </p>
   </div>
   <div class='ocr_carea' id='block_1_15' title="bbox 433 1450 2019 1532">
    <p class='ocr_par' dir='ltr' id='par_1_15' title="bbox 433 1450 2019 1532">
     <span class='ocr_line' id='line_1_15' title="bbox 433 1450 2019 1532; baseline 0.008 -26"><span class='ocrx_word' id='word_1_115' title='bbox 433 1450 564 1509; x_wconf 78' lang='lat' dir='ltr'>fecit</span> <span class='ocrx_word' id='word_1_116' title='bbox 586 1456 790 1524; x_wconf 87' lang='lat' dir='ltr'><strong>passio,</strong></span> <span class='ocrx_word' id='word_1_117' title='bbox 834 1458 965 1526; x_wconf 91' lang='lat' dir='ltr'>quid</span> <span class='ocrx_word' id='word_1_118' title='bbox 1006 1457 1136 1514; x_wconf 84' lang='lat' dir='ltr'>fecit</span> <span class='ocrx_word' id='word_1_119' title='bbox 1165 1474 1333 1524; x_wconf 89' lang='lat' dir='ltr'>mors,</span> <span class='ocrx_word' id='word_1_120' title='bbox 1371 1461 1475 1515; x_wconf 88' lang='lat' dir='ltr'>nisi</span> <span class='ocrx_word' id='word_1_121' title='bbox 1509 1477 1705 1532; x_wconf 88' lang='lat' dir='ltr'>corpus</span> <span class='ocrx_word' id='word_1_122' title='bbox 1744 1463 1814 1518; x_wconf 91' lang='lat' dir='ltr'>ab</span> <span class='ocrx_word' id='word_1_123' title='bbox 1839 1466 2019 1519; x_wconf 87' lang='lat' dir='ltr'>anima</span> 
     </span>
    </p>
   </div>
   <div class='ocr_carea' id='block_1_16' title="bbox 432 1546 2020 1622">
    <p class='ocr_par' dir='ltr' id='par_1_16' title="bbox 432 1546 2020 1622">
     <span class='ocr_line' id='line_1_16' title="bbox 432 1546 2020 1622; baseline 0.007 -24"><span class='ocrx_word' id='word_1_124' title='bbox 432 1546 725 1614; x_wconf 79' lang='lat' dir='ltr'>separavit,</span> <span class='ocrx_word' id='word_1_125' title='bbox 768 1548 1004 1602; x_wconf 90' lang='lat' dir='ltr'>animam</span> <span class='ocrx_word' id='word_1_126' title='bbox 1036 1564 1168 1605; x_wconf 90' lang='lat' dir='ltr'>vero</span> <span class='ocrx_word' id='word_1_127' title='bbox 1210 1565 1242 1604; x_wconf 89' lang='lat' dir='ltr'>a</span> <span class='ocrx_word' id='word_1_128' title='bbox 1267 1550 1445 1607; x_wconf 89' lang='lat' dir='ltr'>Verbo</span> <span class='ocrx_word' id='word_1_129' title='bbox 1477 1567 1584 1607; x_wconf 91' lang='lat' dir='ltr'>non</span> <span class='ocrx_word' id='word_1_130' title='bbox 1610 1555 1918 1622; x_wconf 81' lang='lat' dir='ltr'>separavit?</span> <span class='ocrx_word' id='word_1_131' title='bbox 1961 1553 2020 1609; x_wconf 89' lang='lat' dir='ltr'>Si</span> 
     </span>
    </p>
   </div>
   <div class='ocr_carea' id='block_1_17' title="bbox 433 1634 2020 1710">
    <p class='ocr_par' dir='ltr' id='par_1_17' title="bbox 433 1634 2020 1710">
     <span class='ocr_line' id='line_1_17' title="bbox 433 1634 2020 1710; baseline 0.006 -22"><span class='ocrx_word' id='word_1_132' title='bbox 433 1634 580 1689; x_wconf 88' lang='lat' dir='ltr'>enim</span> <span class='ocrx_word' id='word_1_133' title='bbox 612 1644 855 1691; x_wconf 91' lang='lat' dir='ltr'>mortuus</span> <span class='ocrx_word' id='word_1_134' title='bbox 890 1647 973 1692; x_wconf 93' lang='lat' dir='ltr'>est</span> <span class='ocrx_word' id='word_1_135' title='bbox 1002 1638 1291 1701; x_wconf 89' lang='lat' dir='ltr'><strong>Dominus.</strong></span> <span class='ocrx_word' id='word_1_136' title='bbox 1334 1639 1444 1695; x_wconf 91' lang='lat' dir='ltr'>imo</span> <span class='ocrx_word' id='word_1_137' title='bbox 1469 1643 1597 1710; x_wconf 86' lang='lat' dir='ltr'>quia</span> <span class='ocrx_word' id='word_1_138' title='bbox 1642 1653 1887 1697; x_wconf 88' lang='lat' dir='ltr'>mortuus</span> <span class='ocrx_word' id='word_1_139' title='bbox 1919 1642 2020 1697; x_wconf 93' lang='lat' dir='ltr'>Do-</span> 
     </span>
    </p>
   </div>
   <div class='ocr_carea' id='block_1_18' title="bbox 433 1722 2017 1806">
    <p class='ocr_par' dir='ltr' id='par_1_18' title="bbox 433 1722 2017 1806">
     <span class='ocr_line' id='line_1_18' title="bbox 433 1722 2017 1806; baseline 0.008 -28"><span class='ocrx_word' id='word_1_140' title='bbox 433 1722 614 1781; x_wconf 83' lang='lat' dir='ltr'>minus</span> <span class='ocrx_word' id='word_1_141' title='bbox 645 1725 914 1794; x_wconf 90' lang='lat' dir='ltr'>(mortuus</span> <span class='ocrx_word' id='word_1_142' title='bbox 940 1737 1024 1784; x_wconf 89' lang='lat' dir='ltr'>est</span> <span class='ocrx_word' id='word_1_143' title='bbox 1061 1731 1205 1786; x_wconf 89' lang='lat' dir='ltr'>enim</span> <span class='ocrx_word' id='word_1_144' title='bbox 1231 1747 1331 1801; x_wconf 90' lang='lat' dir='ltr'>pro</span> <span class='ocrx_word' id='word_1_145' title='bbox 1361 1733 1518 1788; x_wconf 87' lang='lat' dir='ltr'>nobis</span> <span class='ocrx_word' id='word_1_146' title='bbox 1562 1734 1617 1788; x_wconf 89' lang='lat' dir='ltr'>in</span> <span class='ocrx_word' id='word_1_147' title='bbox 1657 1734 1862 1806; x_wconf 85' lang='lat' dir='ltr'>cruce),</span> <span class='ocrx_word' id='word_1_148' title='bbox 1898 1737 2017 1790; x_wconf 90' lang='lat' dir='ltr'>sine</span> 
     </span>
    </p>
   </div>
   <div class='ocr_carea' id='block_1_19' title="bbox 2117 533 3701 603">
    <p class='ocr_par' dir='ltr' id='par_1_19' title="bbox 2117 533 3701 603">
     <span class='ocr_line' id='line_1_19' title="bbox 2117 533 3701 603; baseline 0.006 -16"><span class='ocrx_word' id='word_1_149' title='bbox 2117 549 2224 588; x_wconf 91' lang='lat' dir='ltr'><strong>non</strong></span> <span class='ocrx_word' id='word_1_150' title='bbox 2254 542 2396 589; x_wconf 90' lang='lat' dir='ltr'>tuus.</span> <span class='ocrx_word' id='word_1_151' title='bbox 2427 533 2557 601; x_wconf 69' lang='lat' dir='ltr'>Quae</span> <span class='ocrx_word' id='word_1_152' title='bbox 2586 534 2681 589; x_wconf 87' lang='lat' dir='ltr'>tibi</span> <span class='ocrx_word' id='word_1_153' title='bbox 2711 534 2857 589; x_wconf 89' lang='lat' dir='ltr'>salus</span> <span class='ocrx_word' id='word_1_154' title='bbox 2884 535 3149 603; x_wconf 89' lang='lat' dir='ltr'>speranda</span> <span class='ocrx_word' id='word_1_155' title='bbox 3187 545 3270 591; x_wconf 89' lang='lat' dir='ltr'>est</span> <span class='ocrx_word' id='word_1_156' title='bbox 3294 577 3310 602; x_wconf 93' lang='lat'>,</span> <span class='ocrx_word' id='word_1_157' title='bbox 3350 538 3394 593; x_wconf 89' lang='lat' dir='ltr'>si</span> <span class='ocrx_word' id='word_1_158' title='bbox 3427 537 3519 592; x_wconf 89' lang='lat' dir='ltr'>Dei</span> <span class='ocrx_word' id='word_1_159' title='bbox 3549 540 3701 596; x_wconf 88' lang='lat' dir='ltr'>testi-</span> 
     </span>
    </p>
   </div>
   <div class='ocr_carea' id='block_1_20' title="bbox 2120 622 3708 700">
    <p class='ocr_par' dir='ltr' id='par_1_20' title="bbox 2120 622 3708 700">
     <span class='ocr_line' id='line_1_20' title="bbox 2120 622 3708 700; baseline 0.005 -23"><span class='ocrx_word' id='word_1_160' title='bbox 2120 625 2299 678; x_wconf 89' lang='lat' dir='ltr'>monio</span> <span class='ocrx_word' id='word_1_161' title='bbox 2326 639 2429 678; x_wconf 91' lang='lat' dir='ltr'>non</span> <span class='ocrx_word' id='word_1_162' title='bbox 2461 624 2675 679; x_wconf 84' lang='lat' dir='ltr'>credis?</span> <span class='ocrx_word' id='word_1_163' title='bbox 2706 622 2816 677; x_wconf 84' lang='lat' dir='ltr'>Nec</span> <span class='ocrx_word' id='word_1_164' title='bbox 2853 624 2945 679; x_wconf 86' lang='lat' dir='ltr'>tibi</span> <span class='ocrx_word' id='word_1_165' title='bbox 2979 625 3154 680; x_wconf 90' lang='lat' dir='ltr'>adhuc</span> <span class='ocrx_word' id='word_1_166' title='bbox 3185 626 3275 681; x_wconf 92' lang='lat' dir='ltr'>hic</span> <span class='ocrx_word' id='word_1_167' title='bbox 3304 626 3455 683; x_wconf 90' lang='lat' dir='ltr'>locus</span> <span class='ocrx_word' id='word_1_168' title='bbox 3489 643 3708 700; x_wconf 87' lang='lat' dir='ltr'>separa-</span> 
     </span>
    </p>
   </div>
   <div class='ocr_carea' id='block_1_21' title="bbox 2118 714 3703 788">
    <p class='ocr_par' dir='ltr' id='par_1_21' title="bbox 2118 714 3703 788">
     <span class='ocr_line' id='line_1_21' title="bbox 2118 714 3703 788; baseline 0.006 -21"><span class='ocrx_word' id='word_1_169' title='bbox 2118 714 2282 769; x_wconf 88' lang='lat' dir='ltr'>tionis</span> <span class='ocrx_word' id='word_1_170' title='bbox 2322 714 2512 779; x_wconf 87' lang='lat' dir='ltr'>datur;</span> <span class='ocrx_word' id='word_1_171' title='bbox 2572 716 2638 769; x_wconf 89' lang='lat' dir='ltr'>de</span> <span class='ocrx_word' id='word_1_172' title='bbox 2690 729 2795 768; x_wconf 90' lang='lat' dir='ltr'>uno</span> <span class='ocrx_word' id='word_1_173' title='bbox 2844 715 2980 769; x_wconf 82' lang='lat' dir='ltr'>Filio</span> <span class='ocrx_word' id='word_1_174' title='bbox 3027 715 3186 780; x_wconf 78' lang='lat' dir='ltr'>dixit,</span> <span class='ocrx_word' id='word_1_175' title='bbox 3234 731 3401 771; x_wconf 90' lang='lat' dir='ltr'><strong>unum</strong></span> <span class='ocrx_word' id='word_1_176' title='bbox 3445 722 3703 788; x_wconf 88' lang='lat' dir='ltr'>ostendit,</span> 
     </span>
    </p>
   </div>
   <div class='ocr_carea' id='block_1_22' title="bbox 2118 804 3707 874">
    <p class='ocr_par' dir='ltr' id='par_1_22' title="bbox 2118 804 3707 874">
     <span class='ocr_line' id='line_1_22' title="bbox 2118 804 3707 874; baseline 0.007 -17"><span class='ocrx_word' id='word_1_177' title='bbox 2118 805 2271 872; x_wconf 88' lang='lat' dir='ltr'>quasi</span> <span class='ocrx_word' id='word_1_178' title='bbox 2295 804 2517 859; x_wconf 79' lang='lat' dir='ltr'>dixisset</span> <span class='ocrx_word' id='word_1_179' title='bbox 2543 819 2556 857; x_wconf 90' lang='lat'><strong>:</strong></span> <span class='ocrx_word' id='word_1_180' title='bbox 2587 804 2695 860; x_wconf 84' lang='lat' dir='ltr'>Nec</span> <span class='ocrx_word' id='word_1_181' title='bbox 2718 804 2880 859; x_wconf 91' lang='lat' dir='ltr'>alium</span> <span class='ocrx_word' id='word_1_182' title='bbox 2906 820 3148 874; x_wconf 77' lang='lat' dir='ltr'>qmeras;</span> <span class='ocrx_word' id='word_1_183' title='bbox 3175 822 3275 863; x_wconf 84' lang='lat' dir='ltr'>nec</span> <span class='ocrx_word' id='word_1_184' title='bbox 3295 807 3439 864; x_wconf 89' lang='lat' dir='ltr'>hunc</span> <span class='ocrx_word' id='word_1_185' title='bbox 3459 824 3568 864; x_wconf 93' lang='lat' dir='ltr'>non</span> <span class='ocrx_word' id='word_1_186' title='bbox 3587 826 3707 868; x_wconf 87' lang='lat' dir='ltr'>esse</span> 
     </span>
    </p>
   </div>
   <div class='ocr_carea' id='block_1_23' title="bbox 2120 892 3707 962">
    <p class='ocr_par' dir='ltr' id='par_1_23' title="bbox 2120 892 3707 962">
     <span class='ocr_line' id='line_1_23' title="bbox 2120 892 3707 962; baseline 0.009 -19"><span class='ocrx_word' id='word_1_187' title='bbox 2120 894 2330 948; x_wconf 75' lang='lat' dir='ltr'>eredas.</span> <span class='ocrx_word' id='word_1_188' title='bbox 2380 892 2487 947; x_wconf 87' lang='lat' dir='ltr'>Aut</span> <span class='ocrx_word' id='word_1_189' title='bbox 2521 893 2564 949; x_wconf 91' lang='lat' dir='ltr'><strong>si</strong></span> <span class='ocrx_word' id='word_1_190' title='bbox 2595 893 2733 948; x_wconf 81' lang='lat' dir='ltr'>forte</span> <span class='ocrx_word' id='word_1_191' title='bbox 2765 895 2859 949; x_wconf 90' lang='lat' dir='ltr'>tibi</span> <span class='ocrx_word' id='word_1_192' title='bbox 2890 895 3154 950; x_wconf 88' lang='lat' dir='ltr'>dubitatio</span> <span class='ocrx_word' id='word_1_193' title='bbox 3184 897 3272 962; x_wconf 89' lang='lat' dir='ltr'>sit,</span> <span class='ocrx_word' id='word_1_194' title='bbox 3302 899 3344 952; x_wconf 89' lang='lat' dir='ltr'><strong>si</strong></span> <span class='ocrx_word' id='word_1_195' title='bbox 3369 900 3432 955; x_wconf 91' lang='lat' dir='ltr'>de</span> <span class='ocrx_word' id='word_1_196' title='bbox 3464 900 3707 957; x_wconf 88' lang='lat' dir='ltr'>humana</span> 
     </span>
    </p>
   </div>
   <div class='ocr_carea' id='block_1_24' title="bbox 2119 984 3707 1065">
    <p class='ocr_par' dir='ltr' id='par_1_24' title="bbox 2119 984 3707 1065">
     <span class='ocr_line' id='line_1_24' title="bbox 2119 984 3707 1065; baseline 0.009 -28"><span class='ocrx_word' id='word_1_197' title='bbox 2119 984 2325 1038; x_wconf 85' lang='lat' dir='ltr'>Christi</span> <span class='ocrx_word' id='word_1_198' title='bbox 2368 992 2562 1038; x_wconf 88' lang='lat' dir='ltr'>natura</span> <span class='ocrx_word' id='word_1_199' title='bbox 2610 985 2724 1039; x_wconf 55' lang='lat' dir='ltr'>haec</span> <span class='ocrx_word' id='word_1_200' title='bbox 2768 986 2910 1039; x_wconf 88' lang='lat' dir='ltr'>dicta</span> <span class='ocrx_word' id='word_1_201' title='bbox 2950 985 3078 1051; x_wconf 92' lang='lat' dir='ltr'>sint,</span> <span class='ocrx_word' id='word_1_202' title='bbox 3113 986 3230 1059; x_wconf 82' lang='lat' dir='ltr'>lege</span> <span class='ocrx_word' id='word_1_203' title='bbox 3277 991 3417 1045; x_wconf 84' lang='lat' dir='ltr'>beati</span> <span class='ocrx_word' id='word_1_204' title='bbox 3453 992 3707 1065; x_wconf 83' lang='lat' dir='ltr'>Gregorii</span> 
     </span>
    </p>
   </div>
   <div class='ocr_carea' id='block_1_25' title="bbox 2120 1074 3708 1155">
    <p class='ocr_par' dir='ltr' id='par_1_25' title="bbox 2120 1074 3708 1155">
     <span class='ocr_line' id='line_1_25' title="bbox 2120 1074 3708 1155; baseline 0.009 -27"><span class='ocrx_word' id='word_1_205' title='bbox 2120 1074 2331 1144; x_wconf 66' lang='lat' dir='ltr'>praziati</span> <span class='ocrx_word' id='word_1_206' title='bbox 2363 1074 2542 1130; x_wconf 87' lang='lat' dir='ltr'>Patris</span> <span class='ocrx_word' id='word_1_207' title='bbox 2571 1075 2625 1129; x_wconf 90' lang='lat' dir='ltr'>in</span> <span class='ocrx_word' id='word_1_208' title='bbox 2653 1075 2893 1132; x_wconf 89' lang='lat' dir='ltr'>homiliis</span> <span class='ocrx_word' id='word_1_209' title='bbox 2920 1076 3223 1134; x_wconf 83' lang='lat' dir='ltr'>Ezechielis</span> <span class='ocrx_word' id='word_1_210' title='bbox 3255 1081 3320 1135; x_wconf 91' lang='lat' dir='ltr'>de</span> <span class='ocrx_word' id='word_1_211' title='bbox 3351 1082 3453 1138; x_wconf 87' lang='lat' dir='ltr'>hac</span> <span class='ocrx_word' id='word_1_212' title='bbox 3478 1093 3708 1155; x_wconf 90' lang='lat' dir='ltr'>paterna</span> 
     </span>
    </p>
   </div>
   <div class='ocr_carea' id='block_1_26' title="bbox 2123 1166 3711 1237">
    <p class='ocr_par' dir='ltr' id='par_1_26' title="bbox 2123 1166 3711 1237">
     <span class='ocr_line' id='line_1_26' title="bbox 2123 1166 3711 1237; baseline 0.009 -19"><span class='ocrx_word' id='word_1_213' title='bbox 2123 1178 2254 1219; x_wconf 89' lang='lat' dir='ltr'>voce</span> <span class='ocrx_word' id='word_1_214' title='bbox 2292 1180 2506 1229; x_wconf 88' lang='lat' dir='ltr'>sensus,</span> <span class='ocrx_word' id='word_1_215' title='bbox 2539 1166 2629 1234; x_wconf 91' lang='lat' dir='ltr'>qui</span> <span class='ocrx_word' id='word_1_216' title='bbox 2668 1174 2792 1235; x_wconf 90' lang='lat' dir='ltr'>post</span> <span class='ocrx_word' id='word_1_217' title='bbox 2830 1166 3061 1237; x_wconf 89' lang='lat' dir='ltr'>plurima</span> <span class='ocrx_word' id='word_1_218' title='bbox 3109 1169 3464 1229; x_wconf 85' lang='lat' dir='ltr'>humanitatis</span> <span class='ocrx_word' id='word_1_219' title='bbox 3504 1176 3711 1235; x_wconf 87' lang='lat' dir='ltr'>Christi</span> 
     </span>
    </p>
   </div>
   <div class='ocr_carea' id='block_1_27' title="bbox 2124 1257 3714 1338">
    <p class='ocr_par' dir='ltr' id='par_1_27' title="bbox 2124 1257 3714 1338">
     <span class='ocr_line' id='line_1_27' title="bbox 2124 1257 3714 1338; baseline 0.01 -30"><span class='ocrx_word' id='word_1_220' title='bbox 2124 1262 2463 1311; x_wconf 89' lang='lat' dir='ltr'>sacramenta</span> <span class='ocrx_word' id='word_1_221' title='bbox 2494 1265 2550 1310; x_wconf 89' lang='lat' dir='ltr'>et</span> <span class='ocrx_word' id='word_1_222' title='bbox 2595 1257 2925 1327; x_wconf 74' lang='lat' dir='ltr'>prephetica:</span> <span class='ocrx_word' id='word_1_223' title='bbox 2953 1259 3178 1316; x_wconf 81' lang='lat' dir='ltr'>visionis</span> <span class='ocrx_word' id='word_1_224' title='bbox 3217 1266 3480 1333; x_wconf 81' lang='lat' dir='ltr'>mysteria</span> <span class='ocrx_word' id='word_1_225' title='bbox 3500 1308 3514 1333; x_wconf 93' lang='lat'>,</span> <span class='ocrx_word' id='word_1_226' title='bbox 3549 1267 3714 1338; x_wconf 83' lang='lat' dir='ltr'>hujus</span> 
     </span>
    </p>
   </div>
   <div class='ocr_carea' id='block_1_28' title="bbox 2123 1343 3710 1413">
    <p class='ocr_par' dir='ltr' id='par_1_28' title="bbox 2123 1343 3710 1413">
     <span class='ocr_line' id='line_1_28' title="bbox 2123 1343 3710 1413; baseline 0.011 -17"><span class='ocrx_word' id='word_1_227' title='bbox 2123 1351 2363 1412; x_wconf 64' lang='lat' dir='ltr'>paternas</span> <span class='ocrx_word' id='word_1_228' title='bbox 2422 1343 2570 1399; x_wconf 90' lang='lat' dir='ltr'>vocis</span> <span class='ocrx_word' id='word_1_229' title='bbox 2628 1345 3000 1402; x_wconf 79' lang='lat' dir='ltr'>excellentiam</span> <span class='ocrx_word' id='word_1_230' title='bbox 3050 1349 3317 1406; x_wconf 84' lang='lat' dir='ltr'>subinl‘ert</span> <span class='ocrx_word' id='word_1_231' title='bbox 3374 1354 3563 1411; x_wconf 91' lang='lat' dir='ltr'>dicens</span> <span class='ocrx_word' id='word_1_232' title='bbox 3611 1370 3639 1398; x_wconf 82' lang='grc' dir='ltr'>ι</span> <span class='ocrx_word' id='word_1_233' title='bbox 3695 1377 3710 1413; x_wconf 89' lang='lat'><strong>:</strong></span> 
     </span>
    </p>
   </div>
   <div class='ocr_carea' id='block_1_29' title="bbox 2131 1437 3714 1520">
    <p class='ocr_par' dir='ltr' id='par_1_29' title="bbox 2131 1437 3714 1520">
     <span class='ocr_line' id='line_1_29' title="bbox 2131 1437 3714 1520; baseline 0.013 -34"><span class='ocrx_word' id='word_1_234' title='bbox 2131 1455 2148 1486; x_wconf 80' lang='grc' dir='ltr'>ι</span> <span class='ocrx_word' id='word_1_235' title='bbox 2185 1437 2295 1492; x_wconf 77' lang='lat' dir='ltr'>Vox</span> <span class='ocrx_word' id='word_1_236' title='bbox 2318 1477 2331 1502; x_wconf 92' lang='lat'>,</span> <span class='ocrx_word' id='word_1_237' title='bbox 2365 1437 2572 1507; x_wconf 89' lang='lat' dir='ltr'>inquit,</span> <span class='ocrx_word' id='word_1_238' title='bbox 2605 1454 2766 1508; x_wconf 87' lang='lat' dir='ltr'>super</span> <span class='ocrx_word' id='word_1_239' title='bbox 2804 1439 3205 1497; x_wconf 83' lang='lat' dir='ltr'>ﬁrmamentum</span> <span class='ocrx_word' id='word_1_240' title='bbox 3255 1443 3397 1500; x_wconf 81' lang='lat' dir='ltr'>facta</span> <span class='ocrx_word' id='word_1_241' title='bbox 3435 1457 3548 1513; x_wconf 90' lang='lat' dir='ltr'>est,</span> <span class='ocrx_word' id='word_1_242' title='bbox 3589 1464 3714 1520; x_wconf 69' lang='lat' dir='ltr'>qua:</span> 
     </span>
    </p>
   </div>
   <div class='ocr_carea' id='block_1_30' title="bbox 2124 1528 3708 1596">
    <p class='ocr_par' dir='ltr' id='par_1_30' title="bbox 2124 1528 3708 1596">
     <span class='ocr_line' id='line_1_30' title="bbox 2124 1528 3708 1596; baseline 0.009 -15"><span class='ocrx_word' id='word_1_243' title='bbox 2124 1541 2286 1596; x_wconf 86' lang='lat' dir='ltr'>super</span> <span class='ocrx_word' id='word_1_244' title='bbox 2306 1528 2640 1595; x_wconf 88' lang='lat' dir='ltr'>baptizatum</span> <span class='ocrx_word' id='word_1_245' title='bbox 2666 1528 2953 1583; x_wconf 91' lang='lat' dir='ltr'>Dominum</span> <span class='ocrx_word' id='word_1_246' title='bbox 2982 1530 3048 1585; x_wconf 91' lang='lat' dir='ltr'>de</span> <span class='ocrx_word' id='word_1_247' title='bbox 3084 1533 3223 1587; x_wconf 72' lang='lat' dir='ltr'>ccelo</span> <span class='ocrx_word' id='word_1_248' title='bbox 3261 1537 3442 1591; x_wconf 89' lang='lat' dir='ltr'><strong>sonuit</strong></span> <span class='ocrx_word' id='word_1_249' title='bbox 3479 1536 3665 1595; x_wconf 88' lang='lat' dir='ltr'>dicens</span> <span class='ocrx_word' id='word_1_250' title='bbox 3696 1558 3708 1594; x_wconf 88' lang='lat'>:</span> 
     </span>
    </p>
   </div>
   <div class='ocr_carea' id='block_1_31' title="bbox 2129 1614 3709 1699">
    <p class='ocr_par' dir='ltr' id='par_1_31' title="bbox 2129 1614 3709 1699">
     <span class='ocr_line' id='line_1_31' title="bbox 2129 1614 3709 1699; baseline 0.009 -31"><span class='ocrx_word' id='word_1_251' title='bbox 2129 1614 2203 1669; x_wconf 82' lang='lat' dir='ltr'>Tu</span> <span class='ocrx_word' id='word_1_252' title='bbox 2224 1634 2277 1670; x_wconf 79' lang='lat' dir='ltr'>es</span> <span class='ocrx_word' id='word_1_253' title='bbox 2304 1615 2350 1669; x_wconf 83' lang='lat' dir='ltr'><em>F</em></span> <span class='ocrx_word' id='word_1_254' title='bbox 2353 1617 2475 1672; x_wconf 83' lang='lat' dir='ltr'>ilius</span> <span class='ocrx_word' id='word_1_255' title='bbox 2502 1635 2644 1672; x_wconf 74' lang='lat' dir='ltr'>meus</span> <span class='ocrx_word' id='word_1_256' title='bbox 2671 1617 2913 1684; x_wconf 76' lang='lat' dir='ltr'>dilectus,</span> <span class='ocrx_word' id='word_1_257' title='bbox 2946 1620 3000 1674; x_wconf 86' lang='lat' dir='ltr'>in</span> <span class='ocrx_word' id='word_1_258' title='bbox 3028 1631 3075 1674; x_wconf 93' lang='lat' dir='ltr'>te</span> <span class='ocrx_word' id='word_1_259' title='bbox 3109 1623 3404 1694; x_wconf 82' lang='lat' dir='ltr'>complacui</span> <span class='ocrx_word' id='word_1_260' title='bbox 3435 1625 3587 1699; x_wconf 88' lang='lat' dir='ltr'>(Luc.</span> <span class='ocrx_word' id='word_1_261' title='bbox 3619 1645 3709 1696; x_wconf 85' lang='grc' dir='ltr'>ιιι,</span> 
     </span>
    </p>
   </div>
   <div class='ocr_carea' id='block_1_32' title="bbox 2124 1706 3714 1779">
    <p class='ocr_par' dir='ltr' id='par_1_32' title="bbox 2124 1706 3714 1779">
     <span class='ocr_line' id='line_1_32' title="bbox 2124 1706 3714 1779; baseline 0.011 -20"><span class='ocrx_word' id='word_1_262' title='bbox 2124 1706 2246 1775; x_wconf 30' lang='lat'>22.);</span> <span class='ocrx_word' id='word_1_263' title='bbox 2277 1708 2362 1762; x_wconf 75' lang='lat' dir='ltr'>vel</span> <span class='ocrx_word' id='word_1_264' title='bbox 2393 1710 2531 1763; x_wconf 88' lang='lat' dir='ltr'>sicut</span> <span class='ocrx_word' id='word_1_265' title='bbox 2558 1724 2656 1779; x_wconf 90' lang='lat' dir='ltr'>per</span> <span class='ocrx_word' id='word_1_266' title='bbox 2683 1710 3079 1779; x_wconf 81' lang='lat' dir='ltr'>Evangelistam</span> <span class='ocrx_word' id='word_1_267' title='bbox 3116 1712 3281 1769; x_wconf 84' lang='lat' dir='ltr'>alium</span> <span class='ocrx_word' id='word_1_268' title='bbox 3319 1716 3521 1773; x_wconf 88' lang='lat' dir='ltr'>dicitur</span> <span class='ocrx_word' id='word_1_269' title='bbox 3553 1734 3568 1773; x_wconf 93' lang='lat'><strong>:</strong></span> <span class='ocrx_word' id='word_1_270' title='bbox 3607 1719 3714 1777; x_wconf 81' lang='lat' dir='ltr'>Hic</span> 
     </span>
    </p>
   </div>
   <div class='ocr_carea' id='block_1_33' title="bbox 432 1798 3705 1895">
    <p class='ocr_par' dir='ltr' id='par_1_33' title="bbox 432 1798 3705 1895">
     <span class='ocr_line' id='line_1_33' title="bbox 432 1798 3705 1895; baseline 0.01 -26"><span class='ocrx_word' id='word_1_271' title='bbox 432 1815 597 1871; x_wconf 83' lang='lat' dir='ltr'>dubio</span> <span class='ocrx_word' id='word_1_272' title='bbox 621 1832 750 1872; x_wconf 90' lang='lat' dir='ltr'>caro</span> <span class='ocrx_word' id='word_1_273' title='bbox 774 1818 940 1888; x_wconf 90' lang='lat' dir='ltr'>ipsius</span> <span class='ocrx_word' id='word_1_274' title='bbox 965 1798 1262 1891; x_wconf 70' lang='lat' dir='ltr'>exspiravit</span> <span class='ocrx_word' id='word_1_275' title='bbox 1285 1823 1551 1890; x_wconf 86' lang='lat' dir='ltr'>animam;</span> <span class='ocrx_word' id='word_1_276' title='bbox 1576 1825 1643 1879; x_wconf 92' lang='lat' dir='ltr'>ad</span> <span class='ocrx_word' id='word_1_277' title='bbox 1661 1798 1872 1895; x_wconf 85' lang='lat' dir='ltr'>tempus</span> <span class='ocrx_word' id='word_1_278' title='bbox 1895 1827 2014 1880; x_wconf 80' lang='lat' dir='ltr'>exi—</span> <span class='ocrx_word' id='word_1_279' title='bbox 2050 1806 2092 1864; x_wconf 72' lang='grc' dir='ltr'><strong>Β</strong></span> <span class='ocrx_word' id='word_1_280' title='bbox 2219 1798 2395 1895; x_wconf 40' lang='lat' dir='ltr'>“(ius</span> <span class='ocrx_word' id='word_1_281' title='bbox 2420 1801 2825 1895; x_wconf 50' lang='lat' dir='ltr'>&#39;&quot;e&#39;fi4ilef‘u&quot;</span> <span class='ocrx_word' id='word_1_282' title='bbox 2852 1804 2907 1857; x_wconf 53' lang='lat' dir='ltr'>in</span> <span class='ocrx_word' id='word_1_283' title='bbox 2922 1821 3023 1875; x_wconf 70' lang='lat' dir='ltr'>quo</span> <span class='ocrx_word' id='word_1_284' title='bbox 3040 1806 3168 1860; x_wconf 53' lang='lat' dir='ltr'>mihi</span> <span class='ocrx_word' id='word_1_285' title='bbox 3195 1807 3322 1862; x_wconf 48' lang='lat' dir='ltr'>bene</span> <span class='ocrx_word' id='word_1_286' title='bbox 3340 1809 3657 1875; x_wconf 52' lang='lat' dir='ltr'>complacuit</span> <span class='ocrx_word' id='word_1_287' title='bbox 3684 1833 3705 1867; x_wconf 74' lang='grc'><em>’</em></span> 
     </span>
    </p>
   </div>
   <div class='ocr_carea' id='block_1_34' title="bbox 432 1907 2020 1976">
    <p class='ocr_par' dir='ltr' id='par_1_34' title="bbox 432 1907 2020 1976">
     <span class='ocr_line' id='line_1_34' title="bbox 432 1907 2020 1976; baseline 0.009 -19"><span class='ocrx_word' id='word_1_288' title='bbox 432 1919 596 1974; x_wconf 78' lang='lat' dir='ltr'>guum</span> <span class='ocrx_word' id='word_1_289' title='bbox 623 1907 801 1961; x_wconf 88' lang='lat' dir='ltr'>anima</span> <span class='ocrx_word' id='word_1_290' title='bbox 824 1908 1065 1964; x_wconf 88' lang='lat' dir='ltr'>deseruit</span> <span class='ocrx_word' id='word_1_291' title='bbox 1087 1926 1325 1976; x_wconf 89' lang='lat' dir='ltr'>carnem,</span> <span class='ocrx_word' id='word_1_292' title='bbox 1354 1922 1409 1968; x_wconf 91' lang='lat' dir='ltr'>et</span> <span class='ocrx_word' id='word_1_293' title='bbox 1437 1914 1697 1970; x_wconf 86' lang='lat' dir='ltr'>redeunte</span> <span class='ocrx_word' id='word_1_294' title='bbox 1724 1916 1902 1970; x_wconf 91' lang='lat' dir='ltr'>anima</span> <span class='ocrx_word' id='word_1_295' title='bbox 1934 1931 2020 1970; x_wconf 89' lang='lat' dir='ltr'>re-</span> 
     </span>
    </p>
   </div>
   <div class='ocr_carea' id='block_1_35' title="bbox 431 1995 2018 2075">
    <p class='ocr_par' dir='ltr' id='par_1_35' title="bbox 431 1995 2018 2075">
     <span class='ocr_line' id='line_1_35' title="bbox 431 1995 2018 2075; baseline 0.011 -30"><span class='ocrx_word' id='word_1_296' title='bbox 431 1995 672 2049; x_wconf 79' lang='lat' dir='ltr'>surrexit</span> <span class='ocrx_word' id='word_1_297' title='bbox 697 1995 878 2067; x_wconf 79' lang='lat' dir='ltr'>[Aug.,</span> <span class='ocrx_word' id='word_1_298' title='bbox 912 2002 1391 2075; x_wconf 84' lang='lat' dir='ltr'>resurrecturam].</span> <span class='ocrx_word' id='word_1_299' title='bbox 1424 2004 1466 2058; x_wconf 80' lang='grc' dir='ltr'>Α</span> <span class='ocrx_word' id='word_1_300' title='bbox 1492 2006 1670 2061; x_wconf 88' lang='lat' dir='ltr'>Verbo</span> <span class='ocrx_word' id='word_1_301' title='bbox 1696 2015 1878 2062; x_wconf 87' lang='lat' dir='ltr'>autem</span> <span class='ocrx_word' id='word_1_302' title='bbox 1902 2009 2018 2062; x_wconf 87' lang='lat' dir='ltr'>ani—</span> 
     </span>
    </p>
   </div>
   <div class='ocr_carea' id='block_1_36' title="bbox 431 2093 2020 2155">
    <p class='ocr_par' dir='ltr' id='par_1_36' title="bbox 431 2093 2020 2155">
     <span class='ocr_line' id='line_1_36' title="bbox 431 2093 2020 2155; baseline 0.012 -19"><span class='ocrx_word' id='word_1_303' title='bbox 431 2097 577 2138; x_wconf 86' lang='lat' dir='ltr'>mam</span> <span class='ocrx_word' id='word_1_304' title='bbox 604 2095 911 2155; x_wconf 86' lang='lat' dir='ltr'>separatam</span> <span class='ocrx_word' id='word_1_305' title='bbox 950 2104 1072 2145; x_wconf 88' lang='lat' dir='ltr'>esse</span> <span class='ocrx_word' id='word_1_306' title='bbox 1096 2106 1201 2146; x_wconf 88' lang='lat' dir='ltr'><strong>non</strong></span> <span class='ocrx_word' id='word_1_307' title='bbox 1241 2093 1477 2148; x_wconf 92' lang='lat' dir='ltr'>dico.....</span> <span class='ocrx_word' id='word_1_308' title='bbox 1520 2096 1720 2152; x_wconf 88' lang='lat' dir='ltr'>Omnes</span> <span class='ocrx_word' id='word_1_309' title='bbox 1751 2099 1896 2153; x_wconf 91' lang='lat' dir='ltr'>enim</span> <span class='ocrx_word' id='word_1_310' title='bbox 1922 2101 2020 2155; x_wconf 84' lang='lat' dir='ltr'>ho-</span> 
     </span>
    </p>
   </div>
   <div class='ocr_carea' id='block_1_37' title="bbox 431 2172 2017 2255">
    <p class='ocr_par' dir='ltr' id='par_1_37' title="bbox 431 2172 2017 2255">
     <span class='ocr_line' id='line_1_37' title="bbox 431 2172 2017 2255; baseline 0.013 -29"><span class='ocrx_word' id='word_1_311' title='bbox 431 2172 627 2238; x_wconf 88' lang='lat' dir='ltr'>mines,</span> <span class='ocrx_word' id='word_1_312' title='bbox 654 2177 872 2245; x_wconf 88' lang='lat' dir='ltr'>quando</span> <span class='ocrx_word' id='word_1_313' title='bbox 895 2180 1224 2246; x_wconf 89' lang='lat' dir='ltr'>moriuntur,</span> <span class='ocrx_word' id='word_1_314' title='bbox 1252 2191 1460 2253; x_wconf 90' lang='lat' dir='ltr'>ponunt</span> <span class='ocrx_word' id='word_1_315' title='bbox 1487 2187 1760 2255; x_wconf 89' lang='lat' dir='ltr'>animam;</span> <span class='ocrx_word' id='word_1_316' title='bbox 1790 2191 1883 2245; x_wconf 89' lang='lat' dir='ltr'>sed</span> <span class='ocrx_word' id='word_1_317' title='bbox 1908 2207 2017 2245; x_wconf 91' lang='lat' dir='ltr'>non</span> 
     </span>
    </p>
   </div>
   <div class='ocr_carea' id='block_1_38' title="bbox 429 2266 2020 2351">
    <p class='ocr_par' dir='ltr' id='par_1_38' title="bbox 429 2266 2020 2351">
     <span class='ocr_line' id='line_1_38' title="bbox 429 2266 2020 2351; baseline 0.013 -35"><span class='ocrx_word' id='word_1_318' title='bbox 429 2277 621 2320; x_wconf 89' lang='lat' dir='ltr'>omnes</span> <span class='ocrx_word' id='word_1_319' title='bbox 646 2280 746 2335; x_wconf 90' lang='lat' dir='ltr'>pro</span> <span class='ocrx_word' id='word_1_320' title='bbox 773 2266 990 2324; x_wconf 85' lang='lat' dir='ltr'>Christo</span> <span class='ocrx_word' id='word_1_321' title='bbox 1025 2279 1254 2339; x_wconf 89' lang='lat' dir='ltr'>ponunt.</span> <span class='ocrx_word' id='word_1_322' title='bbox 1295 2274 1365 2329; x_wconf 89' lang='lat' dir='ltr'>Et</span> <span class='ocrx_word' id='word_1_323' title='bbox 1393 2290 1553 2331; x_wconf 88' lang='lat' dir='ltr'>nemo</span> <span class='ocrx_word' id='word_1_324' title='bbox 1581 2278 1746 2334; x_wconf 91' lang='lat' dir='ltr'>habet</span> <span class='ocrx_word' id='word_1_325' title='bbox 1777 2288 2020 2351; x_wconf 88' lang='lat' dir='ltr'>potesta-</span> 
     </span>
    </p>
   </div>
   <div class='ocr_carea' id='block_1_39' title="bbox 427 2359 2021 2434">
    <p class='ocr_par' dir='ltr' id='par_1_39' title="bbox 427 2359 2021 2434">
     <span class='ocr_line' id='line_1_39' title="bbox 427 2359 2021 2434; baseline 0.014 -27"><span class='ocrx_word' id='word_1_326' title='bbox 427 2359 543 2408; x_wconf 89' lang='lat' dir='ltr'>tem</span> <span class='ocrx_word' id='word_1_327' title='bbox 610 2370 826 2414; x_wconf 89' lang='lat' dir='ltr'>sumere</span> <span class='ocrx_word' id='word_1_328' title='bbox 852 2400 865 2424; x_wconf 92' lang='lat'>,</span> <span class='ocrx_word' id='word_1_329' title='bbox 925 2362 1069 2431; x_wconf 90' lang='lat' dir='ltr'>quod</span> <span class='ocrx_word' id='word_1_330' title='bbox 1122 2366 1382 2434; x_wconf 89' lang='lat' dir='ltr'>posuerit.</span> <span class='ocrx_word' id='word_1_331' title='bbox 1415 2366 1667 2425; x_wconf 88' lang='lat' dir='ltr'>Christus</span> <span class='ocrx_word' id='word_1_332' title='bbox 1725 2381 1904 2428; x_wconf 89' lang='lat' dir='ltr'>autem</span> <span class='ocrx_word' id='word_1_333' title='bbox 1965 2385 2021 2431; x_wconf 90' lang='lat' dir='ltr'>et</span> 
     </span>
    </p>
   </div>
   <div class='ocr_carea' id='block_1_40' title="bbox 425 2451 2019 2534">
    <p class='ocr_par' dir='ltr' id='par_1_40' title="bbox 425 2451 2019 2534">
     <span class='ocr_line' id='line_1_40' title="bbox 425 2451 2019 2534; baseline 0.013 -30"><span class='ocrx_word' id='word_1_334' title='bbox 425 2462 529 2518; x_wconf 86' lang='lat' dir='ltr'>pro</span> <span class='ocrx_word' id='word_1_335' title='bbox 575 2451 734 2508; x_wconf 88' lang='lat' dir='ltr'>nobis</span> <span class='ocrx_word' id='word_1_336' title='bbox 787 2456 1002 2523; x_wconf 87' lang='lat' dir='ltr'>posuit,</span> <span class='ocrx_word' id='word_1_337' title='bbox 1054 2465 1110 2513; x_wconf 90' lang='lat' dir='ltr'>et</span> <span class='ocrx_word' id='word_1_338' title='bbox 1163 2461 1379 2529; x_wconf 91' lang='lat' dir='ltr'>quando</span> <span class='ocrx_word' id='word_1_339' title='bbox 1434 2463 1639 2530; x_wconf 83' lang='lat' dir='ltr'>voluit,</span> <span class='ocrx_word' id='word_1_340' title='bbox 1690 2466 1908 2534; x_wconf 89' lang='lat' dir='ltr'>posuit,</span> <span class='ocrx_word' id='word_1_341' title='bbox 1964 2478 2019 2524; x_wconf 90' lang='lat' dir='ltr'>et</span> 
     </span>
    </p>
   </div>
   <div class='ocr_carea' id='block_1_41' title="bbox 427 2542 2019 2625">
    <p class='ocr_par' dir='ltr' id='par_1_41' title="bbox 427 2542 2019 2625">
     <span class='ocr_line' id='line_1_41' title="bbox 427 2542 2019 2625; baseline 0.013 -31"><span class='ocrx_word' id='word_1_342' title='bbox 427 2542 647 2610; x_wconf 89' lang='lat' dir='ltr'>quando</span> <span class='ocrx_word' id='word_1_343' title='bbox 683 2544 882 2609; x_wconf 90' lang='lat' dir='ltr'>voluit,</span> <span class='ocrx_word' id='word_1_344' title='bbox 922 2550 1171 2618; x_wconf 89' lang='lat' dir='ltr'>sumpsit.</span> <span class='ocrx_word' id='word_1_345' title='bbox 1205 2551 1414 2608; x_wconf 89' lang='lat' dir='ltr'>Ponere</span> <span class='ocrx_word' id='word_1_346' title='bbox 1439 2569 1568 2625; x_wconf 77' lang='lat' dir='ltr'>ergo</span> <span class='ocrx_word' id='word_1_347' title='bbox 1608 2557 1843 2612; x_wconf 91' lang='lat' dir='ltr'>animam</span> <span class='ocrx_word' id='word_1_348' title='bbox 1880 2561 2019 2615; x_wconf 90' lang='lat' dir='ltr'>mori</span> 
     </span>
    </p>
   </div>
   <div class='ocr_carea' id='block_1_42' title="bbox 427 2631 2018 2721">
    <p class='ocr_par' dir='ltr' id='par_1_42' title="bbox 427 2631 2018 2721">
     <span class='ocr_line' id='line_1_42' title="bbox 427 2631 2018 2721; baseline 0.012 -35"><span class='ocrx_word' id='word_1_349' title='bbox 427 2638 533 2686; x_wconf 87' lang='lat' dir='ltr'>est.</span> <span class='ocrx_word' id='word_1_350' title='bbox 586 2631 678 2687; x_wconf 91' lang='lat' dir='ltr'>Sic</span> <span class='ocrx_word' id='word_1_351' title='bbox 719 2634 913 2692; x_wconf 83' lang='lat' dir='ltr'>Petrus</span> <span class='ocrx_word' id='word_1_352' title='bbox 962 2638 1191 2696; x_wconf 91' lang='lat' dir='ltr'>Domino</span> <span class='ocrx_word' id='word_1_353' title='bbox 1229 2642 1367 2698; x_wconf 82' lang='lat' dir='ltr'>dixit</span> <span class='ocrx_word' id='word_1_354' title='bbox 1398 2662 1409 2697; x_wconf 92' lang='lat'>:</span> <span class='ocrx_word' id='word_1_355' title='bbox 1442 2644 1686 2701; x_wconf 78' lang='lat' dir='ltr'>Animam</span> <span class='ocrx_word' id='word_1_356' title='bbox 1723 2660 1933 2721; x_wconf 82' lang='lat' dir='ltr'>propter</span> <span class='ocrx_word' id='word_1_357' title='bbox 1971 2663 2018 2707; x_wconf 83' lang='lat' dir='ltr'>te</span> 
     </span>
    </p>
   </div>
   <div class='ocr_carea' id='block_1_43' title="bbox 430 2721 2020 2804">
    <p class='ocr_par' dir='ltr' id='par_1_43' title="bbox 430 2721 2020 2804">
     <span class='ocr_line' id='line_1_43' title="bbox 430 2721 2020 2804; baseline 0.015 -32"><span class='ocrx_word' id='word_1_358' title='bbox 430 2738 624 2791; x_wconf 81' lang='lat' dir='ltr'>ponam</span> <span class='ocrx_word' id='word_1_359' title='bbox 652 2721 834 2794; x_wconf 79' lang='lat' dir='ltr'>(Joan.</span> <span class='ocrx_word' id='word_1_360' title='bbox 868 2741 968 2781; x_wconf 78' lang='lat' dir='ltr'>xm</span> <span class='ocrx_word' id='word_1_361' title='bbox 991 2768 1005 2793; x_wconf 93' lang='lat'>,</span> <span class='ocrx_word' id='word_1_362' title='bbox 1031 2728 1143 2800; x_wconf 77' lang='lat'>57),</span> <span class='ocrx_word' id='word_1_363' title='bbox 1170 2730 1224 2786; x_wconf 87' lang='lat' dir='ltr'>id</span> <span class='ocrx_word' id='word_1_364' title='bbox 1252 2740 1337 2787; x_wconf 89' lang='lat' dir='ltr'>est</span> <span class='ocrx_word' id='word_1_365' title='bbox 1362 2775 1375 2798; x_wconf 94' lang='lat'>,</span> <span class='ocrx_word' id='word_1_366' title='bbox 1410 2749 1508 2804; x_wconf 92' lang='lat' dir='ltr'>pro</span> <span class='ocrx_word' id='word_1_367' title='bbox 1540 2744 1593 2791; x_wconf 90' lang='lat' dir='ltr'>te</span> <span class='ocrx_word' id='word_1_368' title='bbox 1618 2739 1822 2793; x_wconf 85' lang='lat' dir='ltr'>moriar</span> <span class='ocrx_word' id='word_1_369' title='bbox 1852 2756 2020 2797; x_wconf 90' lang='lat' dir='ltr'>carne</span> 
     </span>
    </p>
   </div>
   <div class='ocr_carea' id='block_1_44' title="bbox 433 2812 2018 2900">
    <p class='ocr_par' dir='ltr' id='par_1_44' title="bbox 433 2812 2018 2900">
     <span class='ocr_line' id='line_1_44' title="bbox 433 2812 2018 2900; baseline 0.014 -34"><span class='ocrx_word' id='word_1_370' title='bbox 433 2812 582 2885; x_wconf 70' lang='lat' dir='ltr'>[Vox</span> <span class='ocrx_word' id='word_1_371' title='bbox 605 2828 769 2869; x_wconf 89' lang='lat' dir='ltr'>carne</span> <span class='ocrx_word' id='word_1_372' title='bbox 791 2816 931 2872; x_wconf 77' lang='lat' dir='ltr'>deest</span> <span class='ocrx_word' id='word_1_373' title='bbox 954 2819 1095 2889; x_wconf 86' lang='lat' dir='ltr'>apud</span> <span class='ocrx_word' id='word_1_374' title='bbox 1116 2821 1299 2895; x_wconf 83' lang='lat' dir='ltr'>Aug.].</span> <span class='ocrx_word' id='word_1_375' title='bbox 1314 2845 1332 2877; x_wconf 80' lang='grc' dir='ltr'>ι</span> <span class='ocrx_word' id='word_1_376' title='bbox 1366 2825 1434 2881; x_wconf 88' lang='lat' dir='ltr'>Et</span> <span class='ocrx_word' id='word_1_377' title='bbox 1459 2828 1619 2897; x_wconf 89' lang='lat' dir='ltr'>paulo</span> <span class='ocrx_word' id='word_1_378' title='bbox 1643 2839 1766 2900; x_wconf 92' lang='lat' dir='ltr'>post</span> <span class='ocrx_word' id='word_1_379' title='bbox 1791 2851 1803 2884; x_wconf 87' lang='lat'><strong>;</strong></span> <span class='ocrx_word' id='word_1_380' title='bbox 1830 2850 1848 2882; x_wconf 82' lang='grc' dir='ltr'>ι</span> <span class='ocrx_word' id='word_1_381' title='bbox 1870 2830 2018 2898; x_wconf 82' lang='lat' dir='ltr'>Quo—</span> 
     </span>
    </p>
   </div>
   <div class='ocr_carea' id='block_1_45' title="bbox 428 2904 2019 2983">
    <p class='ocr_par' dir='ltr' id='par_1_45' title="bbox 428 2904 2019 2983">
     <span class='ocr_line' id='line_1_45' title="bbox 428 2904 2019 2983; baseline 0.013 -25"><span class='ocrx_word' id='word_1_382' title='bbox 428 2904 591 2961; x_wconf 85' lang='lat' dir='ltr'>modo</span> <span class='ocrx_word' id='word_1_383' title='bbox 620 2904 871 2963; x_wconf 87' lang='lat' dir='ltr'>Christus</span> <span class='ocrx_word' id='word_1_384' title='bbox 895 2911 1131 2966; x_wconf 88' lang='lat' dir='ltr'>animam</span> <span class='ocrx_word' id='word_1_385' title='bbox 1156 2916 1376 2983; x_wconf 85' lang='lat' dir='ltr'>posuit?</span> <span class='ocrx_word' id='word_1_386' title='bbox 1401 2916 1516 2973; x_wconf 84' lang='lat' dir='ltr'><strong>Non</strong></span> <span class='ocrx_word' id='word_1_387' title='bbox 1538 2919 1684 2974; x_wconf 90' lang='lat' dir='ltr'>enim</span> <span class='ocrx_word' id='word_1_388' title='bbox 1710 2937 1838 2977; x_wconf 88' lang='lat' dir='ltr'>caro</span> <span class='ocrx_word' id='word_1_389' title='bbox 1864 2922 2019 2979; x_wconf 86' lang='lat' dir='ltr'>Chri-</span> 
     </span>
    </p>
   </div>
   <div class='ocr_carea' id='block_1_46' title="bbox 427 2995 2019 3082">
    <p class='ocr_par' dir='ltr' id='par_1_46' title="bbox 427 2995 2019 3082">
     <span class='ocr_line' id='line_1_46' title="bbox 427 2995 2019 3082; baseline 0.014 -34"><span class='ocrx_word' id='word_1_390' title='bbox 427 2995 580 3050; x_wconf 86' lang='lat' dir='ltr'>stus?</span> <span class='ocrx_word' id='word_1_391' title='bbox 628 2995 705 3050; x_wconf 87' lang='lat' dir='ltr'>lta</span> <span class='ocrx_word' id='word_1_392' title='bbox 752 2997 910 3067; x_wconf 90' lang='lat' dir='ltr'>plane</span> <span class='ocrx_word' id='word_1_393' title='bbox 960 3014 1088 3057; x_wconf 91' lang='lat' dir='ltr'>caro</span> <span class='ocrx_word' id='word_1_394' title='bbox 1131 3003 1316 3076; x_wconf 75' lang='lat' dir='ltr'>[Aug.,</span> <span class='ocrx_word' id='word_1_395' title='bbox 1361 3016 1415 3062; x_wconf 90' lang='lat' dir='ltr'>et</span> <span class='ocrx_word' id='word_1_396' title='bbox 1461 3009 1612 3082; x_wconf 91' lang='lat' dir='ltr'>caro]</span> <span class='ocrx_word' id='word_1_397' title='bbox 1655 3011 1921 3078; x_wconf 91' lang='lat' dir='ltr'>Christus,</span> <span class='ocrx_word' id='word_1_398' title='bbox 1965 3023 2019 3068; x_wconf 90' lang='lat' dir='ltr'>et</span> 
     </span>
    </p>
   </div>
   <div class='ocr_carea' id='block_1_47' title="bbox 429 3084 2016 3161">
    <p class='ocr_par' dir='ltr' id='par_1_47' title="bbox 429 3084 2016 3161">
     <span class='ocr_line' id='line_1_47' title="bbox 429 3084 2016 3161; baseline 0.011 -19"><span class='ocrx_word' id='word_1_399' title='bbox 429 3089 610 3144; x_wconf 82' lang='lat' dir='ltr'>anima</span> <span class='ocrx_word' id='word_1_400' title='bbox 648 3089 917 3158; x_wconf 90' lang='lat' dir='ltr'>Christus,</span> <span class='ocrx_word' id='word_1_401' title='bbox 968 3104 1024 3149; x_wconf 91' lang='lat' dir='ltr'>et</span> <span class='ocrx_word' id='word_1_402' title='bbox 1071 3097 1308 3153; x_wconf 89' lang='lat' dir='ltr'>Verbum</span> <span class='ocrx_word' id='word_1_403' title='bbox 1336 3099 1585 3159; x_wconf 88' lang='lat' dir='ltr'>Christus</span> <span class='ocrx_word' id='word_1_404' title='bbox 1632 3084 1656 3157; x_wconf 67' lang='grc' dir='ltr'>ε’</span> <span class='ocrx_word' id='word_1_405' title='bbox 1694 3120 1795 3160; x_wconf 90' lang='lat' dir='ltr'>nec</span> <span class='ocrx_word' id='word_1_406' title='bbox 1835 3114 2016 3161; x_wconf 88' lang='lat' dir='ltr'>tamen</span> 
     </span>
    </p>
   </div>
   <div class='ocr_carea' id='block_1_48' title="bbox 429 3183 2018 3264">
    <p class='ocr_par' dir='ltr' id='par_1_48' title="bbox 429 3183 2018 3264">
     <span class='ocr_line' id='line_1_48' title="bbox 429 3183 2018 3264; baseline 0.011 -27"><span class='ocrx_word' id='word_1_407' title='bbox 429 3183 535 3239; x_wconf 86' lang='lat' dir='ltr'>tria</span> <span class='ocrx_word' id='word_1_408' title='bbox 565 3186 683 3240; x_wconf 83' lang='lat' dir='ltr'>haec</span> <span class='ocrx_word' id='word_1_409' title='bbox 721 3192 832 3242; x_wconf 92' lang='lat' dir='ltr'>tres</span> <span class='ocrx_word' id='word_1_410' title='bbox 860 3187 1085 3255; x_wconf 90' lang='lat' dir='ltr'>Christi,</span> <span class='ocrx_word' id='word_1_411' title='bbox 1125 3194 1219 3247; x_wconf 90' lang='lat' dir='ltr'>sed</span> <span class='ocrx_word' id='word_1_412' title='bbox 1250 3209 1389 3250; x_wconf 91' lang='lat' dir='ltr'>unus</span> <span class='ocrx_word' id='word_1_413' title='bbox 1432 3195 1700 3264; x_wconf 88' lang='lat' dir='ltr'>Christus,</span> <span class='ocrx_word' id='word_1_414' title='bbox 1743 3218 1761 3251; x_wconf 75' lang='grc' dir='ltr'>ι</span> <span class='ocrx_word' id='word_1_415' title='bbox 1797 3208 1854 3253; x_wconf 84' lang='lat' dir='ltr'>et</span> <span class='ocrx_word' id='word_1_416' title='bbox 1880 3216 2018 3254; x_wconf 89' lang='lat' dir='ltr'>unus</span> 
     </span>
    </p>
   </div>
   <div class='ocr_carea' id='block_1_49' title="bbox 427 3276 2015 3356">
    <p class='ocr_par' dir='ltr' id='par_1_49' title="bbox 427 3276 2015 3356">
     <span class='ocr_line' id='line_1_49' title="bbox 427 3276 2015 3356; baseline 0.013 -27"><span class='ocrx_word' id='word_1_417' title='bbox 427 3276 737 3347; x_wconf 76' lang='lat' dir='ltr'>unigenitus</span> <span class='ocrx_word' id='word_1_418' title='bbox 764 3280 903 3336; x_wconf 88' lang='lat' dir='ltr'>Deus</span> <span class='ocrx_word' id='word_1_419' title='bbox 928 3289 985 3336; x_wconf 89' lang='lat' dir='ltr'>et</span> <span class='ocrx_word' id='word_1_420' title='bbox 1025 3284 1207 3341; x_wconf 87' lang='lat' dir='ltr'>homo.</span> <span class='ocrx_word' id='word_1_421' title='bbox 1244 3287 1432 3344; x_wconf 82' lang='lat' dir='ltr'><strong>Nonne</strong></span> <span class='ocrx_word' id='word_1_422' title='bbox 1457 3291 1573 3356; x_wconf 90' lang='lat' dir='ltr'>tibi,</span> <span class='ocrx_word' id='word_1_423' title='bbox 1603 3308 1637 3347; x_wconf 94' lang='lat' dir='ltr'>o</span> <span class='ocrx_word' id='word_1_424' title='bbox 1678 3309 1851 3348; x_wconf 88' lang='lat' dir='ltr'>novus</span> <span class='ocrx_word' id='word_1_425' title='bbox 1888 3310 2015 3348; x_wconf 88' lang='lat' dir='ltr'>san-</span> 
     </span>
    </p>
   </div>
   <div class='ocr_carea' id='block_1_50' title="bbox 398 3368 2018 3448">
    <p class='ocr_par' dir='ltr' id='par_1_50' title="bbox 398 3368 2018 3448">
     <span class='ocr_line' id='line_1_50' title="bbox 398 3368 2018 3448; baseline 0.012 -30"><span class='ocrx_word' id='word_1_426' title='bbox 398 3374 641 3421; x_wconf 84' lang='lat' dir='ltr'>ctarum</span> <span class='ocrx_word' id='word_1_427' title='bbox 689 3368 957 3437; x_wconf 83' lang='lat' dir='ltr'>interpres</span> <span class='ocrx_word' id='word_1_428' title='bbox 1008 3371 1432 3444; x_wconf 89' lang='lat' dir='ltr'>Scripturarum,</span> <span class='ocrx_word' id='word_1_429' title='bbox 1473 3395 1636 3448; x_wconf 83' lang='lat' dir='ltr'>prava</span> <span class='ocrx_word' id='word_1_430' title='bbox 1693 3384 2018 3438; x_wconf 87' lang='lat' dir='ltr'>subintravit</span> 
     </span>
    </p>
   </div>
   <div class='ocr_carea' id='block_1_51' title="bbox 426 3455 2014 3541">
    <p class='ocr_par' dir='ltr' id='par_1_51' title="bbox 426 3455 2014 3541">
     <span class='ocr_line' id='line_1_51' title="bbox 426 3455 2014 3541; baseline 0.014 -34"><span class='ocrx_word' id='word_1_431' title='bbox 426 3455 704 3525; x_wconf 75' lang='lat' dir='ltr'>cogitatio,</span> <span class='ocrx_word' id='word_1_432' title='bbox 727 3460 870 3527; x_wconf 88' lang='lat' dir='ltr'>quod</span> <span class='ocrx_word' id='word_1_433' title='bbox 890 3462 1069 3517; x_wconf 88' lang='lat' dir='ltr'>anima</span> <span class='ocrx_word' id='word_1_434' title='bbox 1096 3465 1297 3521; x_wconf 90' lang='lat' dir='ltr'>Christi</span> <span class='ocrx_word' id='word_1_435' title='bbox 1326 3479 1575 3538; x_wconf 88' lang='lat' dir='ltr'>separata</span> <span class='ocrx_word' id='word_1_436' title='bbox 1594 3481 1740 3527; x_wconf 86' lang='lat' dir='ltr'>esset</span> <span class='ocrx_word' id='word_1_437' title='bbox 1767 3490 1798 3528; x_wconf 89' lang='lat' dir='ltr'>a</span> <span class='ocrx_word' id='word_1_438' title='bbox 1814 3474 2014 3541; x_wconf 89' lang='lat' dir='ltr'>Verbo,</span> 
     </span>
    </p>
   </div>
   <div class='ocr_carea' id='block_1_52' title="bbox 427 3544 2015 3623">
    <p class='ocr_par' dir='ltr' id='par_1_52' title="bbox 427 3544 2015 3623">
     <span class='ocr_line' id='line_1_52' title="bbox 427 3544 2015 3623; baseline 0.016 -26"><span class='ocrx_word' id='word_1_439' title='bbox 427 3544 556 3599; x_wconf 81' lang='lat' dir='ltr'>dum</span> <span class='ocrx_word' id='word_1_440' title='bbox 580 3546 747 3612; x_wconf 91' lang='lat' dir='ltr'>dicis,</span> <span class='ocrx_word' id='word_1_441' title='bbox 794 3552 1087 3607; x_wconf 89' lang='lat' dir='ltr'>secundum</span> <span class='ocrx_word' id='word_1_442' title='bbox 1116 3555 1452 3614; x_wconf 86' lang='lat' dir='ltr'>divinitatem</span> <span class='ocrx_word' id='word_1_443' title='bbox 1482 3561 1598 3617; x_wconf 62' lang='lat' dir='ltr'>haec</span> <span class='ocrx_word' id='word_1_444' title='bbox 1636 3564 1827 3618; x_wconf 90' lang='lat' dir='ltr'>eadem</span> <span class='ocrx_word' id='word_1_445' title='bbox 1852 3566 2015 3623; x_wconf 87' lang='lat' dir='ltr'>verba</span> 
     </span>
    </p>
   </div>
   <div class='ocr_carea' id='block_1_53' title="bbox 426 3636 2016 3715">
    <p class='ocr_par' dir='ltr' id='par_1_53' title="bbox 426 3636 2016 3715">
     <span class='ocr_line' id='line_1_53' title="bbox 426 3636 2016 3715; baseline 0.014 -26"><span class='ocrx_word' id='word_1_446' title='bbox 426 3636 716 3694; x_wconf 89' lang='lat' dir='ltr'>Dominum</span> <span class='ocrx_word' id='word_1_447' title='bbox 749 3641 1075 3710; x_wconf 86' lang='lat' dir='ltr'>protulisse?</span> <span class='ocrx_word' id='word_1_448' title='bbox 1110 3648 1253 3715; x_wconf 91' lang='lat' dir='ltr'>quod</span> <span class='ocrx_word' id='word_1_449' title='bbox 1297 3649 1455 3703; x_wconf 86' lang='lat' dir='ltr'>valde</span> <span class='ocrx_word' id='word_1_450' title='bbox 1502 3653 1846 3708; x_wconf 88' lang='lat' dir='ltr'>metuendum</span> <span class='ocrx_word' id='word_1_451' title='bbox 1894 3672 2016 3711; x_wconf 87' lang='lat' dir='ltr'>esse</span> 
     </span>
    </p>
   </div>
   <div class='ocr_carea' id='block_1_54' title="bbox 429 3727 2016 3815">
    <p class='ocr_par' dir='ltr' id='par_1_54' title="bbox 429 3727 2016 3815">
     <span class='ocr_line' id='line_1_54' title="bbox 429 3727 2016 3815; baseline 0.016 -35"><span class='ocrx_word' id='word_1_452' title='bbox 429 3727 527 3781; x_wconf 88' lang='lat' dir='ltr'>tibi</span> <span class='ocrx_word' id='word_1_453' title='bbox 567 3727 671 3784; x_wconf 91' lang='lat' dir='ltr'>iste</span> <span class='ocrx_word' id='word_1_454' title='bbox 699 3732 1003 3802; x_wconf 75' lang='lat' dir='ltr'>pnecipuus</span> <span class='ocrx_word' id='word_1_455' title='bbox 1033 3735 1223 3792; x_wconf 91' lang='lat' dir='ltr'>doctor</span> <span class='ocrx_word' id='word_1_456' title='bbox 1253 3740 1561 3798; x_wconf 86' lang='lat' dir='ltr'>rationabili</span> <span class='ocrx_word' id='word_1_457' title='bbox 1596 3746 1799 3815; x_wconf 88' lang='lat' dir='ltr'>pietate</span> <span class='ocrx_word' id='word_1_458' title='bbox 1830 3750 2016 3806; x_wconf 84' lang='lat' dir='ltr'>admo-</span> 
     </span>
    </p>
   </div>
   <div class='ocr_carea' id='block_1_55' title="bbox 428 3816 564 3871">
    <p class='ocr_par' dir='ltr' id='par_1_55' title="bbox 428 3816 564 3871">
     <span class='ocr_line' id='line_1_55' title="bbox 428 3816 564 3871; baseline 0.015 -2"><span class='ocrx_word' id='word_1_459' title='bbox 428 3816 564 3871; x_wconf 87' lang='lat' dir='ltr'>nuit.</span> 
     </span>
    </p>
   </div>
   <div class='ocr_carea' id='block_1_56' title="bbox 496 3906 2016 3988">
    <p class='ocr_par' dir='ltr' id='par_1_56' title="bbox 496 3906 2016 3988">
     <span class='ocr_line' id='line_1_56' title="bbox 496 3906 2016 3988; baseline 0.018 -28"><span class='ocrx_word' id='word_1_460' title='bbox 496 3906 616 3961; x_wconf 80' lang='lat' dir='ltr'>XX.</span> <span class='ocrx_word' id='word_1_461' title='bbox 660 3907 833 3966; x_wconf 87' lang='lat' dir='ltr'>Simili</span> <span class='ocrx_word' id='word_1_462' title='bbox 862 3929 1077 3986; x_wconf 90' lang='lat' dir='ltr'>quoque</span> <span class='ocrx_word' id='word_1_463' title='bbox 1101 3923 1458 3987; x_wconf 86' lang='lat' dir='ltr'>perversitate</span> <span class='ocrx_word' id='word_1_464' title='bbox 1486 3926 1729 3985; x_wconf 88' lang='lat' dir='ltr'>dividere</span> <span class='ocrx_word' id='word_1_465' title='bbox 1758 3932 1840 3986; x_wconf 91' lang='lat' dir='ltr'>vis</span> <span class='ocrx_word' id='word_1_466' title='bbox 1861 3906 2016 3988; x_wconf 44' lang='lat' dir='ltr'>ChriQ</span> 
     </span>
    </p>
   </div>
   <div class='ocr_carea' id='block_1_57' title="bbox 425 3999 2013 4080">
    <p class='ocr_par' dir='ltr' id='par_1_57' title="bbox 425 3999 2013 4080">
     <span class='ocr_line' id='line_1_57' title="bbox 425 3999 2013 4080; baseline 0.018 -30"><span class='ocrx_word' id='word_1_467' title='bbox 425 4006 568 4053; x_wconf 90' lang='lat' dir='ltr'>stum</span> <span class='ocrx_word' id='word_1_468' title='bbox 598 3999 652 4053; x_wconf 91' lang='lat' dir='ltr'>iu</span> <span class='ocrx_word' id='word_1_469' title='bbox 682 4015 746 4056; x_wconf 91' lang='lat' dir='ltr'>ea</span> <span class='ocrx_word' id='word_1_470' title='bbox 775 4018 930 4071; x_wconf 90' lang='lat' dir='ltr'>voce,</span> <span class='ocrx_word' id='word_1_471' title='bbox 967 4023 1129 4076; x_wconf 89' lang='lat' dir='ltr'>quam</span> <span class='ocrx_word' id='word_1_472' title='bbox 1161 4009 1322 4067; x_wconf 89' lang='lat' dir='ltr'>Pater</span> <span class='ocrx_word' id='word_1_473' title='bbox 1350 4014 1403 4068; x_wconf 93' lang='lat' dir='ltr'>in</span> <span class='ocrx_word' id='word_1_474' title='bbox 1428 4027 1609 4072; x_wconf 89' lang='lat' dir='ltr'>monte</span> <span class='ocrx_word' id='word_1_475' title='bbox 1637 4030 1827 4076; x_wconf 89' lang='lat' dir='ltr'>sancto</span> <span class='ocrx_word' id='word_1_476' title='bbox 1854 4024 2013 4080; x_wconf 86' lang='lat' dir='ltr'>disci—</span> 
     </span>
    </p>
   </div>
   <div class='ocr_carea' id='block_1_58' title="bbox 423 4089 2012 4173">
    <p class='ocr_par' dir='ltr' id='par_1_58' title="bbox 423 4089 2012 4173">
     <span class='ocr_line' id='line_1_58' title="bbox 423 4089 2012 4173; baseline 0.019 -31"><span class='ocrx_word' id='word_1_477' title='bbox 423 4089 567 4158; x_wconf 89' lang='lat' dir='ltr'>pulis</span> <span class='ocrx_word' id='word_1_478' title='bbox 619 4096 964 4155; x_wconf 85' lang='lat' dir='ltr'>audientibus</span> <span class='ocrx_word' id='word_1_479' title='bbox 1014 4106 1238 4173; x_wconf 89' lang='lat' dir='ltr'>protulit</span> <span class='ocrx_word' id='word_1_480' title='bbox 1289 4108 1517 4166; x_wconf 89' lang='lat' dir='ltr'>dicens:</span> <span class='ocrx_word' id='word_1_481' title='bbox 1561 4113 1663 4168; x_wconf 81' lang='lat' dir='ltr'>Hic</span> <span class='ocrx_word' id='word_1_482' title='bbox 1709 4127 1784 4170; x_wconf 82' lang='lat' dir='ltr'>est</span> <span class='ocrx_word' id='word_1_483' title='bbox 1841 4116 2012 4173; x_wconf 77' lang='lat' dir='ltr'>Filius</span> 
     </span>
    </p>
   </div>
   <div class='ocr_carea' id='block_1_59' title="bbox 422 4184 2011 4280">
    <p class='ocr_par' dir='ltr' id='par_1_59' title="bbox 422 4184 2011 4280">
     <span class='ocr_line' id='line_1_59' title="bbox 422 4184 2011 4280; baseline 0.021 -48"><span class='ocrx_word' id='word_1_484' title='bbox 422 4196 569 4236; x_wconf 77' lang='lat' dir='ltr'>meus</span> <span class='ocrx_word' id='word_1_485' title='bbox 618 4184 862 4254; x_wconf 77' lang='lat' dir='ltr'>dilectus,</span> <span class='ocrx_word' id='word_1_486' title='bbox 905 4191 962 4244; x_wconf 79' lang='lat' dir='ltr'>in</span> <span class='ocrx_word' id='word_1_487' title='bbox 997 4209 1101 4262; x_wconf 85' lang='lat' dir='ltr'>quo</span> <span class='ocrx_word' id='word_1_488' title='bbox 1130 4197 1259 4252; x_wconf 86' lang='lat' dir='ltr'>mihi</span> <span class='ocrx_word' id='word_1_489' title='bbox 1299 4200 1425 4255; x_wconf 82' lang='lat' dir='ltr'>bene</span> <span class='ocrx_word' id='word_1_490' title='bbox 1449 4204 1767 4275; x_wconf 81' lang='lat' dir='ltr'>complacuit</span> <span class='ocrx_word' id='word_1_491' title='bbox 1794 4223 1812 4260; x_wconf 94' lang='grc'><strong>.·</strong></span> <span class='ocrx_word' id='word_1_492' title='bbox 1840 4209 2011 4280; x_wconf 77' lang='lat' dir='ltr'>ipsum</span> 
     </span>
    </p>
   </div>
   <div class='ocr_carea' id='block_1_60' title="bbox 421 4271 2011 4356">
    <p class='ocr_par' dir='ltr' id='par_1_60' title="bbox 421 4271 2011 4356">
     <span class='ocr_line' id='line_1_60' title="bbox 421 4271 2011 4356; baseline 0.022 -34"><span class='ocrx_word' id='word_1_493' title='bbox 421 4271 604 4327; x_wconf 79' lang='lat' dir='ltr'>audite</span> <span class='ocrx_word' id='word_1_494' title='bbox 630 4272 845 4345; x_wconf 74' lang='lat' dir='ltr'>(Matth.</span> <span class='ocrx_word' id='word_1_495' title='bbox 875 4295 1013 4347; x_wconf 79' lang='lat' dir='ltr'>xvn,</span> <span class='ocrx_word' id='word_1_496' title='bbox 1046 4283 1136 4356; x_wconf 82' lang='lat'>5);</span> <span class='ocrx_word' id='word_1_497' title='bbox 1172 4291 1327 4356; x_wconf 91' lang='lat' dir='ltr'>quasi</span> <span class='ocrx_word' id='word_1_498' title='bbox 1357 4292 1462 4348; x_wconf 90' lang='lat' dir='ltr'>hoc</span> <span class='ocrx_word' id='word_1_499' title='bbox 1490 4271 1868 4355; x_wconf 26' lang='lat' dir='ltr'>devdivinitate&#39;</span> <span class='ocrx_word' id='word_1_500' title='bbox 1896 4310 2011 4356; x_wconf 83' lang='lat' dir='ltr'>tan-</span> 
     </span>
    </p>
   </div>
   <div class='ocr_carea' id='block_1_61' title="bbox 421 4366 2005 4454">
    <p class='ocr_par' dir='ltr' id='par_1_61' title="bbox 421 4366 2005 4454">
     <span class='ocr_line' id='line_1_61' title="bbox 421 4366 2005 4454; baseline 0.021 -40"><span class='ocrx_word' id='word_1_501' title='bbox 421 4366 701 4423; x_wconf 86' lang='lat' dir='ltr'>tummodo</span> <span class='ocrx_word' id='word_1_502' title='bbox 749 4369 949 4426; x_wconf 88' lang='lat' dir='ltr'>dictum</span> <span class='ocrx_word' id='word_1_503' title='bbox 978 4375 1070 4440; x_wconf 91' lang='lat' dir='ltr'>sit,</span> <span class='ocrx_word' id='word_1_504' title='bbox 1103 4386 1158 4430; x_wconf 91' lang='lat' dir='ltr'>et</span> <span class='ocrx_word' id='word_1_505' title='bbox 1195 4395 1301 4435; x_wconf 91' lang='lat' dir='ltr'><strong>non</strong></span> <span class='ocrx_word' id='word_1_506' title='bbox 1334 4385 1505 4454; x_wconf 81' lang='lat' dir='ltr'>magis</span> <span class='ocrx_word' id='word_1_507' title='bbox 1542 4386 1610 4442; x_wconf 91' lang='lat' dir='ltr'>de</span> <span class='ocrx_word' id='word_1_508' title='bbox 1650 4388 2005 4448; x_wconf 87' lang='lat' dir='ltr'>humanitate.</span> 
     </span>
    </p>
   </div>
   <div class='ocr_carea' id='block_1_62' title="bbox 418 4449 2092 4544">
    <p class='ocr_par' dir='ltr' id='par_1_62' title="bbox 418 4449 2092 4544">
     <span class='ocr_line' id='line_1_62' title="bbox 418 4449 2092 4544; baseline 0.021 -39"><span class='ocrx_word' id='word_1_509' title='bbox 418 4449 478 4506; x_wconf 87' lang='lat' dir='ltr'>Si</span> <span class='ocrx_word' id='word_1_510' title='bbox 499 4465 632 4525; x_wconf 78' lang='lat' dir='ltr'>ergo</span> <span class='ocrx_word' id='word_1_511' title='bbox 660 4455 727 4511; x_wconf 91' lang='lat' dir='ltr'>de</span> <span class='ocrx_word' id='word_1_512' title='bbox 757 4459 1036 4518; x_wconf 82' lang='lat' dir='ltr'>divinitate</span> <span class='ocrx_word' id='word_1_513' title='bbox 1065 4449 1449 4526; x_wconf 68' lang='lat' dir='ltr'>tantummodo</span> <span class='ocrx_word' id='word_1_514' title='bbox 1465 4474 1568 4530; x_wconf 91' lang='lat' dir='ltr'>hoc</span> <span class='ocrx_word' id='word_1_515' title='bbox 1592 4479 1862 4544; x_wconf 84' lang='lat' dir='ltr'>prolatum</span> <span class='ocrx_word' id='word_1_516' title='bbox 1887 4498 2006 4537; x_wconf 87' lang='lat' dir='ltr'>esse</span> <span class='ocrx_word' id='word_1_517' title='bbox 2037 4486 2092 4544; x_wconf 72' lang='grc' dir='ltr'>η’</span> 
     </span>
    </p>
   </div>
   <div class='ocr_carea' id='block_1_63' title="bbox 416 4544 2001 4629">
    <p class='ocr_par' dir='ltr' id='par_1_63' title="bbox 416 4544 2001 4629">
     <span class='ocr_line' id='line_1_63' title="bbox 416 4544 2001 4629; baseline 0.021 -33"><span class='ocrx_word' id='word_1_518' title='bbox 416 4544 675 4612; x_wconf 66' lang='lat' dir='ltr'>aestimas,</span> <span class='ocrx_word' id='word_1_519' title='bbox 707 4550 949 4608; x_wconf 88' lang='lat' dir='ltr'>dividere</span> <span class='ocrx_word' id='word_1_520' title='bbox 976 4555 1059 4610; x_wconf 90' lang='lat' dir='ltr'>vis</span> <span class='ocrx_word' id='word_1_521' title='bbox 1087 4556 1383 4627; x_wconf 88' lang='lat' dir='ltr'>Christum,</span> <span class='ocrx_word' id='word_1_522' title='bbox 1427 4574 1485 4618; x_wconf 90' lang='lat' dir='ltr'>et</span> <span class='ocrx_word' id='word_1_523' title='bbox 1525 4576 1776 4623; x_wconf 89' lang='lat' dir='ltr'>naturam</span> <span class='ocrx_word' id='word_1_524' title='bbox 1804 4572 2001 4629; x_wconf 83' lang='lat' dir='ltr'>divini-</span> 
     </span>
    </p>
   </div>
   <div class='ocr_carea' id='block_1_64' title="bbox 418 4635 2007 4732">
    <p class='ocr_par' dir='ltr' id='par_1_64' title="bbox 418 4635 2007 4732">
     <span class='ocr_line' id='line_1_64' title="bbox 418 4635 2007 4732; baseline 0.02 -44"><span class='ocrx_word' id='word_1_525' title='bbox 418 4635 546 4690; x_wconf 86' lang='lat' dir='ltr'>tatis</span> <span class='ocrx_word' id='word_1_526' title='bbox 584 4644 957 4699; x_wconf 88' lang='lat' dir='ltr'>tantummodo</span> <span class='ocrx_word' id='word_1_527' title='bbox 993 4646 1113 4703; x_wconf 87' lang='lat' dir='ltr'>esse</span> <span class='ocrx_word' id='word_1_528' title='bbox 1148 4649 1376 4718; x_wconf 89' lang='lat' dir='ltr'>Filium;</span> <span class='ocrx_word' id='word_1_529' title='bbox 1426 4658 1569 4725; x_wconf 87' lang='lat' dir='ltr'>quod</span> <span class='ocrx_word' id='word_1_530' title='bbox 1596 4675 1759 4728; x_wconf 89' lang='lat' dir='ltr'>quam</span> <span class='ocrx_word' id='word_1_531' title='bbox 1786 4678 2007 4732; x_wconf 85' lang='lat' dir='ltr'>perver-</span> 
     </span>
    </p>
   </div>
   <div class='ocr_carea' id='block_1_65' title="bbox 415 4729 2006 4823">
    <p class='ocr_par' dir='ltr' id='par_1_65' title="bbox 415 4729 2006 4823">
     <span class='ocr_line' id='line_1_65' title="bbox 415 4729 2006 4823; baseline 0.019 -42"><span class='ocrx_word' id='word_1_532' title='bbox 415 4738 536 4781; x_wconf 78' lang='lat' dir='ltr'>sum</span> <span class='ocrx_word' id='word_1_533' title='bbox 561 4729 653 4795; x_wconf 85' lang='lat' dir='ltr'>sit,</span> <span class='ocrx_word' id='word_1_534' title='bbox 679 4733 855 4791; x_wconf 91' lang='lat' dir='ltr'>nullus</span> <span class='ocrx_word' id='word_1_535' title='bbox 882 4736 1095 4808; x_wconf 80' lang='lat' dir='ltr'>ignorat</span> <span class='ocrx_word' id='word_1_536' title='bbox 1115 4742 1431 4800; x_wconf 89' lang='lat' dir='ltr'>catholicus.</span> <span class='ocrx_word' id='word_1_537' title='bbox 1456 4748 1623 4820; x_wconf 76' lang='lat'>885</span> <span class='ocrx_word' id='word_1_538' title='bbox 1645 4729 1820 4823; x_wconf 72' lang='lat' dir='ltr'>Super</span> <span class='ocrx_word' id='word_1_539' title='bbox 1842 4772 2006 4812; x_wconf 88' lang='lat' dir='ltr'>unum</span> 
     </span>
    </p>
   </div>
   <div class='ocr_carea' id='block_1_66' title="bbox 414 4811 2007 4904">
    <p class='ocr_par' dir='ltr' id='par_1_66' title="bbox 414 4811 2007 4904">
     <span class='ocr_line' id='line_1_66' title="bbox 414 4811 2007 4904; baseline 0.02 -35"><span class='ocrx_word' id='word_1_540' title='bbox 414 4811 612 4871; x_wconf 80' lang='lat' dir='ltr'>Filium</span> <span class='ocrx_word' id='word_1_541' title='bbox 644 4818 783 4876; x_wconf 79' lang='lat' dir='ltr'>facta</span> <span class='ocrx_word' id='word_1_542' title='bbox 812 4833 896 4879; x_wconf 92' lang='lat' dir='ltr'>est</span> <span class='ocrx_word' id='word_1_543' title='bbox 935 4828 1051 4883; x_wconf 74' lang='lat' dir='ltr'>haec</span> <span class='ocrx_word' id='word_1_544' title='bbox 1079 4845 1179 4885; x_wconf 84' lang='lat' dir='ltr'>vox</span> <span class='ocrx_word' id='word_1_545' title='bbox 1220 4831 1396 4890; x_wconf 88' lang='lat' dir='ltr'>Patris</span> <span class='ocrx_word' id='word_1_546' title='bbox 1419 4811 1680 4904; x_wconf 54' lang='lat'>(135050,</span> <span class='ocrx_word' id='word_1_547' title='bbox 1716 4811 1773 4897; x_wconf 77' lang='lat' dir='ltr'>et</span> <span class='ocrx_word' id='word_1_548' title='bbox 1811 4845 1876 4899; x_wconf 91' lang='lat' dir='ltr'>de</span> <span class='ocrx_word' id='word_1_549' title='bbox 1916 4845 2007 4901; x_wconf 91' lang='lat' dir='ltr'>illo</span> 
     </span>
    </p>
   </div>
   <div class='ocr_carea' id='block_1_67' title="bbox 413 4907 2009 5003">
    <p class='ocr_par' dir='ltr' id='par_1_67' title="bbox 413 4907 2009 5003">
     <span class='ocr_line' id='line_1_67' title="bbox 413 4907 2009 5003; baseline 0.021 -43"><span class='ocrx_word' id='word_1_550' title='bbox 413 4921 525 4963; x_wconf 84' lang='lat' dir='ltr'>uno</span> <span class='ocrx_word' id='word_1_551' title='bbox 549 4907 687 4966; x_wconf 84' lang='lat' dir='ltr'>Filio</span> <span class='ocrx_word' id='word_1_552' title='bbox 710 4912 910 4971; x_wconf 88' lang='lat' dir='ltr'>dicitur</span> <span class='ocrx_word' id='word_1_553' title='bbox 937 4936 951 4972; x_wconf 91' lang='lat'><strong>:</strong></span> <span class='ocrx_word' id='word_1_554' title='bbox 987 4918 1090 4974; x_wconf 78' lang='lat' dir='ltr'>Hic</span> <span class='ocrx_word' id='word_1_555' title='bbox 1110 4933 1185 4976; x_wconf 77' lang='lat' dir='ltr'>est</span> <span class='ocrx_word' id='word_1_556' title='bbox 1207 4922 1257 4976; x_wconf 84' lang='lat' dir='ltr'><strong><em>F</em></strong></span> <span class='ocrx_word' id='word_1_557' title='bbox 1260 4924 1383 4979; x_wconf 82' lang='lat' dir='ltr'>ilius</span> <span class='ocrx_word' id='word_1_558' title='bbox 1404 4945 1551 4985; x_wconf 79' lang='lat' dir='ltr'>meus</span> <span class='ocrx_word' id='word_1_559' title='bbox 1575 4930 1814 4989; x_wconf 79' lang='lat' dir='ltr'>dilectus.</span> <span class='ocrx_word' id='word_1_560' title='bbox 1847 4936 2009 5003; x_wconf 89' lang='lat' dir='ltr'>Quid-</span> 
     </span>
    </p>
   </div>
   <div class='ocr_carea' id='block_1_68' title="bbox 414 5000 2005 5100">
    <p class='ocr_par' dir='ltr' id='par_1_68' title="bbox 414 5000 2005 5100">
     <span class='ocr_line' id='line_1_68' title="bbox 414 5000 2005 5100; baseline 0.022 -48"><span class='ocrx_word' id='word_1_561' title='bbox 414 5000 544 5068; x_wconf 87' lang='lat' dir='ltr'>quid</span> <span class='ocrx_word' id='word_1_562' title='bbox 574 5000 630 5056; x_wconf 89' lang='lat' dir='ltr'>in</span> <span class='ocrx_word' id='word_1_563' title='bbox 661 5002 877 5063; x_wconf 88' lang='lat' dir='ltr'>Christo</span> <span class='ocrx_word' id='word_1_564' title='bbox 903 5018 1003 5075; x_wconf 91' lang='lat' dir='ltr'>est,</span> <span class='ocrx_word' id='word_1_565' title='bbox 1035 5020 1089 5067; x_wconf 92' lang='lat' dir='ltr'>et</span> <span class='ocrx_word' id='word_1_566' title='bbox 1119 5015 1241 5070; x_wconf 82' lang='lat' dir='ltr'>Filii</span> <span class='ocrx_word' id='word_1_567' title='bbox 1270 5034 1465 5075; x_wconf 86' lang='lat' dir='ltr'>nomen</span> <span class='ocrx_word' id='word_1_568' title='bbox 1490 5023 1673 5089; x_wconf 86' lang='lat' dir='ltr'>habet,</span> <span class='ocrx_word' id='word_1_569' title='bbox 1710 5025 1806 5100; x_wconf 82' lang='lat' dir='ltr'>[et]</span> <span class='ocrx_word' id='word_1_570' title='bbox 1835 5000 2005 5100; x_wconf 81' lang='lat' dir='ltr'>ipsius</span> 
     </span>
    </p>
   </div>
   <div class='ocr_carea' id='block_1_69' title="bbox 414 5088 1999 5189">
    <p class='ocr_par' dir='ltr' id='par_1_69' title="bbox 414 5088 1999 5189">
     <span class='ocr_line' id='line_1_69' title="bbox 414 5088 1999 5189; baseline 0.023 -46"><span class='ocrx_word' id='word_1_571' title='bbox 414 5088 595 5148; x_wconf 83' lang='lat' dir='ltr'>Patris</span> <span class='ocrx_word' id='word_1_572' title='bbox 621 5096 963 5165; x_wconf 87' lang='lat' dir='ltr'>testimonio,</span> <span class='ocrx_word' id='word_1_573' title='bbox 992 5100 1166 5160; x_wconf 77' lang='lat' dir='ltr'>Filius</span> <span class='ocrx_word' id='word_1_574' title='bbox 1200 5124 1343 5164; x_wconf 80' lang='lat' dir='ltr'>meus</span> <span class='ocrx_word' id='word_1_575' title='bbox 1371 5111 1593 5169; x_wconf 81' lang='lat' dir='ltr'>dilectus</span> <span class='ocrx_word' id='word_1_576' title='bbox 1623 5088 1999 5189; x_wconf 45' lang='lat' dir='ltr'>dieitqu,-uon,</span> 
     </span>
    </p>
   </div>
   <div class='ocr_carea' id='block_1_70' title="bbox 415 5189 2003 5282">
    <p class='ocr_par' dir='ltr' id='par_1_70' title="bbox 415 5189 2003 5282">
     <span class='ocr_line' id='line_1_70' title="bbox 415 5189 2003 5282; baseline 0.024 -50"><span class='ocrx_word' id='word_1_577' title='bbox 415 5189 474 5234; x_wconf 94' lang='lat' dir='ltr'>ut</span> <span class='ocrx_word' id='word_1_578' title='bbox 516 5190 569 5237; x_wconf 90' lang='lat' dir='ltr'>tu</span> <span class='ocrx_word' id='word_1_579' title='bbox 611 5189 831 5253; x_wconf 90' lang='lat' dir='ltr'>asseris,</span> <span class='ocrx_word' id='word_1_580' title='bbox 868 5191 1173 5263; x_wconf 88' lang='lat' dir='ltr'>adoptivus.</span> <span class='ocrx_word' id='word_1_581' title='bbox 1219 5198 1345 5255; x_wconf 84' lang='lat' dir='ltr'>Tria</span> <span class='ocrx_word' id='word_1_582' title='bbox 1379 5218 1509 5260; x_wconf 91' lang='lat' dir='ltr'>vero</span> <span class='ocrx_word' id='word_1_583' title='bbox 1539 5206 1593 5261; x_wconf 91' lang='lat' dir='ltr'>in</span> <span class='ocrx_word' id='word_1_584' title='bbox 1621 5225 1753 5266; x_wconf 88' lang='lat' dir='ltr'>voce</span> <span class='ocrx_word' id='word_1_585' title='bbox 1776 5221 2003 5282; x_wconf 86' lang='lat' dir='ltr'>paterna</span> 
     </span>
    </p>
   </div>
   <div class='ocr_carea' id='block_1_71' title="bbox 413 5271 2004 5359">
    <p class='ocr_par' dir='ltr' id='par_1_71' title="bbox 413 5271 2004 5359">
     <span class='ocr_line' id='line_1_71' title="bbox 413 5271 2004 5359; baseline 0.024 -37"><span class='ocrx_word' id='word_1_586' title='bbox 413 5271 595 5327; x_wconf 83' lang='lat' dir='ltr'>audita</span> <span class='ocrx_word' id='word_1_587' title='bbox 622 5284 747 5331; x_wconf 91' lang='lat' dir='ltr'>sunt</span> <span class='ocrx_word' id='word_1_588' title='bbox 773 5297 785 5332; x_wconf 85' lang='lat'><strong>:</strong></span> <span class='ocrx_word' id='word_1_589' title='bbox 819 5278 1015 5347; x_wconf 82' lang='lat' dir='ltr'>Filius,</span> <span class='ocrx_word' id='word_1_590' title='bbox 1045 5293 1101 5339; x_wconf 91' lang='lat' dir='ltr'>et</span> <span class='ocrx_word' id='word_1_591' title='bbox 1133 5305 1296 5352; x_wconf 75' lang='lat' dir='ltr'>meus,</span> <span class='ocrx_word' id='word_1_592' title='bbox 1329 5299 1384 5346; x_wconf 83' lang='lat' dir='ltr'>et</span> <span class='ocrx_word' id='word_1_593' title='bbox 1421 5293 1642 5352; x_wconf 74' lang='lat' dir='ltr'>dilectus</span> <span class='ocrx_word' id='word_1_594' title='bbox 1670 5271 1887 5357; x_wconf 69' lang='lat' dir='ltr'>dicitur.</span> <span class='ocrx_word' id='word_1_595' title='bbox 1936 5306 2004 5359; x_wconf 85' lang='lat' dir='ltr'><strong>Et</strong></span> 
     </span>
    </p>
   </div>
   <div class='ocr_carea' id='block_1_72' title="bbox 411 5359 1998 5456">
    <p class='ocr_par' dir='ltr' id='par_1_72' title="bbox 411 5359 1998 5456">
     <span class='ocr_line' id='line_1_72' title="bbox 411 5359 1998 5456; baseline 0.025 -43"><span class='ocrx_word' id='word_1_596' title='bbox 411 5359 590 5419; x_wconf 82' lang='lat' dir='ltr'>adhuc</span> <span class='ocrx_word' id='word_1_597' title='bbox 632 5369 838 5426; x_wconf 85' lang='lat' dir='ltr'>addidit</span> <span class='ocrx_word' id='word_1_598' title='bbox 871 5392 882 5426; x_wconf 91' lang='lat'>:</span> <span class='ocrx_word' id='word_1_599' title='bbox 932 5374 1000 5429; x_wconf 88' lang='lat' dir='ltr'>In</span> <span class='ocrx_word' id='word_1_600' title='bbox 1041 5395 1142 5448; x_wconf 61' lang='lat' dir='ltr'>quo</span> <span class='ocrx_word' id='word_1_601' title='bbox 1174 5382 1301 5436; x_wconf 84' lang='lat' dir='ltr'>mihi</span> <span class='ocrx_word' id='word_1_602' title='bbox 1340 5384 1464 5442; x_wconf 85' lang='lat' dir='ltr'>bene</span> <span class='ocrx_word' id='word_1_603' title='bbox 1506 5391 1841 5456; x_wconf 82' lang='lat' dir='ltr'>complacuit.</span> <span class='ocrx_word' id='word_1_604' title='bbox 1887 5397 1998 5452; x_wconf 80' lang='lat' dir='ltr'>Vox</span> 
     </span>
    </p>
   </div>
   <div class='ocr_carea' id='block_1_73' title="bbox 412 5493 1995 5596">
    <p class='ocr_par' dir='ltr' id='par_1_73' title="bbox 412 5493 1995 5596">
     <span class='ocr_line' id='line_1_73' title="bbox 412 5493 1995 5596; baseline 0.024 -46"><span class='ocrx_word' id='word_1_605' title='bbox 412 5493 1020 5596; x_wconf 50' lang='grc' dir='ltr'>ἱιξτυὲ-ξμφὶιραωῖ</span> <span class='ocrx_word' id='word_1_606' title='bbox 1048 5514 1308 5596; x_wconf 75' lang='lat' dir='ltr'>Christus</span> <span class='ocrx_word' id='word_1_607' title='bbox 1337 5538 1401 5576; x_wconf 73' lang='lat' dir='ltr'>ex</span> <span class='ocrx_word' id='word_1_608' title='bbox 1446 5539 1531 5587; x_wconf 87' lang='lat' dir='ltr'>co,</span> <span class='ocrx_word' id='word_1_609' title='bbox 1572 5529 1713 5596; x_wconf 88' lang='lat' dir='ltr'>quod</span> <span class='ocrx_word' id='word_1_610' title='bbox 1759 5531 1995 5588; x_wconf 81' lang='lat' dir='ltr'>Verbum</span> 
     </span>
    </p>
   </div>
   <div class='ocr_carea' id='block_1_74' title="bbox 412 5573 1993 5664">
    <p class='ocr_par' dir='ltr' id='par_1_74' title="bbox 412 5573 1993 5664">
     <span class='ocr_line' id='line_1_74' title="bbox 412 5573 1993 5664; baseline 0.027 -44"><span class='ocrx_word' id='word_1_611' title='bbox 412 5573 695 5664; x_wconf 55' lang='lat' dir='ltr'>est,Ponit</span> <span class='ocrx_word' id='word_1_612' title='bbox 726 5578 982 5664; x_wconf 76' lang='lat' dir='ltr'>animam,</span> <span class='ocrx_word' id='word_1_613' title='bbox 1011 5593 1064 5638; x_wconf 89' lang='lat' dir='ltr'>et</span> <span class='ocrx_word' id='word_1_614' title='bbox 1093 5590 1262 5664; x_wconf 81' lang='lat' dir='ltr'>sumit</span> <span class='ocrx_word' id='word_1_615' title='bbox 1285 5573 1406 5646; x_wconf 78' lang='lat' dir='ltr'>eam</span> <span class='ocrx_word' id='word_1_616' title='bbox 1433 5573 1625 5652; x_wconf 68' lang='lat' dir='ltr'>iterum</span> 
     </span>
    </p>
   </div>
   <div class='ocr_carea' id='block_1_75' title="bbox 410 5649 1995 5733">
    <p class='ocr_par' dir='ltr' id='par_1_75' title="bbox 410 5649 1995 5733">
     <span class='ocr_line' id='line_1_75' title="bbox 410 5649 1995 5733; baseline 0.025 -45"><span class='ocrx_word' id='word_1_617' title='bbox 410 5649 1062 5733; x_wconf 43' lang='lat' dir='ltr'>qtt‘qa-aninia‘hur‘nana</span> <span class='ocrx_word' id='word_1_618' title='bbox 1101 5667 1202 5720; x_wconf 88' lang='lat' dir='ltr'>est,</span> <span class='ocrx_word' id='word_1_619' title='bbox 1251 5660 1364 5728; x_wconf 84' lang='lat' dir='ltr'>ipsa</span> <span class='ocrx_word' id='word_1_620' title='bbox 1410 5649 1769 5733; x_wconf 50' lang='lat' dir='ltr'>se&#39;pbiiiﬁi</span> <span class='ocrx_word' id='word_1_621' title='bbox 1800 5649 1995 5728; x_wconf 62' lang='lat' dir='ltr'>iterum</span> 
     </span>
    </p>
   </div>
   <div class='ocr_carea' id='block_1_76' title="bbox 413 5717 1996 5808">
    <p class='ocr_par' dir='ltr' id='par_1_76' title="bbox 413 5717 1996 5808">
     <span class='ocr_line' id='line_1_76' title="bbox 413 5717 1996 5808; baseline 0.023 -43"><span class='ocrx_word' id='word_1_622' title='bbox 413 5717 536 5780; x_wconf 72' lang='lat' dir='ltr'>Ipsa</span> <span class='ocrx_word' id='word_1_623' title='bbox 559 5722 620 5767; x_wconf 83' lang='lat' dir='ltr'>se</span> <span class='ocrx_word' id='word_1_624' title='bbox 646 5717 854 5770; x_wconf 87' lang='lat' dir='ltr'>sumit?</span> <span class='ocrx_word' id='word_1_625' title='bbox 897 5719 978 5775; x_wconf 83' lang='lat' dir='ltr'>An</span> <span class='ocrx_word' id='word_1_626' title='bbox 1005 5736 1069 5778; x_wconf 83' lang='lat' dir='ltr'>ex</span> <span class='ocrx_word' id='word_1_627' title='bbox 1116 5717 1203 5792; x_wconf 80' lang='lat' dir='ltr'>eo,</span> <span class='ocrx_word' id='word_1_628' title='bbox 1246 5717 1387 5798; x_wconf 78' lang='lat' dir='ltr'>quod</span> <span class='ocrx_word' id='word_1_629' title='bbox 1417 5717 1682 5808; x_wconf 53' lang='lat' dir='ltr'>curaest;</span> <span class='ocrx_word' id='word_1_630' title='bbox 1717 5717 1996 5800; x_wconf 53' lang='lat'>2111363153</span> 
     </span>
    </p>
   </div>
   <div class='ocr_carea' id='block_1_77' title="bbox 2124 1888 3712 1967">
    <p class='ocr_par' dir='ltr' id='par_1_77' title="bbox 2124 1888 3712 1967">
     <span class='ocr_line' id='line_1_77' title="bbox 2124 1888 3712 1967; baseline 0.013 -27"><span class='ocrx_word' id='word_1_631' title='bbox 2124 1888 2339 1959; x_wconf 74' lang='lat' dir='ltr'>(Matth.</span> <span class='ocrx_word' id='word_1_632' title='bbox 2390 1908 2472 1955; x_wconf 89' lang='grc' dir='ltr'><strong>ιιι,</strong></span> <span class='ocrx_word' id='word_1_633' title='bbox 2509 1891 2617 1961; x_wconf 84' lang='lat' dir='ltr'>l7).</span> <span class='ocrx_word' id='word_1_634' title='bbox 2688 1893 2755 1947; x_wconf 87' lang='lat' dir='ltr'>Et</span> <span class='ocrx_word' id='word_1_635' title='bbox 2807 1904 2931 1965; x_wconf 92' lang='lat' dir='ltr'>post</span> <span class='ocrx_word' id='word_1_636' title='bbox 2983 1912 3154 1967; x_wconf 89' lang='lat' dir='ltr'>pauca</span> <span class='ocrx_word' id='word_1_637' title='bbox 3185 1913 3199 1952; x_wconf 90' lang='lat'><strong>:</strong></span> <span class='ocrx_word' id='word_1_638' title='bbox 3237 1917 3254 1949; x_wconf 84' lang='grc' dir='ltr'>ι</span> <span class='ocrx_word' id='word_1_639' title='bbox 3292 1899 3351 1954; x_wconf 86' lang='lat' dir='ltr'><strong>In</strong></span> <span class='ocrx_word' id='word_1_640' title='bbox 3381 1902 3496 1957; x_wconf 91' lang='lat' dir='ltr'>solo</span> <span class='ocrx_word' id='word_1_641' title='bbox 3525 1914 3712 1960; x_wconf 89' lang='lat' dir='ltr'>autem</span> 
     </span>
    </p>
   </div>
   <div class='ocr_carea' id='block_1_78' title="bbox 2122 1981 3712 2054">
    <p class='ocr_par' dir='ltr' id='par_1_78' title="bbox 2122 1981 3712 2054">
     <span class='ocr_line' id='line_1_78' title="bbox 2122 1981 3712 2054; baseline 0.013 -19"><span class='ocrx_word' id='word_1_642' title='bbox 2122 1981 2225 2036; x_wconf 85' lang='lat' dir='ltr'>sibi</span> <span class='ocrx_word' id='word_1_643' title='bbox 2256 1983 2533 2054; x_wconf 79' lang='lat' dir='ltr'>unigenito</span> <span class='ocrx_word' id='word_1_644' title='bbox 2556 1985 2786 2041; x_wconf 87' lang='lat' dir='ltr'>Domino</span> <span class='ocrx_word' id='word_1_645' title='bbox 2825 1989 2936 2044; x_wconf 93' lang='lat' dir='ltr'>Deo</span> <span class='ocrx_word' id='word_1_646' title='bbox 2962 2000 3149 2046; x_wconf 91' lang='lat' dir='ltr'>nostro</span> <span class='ocrx_word' id='word_1_647' title='bbox 3177 1991 3305 2049; x_wconf 81' lang='lat' dir='ltr'>Jesu</span> <span class='ocrx_word' id='word_1_648' title='bbox 3327 1993 3543 2053; x_wconf 90' lang='lat' dir='ltr'>Christo</span> <span class='ocrx_word' id='word_1_649' title='bbox 3566 2014 3712 2054; x_wconf 87' lang='lat' dir='ltr'>com-</span> 
     </span>
    </p>
   </div>
   <div class='ocr_carea' id='block_1_79' title="bbox 2122 2071 3713 2145">
    <p class='ocr_par' dir='ltr' id='par_1_79' title="bbox 2122 2071 3713 2145">
     <span class='ocr_line' id='line_1_79' title="bbox 2122 2071 3713 2145; baseline 0.013 -21"><span class='ocrx_word' id='word_1_650' title='bbox 2122 2071 2353 2141; x_wconf 86' lang='lat' dir='ltr'>placuit,</span> <span class='ocrx_word' id='word_1_651' title='bbox 2385 2075 2511 2143; x_wconf 91' lang='lat' dir='ltr'>quia</span> <span class='ocrx_word' id='word_1_652' title='bbox 2538 2076 2685 2131; x_wconf 91' lang='lat' dir='ltr'>hunc</span> <span class='ocrx_word' id='word_1_653' title='bbox 2716 2077 2860 2132; x_wconf 88' lang='lat' dir='ltr'>inter</span> <span class='ocrx_word' id='word_1_654' title='bbox 2902 2080 3149 2137; x_wconf 91' lang='lat' dir='ltr'>homines</span> <span class='ocrx_word' id='word_1_655' title='bbox 3192 2083 3467 2141; x_wconf 88' lang='lat' dir='ltr'>hominem</span> <span class='ocrx_word' id='word_1_656' title='bbox 3495 2104 3713 2145; x_wconf 88' lang='lat' dir='ltr'>creasse</span> 
     </span>
    </p>
   </div>
   <div class='ocr_carea' id='block_1_80' title="bbox 2121 2169 3715 2244">
    <p class='ocr_par' dir='ltr' id='par_1_80' title="bbox 2121 2169 3715 2244">
     <span class='ocr_line' id='line_1_80' title="bbox 2121 2169 3715 2244; baseline 0.011 -25"><span class='ocrx_word' id='word_1_657' title='bbox 2121 2180 2247 2220; x_wconf 90' lang='lat' dir='ltr'>eum</span> <span class='ocrx_word' id='word_1_658' title='bbox 2277 2182 2385 2221; x_wconf 91' lang='lat' dir='ltr'>non</span> <span class='ocrx_word' id='word_1_659' title='bbox 2423 2169 2676 2238; x_wconf 71' lang='lat' dir='ltr'>pmnituit</span> <span class='ocrx_word' id='word_1_660' title='bbox 2700 2210 2715 2233; x_wconf 93' lang='lat'>,</span> <span class='ocrx_word' id='word_1_661' title='bbox 2765 2171 2821 2223; x_wconf 90' lang='lat' dir='ltr'>in</span> <span class='ocrx_word' id='word_1_662' title='bbox 2856 2188 2963 2242; x_wconf 88' lang='lat' dir='ltr'>quo</span> <span class='ocrx_word' id='word_1_663' title='bbox 2991 2183 3276 2244; x_wconf 92' lang='lat' dir='ltr'>peccatum</span> <span class='ocrx_word' id='word_1_664' title='bbox 3306 2178 3511 2234; x_wconf 90' lang='lat' dir='ltr'>nullum</span> <span class='ocrx_word' id='word_1_665' title='bbox 3541 2183 3715 2238; x_wconf 90' lang='lat' dir='ltr'>omni-</span> 
     </span>
    </p>
   </div>
   <div class='ocr_carea' id='block_1_81' title="bbox 2122 2256 3711 2335">
    <p class='ocr_par' dir='ltr' id='par_1_81' title="bbox 2122 2256 3711 2335">
     <span class='ocr_line' id='line_1_81' title="bbox 2122 2256 3711 2335; baseline 0.013 -27"><span class='ocrx_word' id='word_1_666' title='bbox 2122 2256 2284 2319; x_wconf 81' lang='lat' dir='ltr'>modo</span> <span class='ocrx_word' id='word_1_667' title='bbox 2309 2256 2549 2321; x_wconf 89' lang='lat' dir='ltr'>invenit,</span> <span class='ocrx_word' id='word_1_668' title='bbox 2585 2259 2726 2314; x_wconf 79' lang='lat' dir='ltr'>sicut</span> <span class='ocrx_word' id='word_1_669' title='bbox 2754 2261 2820 2316; x_wconf 91' lang='lat' dir='ltr'>de</span> <span class='ocrx_word' id='word_1_670' title='bbox 2850 2262 2941 2318; x_wconf 92' lang='lat' dir='ltr'>illo</span> <span class='ocrx_word' id='word_1_671' title='bbox 2966 2279 3064 2335; x_wconf 88' lang='lat' dir='ltr'>per</span> <span class='ocrx_word' id='word_1_672' title='bbox 3089 2264 3430 2324; x_wconf 85' lang='lat' dir='ltr'>Psalmistam</span> <span class='ocrx_word' id='word_1_673' title='bbox 3462 2272 3666 2328; x_wconf 88' lang='lat' dir='ltr'>dicitur</span> <span class='ocrx_word' id='word_1_674' title='bbox 3696 2289 3711 2328; x_wconf 89' lang='lat'><strong>:</strong></span> 
     </span>
    </p>
   </div>
   <div class='ocr_carea' id='block_1_82' title="bbox 2121 2344 3717 2424">
    <p class='ocr_par' dir='ltr' id='par_1_82' title="bbox 2121 2344 3717 2424">
     <span class='ocr_line' id='line_1_82' title="bbox 2121 2344 3717 2424; baseline 0.014 -27"><span class='ocrx_word' id='word_1_675' title='bbox 2121 2344 2332 2400; x_wconf 75' lang='lat' dir='ltr'>Iuravit</span> <span class='ocrx_word' id='word_1_676' title='bbox 2360 2347 2637 2412; x_wconf 79' lang='lat' dir='ltr'>Dominus,</span> <span class='ocrx_word' id='word_1_677' title='bbox 2672 2359 2718 2404; x_wconf 88' lang='lat' dir='ltr'>et</span> <span class='ocrx_word' id='word_1_678' title='bbox 2752 2368 2856 2406; x_wconf 88' lang='lat' dir='ltr'>non</span> <span class='ocrx_word' id='word_1_679' title='bbox 2877 2356 3140 2424; x_wconf 62' lang='lat' dir='ltr'>paenitebit</span> <span class='ocrx_word' id='word_1_680' title='bbox 3166 2375 3283 2413; x_wconf 87' lang='lat' dir='ltr'>eum</span> <span class='ocrx_word' id='word_1_681' title='bbox 3309 2376 3325 2413; x_wconf 92' lang='lat'><em>:</em></span> <span class='ocrx_word' id='word_1_682' title='bbox 3354 2359 3431 2415; x_wconf 87' lang='lat' dir='ltr'>Tu</span> <span class='ocrx_word' id='word_1_683' title='bbox 3456 2379 3507 2417; x_wconf 79' lang='lat' dir='ltr'>es</span> <span class='ocrx_word' id='word_1_684' title='bbox 3537 2380 3717 2419; x_wconf 78' lang='lat' dir='ltr'>sacer-</span> 
     </span>
    </p>
   </div>
   <div class='ocr_carea' id='block_1_83' title="bbox 2121 2433 3713 2508">
    <p class='ocr_par' dir='ltr' id='par_1_83' title="bbox 2121 2433 3713 2508">
     <span class='ocr_line' id='line_1_83' title="bbox 2121 2433 3713 2508; baseline 0.014 -23"><span class='ocrx_word' id='word_1_685' title='bbox 2121 2433 2217 2486; x_wconf 81' lang='lat' dir='ltr'>dos</span> <span class='ocrx_word' id='word_1_686' title='bbox 2265 2435 2320 2488; x_wconf 85' lang='lat' dir='ltr'>in</span> <span class='ocrx_word' id='word_1_687' title='bbox 2386 2446 2641 2492; x_wconf 73' lang='lat' dir='ltr'>trternum</span> <span class='ocrx_word' id='word_1_688' title='bbox 2687 2443 2975 2497; x_wconf 83' lang='lat' dir='ltr'>secundum</span> <span class='ocrx_word' id='word_1_689' title='bbox 3037 2446 3272 2502; x_wconf 84' lang='lat' dir='ltr'>ordinem</span> <span class='ocrx_word' id='word_1_690' title='bbox 3332 2450 3713 2508; x_wconf 74' lang='lat' dir='ltr'>Melchisedech</span> 
     </span>
    </p>
   </div>
   <div class='ocr_carea' id='block_1_84' title="bbox 2122 2522 3717 2614">
    <p class='ocr_par' dir='ltr' id='par_1_84' title="bbox 2122 2522 3717 2614">
     <span class='ocr_line' id='line_1_84' title="bbox 2122 2522 3717 2614; baseline 0.017 -37"><span class='ocrx_word' id='word_1_691' title='bbox 2122 2522 2299 2595; x_wconf 74' lang='lat' dir='ltr'>(Paul.</span> <span class='ocrx_word' id='word_1_692' title='bbox 2328 2543 2439 2592; x_wconf 76' lang='lat' dir='ltr'>CIX,</span> <span class='ocrx_word' id='word_1_693' title='bbox 2471 2528 2548 2601; x_wconf 72' lang='grc'>4).</span> <span class='ocrx_word' id='word_1_694' title='bbox 2593 2530 2648 2586; x_wconf 90' lang='lat' dir='ltr'>In</span> <span class='ocrx_word' id='word_1_695' title='bbox 2689 2533 2803 2589; x_wconf 91' lang='lat' dir='ltr'>solo</span> <span class='ocrx_word' id='word_1_696' title='bbox 2830 2550 2961 2608; x_wconf 78' lang='lat' dir='ltr'>ergo</span> <span class='ocrx_word' id='word_1_697' title='bbox 2994 2539 3098 2594; x_wconf 89' lang='lat' dir='ltr'>sibi</span> <span class='ocrx_word' id='word_1_698' title='bbox 3136 2539 3497 2614; x_wconf 82' lang='lat' dir='ltr'>Redemptore</span> <span class='ocrx_word' id='word_1_699' title='bbox 3525 2556 3717 2605; x_wconf 87' lang='lat' dir='ltr'>nostro</span> 
     </span>
    </p>
   </div>
   <div class='ocr_carea' id='block_1_85' title="bbox 2120 2617 3710 2708">
    <p class='ocr_par' dir='ltr' id='par_1_85' title="bbox 2120 2617 3710 2708">
     <span class='ocr_line' id='line_1_85' title="bbox 2120 2617 3710 2708; baseline 0.015 -38"><span class='ocrx_word' id='word_1_700' title='bbox 2120 2617 2420 2687; x_wconf 79' lang='lat' dir='ltr'>cumplacet</span> <span class='ocrx_word' id='word_1_701' title='bbox 2446 2620 2626 2690; x_wconf 90' lang='lat' dir='ltr'>Pater,</span> <span class='ocrx_word' id='word_1_702' title='bbox 2659 2626 2786 2695; x_wconf 88' lang='lat' dir='ltr'>quia</span> <span class='ocrx_word' id='word_1_703' title='bbox 2814 2627 2871 2682; x_wconf 91' lang='lat' dir='ltr'>in</span> <span class='ocrx_word' id='word_1_704' title='bbox 2900 2628 3016 2684; x_wconf 91' lang='lat' dir='ltr'>solo</span> <span class='ocrx_word' id='word_1_705' title='bbox 3038 2646 3145 2685; x_wconf 92' lang='lat' dir='ltr'>non</span> <span class='ocrx_word' id='word_1_706' title='bbox 3173 2632 3381 2689; x_wconf 89' lang='lat' dir='ltr'>invenit</span> <span class='ocrx_word' id='word_1_707' title='bbox 3410 2636 3648 2708; x_wconf 91' lang='lat' dir='ltr'>culpam.</span> <span class='ocrx_word' id='word_1_708' title='bbox 3690 2660 3710 2693; x_wconf 75' lang='grc' dir='ltr'>ι</span> 
     </span>
    </p>
   </div>
   <div class='ocr_carea' id='block_1_86' title="bbox 2120 2705 3719 2801">
    <p class='ocr_par' dir='ltr' id='par_1_86' title="bbox 2120 2705 3719 2801">
     <span class='ocr_line' id='line_1_86' title="bbox 2120 2705 3719 2801; baseline 0.017 -41"><span class='ocrx_word' id='word_1_709' title='bbox 2120 2705 2254 2762; x_wconf 78' lang='lat' dir='ltr'>item</span> <span class='ocrx_word' id='word_1_710' title='bbox 2284 2710 2339 2764; x_wconf 90' lang='lat' dir='ltr'><strong>in</strong></span> <span class='ocrx_word' id='word_1_711' title='bbox 2367 2713 2557 2768; x_wconf 88' lang='lat' dir='ltr'>eadem</span> <span class='ocrx_word' id='word_1_712' title='bbox 2598 2714 2818 2772; x_wconf 89' lang='lat' dir='ltr'>homilia</span> <span class='ocrx_word' id='word_1_713' title='bbox 2864 2737 2876 2772; x_wconf 92' lang='lat'><strong>:</strong></span> <span class='ocrx_word' id='word_1_714' title='bbox 2937 2738 2954 2770; x_wconf 75' lang='grc' dir='ltr'>ι</span> <span class='ocrx_word' id='word_1_715' title='bbox 2987 2719 3121 2777; x_wconf 87' lang='lat' dir='ltr'>Cum</span> <span class='ocrx_word' id='word_1_716' title='bbox 3166 2740 3294 2791; x_wconf 80' lang='lat' dir='ltr'>vox,</span> <span class='ocrx_word' id='word_1_717' title='bbox 3320 2726 3513 2798; x_wconf 88' lang='lat' dir='ltr'>inquit,</span> <span class='ocrx_word' id='word_1_718' title='bbox 3547 2745 3719 2801; x_wconf 90' lang='lat' dir='ltr'>super</span> 
     </span>
    </p>
   </div>
   <div class='ocr_carea' id='block_1_87' title="bbox 2122 2798 3719 2881">
    <p class='ocr_par' dir='ltr' id='par_1_87' title="bbox 2122 2798 3719 2881">
     <span class='ocr_line' id='line_1_87' title="bbox 2122 2798 3719 2881; baseline 0.016 -29"><span class='ocrx_word' id='word_1_719' title='bbox 2122 2798 2521 2859; x_wconf 84' lang='lat' dir='ltr'>ﬁrmamentum</span> <span class='ocrx_word' id='word_1_720' title='bbox 2550 2807 2640 2872; x_wconf 90' lang='lat' dir='ltr'>sit,</span> <span class='ocrx_word' id='word_1_721' title='bbox 2671 2817 2819 2864; x_wconf 91' lang='lat' dir='ltr'>stant</span> <span class='ocrx_word' id='word_1_722' title='bbox 2847 2811 3100 2868; x_wconf 88' lang='lat' dir='ltr'>animalia</span> <span class='ocrx_word' id='word_1_723' title='bbox 3119 2855 3134 2881; x_wconf 95' lang='lat'>,</span> <span class='ocrx_word' id='word_1_724' title='bbox 3169 2826 3225 2881; x_wconf 86' lang='lat' dir='ltr'>et</span> <span class='ocrx_word' id='word_1_725' title='bbox 3250 2818 3575 2877; x_wconf 80' lang='lat' dir='ltr'>submittunt</span> <span class='ocrx_word' id='word_1_726' title='bbox 3596 2798 3719 2878; x_wconf 72' lang='lat' dir='ltr'>alas</span> 
     </span>
    </p>
   </div>
   <div class='ocr_carea' id='block_1_88' title="bbox 2124 2895 3720 2985">
    <p class='ocr_par' dir='ltr' id='par_1_88' title="bbox 2124 2895 3720 2985">
     <span class='ocr_line' id='line_1_88' title="bbox 2124 2895 3720 2985; baseline 0.014 -38"><span class='ocrx_word' id='word_1_727' title='bbox 2124 2907 2271 2955; x_wconf 88' lang='lat' dir='ltr'>suas,</span> <span class='ocrx_word' id='word_1_728' title='bbox 2307 2895 2435 2963; x_wconf 88' lang='lat' dir='ltr'>quia</span> <span class='ocrx_word' id='word_1_729' title='bbox 2465 2899 2638 2953; x_wconf 86' lang='lat' dir='ltr'>sancti</span> <span class='ocrx_word' id='word_1_730' title='bbox 2667 2901 2867 2971; x_wconf 86' lang='lat' dir='ltr'>quique</span> <span class='ocrx_word' id='word_1_731' title='bbox 2906 2918 3030 2958; x_wconf 91' lang='lat' dir='ltr'>cum</span> <span class='ocrx_word' id='word_1_732' title='bbox 3066 2905 3240 2976; x_wconf 89' lang='lat' dir='ltr'>ipsum</span> <span class='ocrx_word' id='word_1_733' title='bbox 3280 2924 3493 2979; x_wconf 89' lang='lat' dir='ltr'>quoque</span> <span class='ocrx_word' id='word_1_734' title='bbox 3525 2912 3720 2985; x_wconf 73' lang='lat' dir='ltr'>unige-</span> 
     </span>
    </p>
   </div>
   <div class='ocr_carea' id='block_1_89' title="bbox 2122 2980 3720 3074">
    <p class='ocr_par' dir='ltr' id='par_1_89' title="bbox 2122 2980 3720 3074">
     <span class='ocr_line' id='line_1_89' title="bbox 2122 2980 3720 3074; baseline 0.015 -40"><span class='ocrx_word' id='word_1_735' title='bbox 2122 2980 2296 3036; x_wconf 89' lang='lat' dir='ltr'>nitum</span> <span class='ocrx_word' id='word_1_736' title='bbox 2324 2982 2649 3054; x_wconf 79' lang='lat' dir='ltr'>ﬂagellatam</span> <span class='ocrx_word' id='word_1_737' title='bbox 2678 2988 2732 3043; x_wconf 93' lang='lat' dir='ltr'>in</span> <span class='ocrx_word' id='word_1_738' title='bbox 2759 2990 2862 3046; x_wconf 91' lang='lat' dir='ltr'>hoc</span> <span class='ocrx_word' id='word_1_739' title='bbox 2889 2995 3092 3049; x_wconf 89' lang='lat' dir='ltr'>mundo</span> <span class='ocrx_word' id='word_1_740' title='bbox 3132 2998 3501 3068; x_wconf 88' lang='lat' dir='ltr'>conspiciunt,</span> <span class='ocrx_word' id='word_1_741' title='bbox 3549 2980 3720 3074; x_wconf 69' lang='lat' dir='ltr'>depo-</span> 
     </span>
    </p>
   </div>
   <div class='ocr_carea' id='block_1_90' title="bbox 2123 3073 3722 3154">
    <p class='ocr_par' dir='ltr' id='par_1_90' title="bbox 2123 3073 3722 3154">
     <span class='ocr_line' id='line_1_90' title="bbox 2123 3073 3722 3154; baseline 0.016 -30"><span class='ocrx_word' id='word_1_742' title='bbox 2123 3081 2278 3136; x_wconf 86' lang='lat' dir='ltr'>nunt,</span> <span class='ocrx_word' id='word_1_743' title='bbox 2309 3073 2353 3126; x_wconf 90' lang='lat' dir='ltr'>si</span> <span class='ocrx_word' id='word_1_744' title='bbox 2384 3073 2513 3145; x_wconf 87' lang='lat' dir='ltr'>quid</span> <span class='ocrx_word' id='word_1_745' title='bbox 2539 3077 2604 3132; x_wconf 91' lang='lat' dir='ltr'>de</span> <span class='ocrx_word' id='word_1_746' title='bbox 2640 3077 2753 3134; x_wconf 91' lang='lat' dir='ltr'>suis</span> <span class='ocrx_word' id='word_1_747' title='bbox 2796 3082 3009 3136; x_wconf 90' lang='lat' dir='ltr'>meritis</span> <span class='ocrx_word' id='word_1_748' title='bbox 3052 3097 3408 3154; x_wconf 63' lang='lat' dir='ltr'>praesumunt.</span> <span class='ocrx_word' id='word_1_749' title='bbox 3446 3107 3465 3142; x_wconf 76' lang='grc' dir='ltr'>ι</span> <span class='ocrx_word' id='word_1_750' title='bbox 3509 3073 3722 3148; x_wconf 76' lang='lat' dir='ltr'>Certis-</span> 
     </span>
    </p>
   </div>
   <div class='ocr_carea' id='block_1_91' title="bbox 2043 3160 3725 3241">
    <p class='ocr_par' dir='ltr' id='par_1_91' title="bbox 2043 3160 3725 3241">
     <span class='ocr_line' id='line_1_91' title="bbox 2043 3160 3725 3241; baseline 0.015 -27"><span class='ocrx_word' id='word_1_751' title='bbox 2043 3160 2089 3222; x_wconf 84' lang='lat' dir='ltr'>C</span> <span class='ocrx_word' id='word_1_752' title='bbox 2124 3160 2260 3216; x_wconf 88' lang='lat' dir='ltr'>sime</span> <span class='ocrx_word' id='word_1_753' title='bbox 2291 3164 2430 3219; x_wconf 90' lang='lat' dir='ltr'>hanc</span> <span class='ocrx_word' id='word_1_754' title='bbox 2460 3180 2649 3221; x_wconf 83' lang='lat' dir='ltr'>vocem</span> <span class='ocrx_word' id='word_1_755' title='bbox 2678 3182 2840 3238; x_wconf 88' lang='lat' dir='ltr'>super</span> <span class='ocrx_word' id='word_1_756' title='bbox 2868 3171 3203 3241; x_wconf 70' lang='lat' dir='ltr'>baptizatum</span> <span class='ocrx_word' id='word_1_757' title='bbox 3233 3175 3520 3234; x_wconf 87' lang='lat' dir='ltr'>Dominum</span> <span class='ocrx_word' id='word_1_758' title='bbox 3549 3182 3725 3239; x_wconf 81' lang='lat' dir='ltr'>emis-</span> 
     </span>
    </p>
   </div>
   <div class='ocr_carea' id='block_1_92' title="bbox 2122 3256 3723 3332">
    <p class='ocr_par' dir='ltr' id='par_1_92' title="bbox 2122 3256 3723 3332">
     <span class='ocr_line' id='line_1_92' title="bbox 2122 3256 3723 3332; baseline 0.017 -28"><span class='ocrx_word' id='word_1_759' title='bbox 2122 3267 2236 3306; x_wconf 86' lang='lat' dir='ltr'>sam</span> <span class='ocrx_word' id='word_1_760' title='bbox 2277 3269 2396 3309; x_wconf 90' lang='lat' dir='ltr'>esse</span> <span class='ocrx_word' id='word_1_761' title='bbox 2423 3256 2524 3311; x_wconf 86' lang='lat' dir='ltr'>iste</span> <span class='ocrx_word' id='word_1_762' title='bbox 2557 3258 2789 3315; x_wconf 83' lang='lat' dir='ltr'>eximius</span> <span class='ocrx_word' id='word_1_763' title='bbox 2811 3262 3000 3318; x_wconf 86' lang='lat' dir='ltr'>doctor</span> <span class='ocrx_word' id='word_1_764' title='bbox 3024 3265 3305 3322; x_wconf 82' lang='lat' dir='ltr'>intellexit.</span> <span class='ocrx_word' id='word_1_765' title='bbox 3331 3269 3527 3327; x_wconf 89' lang='lat' dir='ltr'>Procul</span> <span class='ocrx_word' id='word_1_766' title='bbox 3551 3274 3723 3332; x_wconf 90' lang='lat' dir='ltr'>dubio</span> 
     </span>
    </p>
   </div>
   <div class='ocr_carea' id='block_1_93' title="bbox 2122 3344 3727 3436">
    <p class='ocr_par' dir='ltr' id='par_1_93' title="bbox 2122 3344 3727 3436">
     <span class='ocr_line' id='line_1_93' title="bbox 2122 3344 3727 3436; baseline 0.017 -39"><span class='ocrx_word' id='word_1_767' title='bbox 2122 3344 2429 3401; x_wconf 85' lang='lat' dir='ltr'>humanitas</span> <span class='ocrx_word' id='word_1_768' title='bbox 2459 3347 2723 3417; x_wconf 87' lang='lat' dir='ltr'>baptizari</span> <span class='ocrx_word' id='word_1_769' title='bbox 2765 3353 2979 3421; x_wconf 91' lang='lat' dir='ltr'>potuit,</span> <span class='ocrx_word' id='word_1_770' title='bbox 3009 3371 3115 3411; x_wconf 92' lang='lat' dir='ltr'>non</span> <span class='ocrx_word' id='word_1_771' title='bbox 3155 3358 3410 3416; x_wconf 82' lang='lat' dir='ltr'>divinitas</span> <span class='ocrx_word' id='word_1_772' title='bbox 3435 3380 3447 3414; x_wconf 88' lang='lat'><strong>:</strong></span> <span class='ocrx_word' id='word_1_773' title='bbox 3476 3378 3727 3436; x_wconf 71' lang='lat' dir='ltr'>eumque</span> 
     </span>
    </p>
   </div>
   <div class='ocr_carea' id='block_1_94' title="bbox 2118 3434 3726 3518">
    <p class='ocr_par' dir='ltr' id='par_1_94' title="bbox 2118 3434 3726 3518">
     <span class='ocr_line' id='line_1_94' title="bbox 2118 3434 3726 3518; baseline 0.016 -32"><span class='ocrx_word' id='word_1_774' title='bbox 2118 3434 2208 3503; x_wconf 89' lang='lat' dir='ltr'>qui</span> <span class='ocrx_word' id='word_1_775' title='bbox 2260 3436 2375 3490; x_wconf 90' lang='lat' dir='ltr'>sine</span> <span class='ocrx_word' id='word_1_776' title='bbox 2418 3447 2642 3506; x_wconf 87' lang='lat' dir='ltr'>peccato</span> <span class='ocrx_word' id='word_1_777' title='bbox 2668 3443 2834 3508; x_wconf 89' lang='lat' dir='ltr'>venit,</span> <span class='ocrx_word' id='word_1_778' title='bbox 2858 3452 2915 3499; x_wconf 90' lang='lat' dir='ltr'>et</span> <span class='ocrx_word' id='word_1_779' title='bbox 2940 3444 3146 3517; x_wconf 83' lang='lat' dir='ltr'>ﬂagella</span> <span class='ocrx_word' id='word_1_780' title='bbox 3184 3463 3282 3518; x_wconf 87' lang='lat' dir='ltr'>pro</span> <span class='ocrx_word' id='word_1_781' title='bbox 3321 3453 3523 3507; x_wconf 90' lang='lat' dir='ltr'>nostris</span> <span class='ocrx_word' id='word_1_782' title='bbox 3551 3434 3726 3511; x_wconf 73' lang='lat' dir='ltr'>susti-</span> 
     </span>
    </p>
   </div>
   <div class='ocr_carea' id='block_1_95' title="bbox 2118 3523 3717 3604">
    <p class='ocr_par' dir='ltr' id='par_1_95' title="bbox 2118 3523 3717 3604">
     <span class='ocr_line' id='line_1_95' title="bbox 2118 3523 3717 3604; baseline 0.018 -28"><span class='ocrx_word' id='word_1_783' title='bbox 2118 3523 2235 3577; x_wconf 89' lang='lat' dir='ltr'>nuit</span> <span class='ocrx_word' id='word_1_784' title='bbox 2277 3528 2545 3595; x_wconf 89' lang='lat' dir='ltr'>peccatis,</span> <span class='ocrx_word' id='word_1_785' title='bbox 2576 3531 2914 3603; x_wconf 77' lang='lat' dir='ltr'>unigenitum</span> <span class='ocrx_word' id='word_1_786' title='bbox 2960 3539 3242 3593; x_wconf 90' lang='lat' dir='ltr'>nominare</span> <span class='ocrx_word' id='word_1_787' title='bbox 3269 3556 3375 3596; x_wconf 90' lang='lat' dir='ltr'>non</span> <span class='ocrx_word' id='word_1_788' title='bbox 3411 3546 3612 3601; x_wconf 89' lang='lat' dir='ltr'>timuit.</span> <span class='ocrx_word' id='word_1_789' title='bbox 3653 3548 3717 3604; x_wconf 88' lang='lat' dir='ltr'>Si</span> 
     </span>
    </p>
   </div>
   <div class='ocr_carea' id='block_1_96' title="bbox 2117 3613 3367 3698">
    <p class='ocr_par' dir='ltr' id='par_1_96' title="bbox 2117 3613 3367 3698">
     <span class='ocr_line' id='line_1_96' title="bbox 2117 3613 3367 3698; baseline 0.017 -33"><span class='ocrx_word' id='word_1_790' title='bbox 2117 3613 2426 3683; x_wconf 78' lang='lat' dir='ltr'>unigenitus</span> <span class='ocrx_word' id='word_1_791' title='bbox 2449 3627 2551 3684; x_wconf 90' lang='lat' dir='ltr'>est,</span> <span class='ocrx_word' id='word_1_792' title='bbox 2587 3636 2926 3693; x_wconf 88' lang='lat' dir='ltr'>nequaquam</span> <span class='ocrx_word' id='word_1_793' title='bbox 2953 3626 3238 3698; x_wconf 74' lang='lat' dir='ltr'>adoptivus</span> <span class='ocrx_word' id='word_1_794' title='bbox 3265 3642 3367 3688; x_wconf 89' lang='lat' dir='ltr'>est.</span> 
     </span>
    </p>
   </div>
   <div class='ocr_carea' id='block_1_97' title="bbox 2187 3748 3715 3826">
    <p class='ocr_par' dir='ltr' id='par_1_97' title="bbox 2187 3748 3715 3826">
     <span class='ocr_line' id='line_1_97' title="bbox 2187 3748 3715 3826; baseline 0.016 -24"><span class='ocrx_word' id='word_1_795' title='bbox 2187 3748 2326 3804; x_wconf 77' lang='lat' dir='ltr'>XXI.</span> <span class='ocrx_word' id='word_1_796' title='bbox 2352 3751 2567 3810; x_wconf 88' lang='lat' dir='ltr'>Scimus</span> <span class='ocrx_word' id='word_1_797' title='bbox 2591 3756 2809 3812; x_wconf 87' lang='lat' dir='ltr'>beatum</span> <span class='ocrx_word' id='word_1_798' title='bbox 2828 3758 3093 3816; x_wconf 82' lang='lat' dir='ltr'>lsidorum</span> <span class='ocrx_word' id='word_1_799' title='bbox 3117 3764 3300 3820; x_wconf 87' lang='lat' dir='ltr'>dicere</span> <span class='ocrx_word' id='word_1_800' title='bbox 3321 3767 3387 3822; x_wconf 88' lang='lat' dir='ltr'>de</span> <span class='ocrx_word' id='word_1_801' title='bbox 3404 3766 3672 3826; x_wconf 50' lang='lat' dir='ltr'>Christo”</span> <span class='ocrx_word' id='word_1_802' title='bbox 3703 3792 3715 3826; x_wconf 92' lang='lat'><strong>:</strong></span> 
     </span>
    </p>
   </div>
   <div class='ocr_carea' id='block_1_98' title="bbox 2009 3839 3720 3926">
    <p class='ocr_par' dir='ltr' id='par_1_98' title="bbox 2009 3839 3720 3926">
     <span class='ocr_line' id='line_1_98' title="bbox 2009 3839 3720 3926; baseline 0.018 -39"><span class='ocrx_word' id='word_1_803' title='bbox 2009 3895 2029 3908; x_wconf 81' lang='lat'><em>_</em></span> <span class='ocrx_word' id='word_1_804' title='bbox 2121 3856 2140 3889; x_wconf 81' lang='grc' dir='ltr'>ι</span> <span class='ocrx_word' id='word_1_805' title='bbox 2178 3839 2501 3912; x_wconf 79' lang='lat' dir='ltr'>Unigenitus</span> <span class='ocrx_word' id='word_1_806' title='bbox 2527 3845 2581 3899; x_wconf 88' lang='lat' dir='ltr'>in</span> <span class='ocrx_word' id='word_1_807' title='bbox 2613 3846 2919 3916; x_wconf 88' lang='lat' dir='ltr'>divinitate,</span> <span class='ocrx_word' id='word_1_808' title='bbox 2952 3852 3346 3926; x_wconf 81' lang='lat' dir='ltr'>primogenitus</span> <span class='ocrx_word' id='word_1_809' title='bbox 3375 3858 3429 3913; x_wconf 94' lang='lat' dir='ltr'><strong>in</strong></span> <span class='ocrx_word' id='word_1_810' title='bbox 3458 3860 3720 3918; x_wconf 84' lang='lat' dir='ltr'>humani-</span> 
     </span>
    </p>
   </div>
   <div class='ocr_carea' id='block_1_99' title="bbox 2118 3938 3715 4022">
    <p class='ocr_par' dir='ltr' id='par_1_99' title="bbox 2118 3938 3715 4022">
     <span class='ocr_line' id='line_1_99' title="bbox 2118 3938 3715 4022; baseline 0.016 -37"><span class='ocrx_word' id='word_1_811' title='bbox 2118 3941 2227 3986; x_wconf 87' lang='lat' dir='ltr'>tate</span> <span class='ocrx_word' id='word_1_812' title='bbox 2268 3949 2279 3985; x_wconf 89' lang='lat'><strong>:</strong></span> <span class='ocrx_word' id='word_1_813' title='bbox 2326 3949 2433 3989; x_wconf 89' lang='lat' dir='ltr'>non</span> <span class='ocrx_word' id='word_1_814' title='bbox 2480 3945 2664 3992; x_wconf 90' lang='lat' dir='ltr'>tamen</span> <span class='ocrx_word' id='word_1_815' title='bbox 2710 3938 2938 4010; x_wconf 81' lang='lat' dir='ltr'>legimus</span> <span class='ocrx_word' id='word_1_816' title='bbox 2980 3957 3104 3998; x_wconf 92' lang='lat' dir='ltr'>eum</span> <span class='ocrx_word' id='word_1_817' title='bbox 3147 3950 3524 4007; x_wconf 88' lang='lat' dir='ltr'>contradicere</span> <span class='ocrx_word' id='word_1_818' title='bbox 3562 3957 3715 4022; x_wconf 87' lang='lat' dir='ltr'>quod</span> 
     </span>
    </p>
   </div>
   <div class='ocr_carea' id='block_1_100' title="bbox 2116 4024 3714 4112">
    <p class='ocr_par' dir='ltr' id='par_1_100' title="bbox 2116 4024 3714 4112">
     <span class='ocr_line' id='line_1_100' title="bbox 2116 4024 3714 4112; baseline 0.016 -38"><span class='ocrx_word' id='word_1_819' title='bbox 2116 4024 2509 4094; x_wconf 78' lang='lat' dir='ltr'>primogenitus</span> <span class='ocrx_word' id='word_1_820' title='bbox 2550 4041 2765 4097; x_wconf 87' lang='lat' dir='ltr'>quoque</span> <span class='ocrx_word' id='word_1_821' title='bbox 2789 4040 2935 4085; x_wconf 89' lang='lat' dir='ltr'>esset</span> <span class='ocrx_word' id='word_1_822' title='bbox 2961 4033 3015 4086; x_wconf 93' lang='lat' dir='ltr'><strong>in</strong></span> <span class='ocrx_word' id='word_1_823' title='bbox 3041 4033 3344 4103; x_wconf 82' lang='lat' dir='ltr'>divinitate,</span> <span class='ocrx_word' id='word_1_824' title='bbox 3374 4047 3431 4093; x_wconf 88' lang='lat' dir='ltr'>et</span> <span class='ocrx_word' id='word_1_825' title='bbox 3457 4042 3714 4112; x_wconf 76' lang='lat' dir='ltr'>unigeni-</span> 
     </span>
    </p>
   </div>
   <div class='ocr_carea' id='block_1_101' title="bbox 2117 4115 3717 4204">
    <p class='ocr_par' dir='ltr' id='par_1_101' title="bbox 2117 4115 3717 4204">
     <span class='ocr_line' id='line_1_101' title="bbox 2117 4115 3717 4204; baseline 0.016 -37"><span class='ocrx_word' id='word_1_826' title='bbox 2117 4122 2202 4170; x_wconf 88' lang='lat' dir='ltr'>tus</span> <span class='ocrx_word' id='word_1_827' title='bbox 2227 4115 2283 4170; x_wconf 91' lang='lat' dir='ltr'>in</span> <span class='ocrx_word' id='word_1_828' title='bbox 2313 4118 2667 4185; x_wconf 87' lang='lat' dir='ltr'>humanitate,</span> <span class='ocrx_word' id='word_1_829' title='bbox 2693 4137 2760 4176; x_wconf 92' lang='lat' dir='ltr'>ne</span> <span class='ocrx_word' id='word_1_830' title='bbox 2789 4122 2904 4192; x_wconf 90' lang='lat' dir='ltr'>ipse</span> <span class='ocrx_word' id='word_1_831' title='bbox 2930 4125 3136 4195; x_wconf 86' lang='lat' dir='ltr'>aliquid</span> <span class='ocrx_word' id='word_1_832' title='bbox 3168 4141 3357 4186; x_wconf 86' lang='lat' dir='ltr'>contra</span> <span class='ocrx_word' id='word_1_833' title='bbox 3386 4131 3717 4204; x_wconf 85' lang='lat' dir='ltr'>Scripturas</span> 
     </span>
    </p>
   </div>
   <div class='ocr_carea' id='block_1_102' title="bbox 2114 4206 3718 4291">
    <p class='ocr_par' dir='ltr' id='par_1_102' title="bbox 2114 4206 3718 4291">
     <span class='ocr_line' id='line_1_102' title="bbox 2114 4206 3718 4291; baseline 0.017 -34"><span class='ocrx_word' id='word_1_834' title='bbox 2114 4216 2334 4262; x_wconf 86' lang='lat' dir='ltr'>sanctas</span> <span class='ocrx_word' id='word_1_835' title='bbox 2360 4206 2631 4266; x_wconf 85' lang='lat' dir='ltr'>allirmare</span> <span class='ocrx_word' id='word_1_836' title='bbox 2665 4212 2963 4271; x_wconf 87' lang='lat' dir='ltr'>videretur.</span> <span class='ocrx_word' id='word_1_837' title='bbox 3002 4217 3300 4291; x_wconf 87' lang='lat' dir='ltr'>Utrumque</span> <span class='ocrx_word' id='word_1_838' title='bbox 3326 4221 3588 4281; x_wconf 89' lang='lat' dir='ltr'>Dominus</span> <span class='ocrx_word' id='word_1_839' title='bbox 3615 4244 3718 4285; x_wconf 80' lang='lat' dir='ltr'>no-</span> 
     </span>
    </p>
   </div>
   <div class='ocr_carea' id='block_1_103' title="bbox 2114 4294 3715 4389">
    <p class='ocr_par' dir='ltr' id='par_1_103' title="bbox 2114 4294 3715 4389">
     <span class='ocr_line' id='line_1_103' title="bbox 2114 4294 3715 4389; baseline 0.017 -42"><span class='ocrx_word' id='word_1_840' title='bbox 2114 4304 2226 4348; x_wconf 89' lang='lat' dir='ltr'>ster</span> <span class='ocrx_word' id='word_1_841' title='bbox 2253 4294 2409 4352; x_wconf 84' lang='lat' dir='ltr'>Jesus</span> <span class='ocrx_word' id='word_1_842' title='bbox 2435 4298 2683 4356; x_wconf 87' lang='lat' dir='ltr'>Christus</span> <span class='ocrx_word' id='word_1_843' title='bbox 2709 4302 2763 4357; x_wconf 90' lang='lat' dir='ltr'>in</span> <span class='ocrx_word' id='word_1_844' title='bbox 2791 4313 3020 4377; x_wconf 88' lang='lat' dir='ltr'>utraque</span> <span class='ocrx_word' id='word_1_845' title='bbox 3050 4318 3247 4366; x_wconf 89' lang='lat' dir='ltr'>natura</span> <span class='ocrx_word' id='word_1_846' title='bbox 3278 4312 3399 4381; x_wconf 80' lang='lat' dir='ltr'>fuit,</span> <span class='ocrx_word' id='word_1_847' title='bbox 3432 4325 3490 4370; x_wconf 90' lang='lat' dir='ltr'>et</span> <span class='ocrx_word' id='word_1_848' title='bbox 3516 4318 3715 4389; x_wconf 70' lang='lat' dir='ltr'>unige-</span> 
     </span>
    </p>
   </div>
   <div class='ocr_carea' id='block_1_104' title="bbox 2112 4391 3719 4480">
    <p class='ocr_par' dir='ltr' id='par_1_104' title="bbox 2112 4391 3719 4480">
     <span class='ocr_line' id='line_1_104' title="bbox 2112 4391 3719 4480; baseline 0.014 -37"><span class='ocrx_word' id='word_1_849' title='bbox 2112 4391 2280 4456; x_wconf 87' lang='lat' dir='ltr'>nitus,</span> <span class='ocrx_word' id='word_1_850' title='bbox 2306 4400 2361 4447; x_wconf 92' lang='lat' dir='ltr'>et</span> <span class='ocrx_word' id='word_1_851' title='bbox 2388 4393 2797 4465; x_wconf 78' lang='lat' dir='ltr'>primogenitus.</span> <span class='ocrx_word' id='word_1_852' title='bbox 2830 4398 3154 4471; x_wconf 78' lang='lat' dir='ltr'>Unigenitus</span> <span class='ocrx_word' id='word_1_853' title='bbox 3176 4404 3231 4458; x_wconf 93' lang='lat' dir='ltr'>in</span> <span class='ocrx_word' id='word_1_854' title='bbox 3255 4404 3557 4474; x_wconf 84' lang='lat' dir='ltr'>divinitate,</span> <span class='ocrx_word' id='word_1_855' title='bbox 3580 4412 3719 4480; x_wconf 87' lang='lat' dir='ltr'>quia</span> 
     </span>
    </p>
   </div>
   <div class='ocr_carea' id='block_1_105' title="bbox 2113 4485 3719 4563">
    <p class='ocr_par' dir='ltr' id='par_1_105' title="bbox 2113 4485 3719 4563">
     <span class='ocr_line' id='line_1_105' title="bbox 2113 4485 3719 4563; baseline 0.017 -27"><span class='ocrx_word' id='word_1_856' title='bbox 2113 4485 2260 4539; x_wconf 87' lang='lat' dir='ltr'>solus</span> <span class='ocrx_word' id='word_1_857' title='bbox 2290 4488 2507 4556; x_wconf 81' lang='lat' dir='ltr'>genitus</span> <span class='ocrx_word' id='word_1_858' title='bbox 2533 4504 2600 4543; x_wconf 75' lang='lat' dir='ltr'>ex</span> <span class='ocrx_word' id='word_1_859' title='bbox 2626 4490 2868 4562; x_wconf 81' lang='lat' dir='ltr'>ingenito</span> <span class='ocrx_word' id='word_1_860' title='bbox 2895 4493 3055 4551; x_wconf 90' lang='lat' dir='ltr'>Patre</span> <span class='ocrx_word' id='word_1_861' title='bbox 3092 4515 3104 4551; x_wconf 92' lang='lat'>:</span> <span class='ocrx_word' id='word_1_862' title='bbox 3153 4499 3286 4556; x_wconf 88' lang='lat' dir='ltr'>item</span> <span class='ocrx_word' id='word_1_863' title='bbox 3312 4501 3365 4557; x_wconf 91' lang='lat' dir='ltr'>in</span> <span class='ocrx_word' id='word_1_864' title='bbox 3394 4506 3587 4561; x_wconf 89' lang='lat' dir='ltr'>eadem</span> <span class='ocrx_word' id='word_1_865' title='bbox 3618 4526 3719 4563; x_wconf 84' lang='lat' dir='ltr'><strong>na-</strong></span> 
     </span>
    </p>
   </div>
   <div class='ocr_carea' id='block_1_106' title="bbox 2111 4576 3720 4668">
    <p class='ocr_par' dir='ltr' id='par_1_106' title="bbox 2111 4576 3720 4668">
     <span class='ocr_line' id='line_1_106' title="bbox 2111 4576 3720 4668; baseline 0.017 -42"><span class='ocrx_word' id='word_1_866' title='bbox 2111 4583 2230 4628; x_wconf 90' lang='lat' dir='ltr'>tura</span> <span class='ocrx_word' id='word_1_867' title='bbox 2250 4576 2663 4652; x_wconf 76' lang='lat' dir='ltr'>primogcnitus,</span> <span class='ocrx_word' id='word_1_868' title='bbox 2693 4582 2833 4638; x_wconf 90' lang='lat' dir='ltr'>sicut</span> <span class='ocrx_word' id='word_1_869' title='bbox 2854 4584 3143 4656; x_wconf 88' lang='lat' dir='ltr'>Apostolus</span> <span class='ocrx_word' id='word_1_870' title='bbox 3168 4592 3247 4645; x_wconf 89' lang='lat' dir='ltr'>ait</span> <span class='ocrx_word' id='word_1_871' title='bbox 3270 4610 3281 4645; x_wconf 96' lang='lat'>:</span> <span class='ocrx_word' id='word_1_872' title='bbox 3315 4590 3720 4668; x_wconf 73' lang='lat' dir='ltr'>Primogenitns</span> 
     </span>
    </p>
   </div>
   <div class='ocr_carea' id='block_1_107' title="bbox 2109 4667 3721 4763">
    <p class='ocr_par' dir='ltr' id='par_1_107' title="bbox 2109 4667 3721 4763">
     <span class='ocr_line' id='line_1_107' title="bbox 2109 4667 3721 4763; baseline 0.019 -46"><span class='ocrx_word' id='word_1_873' title='bbox 2109 4667 2278 4747; x_wconf 73' lang='lat' dir='ltr'>omnis</span> <span class='ocrx_word' id='word_1_874' title='bbox 2321 4680 2578 4725; x_wconf 83' lang='lat' dir='ltr'>creatura:</span> <span class='ocrx_word' id='word_1_875' title='bbox 2611 4671 2748 4743; x_wconf 86' lang='lat' dir='ltr'>(Col.</span> <span class='ocrx_word' id='word_1_876' title='bbox 2778 4692 2817 4741; x_wconf 85' lang='grc' dir='ltr'><strong>ι,</strong></span> <span class='ocrx_word' id='word_1_877' title='bbox 2849 4677 2958 4750; x_wconf 76' lang='grc'>15).</span> <span class='ocrx_word' id='word_1_878' title='bbox 3014 4678 3147 4735; x_wconf 89' lang='lat' dir='ltr'>Item</span> <span class='ocrx_word' id='word_1_879' title='bbox 3176 4698 3243 4738; x_wconf 82' lang='lat' dir='ltr'>ex</span> <span class='ocrx_word' id='word_1_880' title='bbox 3276 4695 3451 4741; x_wconf 86' lang='lat' dir='ltr'>matre</span> <span class='ocrx_word' id='word_1_881' title='bbox 3488 4690 3721 4763; x_wconf 73' lang='lat' dir='ltr'>Virgine</span> 
     </span>
    </p>
   </div>
   <div class='ocr_carea' id='block_1_108' title="bbox 2110 4740 3721 4852">
    <p class='ocr_par' dir='ltr' id='par_1_108' title="bbox 2110 4740 3721 4852">
     <span class='ocr_line' id='line_1_108' title="bbox 2230 4740 3721 4763; baseline 0.018 -25"><span class='ocrx_word' id='word_1_882' title='bbox 2230 4740 2237 4747; x_wconf 50' lang='lat'><em>.</em></span> <span class='ocrx_word' id='word_1_883' title='bbox 2622 4740 2628 4743; x_wconf 83' lang='lat'>.</span> <span class='ocrx_word' id='word_1_884' title='bbox 2918 4740 2929 4750; x_wconf 88' lang='grc'><strong><em>1</em></strong></span> <span class='ocrx_word' id='word_1_885' title='bbox 3432 4740 3445 4741; x_wconf 37' lang='grc' dir='ltr'>ί</span> <span class='ocrx_word' id='word_1_886' title='bbox 3504 4740 3512 4743; x_wconf 63' lang='grc'>⁷</span> <span class='ocrx_word' id='word_1_887' title='bbox 3532 4740 3544 4743; x_wconf 58' lang='grc'>⁷</span> <span class='ocrx_word' id='word_1_888' title='bbox 3556 4740 3566 4741; x_wconf 34' lang='grc' dir='ltr'>ί</span> <span class='ocrx_word' id='word_1_889' title='bbox 3583 4740 3721 4763; x_wconf 66' lang='grc' dir='ltr'>ιγ’-ν</span> 
     </span>
     <span class='ocr_line' id='line_1_109' title="bbox 2110 4758 3721 4852; baseline 0.018 -43"><span class='ocrx_word' id='word_1_890' title='bbox 2110 4758 2501 4829; x_wconf 77' lang='lat' dir='ltr'>primOgenitus</span> <span class='ocrx_word' id='word_1_891' title='bbox 2526 4771 2689 4833; x_wconf 90' lang='lat' dir='ltr'>atque</span> <span class='ocrx_word' id='word_1_892' title='bbox 2740 4768 3053 4837; x_wconf 84' lang='lat' dir='ltr'>unigenitus</span> <span class='ocrx_word' id='word_1_893' title='bbox 3086 4792 3096 4825; x_wconf 92' lang='lat'><strong>:</strong></span> <span class='ocrx_word' id='word_1_894' title='bbox 3131 4774 3545 4848; x_wconf 79' lang='lat' dir='ltr'>primogenitus,</span> <span class='ocrx_word' id='word_1_895' title='bbox 3580 4786 3721 4852; x_wconf 80' lang='lat' dir='ltr'>quia</span> 
     </span>
    </p>
   </div>
   <div class='ocr_carea' id='block_1_109' title="bbox 2111 4849 3723 4947">
    <p class='ocr_par' dir='ltr' id='par_1_109' title="bbox 2111 4849 3723 4947">
     <span class='ocr_line' id='line_1_110' title="bbox 2111 4849 3723 4947; baseline 0.018 -44"><span class='ocrx_word' id='word_1_896' title='bbox 2111 4849 2271 4904; x_wconf 89' lang='lat' dir='ltr'>beata</span> <span class='ocrx_word' id='word_1_897' title='bbox 2298 4852 2459 4923; x_wconf 83' lang='lat' dir='ltr'>Virgo</span> <span class='ocrx_word' id='word_1_898' title='bbox 2486 4854 2693 4910; x_wconf 88' lang='lat' dir='ltr'>nullum</span> <span class='ocrx_word' id='word_1_899' title='bbox 2712 4869 2837 4914; x_wconf 84' lang='lat' dir='ltr'>ante</span> <span class='ocrx_word' id='word_1_900' title='bbox 2864 4878 2987 4917; x_wconf 83' lang='lat' dir='ltr'>eum</span> <span class='ocrx_word' id='word_1_901' title='bbox 3013 4866 3251 4922; x_wconf 87' lang='lat' dir='ltr'>habuitF</span> <span class='ocrx_word' id='word_1_902' title='bbox 3256 4869 3438 4938; x_wconf 88' lang='lat' dir='ltr'>ilium;</span> <span class='ocrx_word' id='word_1_903' title='bbox 3466 4849 3723 4947; x_wconf 68' lang='lat' dir='ltr'>unigeni-</span> 
     </span>
    </p>
   </div>
   <div class='ocr_carea' id='block_1_110' title="bbox 2114 4946 3719 5042">
    <p class='ocr_par' dir='ltr' id='par_1_110' title="bbox 2114 4946 3719 5042">
     <span class='ocr_line' id='line_1_111' title="bbox 2114 4946 3719 5042; baseline 0.019 -47"><span class='ocrx_word' id='word_1_904' title='bbox 2114 4952 2215 5007; x_wconf 91' lang='lat' dir='ltr'>tus,</span> <span class='ocrx_word' id='word_1_905' title='bbox 2234 4946 2361 5015; x_wconf 87' lang='lat' dir='ltr'>quia</span> <span class='ocrx_word' id='word_1_906' title='bbox 2384 4947 2586 5002; x_wconf 91' lang='lat' dir='ltr'>nullum</span> <span class='ocrx_word' id='word_1_907' title='bbox 2607 4959 2730 5019; x_wconf 89' lang='lat' dir='ltr'>post</span> <span class='ocrx_word' id='word_1_908' title='bbox 2751 4968 2872 5008; x_wconf 91' lang='lat' dir='ltr'>eum</span> <span class='ocrx_word' id='word_1_909' title='bbox 2888 4960 3073 5027; x_wconf 84' lang='lat' dir='ltr'>genuit</span> <span class='ocrx_word' id='word_1_910' title='bbox 3094 4959 3308 5017; x_wconf 83' lang='lat' dir='ltr'>Filium.</span> <span class='ocrx_word' id='word_1_911' title='bbox 3338 4946 3596 5039; x_wconf 83' lang='lat' dir='ltr'>idemque</span> <span class='ocrx_word' id='word_1_912' title='bbox 3619 4975 3719 5042; x_wconf 89' lang='lat' dir='ltr'>qui</span> 
     </span>
    </p>
   </div>
   <div class='ocr_carea' id='block_1_111' title="bbox 2110 5034 3719 5128">
    <p class='ocr_par' dir='ltr' id='par_1_111' title="bbox 2110 5034 3719 5128">
     <span class='ocr_line' id='line_1_112' title="bbox 2110 5034 3719 5128; baseline 0.018 -41"><span class='ocrx_word' id='word_1_913' title='bbox 2110 5050 2177 5088; x_wconf 74' lang='lat' dir='ltr'>ex</span> <span class='ocrx_word' id='word_1_914' title='bbox 2197 5034 2417 5106; x_wconf 80' lang='lat' dir='ltr'>Virgine</span> <span class='ocrx_word' id='word_1_915' title='bbox 2434 5047 2594 5103; x_wconf 82' lang='lat' dir='ltr'>natus</span> <span class='ocrx_word' id='word_1_916' title='bbox 2616 5051 2719 5106; x_wconf 90' lang='lat' dir='ltr'>est,</span> <span class='ocrx_word' id='word_1_917' title='bbox 2747 5045 3059 5116; x_wconf 81' lang='lat' dir='ltr'>unigenitus</span> <span class='ocrx_word' id='word_1_918' title='bbox 3081 5059 3164 5104; x_wconf 88' lang='lat' dir='ltr'>est</span> <span class='ocrx_word' id='word_1_919' title='bbox 3188 5051 3285 5106; x_wconf 85' lang='lat' dir='ltr'>Dei</span> <span class='ocrx_word' id='word_1_920' title='bbox 3315 5034 3553 5112; x_wconf 41' lang='lat' dir='ltr'>Patris—[7</span> <span class='ocrx_word' id='word_1_921' title='bbox 3560 5034 3719 5128; x_wconf 79' lang='lat' dir='ltr'>ilius,</span> 
     </span>
    </p>
   </div>
   <div class='ocr_carea' id='block_1_112' title="bbox 2111 5125 3721 5213">
    <p class='ocr_par' dir='ltr' id='par_1_112' title="bbox 2111 5125 3721 5213">
     <span class='ocr_line' id='line_1_113' title="bbox 2111 5125 3721 5213; baseline 0.019 -36"><span class='ocrx_word' id='word_1_922' title='bbox 2111 5125 2248 5179; x_wconf 91' lang='lat' dir='ltr'>utin</span> <span class='ocrx_word' id='word_1_923' title='bbox 2280 5126 2574 5199; x_wconf 81' lang='lat' dir='ltr'>Evangelio</span> <span class='ocrx_word' id='word_1_924' title='bbox 2602 5132 2716 5201; x_wconf 85' lang='lat' dir='ltr'>ipse</span> <span class='ocrx_word' id='word_1_925' title='bbox 2747 5134 3009 5193; x_wconf 89' lang='lat' dir='ltr'>Dominus</span> <span class='ocrx_word' id='word_1_926' title='bbox 3041 5140 3106 5195; x_wconf 89' lang='lat' dir='ltr'>de</span> <span class='ocrx_word' id='word_1_927' title='bbox 3132 5158 3191 5197; x_wconf 89' lang='lat' dir='ltr'>se</span> <span class='ocrx_word' id='word_1_928' title='bbox 3222 5144 3338 5213; x_wconf 87' lang='lat' dir='ltr'>ipso</span> <span class='ocrx_word' id='word_1_929' title='bbox 3364 5147 3504 5204; x_wconf 70' lang='lat' dir='ltr'>dixit</span> <span class='ocrx_word' id='word_1_930' title='bbox 3548 5168 3560 5203; x_wconf 96' lang='lat'>:</span> <span class='ocrx_word' id='word_1_931' title='bbox 3616 5125 3721 5208; x_wconf 60' lang='lat' dir='ltr'>Sil:</span> 
     </span>
    </p>
   </div>
   <div class='ocr_carea' id='block_1_113' title="bbox 2106 5218 3723 5314">
    <p class='ocr_par' dir='ltr' id='par_1_113' title="bbox 2106 5218 3723 5314">
     <span class='ocr_line' id='line_1_114' title="bbox 2106 5218 3723 5314; baseline 0.02 -45"><span class='ocrx_word' id='word_1_932' title='bbox 2106 5218 2243 5271; x_wconf 83' lang='lat' dir='ltr'>enim</span> <span class='ocrx_word' id='word_1_933' title='bbox 2273 5219 2457 5275; x_wconf 82' lang='lat' dir='ltr'>dilexit</span> <span class='ocrx_word' id='word_1_934' title='bbox 2479 5222 2625 5278; x_wconf 75' lang='lat' dir='ltr'>Deus</span> <span class='ocrx_word' id='word_1_935' title='bbox 2655 5227 2931 5296; x_wconf 80' lang='lat' dir='ltr'>mundum,</span> <span class='ocrx_word' id='word_1_936' title='bbox 2960 5241 3015 5286; x_wconf 88' lang='lat' dir='ltr'>ut</span> <span class='ocrx_word' id='word_1_937' title='bbox 3050 5232 3251 5291; x_wconf 85' lang='lat' dir='ltr'>Filium</span> <span class='ocrx_word' id='word_1_938' title='bbox 3279 5255 3434 5294; x_wconf 76' lang='lat' dir='ltr'>suum</span> <span class='ocrx_word' id='word_1_939' title='bbox 3460 5246 3723 5314; x_wconf 77' lang='lat' dir='ltr'>unigeni-</span> 
     </span>
    </p>
   </div>
   <div class='ocr_carea' id='block_1_114' title="bbox 2106 5309 3712 5402">
    <p class='ocr_par' dir='ltr' id='par_1_114' title="bbox 2106 5309 3712 5402">
     <span class='ocr_line' id='line_1_115' title="bbox 2106 5309 3712 5402; baseline 0.019 -42"><span class='ocrx_word' id='word_1_940' title='bbox 2106 5318 2217 5362; x_wconf 82' lang='lat' dir='ltr'>tum</span> <span class='ocrx_word' id='word_1_941' title='bbox 2241 5309 2390 5364; x_wconf 83' lang='lat' dir='ltr'>daret</span> <span class='ocrx_word' id='word_1_942' title='bbox 2417 5310 2599 5383; x_wconf 76' lang='lat' dir='ltr'>(Joan.</span> <span class='ocrx_word' id='word_1_943' title='bbox 2624 5331 2706 5381; x_wconf 88' lang='grc' dir='ltr'><strong>ιιι,</strong></span> <span class='ocrx_word' id='word_1_944' title='bbox 2734 5317 2843 5389; x_wconf 76' lang='grc' dir='ltr'>ιδ).</span> <span class='ocrx_word' id='word_1_945' title='bbox 2870 5318 2971 5387; x_wconf 84' lang='lat' dir='ltr'>Qui</span> <span class='ocrx_word' id='word_1_946' title='bbox 2994 5322 3152 5380; x_wconf 86' lang='lat' dir='ltr'>datus</span> <span class='ocrx_word' id='word_1_947' title='bbox 3173 5328 3344 5382; x_wconf 85' lang='lat' dir='ltr'>estad</span> <span class='ocrx_word' id='word_1_948' title='bbox 3365 5309 3712 5402; x_wconf 74' lang='lat' dir='ltr'>passionem,</span> 
     </span>
    </p>
   </div>
   <div class='ocr_carea' id='block_1_115' title="bbox 2107 5401 3713 5487">
    <p class='ocr_par' dir='ltr' id='par_1_115' title="bbox 2107 5401 3713 5487">
     <span class='ocr_line' id='line_1_116' title="bbox 2107 5401 3713 5487; baseline 0.019 -32"><span class='ocrx_word' id='word_1_949' title='bbox 2107 5401 2416 5472; x_wconf 82' lang='lat' dir='ltr'>unigenitus</span> <span class='ocrx_word' id='word_1_950' title='bbox 2455 5404 2674 5473; x_wconf 86' lang='lat' dir='ltr'>dicitur,</span> <span class='ocrx_word' id='word_1_951' title='bbox 2719 5408 2859 5465; x_wconf 90' lang='lat' dir='ltr'>sicut</span> <span class='ocrx_word' id='word_1_952' title='bbox 2902 5412 3030 5468; x_wconf 92' lang='lat' dir='ltr'>olim</span> <span class='ocrx_word' id='word_1_953' title='bbox 3080 5417 3341 5487; x_wconf 88' lang='lat' dir='ltr'>propheta</span> <span class='ocrx_word' id='word_1_954' title='bbox 3395 5420 3713 5485; x_wconf 75' lang='lat' dir='ltr'>Zacharias</span> 
     </span>
    </p>
   </div>
   <div class='ocr_carea' id='block_1_116' title="bbox 2105 5546 3633 5631">
    <p class='ocr_par' dir='ltr' id='par_1_116' title="bbox 2105 5546 3633 5631">
     <span class='ocr_line' id='line_1_117' title="bbox 2105 5546 3633 5631; baseline 0.021 -39"><span class='ocrx_word' id='word_1_955' title='bbox 2105 5546 2439 5631; x_wconf 46' lang='lat' dir='ltr'>mantnpoluit,</span> <span class='ocrx_word' id='word_1_956' title='bbox 2466 5548 2735 5631; x_wconf 52' lang='lat' dir='ltr'>oet-iterum</span> <span class='ocrx_word' id='word_1_957' title='bbox 2750 5554 2968 5631; x_wconf 64' lang='lat' dir='ltr'>sumit?</span> <span class='ocrx_word' id='word_1_958' title='bbox 2998 5555 3122 5631; x_wconf 65' lang='lat' dir='ltr'>&#39;l:r_ia</span> <span class='ocrx_word' id='word_1_959' title='bbox 3144 5562 3421 5631; x_wconf 80' lang='lat' dir='ltr'>proposui,</span> <span class='ocrx_word' id='word_1_960' title='bbox 3455 5570 3565 5622; x_wconf 86' lang='lat' dir='ltr'>etc.</span> <span class='ocrx_word' id='word_1_961' title='bbox 3604 5583 3633 5624; x_wconf 70' lang='grc' dir='ltr'>ι</span> 
     </span>
    </p>
   </div>
   <div class='ocr_carea' id='block_1_117' title="bbox 2175 5614 3267 5686">
    <p class='ocr_par' dir='ltr' id='par_1_117' title="bbox 2175 5614 3267 5686">
     <span class='ocr_line' id='line_1_118' title="bbox 2175 5614 3267 5686; baseline 0.013 -18"><span class='ocrx_word' id='word_1_962' title='bbox 2175 5625 2199 5686; x_wconf 49' lang='grc' dir='ltr'><strong>ἒ</strong></span> <span class='ocrx_word' id='word_1_963' title='bbox 2244 5614 2300 5686; x_wconf 62' lang='grc' dir='ltr'>ὃ.</span> <span class='ocrx_word' id='word_1_964' title='bbox 2327 5614 2490 5686; x_wconf 71' lang='lat' dir='ltr'>Grcg.</span> <span class='ocrx_word' id='word_1_965' title='bbox 2522 5618 2717 5673; x_wconf 88' lang='lat' dir='ltr'>Homil.</span> <span class='ocrx_word' id='word_1_966' title='bbox 2747 5623 2801 5685; x_wconf 84' lang='lat'>8,</span> <span class='ocrx_word' id='word_1_967' title='bbox 2834 5640 2981 5678; x_wconf 89' lang='lat' dir='ltr'>num.</span> <span class='ocrx_word' id='word_1_968' title='bbox 3016 5614 3267 5683; x_wconf 57' lang='grc' dir='ltr'><strong>219ίῖἳῖ</strong></span> 
     </span>
    </p>
   </div>
   <div class='ocr_carea' id='block_1_118' title="bbox 2174 5682 3420 5768">
    <p class='ocr_par' dir='ltr' id='par_1_118' title="bbox 2174 5682 3420 5768">
     <span class='ocr_line' id='line_1_119' title="bbox 2174 5682 3420 5768; baseline 0.019 -31"><span class='ocrx_word' id='word_1_969' title='bbox 2174 5682 2200 5722; x_wconf 74' lang='lat' dir='ltr'>b</span> <span class='ocrx_word' id='word_1_970' title='bbox 2243 5683 2298 5739; x_wconf 77' lang='grc'>5.</span> <span class='ocrx_word' id='word_1_971' title='bbox 2330 5682 2582 5756; x_wconf 80' lang='lat' dir='ltr'>Isidorus,</span> <span class='ocrx_word' id='word_1_972' title='bbox 2610 5687 2731 5747; x_wconf 88' lang='lat' dir='ltr'>libr.</span> <span class='ocrx_word' id='word_1_973' title='bbox 2764 5682 2800 5749; x_wconf 82' lang='grc' dir='ltr'>ιι</span> <span class='ocrx_word' id='word_1_974' title='bbox 2834 5682 3135 5768; x_wconf 72' lang='lat' dir='ltr'>Diﬂcreut.,</span> <span class='ocrx_word' id='word_1_975' title='bbox 3161 5682 3333 5758; x_wconf 53' lang='lat' dir='ltr'>diier.</span> <span class='ocrx_word' id='word_1_976' title='bbox 3364 5699 3420 5761; x_wconf 75' lang='lat'>5.</span> 
     </span>
    </p>
   </div>
  </div>
