3964 6186
229 248 329 303 2337

905 245 1320 304 DOGMA'I'ICA.
1360 276 1431 286 —
1466 246 1625 302 ADV.
1670 244 2067 303 ELIPANDUM
2108 246 2285 322 LIBRI
2325 248 2414 303 IV.
2450 277 2521 290 —
2558 247 2686 304 LIB.
2728 249 2792 304 II.

3387 258 3491 316 238

210 363 472 436 prmdixit
503 379 515 415 :
563 361 836 431 Aspicicut
887 362 955 415 ad
1000 377 1103 424 me,
1151 376 1302 431 quem
1347 360 1674 428 conﬁrerunt
1703 375 1720 412 :
1759 368 1806 411 et
1836 360 1886 421 Α
1911 358 2026 413 Νοη
2055 366 2233 429 potest
2256 359 2503 428 prOprius
2526 373 2645 413 esse
2672 368 2726 413 et
2755 357 3058 428 adoptivus.
3095 360 3201 417 Aut
3232 370 3377 420 totus
3405 378 3493 422 est

226 459 465 527 plangant
497 469 614 507 eum
646 452 865 523 planetu
893 453 1044 522 quasi
1071 467 1227 520 super
1256 451 1576 521 unigenitum
1604 466 1619 511 ;
1649 458 1696 502 et
1720 450 1813 502 do-

224 550 395 601 lebant
445 562 565 599 eum
593 586 609 609 ,
678 556 733 598 ut
786 545 953 598 doleri
994 543 1121 597 solet
1162 545 1216 597 in
1272 553 1434 597 morte
1484 542 1814 614 primogeuiti

228 636 410 701 (lacn.
438 653 543 699 sn,
582 635 692 704 10).
746 634 919 702 Quem
966 634 1229 704 propheta
1278 644 1440 703 atque
1486 633 1813 702 evangelista

227 729 561 800 unigenitum
620 728 1057 790 nominaverunt,
1114 727 1257 781 hunc
1300 726 1587 797 Apostolus
1624 726 1814 780 doctor

228 822 464 892 gentium
498 819 778 890 proprium
820 817 1014 874 Filium
1041 819 1244 888 absque
1270 818 1603 872 dubitatione
1640 818 1816 871 nomi-

229 929 354 967 nare
382 913 557 966 voluit
586 912 774 967 dicens
808 930 820 964 :
852 908 956 975 Qui
976 910 1186 980 proprio
1216 907 1358 962 Filio
1389 926 1484 962 suo
1506 926 1608 962 non
1635 924 1816 978 peper-

229 1008 310 1069 cit,
342 1004 438 1058 sed
481 1020 581 1074 pro
628 1003 777 1056 nobis
820 1000 1039 1054 tradidit
1069 1017 1185 1054 eum
1213 999 1451 1053 omnibus
1480 996 1657 1069 (Rom.
1690 1013 1812 1062 vm,

229 1098 333 1169 5‘2).
378 1097 559 1151 Datus
596 1104 652 1150 et
692 1094 922 1148 traditus
950 1107 1116 1146 unum
1165 1090 1449 1162 signiﬁcat.
1498 1089 1816 1160 Unigenitus

229 1195 383 1247 datus
410 1198 497 1244 est
523 1203 626 1257 pro
661 1185 847 1240 mundi
876 1184 1069 1248 salute,
1098 1192 1152 1237 et
1180 1182 1432 1253 proprius
1452 1180 1622 1235 Filius
1652 1180 1817 1234 tradi-

228 1294 309 1337 tus
334 1280 406 1334 ad
438 1284 695 1334 mortem.
728 1276 874 1330 Idem
915 1274 1257 1344 unigenitus,
1308 1273 1402 1342 qui
1442 1280 1498 1328 et
1540 1272 1813 1341 proprius,

225 1374 364 1428 idem
396 1369 678 1441 passibilis
703 1378 759 1423 et
785 1364 1148 1435 impassibilis,
1179 1365 1320 1419 idem
1361 1363 1504 1418 Deus
1540 1371 1596 1417 et
1632 1364 1811 1425 homo,

224 1479 364 1518 unus
390 1462 567 1515 Filius
593 1468 650 1514 et
673 1473 815 1513 unus
838 1456 1086 1511 Christus
1113 1455 1169 1509 in
1198 1470 1303 1509 una
1330 1468 1582 1524 persona.
1610 1473 1627 1506 ι

292 1552 464 1609 XXII.
509 1552 626 1616 Dic,
676 1549 765 1604 dic
805 1548 1020 1603 auditor
1062 1561 1372 1601 sermonum
1414 1544 1533 1609 Dei,
1562 1545 1656 1616 qui
1695 1560 1816 1601 cum

221 1643 446 1700 Baalam
479 1641 674 1697 oculos
699 1640 868 1694 habes
897 1646 1138 1708 apertos,
1165 1645 1221 1692 et
1248 1653 1353 1691 non
1382 1637 1570 1701 vides;
1603 1651 1698 1692 cor
1723 1651 1815 1690 ra-

1916 453 2182 520 proprius,
2232 461 2325 505 aut
2371 460 2513 506 totus
2551 461 2633 508 est
2677 453 2978 522 adoptivus.
3026 452 3134 508 Aut
3179 456 3312 511 duos
3355 457 3495 514 ﬁlios

1914 543 2187 597 Christum
2214 558 2332 597 esse
2364 557 2584 598 necesse
2609 553 2694 599 cst
2719 542 2940 599 fatearis
2977 545 3031 599 in
3058 545 3268 603 duabus
3311 562 3501 618 perso-

1914 634 2019 698 nis,
2063 634 2412 703 proprietatis
2452 643 2507 688 et
2552 634 2878 704 adoptionis,
2919 638 3213 693 secundum
3260 638 3497 696 Nestorii

1917 727 2245 796 impietatem
2279 742 2293 781 :
2327 735 2420 781 aut
2446 727 2491 782 si
2535 727 2812 782 Christum
2842 744 3008 783 unum
3038 732 3343 798 consentis,
3370 747 3498 802 pro-
3530 754 3544 763 ·

1915 818 2090 887 prium
2134 816 2328 871 Filium
2357 832 2477 872 esse
2519 818 2573 870 iu
2604 833 2709 871 una
2758 833 2990 888 persona
3037 835 3159 874 cum
3190 822 3498 887 catholicis,

1913 923 2135 962 necesse
2160 916 2243 962 est
2264 908 2358 962 tibi
2384 916 2552 962 totum
2594 910 2872 978 proprium
2898 909 3143 964 conﬁteri
3175 910 3371 965 Filium
3397 910 3498 966 Dei

1915 1001 1969 1054 in
1999 1016 2105 1054 una
2130 1015 2359 1070 persona
2386 1016 2609 1056 summae
2636 1003 2899 1067 veritatis,
2930 1004 3053 1072 quia
3084 1005 3262 1060 omnis
3290 1006 3497 1061 veritas

1914 1092 1969 1145 in
1996 1106 2061 1146 eo
2088 1100 2189 1156 est,
2219 1101 2273 1147 et
2301 1093 2431 1147 nihil
2461 1094 2881 1164 imaginationis,
2910 1096 3051 1151 sicut
3077 1097 3129 1150 in
3164 1096 3290 1152 ﬁliis
3326 1097 3495 1167 adop-

1916 1182 2081 1237 tionis
2121 1183 2256 1237 solet
2292 1198 2432 1238 esse.
2487 1183 2705 1240 Naturae
2744 1194 2944 1241 nostra:
2974 1188 3264 1256 assumpsit
3299 1190 3500 1244 verita-

1915 1282 2043 1336 tem,
2090 1288 2196 1327 non
2225 1274 2533 1344 adoptionis
2562 1282 2761 1331 nostra:
2784 1291 3073 1344 personam
3106 1295 3119 1330 :
3149 1292 3256 1333 non
3283 1287 3500 1334 mutans

1915 1370 2165 1417 naturam
2204 1364 2557 1419 humanitatis
2606 1374 2803 1420 nostrae
2832 1367 2887 1421 in
2923 1375 3171 1422 naturam
3201 1367 3498 1424 divinitatis

1913 1469 2045 1517 suae,
2092 1455 2185 1509 sed
2231 1454 2461 1508 mutavit
2502 1469 2790 1524 personam
2837 1456 3144 1525 adoptionis
3191 1466 3392 1514 nostrae
3436 1459 3494 1514 in

1915 1558 2200 1614 personam
2230 1546 2574 1615 praprietatis
2613 1562 2723 1601 suae
2750 1586 2764 1611 ,
2816 1562 2912 1602 sua
2948 1562 3057 1602 non
3084 1548 3366 1612 minuens,
3403 1548 3500 1603 sed

1918 1646 2101 1694 nostra
2130 1652 2352 1707 augens.
2386 1637 2693 1693 Permansit
2724 1638 2870 1709 quod
2896 1646 3031 1702 erat,
3060 1640 3186 1694 dum
3210 1641 3505 1711 assumpsit

222 1731 520 1795 tionabile,
550 1738 606 1785 et
633 1744 741 1785 non
763 1727 1046 1798 intelligis,
1075 1743 1195 1798 quae
1218 1727 1289 1782 sit
1313 1742 1543 1797 persona
1565 1725 1661 1781 Dei
1690 1724 1813 1781 Filii
1848 1711 1887 1769 Β
1915 1728 2059 1798 quod
2087 1742 2193 1783 non
2218 1736 2353 1782 erat.
2384 1727 2441 1782 Si
2462 1736 2684 1798 propter
2711 1730 3154 1797 assumptionem,
3187 1730 3499 1801 adoptivam

221 1822 563 1878 aeternaliter
586 1837 653 1875 ex
698 1819 811 1874 Deo
838 1818 998 1874 Patre
1038 1819 1173 1884 nati,
1203 1835 1271 1874 an
1298 1818 1517 1889 propria
1540 1818 1626 1872 vel
1651 1818 1817 1888 adop-

223 1917 351 1968 tiva.
386 1912 510 1968 Non
538 1912 749 1968 aestimo
774 1912 852 1965 ita
878 1918 930 1966 te
965 1926 995 1964 a
1047 1909 1151 1965 ﬁde
1178 1924 1430 1965 aversum
1460 1924 1602 1975 esse,
1630 1917 1690 1964 ut
1716 1924 1816 1963 au-

224 2006 353 2059 deas
391 2004 582 2058 dicere
617 2001 923 2072 adoptivam
956 2015 1077 2055 esse
1104 2015 1389 2068 personam
1417 1995 1815 2054 aeternm'nati-

222 2097 409 2153 vitatis
434 2094 609 2166 386
648 2092 767 2147 Filii
799 2093 893 2147 Dei
922 2092 1203 2162 unigeniti,
1237 2106 1303 2146 ne
1332 2099 1386 2145 te
1412 2098 1559 2146 totus
1584 2089 1818 2144 mundus

223 2191 448 2245 damnet
497 2201 624 2241 cum
672 2185 826 2240 Ario.
870 2183 1186 2239 Certissime
1225 2184 1394 2248 scito,
1448 2191 1504 2237 et
1534 2181 1817 2237 verissime

223 2276 404 2340 crede,
437 2276 666 2347 quodin
693 2275 841 2329 illam
865 2288 1152 2347 personam
1176 2272 1414 2335 omnino,
1445 2284 1608 2340 quam
1630 2268 1817 2323 habuit

225 2378 351 2423 ante
386 2345 591 2422 saecula
611 2406 626 2431 ,
672 2363 965 2435 assumpsit
998 2345 1249 2419 naturam
1291 2363 1581 2417 humanam
1607 2359 1702 2414 Dei
1727 2359 1817 2413 Fi—

225 2458 349 2522 lius,
382 2466 447 2511 ut
489 2464 640 2512 esset
686 2463 833 2511 totus
858 2471 964 2509 una
1009 2468 1242 2524 persona
1276 2462 1333 2508 et
1358 2452 1575 2523 propria
1604 2459 1659 2507 et
1696 2464 1817 2521 per-

226 2546 365 2601 fecta
412 2546 475 2600 in
511 2544 635 2600 Filii
667 2545 926 2616 dignitate
948 2584 961 2607 ,
997 2543 1131 2597 nihil
1176 2541 1483 2611 adoptionis
1519 2540 1725 2595 habens
1762 2538 1817 2592 in

223 2642 516 2697 divinitate
541 2640 627 2694 vel
666 2638 1028 2702 humanitate,
1064 2652 1203 2691 unus
1239 2635 1406 2690 Filius
1430 2634 1590 2689 unius
1615 2632 1815 2687 Patris.

1916 1818 2120 1889 putatis
2142 1818 2554 1883 humanitatem,
2588 1827 2648 1873 ut
2672 1819 2975 1875 audivimus
2996 1835 3026 1874 a
3056 1819 3257 1885 Felice,
3288 1821 3417 1875 dum
3446 1822 3502 1876 in

1919 1910 2233 1968 defensione
2259 1919 2454 1966 vestrae
2485 1910 2821 1968 inﬁdelitatis
2840 1912 3101 1983 perstitit,
3131 1927 3262 1983 ergo
3288 1914 3502 1984 adopti—

1918 2017 2019 2056 vus
2047 2009 2131 2057 est
2163 2001 2307 2057 illius
2337 2016 2602 2069 personae,
2638 2003 2729 2071 qui
2761 2002 3152 2058 humanitatem
3191 2004 3504 2074 assumpsit,

1921 2100 1976 2147 et
2027 2099 2112 2146 est
2159 2107 2326 2161 nepos
2372 2091 2550 2146 Patris
2594 2106 2692 2160 per
2741 2093 3084 2162 adoptionem
3135 2093 3257 2148 Filii
3295 2112 3309 2149 :
3359 2095 3503 2166 quod

1920 2195 2082 2251 quam
2126 2179 2419 2235 nefandum
2447 2181 2520 2236 sit
2556 2182 2845 2246 aestimare,
2880 2197 3040 2238 nemo
3063 2193 3325 2249 vestrum,
3356 2199 3500 2247 reor,

1920 2275 2150 2342 ignorat.
2200 2271 2306 2328 Sed
2349 2287 2416 2327 ne
2445 2272 2728 2343 prolixitas
2776 2275 3044 2329 sermonis
3089 2275 3194 2329 mei
3228 2273 3501 2329 fastidium

1920 2372 2141 2435 generet
2168 2364 2387 2434 legenti,
2431 2364 2522 2419 hic
2548 2362 2709 2432 hujus
2746 2360 2912 2419 libelli
2943 2363 3206 2419 faciamus
3236 2363 3419 2428 ﬁnem,
3447 2374 3504 2419 et

1919 2455 2209 2525 resumptis
2231 2470 2330 2526 per
2354 2455 2449 2509 Dei
2475 2455 2702 2526 gratiam
2734 2455 2938 2511 viribus
2956 2497 2971 2520 ,
3017 2457 3085 2511 ab
3113 2455 3220 2511 alio
3257 2456 3503 2519 exordio,

1924 2561 2042 2618 quae
2071 2547 2295 2603 dicenda
2321 2553 2467 2612 sunt,
2499 2545 2725 2603 liberius
2750 2540 3089 2619 incipiamus.

278 2742 3480 2770 Mm

1514 2814 1745 2876 LIBER
1801 2809 2203 2872 SECUNDUS

1769 2941 1963 2955 ..ιι-.-

297 3021 337 3075 I.
363 3020 511 3076 Olim
544 3018 731 3084 itaque
754 3012 809 3067 in
831 3008 1028 3081 populo
1044 3008 1139 3063 Dei
1162 3003 1574 3062 fueruntsancti
1600 3004 1822 3073 prophe-
1848 3004 1895 3069 C
1925 3001 2138 3057 tholicaa
2196 3000 2318 3056 fidei
2376 3009 2685 3056 sanctarum
2753 3004 3052 3058 sententias
3107 3004 3508 3074 Scripturarum

226 3126 314 3177 ne,
327 3114 382 3167 in
403 3109 611 3181 quibus
624 3117 679 3162 et
697 3120 798 3176 per
809 3118 946 3174 quos
966 3101 1199 3172 Spiritus
1218 3098 1315 3153 Dei
1335 3098 1669 3167 loquebatur.
1690 3094 1822 3150 Fue

228 3212 351 3259 runt
375 3210 435 3258 et
470 3194 980 3272 pseudoprophetae,
1016 3191 1111 3262 qui
1140 3188 1421 3260 arreptitio
1461 3186 1653 3258 spiritu
1686 3184 1821 3241 falsa

227 3295 708 3354 vaticinaverunt;
745 3298 975 3356 quorum
1002 3278 1413 3337 similitudinem
1438 3283 1634 3348 gerunt
1664 3274 1826 3337 modo

229 3396 500 3438 novarum
526 3376 780 3450 magistri
805 3382 1097 3437 sectarum,
1125 3370 1216 3440 qui
1247 3367 1479 3440 speciem
1500 3366 1721 3436 pietatis
1748 3365 1826 3419 in-

231 3477 429 3539 duum,
446 3472 549 3528 sed
575 3471 836 3527 virtutem
864 3465 982 3534 ejus
1011 3466 1298 3536 abnegant,
1331 3460 1640 3517 scindentes
1662 3458 1822 3515 desu-

232 3573 665 3638 pereontextam
676 3560 877 3618 Christi
894 3559 1263 3622 tunicam,nec
1274 3553 1707 3624 cruciﬁgentium
1725 3550 1825 3606 Dei

233 3657 431 3712 Filium
449 3669 604 3709 more
620 3652 1080 3716 militum,norunt
1091 3654 1292 3703 sortem
1305 3644 1429 3699 ﬁdei
1442 3643 1654 3705 mittere
1666 3656 1828 3713 super

231 3765 377 3815 eam,
403 3745 574 3816 cujus
602 3746 705 3811 sit;
738 3742 832 3799 sed
864 3740 1029 3811 impia
1051 3739 1357 3795 temeritate
1381 3750 1593 3791 sacram
1627 3732 1826 3789 Christi

231 3839 488 3913 corporis
514 3837 780 3893 unitatem
808 3832 1135 3889 schismatici
1165 3828 1367 3885 erroris
1395 3824 1609 3897 ungulis
1630 3822 1828 3878 discin-

230 3934 359 3987 dere
390 3928 757 3990 contendunt,
788 3933 950 3994 atque
979 3923 1033 3977 in
1059 3937 1125 3978 eo
1154 3920 1297 3991 quod
1323 3927 1597 3975 auctorem
1618 3916 1744 3971 vitae
1773 3916 1829 3970 in

230 4021 388 4086 duas,
421 4016 784 4090 proprietatis
809 4012 1056 4069 videlicet
1083 4018 1256 4081 atque
1282 4007 1602 4079 adoptionis,
1641 4019 1828 4078 perso-

1923 3101 2170 3149 avertere
2210 3101 2522 3162 praesumat.
2555 3093 2845 3149 Videamus
2886 3095 3180 3165 siquidem,
3213 3097 3314 3152 iste
3339 3112 3511 3152 novus

1925 3188 2193 3258 interpres
2228 3186 2465 3256 qualiter
2502 3185 2850 3256 propheticus
2881 3186 2948 3241 de
2976 3184 3195 3243 Christo
3230 3202 3509 3244 sermones

1924 3279 2331 3348 interpretetur.

1992 3369 2057 3424 ll.
2096 3369 2231 3440 Dum
2257 3369 2424 3423 multa
2463 3369 2704 3424 cucurrit
2740 3370 3049 3438 quaerendo,
3084 3371 3262 3425 sub:to
3288 3368 3512 3424 olfendit

1925 3462 1979 3516 in
2013 3459 2337 3516 versiculum
2389 3460 2584 3530 psalmi
2636 3474 2803 3524 exvu,
2846 3459 2901 3514 in
2952 3474 3058 3529 quo
3090 3458 3358 3531 Propheta
3393 3458 3509 3530 glo-

1925 3553 2060 3607 riam
2089 3550 2424 3606 ascensionis
2462 3550 2676 3606 Domini
2710 3550 2884 3606 nostri
2921 3549 3049 3606 Jesu
3078 3550 3283 3607 Christi
3311 3551 3512 3607 decan-

1926 3653 2049 3699 tans
2073 3643 2205 3699 dicit
2232 3661 2246 3697 :
2273 3642 2570 3698 Accenderat
2597 3644 2652 3696 in
2679 3642 2846 3697 altum
2874 3644 3133 3714 captiuam
3161 3643 3313 3697 άωωίε
3343 3643 3512 3713 capti-

1926 3734 2134 3787 vitatem
2174 3728 2349 3802 (Psal.
2395 3746 2561 3794 van,
2599 3730 2711 3801 l9).
2757 3729 3016 3801 Adiungit
3047 3745 3260 3800 quoque
3305 3745 3374 3786 ex
3411 3746 3512 3787 suo

1927 3839 2088 3880 sensu
2119 3840 2132 3877 :
2171 3840 2190 3873 ί
2229 3821 2371 3876 Ecce
2398 3820 2649 3889 captivus
2683 3821 2883 3876 dicitur
2910 3834 3063 3882 esse,
3105 3829 3161 3874 et
3198 3836 3369 3890 quare
3404 3837 3513 3876 non

1928 3914 2140 3969 dicatur
2167 3926 2332 3968 carne
2372 3909 2692 3980 adoptivus?
2729 3929 2749 3962 ι
2800 3907 2967 3976 Cujus
2995 3908 3248 3964 versiculi
3288 3924 3510 3965 sensum

1928 4006 2085 4078 longe
2125 4005 2286 4060 aliter
2311 4001 2485 4059 sancti
2525 4002 2713 4057 Patres
2741 3999 3083 4069 interpretati
3127 4007 3271 4053 sunt.
3312 3998 3512 4055 Beatus

230 4128 332 4166 nas
379 4088 636 4167 dividere
668 4104 875 4169 volunt,
908 4102 1113 4173 seipsos
1148 4117 1178 4155 a
1222 4098 1487 4155 catholica
1519 4111 1668 4166 pace,
1714 4094 1831 4150 sine
1930 4093 2259 4164 Augustinus
2304 4091 2380 4146 ita
2438 4088 2793 4160 hunc.887
2847 4102 3067 4143 versum
3125 4088 3376 4157 exposuit
3427 4101 3450 4129 ο
3495 4104 3512 4143 :

228 4219 341 4274 qua
368 4200 515 4257 nihil
550 4198 662 4253 Deo
697 4197 950 4267 placitum
979 4208 1099 4249 esse
1132 4191 1349 4262 poterit,
1381 4190 1719 4258 disrumpere
1744 4186 1831 4239 ni-
1937 4203 1955 4235 ι
1986 4183 2123 4251 Quid
2151 4190 2257 4248 est,
2275 4181 2472 4251 inquit,
2497 4180 2640 4251 quod
2668 4180 2819 4245 dicit,
2852 4178 3125 4249 captiuasti
3142 4179 3514 4250 captivitatem,

231 4269 437 4349 [untur
475 4308 489 4344 :
527 4305 638 4345 non
668 4287 1049 4357 intelligentes,
1081 4298 1181 4338 nec
1208 4296 1327 4351 quae
1353 4280 1554 4352 legunt,
1588 4292 1688 4335 nec
1714 4292 1833 4347 qua:
1863 4354 1898 4357 _
1931 4274 2037 4329 nisi
2060 4273 2188 4343 quia
2220 4272 2415 4342 captivi
2443 4313 2458 4336 ,
2491 4271 2583 4342 qui
2610 4271 2711 4327 sub
2737 4269 2954 4326 diabolo
2983 4270 3322 4333 tenebantur,
3355 4270 3516 4325 abso-

228 4386 506 4457 legnntur
535 4379 697 4454 [ϐοά.
740 4354 942 4441 Paria,
971 4390 1147 4446 neque
1190 4373 1470 4436 locuntur;
1523 4370 1658 4440 forte
1702 4367 1827 4438 leg.,
1863 4354 2027 4421 Diuti
2055 4372 2181 4420 sunt
2200 4363 2267 4417 ab
2296 4363 2395 4417 eo?
2421 4382 2440 4414 ι
2475 4361 2622 4457 Item
2639 4362 2831 4416 beatus
2862 4359 3224 4457 hieronymus
3249 4359 3320 4457 δέ
3366 4376 3385 4409 t
3414 4357 3518 4457 As:

228 4447 341 4534 nec
373 4492 507 4549 qua:
532 4447 873 4544 loquuntur].
904 4468 1109 4537 Quibus
1129 4467 1319 4522 melius
1346 4473 1490 4521 esset
1509 4462 1660 4534 juxta
1690 4463 1837 4518 beati
1932 4454 2182 4520 cendisti,
2209 4453 2407 4549 inquit,
2426 4450 2711 4549 in-cmlps,
2740 4449 3026 4549 captivasti
3041 4463 3174 4549 nos...
3202 4448 3292 4516 qui
3314 4447 3518 4549 φερειγὶ

228 4538 1060 4642 Ρειινίρτὶηοίίιίειῳοείοιοιύω
1078 4575 1285 4624 vocem,
1304 4559 1446 4613 viam
1466 4557 1711 4612 veritatis
1733 4570 1838 4610 non
1938 4547 2255 4642 tenebamur
2280 4559 2311 4597 a
2336 4541 2571 4642 diabolo.
2612 4541 2716 4642 Qui
2738 4540 3010 4642 quondam
3040 4541 3093 4594 in
3120 4538 3268 4642 Sina:
3298 4539 3523 4642 descent

230 4630 581 4736 mre,
608 4630 784 4727 quain
831 4661 954 4726 post
1001 4652 1329 4723 agnitionem
1372 4657 1670 4704 retrorsum
1711 4661 1841 4701 con-
1940 4635 2270 4736 dens-legem
2298 4633 2496 4705 populo
2510 4632 2818 4736 distribuit,
2840 4632 2956 4701 ipse
2976 4645 3119 4686 nunc
3148 4630 3203 4736 in
3231 4630 3524 4736 sanctOLid

233 4720 404 4810 τξηὶ.
452 4720 660 4806 Melius
680 4720 999 4804 esset-Iuda:
1032 4720 1297 4814 proditori
1324 4754 1598 4808 nunquam
1622 4744 1839 4808 aposto-
1941 4734 2045 4790 est,
2082 4727 2135 4779 in
2184 4732 2460 4814 assumpto
2509 4723 2748 4787 homine,
2782 4722 2849 4777 de
2894 4735 3003 4790 quo
3049 4720 3272 4814 angelus
3316 4720 3526 4814 adlla-

230 4847 408 4900 licum
443 4855 652 4897 nomen
682 4836 957 4899 habuisse,
985 4810 1147 4904 quam
1192 4830 1289 4885 Dei
1316 4828 1510 4883 Filium
1541 4828 1722 4897 impiis
1744 4824 1840 4881 ,ιιι-
1944 4819 2078 4889 riam
2111 4836 2124 4868 :
2158 4810 2313 4883 Quod
2343 4823 2583 4869 nascetur
2604 4830 2671 4868 ex
2693 4821 2742 4868 te
2769 4821 3029 4877 sanctum,
3058 4813 3326 4873 vocabitur
3354 4810 3528 4865 Filius

224 4940 495 4992 ictorum
527 4932 782 4988 manibus
809 4927 1132 4984 vendidisse.
1178 4923 1271 4979 Sic
1305 4922 1488 4992 pravis
1533 4919 1847 4975 doctoribus
1947 4911 2042 4966 Dei
2070 4909 2220 4982 (Luc.
2251 4926 2292 4974 ι,
2320 4907 2433 4981 '55),
2461 4923 2578 4973 eos,
2606 4908 2698 4976 qui
2727 4907 2781 4961 in
2807 4906 3120 4976 captivitate
3150 4905 3349 4962 diaboli
3380 4913 3529 4958 tene-

222 5030 423 5082 satins
451 5032 606 5081 esset
634 5034 911 5091 nunquam
936 5016 1155 5073 honoris
1184 5028 1399 5077 nomen,
1430 5012 1515 5069 vel
1545 5012 1727 5068 sedem
1748 5011 1844 5065 do-
1946 5004 2163 5066 bantur,
2205 5000 2451 5063 absolvit,
2480 5015 2544 5054 ac
2578 5006 2698 5069 post
2727 5014 2787 5054 se
2812 5006 3070 5068 tanquam
3095 4996 3335 5091 captivos
3348 4994 3531 5091 dedu-

212 5118 423 5173 etatis
440 5113 728 5184 possidere
754 5082 807 5164 i-n
834 5106 1270 5176 Ecclesia,quam
1296 5117 1475 5173 pravae
1491 5102 1614 5156 ﬁdei
1633 5102 1849 5171 dogma-
1947 5103 2063 5150 ctos
2107 5102 2320 5150 :eternzc
2371 5093 2498 5147 vitae
2551 5090 2809 5147 restituit.
2855 5110 2874 5143 ι
2927 5087 3283 5184 Cassiodorus
3330 5082 3473 5184 dicit.
3515 5100 3529 5147 ξ

216 5172 397 5264 tibus
428 5172 646 5273 seipsos
692 5216 815 5255 cum
862 5197 1060 5269 populo
1101 5172 1204 5251 sibi
1252 5172 1492 5260 subjecto
1530 5190 1847 5260 perdidisse.
1956 5205 1973 5237 ι
2002 5185 2160 5241 Jesus
2202 5184 2346 5239 enim
2395 5183 2654 5238 Dominus
2692 5182 2835 5239 Deus
2874 5189 3059 5236 noster
3097 5175 3391 5273 cruciﬁxus.

212 5262 410 5355 Patet
438 5262 631 5364 itaque
655 5262 882 5347 nostras
894 5262 978 5343 vel
1003 5289 1215 5343 illorum
1238 5285 1539 5356 legentibus
1566 5281 1850 5345 litterulas,
1953 5274 2161 5331 scendit
2189 5272 2257 5327 ad
2286 5271 2511 5337 inferos,
2542 5279 2598 5326 et
2622 5270 2879 5327 liberatas
2907 5265 3294 5364 aAcaptivitate
3338 5262 3536 5319 diaboli

212 5392 375 5464 quis
402 5358 661 5443 nostrum
693 5381 992 5440 catholicos
1022 5388 1333 5435 sanctorum
1364 5376 1586 5430 Patrum
1616 5374 1667 5427 in
1708 5372 1854 5427 Scri-
1954 5368 2165 5423 animas
2201 5365 2464 5464 perduxit
2512 5365 2580 5419 ad
2612 5363 2814 5464 .coslos.
2864 5380 2891 5464 ,ι
2946 5358 3142 5464 Quem‘
3173 5368 3231 5412 tu
3282 5368 3538 5460 perversa

204 5448 436 5560 ἑιειτίε
470 5478 671 5535 divinis
699 5475 949 5546 sequitur
972 5486 1181 5539 sensus,
1206 5467 1292 5524 vel
1317 5468 1440 5537 quis
1462 5481 1491 5520 a
1520 5463 1737 5519 tramite
1762 5478 1853 5518 ca-
1956 5470 2158 5547 mente,
2197 5456 2362 5513 frater
2403 5455 2694 5526 Elipaude,
2735 5452 3007 5525 captivum
3039 5448 3207 5507 audes
3232 5448 3537 5511 nominarc,

300 5613 343 5640 n
399 5595 469 5650 S.
496 5595 635 5667 Aug.
669 5594 908 5648 Enamt
954 5588 1007 5667 in
1031 5586 1176 5667 Psa}.
1206 5599 1372 5667 μνη,
1402 5598 1453 5635 v.
1488 5580 1573 5667 19ἑ
1596 5579 1857 5667 illi‘cvero
2030 5577 2056 5616 δ
2097 5575 2153 5630 S.
2181 5572 2326 5629 Hier.
2360 5570 2643 5627 Breviario
2668 5568 2723 5624 in
2741 5564 3086 5624 Psalterium.

200 5649 527 5731 Ais-minus
570 5649 795 5722 simsum
843 5659 1016 5731 magis
1064 5655 1229 5714 rcfcrt
1266 5669 1427 5725 quam
1454 5651 1617 5709 verba
1646 5649 1781 5723 Aug.
