3964 6186
406 292 513 347 9.59

1263 287 1323 343 Β.
1364 287 1426 341 F.
1466 284 1692 341 ALBlNl
1733 284 1862 340 SEU
1898 282 2174 340 ALCUlNl
2211 281 2493 338 OPERUM
2529 279 2709 336 PARS
2745 278 2832 337 lii.

3580 281 3683 336 Ξῗίῢ

407 407 555 463 hunc
579 405 865 463 Psalmista
890 420 956 460 ex
977 403 1061 461 sui
1085 403 1255 475 ipsius
1278 417 1523 473 persona:
1551 399 1732 455 verbis
1768 399 1997 454 liberum
2027 401 2073 460 Α
2099 412 2209 453 non
2236 398 2509 469 intelligis,
2539 398 2594 452 in
2616 397 2831 454 Christo
2862 413 3123 467 personas
3150 404 3203 452 te
3229 396 3524 463 alllrmare,
3554 396 3684 453 dum

408 514 533 555 esse
555 505 804 563 testatur,
819 497 909 553 ubi
926 497 1004 550 ait
1029 513 1042 549 :
1074 493 1272 549 Factus
1298 510 1416 548 sum
1441 492 1574 546 sicut
1589 492 1744 544 homo
1764 491 1876 545 sine
1902 489 1998 542 ad-

401 591 606 661 jutorio
635 590 773 644 inter
798 597 1031 643 mortuos
1058 584 1375 658 liber(Psal.
1410 599 1653 647 LXXXVII,
1672 581 1746 655 6).
1772 582 2000 637 lterum-

406 697 516 753 que
545 682 600 737 iu
621 681 726 737 alio
751 679 958 751 psalmo
978 697 990 733 :
1009 678 1150 731 Deus
1172 677 1429 731 ultionum
1450 675 1730 739 Dominus,
1756 674 1897 728 Deus
1921 673 2002 729 ul-

388 776 613 834 .tionum
642 772 800 827 libere
826 772 927 843 egit
959 768 1304 840 (Psal.xcru,
1325 767 1399 838 1).
1425 767 1493 821 Ει
1521 768 1634 837 ipse
1654 767 1915 822 Dominus
1945 766 2000 821 in

411 864 704 935 Evangelio
728 881 742 894 ·
781 861 839 918 Si
872 860 1045 917 Filius
1093 876 1198 923 vos,
1232 860 1328 925 ait,
1372 857 1687 923 liberaverit,
1730 868 1854 911 tunc
1885 873 1999 913 vere

411 956 564 1010 liberi
586 956 731 1010 eritis
755 953 1064 1026 (Joan.vm,
1084 949 1197 1021 ‘56).
1223 948 1353 1016 Quae
1373 957 1457 1004 est
1484 948 1707 1004 libertas
1726 957 1935 1014 nostra,
1952 947 2000 1003 si

411 1046 675 1105 liberator
704 1052 890 1100 noster
918 1043 1165 1115 captivus
1190 1055 1311 1095 esse
1339 1041 1591 1110 putatur?
1615 1040 1708 1095 ille
1733 1038 1999 1110 siquidem

411 1140 647 1207 pessima
669 1135 984 1205 captivitate
1006 1134 1253 1203 captivus
1274 1140 1378 1196 est,
1410 1132 1504 1202 qui
1531 1131 1703 1187 credit
1725 1131 1999 1186 Christum

411 1228 687 1297 captivum
717 1240 859 1292 esse,
903 1226 958 1280 in
989 1223 1142 1294 cujus
1169 1224 1507 1280 vestimentis
1552 1223 1814 1293 scriptum
1852 1221 2002 1276 vide-

410 1319 508 1376 bat
530 1318 821 1388 Apostolus
851 1335 867 1372 :
900 1316 1012 1372 Rea:
1039 1333 1241 1388 regum,
1256 1323 1304 1369 et
1326 1314 1589 1369 Dominus
1615 1313 2001 1369 dominantium

410 1410 469 1481 (Ι
502 1409 638 1464 Tim.
670 1426 743 1474 v1,
776 1409 887 1480 15).
923 1408 1033 1463 Nec
1080 1408 1196 1477 ipse
1229 1407 1400 1462 Adam
1430 1404 1798 1476 protoplastus
1825 1404 1999 1474 capti-

409 1519 511 1558 vus
560 1512 777 1559 creatus
821 1510 924 1566 est,
963 1500 1059 1556 sed
1102 1500 1240 1556 liber
1272 1511 1329 1555 et
1377 1500 1663 1570 ingenuus,
1686 1506 1894 1567 utpote
1932 1496 2003 1552 ad

412 1592 705 1662 imaginem
733 1601 787 1647 et
811 1591 1220 1646 similitudinem
1250 1590 1346 1646 Dei
1393 1607 1406 1644 :
1452 1605 1553 1644 nec
1594 1598 1721 1644 ante
1756 1589 2002 1660 captivus

411 1683 714 1738 credendus
742 1690 824 1738 est
847 1720 861 1747 ,
907 1696 1070 1751 quam
1098 1697 1130 1737 a
1166 1680 1380 1735 diabolo
1411 1681 1668 1748 deceptus
1696 1694 1817 1733 esse
1854 1678 2001 1748 lega-

2100 490 2256 555 dicis,
2284 492 2330 544 ei
2358 501 2406 545 et
2440 490 2561 546 illi?
2598 490 2764 559 Quasi
2791 492 2931 546 alius
2957 492 3029 546 sit
3055 492 3146 561 qui
3173 507 3241 546 ex
3267 490 3380 546 Deo
3407 489 3568 546 Patre
3592 507 3686 560 ge-

2100 580 2244 636 nitus
2270 590 2375 646 est,
2425 591 2479 636 ct
2509 582 2645 636 alius
2670 583 2764 651 qui
2802 598 2869 637 ex
2895 584 3117 652 Virgine
3146 593 3323 639 matre
3369 582 3543 639 factus
3577 594 3681 650 est,

2099 671 2225 729 dum
2263 673 2589 743 evangelista
2618 675 2749 730 dicit
2780 692 2793 727 :
2834 673 3059 730 Verbum
3084 693 3208 730 caro
3235 676 3434 747 factum
3460 686 3557 732 est.
3589 678 3685 734 illa

2098 778 2229 818 vero
2273 765 2437 819 verba
2483 764 2634 821 lsaia:
2680 766 2985 835 prophetae,
3042 782 3163 836 quae
3214 776 3273 821 tu
3325 767 3567 823 aestimas
3617 766 3688 824 de

2099 850 2314 908 Christo
2357 868 2479 908 esse
2524 854 2816 908 vaticinata
2841 895 2858 920 ,
2915 854 2982 910 de
3028 853 3172 926 Cyro
3223 872 3349 927 rege
3394 858 3687 917 Persarum

2098 944 2356 1014 praedicta
2396 954 2542 1009 sunt,
2590 946 2683 1015 qui
2729 946 2983 1016 populum
3015 946 3113 1002 Dei
3149 948 3215 1003 de
3238 948 3562 1020 Babylonica
3594 968 3690 1008 ca-

2098 1036 2347 1105 ptivitate
2396 1037 2449 1091 in
2485 1038 2717 1107 patriam
2762 1038 2987 1103 remisit,
3035 1055 3143 1095 non
3174 1040 3242 1095 de
3267 1039 3506 1107 Christo,
3536 1052 3598 1098 ut
3625 1054 3689 1099 tu

2101 1129 2259 1185 reris.
2309 1127 2464 1195 Quod
2494 1144 2561 1183 ex
2595 1130 3080 1186 circumstantibus
3125 1129 3365 1200 ejusdem
3409 1136 3690 1205 propheta:

2099 1224 2282 1282 verbis
2308 1223 2562 1279 facillime
2604 1223 2827 1294 intelligi
2863 1232 3059 1294 potest,
3092 1225 3183 1280 ubi
3210 1226 3288 1280 ait
3318 1241 3334 1280 :
3363 1227 3582 1282 Accinxi
3610 1238 3688 1296 te,

2100 1322 2149 1368 et
2178 1330 2281 1367 non
2319 1315 2491 1384 888
2526 1314 2809 1386 cognovisti
2837 1331 2918 1368 me
2960 1312 3144 1387 (Isaia:
3172 1330 3296 1382 xcv,
3320 1315 3396 1387 5).
3437 1316 3592 1385 Quod
3619 1319 3693 1375 de

2102 1405 2321 1465 Christo
2367 1408 2570 1477 absque
2615 1407 2779 1463 dubio
2821 1407 2928 1464 dici
2961 1424 3069 1463 non
3104 1417 3304 1479 potest.
3356 1410 3693 1484 Hieronymo

2102 1511 2319 1566 quoque
2365 1504 2500 1553 teste
2542 1498 2762 1567 probari
2804 1499 2970 1565 valet,
3012 1500 3159 1568 quod
3205 1502 3534 1558 omnimodis
3571 1506 3693 1562 haec

2102 1588 2387 1658 prophetia
2427 1589 2497 1644 ad
2543 1588 2819 1645 Christum
2862 1607 2971 1646 non
3013 1593 3270 1661 pertinet.
3319 1593 3463 1649 Dicit
3506 1597 3687 1652 enim:

2111 1700 2132 1733 ι
2166 1681 2292 1738 Scio
2322 1684 2377 1738 in
2406 1684 2510 1739 hoc
2537 1685 2774 1754 capitulo
2808 1700 2914 1740 non
2944 1687 3117 1742 solum
3144 1686 3480 1755 Latinorum,
3515 1690 3607 1746 sed
3635 1700 3694 1748 et

411 1782 519 1831 tur.
549 1773 616 1827 Et
641 1773 909 1843 quomodo
934 1772 1183 1829 Christus
1205 1772 1453 1842 captivus
1481 1772 1584 1826 dici
1624 1778 1831 1841 potest,
1869 1770 1998 1827 dum
2032 1756 2078 1814 Β
2103 1774 2416 1830 Graecon
2458 1776 2721 1847 plurimos
2759 1781 3113 1836 vehementer
3154 1798 3364 1849 errare,
3404 1786 3689 1841 aestiman-

412 1865 501 1921 ille
552 1866 671 1934 ipse
721 1865 775 1919 in
825 1864 1116 1936 Evangelia
1167 1865 1246 1919 ait
1293 1883 1306 1918 :
1368 1864 1519 1919 Venit
1559 1864 1799 1935 princeps
1835 1863 1996 1932 hujus

410 1956 616 2020 mumli,
641 1965 688 2010 et
718 1957 773 2010 in
802 1973 882 2011 me
913 1974 1018 2010 non
1044 1957 1195 2011 habet
1219 1957 1508 2028 quidquam
1531 1956 1716 2028 (Joan.
1748 1954 1995 2026 xxv,50).

410 2048 472 2103 Si
501 2050 556 2104 in
580 2049 799 2105 Christo
818 2049 1111 2119 quidquam
1140 2049 1384 2104 invenire
1404 2063 1512 2103 non
1543 2047 1717 2118 potuit
1742 2046 2001 2117 antiquus

412 2140 604 2206 hostis,
636 2141 780 2210 quod
808 2155 965 2197 suum
994 2149 1161 2205 esset,
1192 2141 1334 2197 unde
1355 2156 1481 2195 eum
1511 2140 1785 2210 captivum
1815 2148 2000 2194 tenere

414 2232 625 2300 potuit?
676 2232 783 2287 Sed
828 2231 919 2288 ille
959 2233 1136 2302 magis
1178 2239 1465 2301 superatus
1510 2241 1564 2289 et
1608 2231 1808 2301 ligatus
1848 2239 1933 2288 est
1968 2247 2000 2288 a

409 2322 649 2389 Christo,
680 2324 773 2393 qui
811 2333 866 2379 et
894 2322 1264 2379 fortitudinem
1296 2338 1473 2388 suam,
1503 2338 1622 2392 quae
1649 2321 1802 2395 [qua]
1825 2323 2001 2392 ipsum

411 2411 640 2477 vicerat,
680 2413 733 2466 in
769 2412 1082 2484 evangelica
1122 2412 1380 2483 parabola
1408 2413 1701 2471 ostendens
1723 2414 1837 2468 ait:
1866 2410 2001 2466 Cum

410 2504 564 2574 fortis
590 2512 827 2557 armatus
857 2503 1083 2557 custodit
1113 2505 1311 2559 atrium
1333 2520 1509 2568 suum,
1551 2504 1606 2557 in
1629 2520 1757 2573 pace
1785 2512 1908 2558 sunt
1939 2520 2001 2557 ca

407 2612 528 2667 qua:
561 2595 809 2665 possidet.
834 2592 894 2649 Si
915 2605 1093 2648 autem
1117 2594 1309 2665 fortior
1338 2592 1432 2648 illo
1475 2595 1838 2663 superveniens
1868 2594 2004 2648 vice-

412 2689 481 2740 rit
507 2702 654 2751 eum,
685 2685 928 2740 universa
970 2684 1083 2754 ejus
1113 2700 1262 2736 arma
1302 2683 1510 2751 aufert,
1545 2684 1599 2737 in
1626 2683 1811 2754 quibus
1838 2683 2004 2752 conﬁ-

412 2779 602 2844 debat,
649 2789 699 2833 et
728 2777 895 2848 spolia
924 2778 1041 2848 ejus
1070 2777 1337 2831 distribuit
1380 2776 1530 2849 (Luc.
1570 2794 1658 2842 xu,
1699 2777 1813 2849 21).
1847 2777 2004 2833 Chri-

409 2877 530 2925 stus
552 2885 681 2925 vero
702 2870 878 2925 victor
897 2886 1019 2925 cum
1044 2869 1212 2940 gloria
1237 2869 1495 2938 triumphi
1518 2870 1685 2927 caelos
1707 2869 2003 2927 ascendens

411 2970 727 3018 sanctorum
749 2962 960 3016 animas
986 2963 1148 3033 longo
1185 2961 1375 3017 exsilio
1403 2962 1664 3032 captivas,
1704 2970 1760 3018 et
1787 2979 1818 3017 a
1844 2979 2004 3033 para-

408 3056 515 3111 disi
543 3056 753 3128 gaudiis
790 3062 1077 3112 extraneas
1106 3071 1200 3111 sua
1232 3054 1546 3112 fortitudine
1588 3055 1901 3126 captivavit,
1945 3063 2000 3111 et

407 3151 468 3203 in
498 3147 736 3215 celestis
764 3148 916 3219 regni
942 3147 1134 3218 gaudia
1164 3162 1349 3205 secum
1370 3147 1609 3203 advexit.

479 3238 567 3296 lll.
604 3240 788 3295 Alium
807 3255 1025 3310 quoque
1045 3238 1437 3310 Psalmigraphi
1462 3240 1790 3310 proposuisti
1821 3240 1997 3295 versi—

407 3330 615 3397 culum,
638 3346 801 3401 quem
826 3329 1133 3399 hujusmodi
1161 3332 1509 3402 perstruxisti
1536 3333 1737 3397 verbis,
1774 3334 1993 3389 dicens:

410 3420 492 3474 Ad
520 3418 938 3491 ipsumsiuquis,
962 3420 1059 3475 Dei
1078 3420 1279 3476 Filium
1300 3439 1399 3477 νο.»
1421 3420 1602 3477 Patris
1623 3423 1753 3478 dicit
1768 3443 1789 3481 :
1816 3425 1942 3480 Pete
1965 3444 1998 3480 a

410 3527 512 3577 me,
536 3520 585 3566 et
607 3511 742 3565 dabo
763 3510 855 3566 tibi
877 3521 1054 3581 gentes
1075 3513 1434 3569 hereditatem
1455 3522 1624 3580 tuam,
1647 3523 1695 3570 et
1715 3517 1999 3586 possessio-

411 3619 530 3661 nem
553 3610 701 3656 tuam
733 3603 980 3658 terminos
1019 3613 1174 3663 term
1198 3603 1371 3676 (Psal.
1396 3621 1460 3670 ιι,
1481 3606 1571 3677 8):
1606 3614 1665 3662 et
1686 3614 1806 3678 post
1825 3621 1997 3679 pauca

414 3692 735 3767 subjungis:
766 3713 784 3747 ι
816 3694 934 3752 Νοιι
975 3703 1063 3752 est
1097 3696 1242 3755 idem
1278 3704 1479 3766 petere,
1525 3706 1582 3753 et
1617 3698 1748 3754 dare
1773 3716 1787 3753 :
1812 3710 1999 3770 petere

410 3795 499 3843 est
540 3787 705 3853 servi,
752 3787 885 3844 dare
931 3787 1155 3845 domini.
1191 3808 1210 3843 ι
1265 3789 1455 3846 Nonne
1498 3790 1700 3846 oblitus
1726 3807 1787 3848 es
1813 3792 1869 3848 in
1895 3794 1998 3849 hoc

406 3877 534 3934 loco
575 3878 884 3949 adoptionis
924 3895 1143 3946 nomen,
1188 3881 1321 3937 dum
1357 3882 1519 3952 plane
1567 3897 1692 3938 eum
1720 3885 1998 3942 conﬁteris

410 3969 511 4027 Dei
538 3970 758 4038 Filium,
790 3973 857 4029 ad
899 3988 1061 4044 quem
1106 3975 1227 4031 haec
1262 3991 1366 4030 vox
1413 3985 1638 4047 paterna
1688 3978 1830 4034 facta
1876 3989 1991 4035 est:

414 4060 543 4121 Pete
567 4074 618 4120 et
642 4065 779 4121 dabo
806 4066 899 4120 tibi
919 4076 1093 4138 gentes
1111 4067 1136 4121 .’
1157 4068 1347 4138 utique
1370 4073 1666 4127 secundum
1695 4080 1839 4127 tuam
1874 4089 1999 4129 sen-

412 4157 655 4221 tentiam,
683 4158 776 4227 qui
806 4160 962 4228 petit,
992 4160 1106 4230 ipse
1135 4170 1220 4217 est
1244 4161 1338 4219 Dei
1372 4163 1559 4219 Filius.
1594 4163 1693 4220 llic
1722 4167 1911 4222 nolens
1940 4168 1995 4221 in

413 4247 557 4302 viam
582 4248 829 4304 veritatis
864 4252 1179 4317 pervenisti,
1215 4253 1280 4307 de
1307 4268 1410 4323 qua
1449 4257 1629 4310 statim
1660 4259 1997 4316 errabundus

413 4336 701 4401 divertisti,
745 4345 802 4391 et
829 4338 1105 4395 salebroso
1141 4343 1359 4397 tramite
1388 4359 1508 4399 mox
1560 4346 1614 4400 in
1660 4348 1739 4402 tui
1793 4350 1997 4405 erroris

409 4431 622 4486 foveam
668 4430 866 4485 iterum
901 4432 1176 4497 corruisti,
1215 4437 1605 4506 arreptitioque
1638 4440 1829 4509 spiritu
1861 4441 1996 4497 duas

408 4522 564 4579 issue
609 4522 886 4592 prophetae
927 4522 1223 4578 sententias
1266 4523 1335 4578 de
1382 4524 1602 4582 Christo
1651 4528 1995 4599 interpretari

410 4615 649 4684 cmpisti,
693 4630 831 4686 quas
878 4616 1131 4672 catholici
1182 4625 1505 4674 tractatores
1556 4622 1775 4678 omnino
1817 4626 1883 4679 de
1929 4641 1995 4682 eo

414 4708 735 4764 vaticinatas
765 4724 888 4765 esse
933 4718 1197 4777 renuunt,
1226 4713 1422 4782 quibus
1467 4712 1597 4768 talia
1626 4715 1792 4771 verba
1835 4724 1992 4773 ante-

411 4800 679 4870 posuisti:
716 4819 735 4852 ι
772 4800 849 4857 De
883 4802 1020 4871 ipso,
1054 4803 1253 4874 inquis,
1298 4820 1401 4861 vox
1426 4803 1604 4860 Patris
1649 4807 1782 4863 dicit
1815 4826 1829 4864 :
1861 4808 1994 4865 Ecce

411 4906 506 4963 ego
536 4901 656 4947 ante
686 4901 736 4947 te
760 4892 865 4958 ibo,
897 4904 945 4949 et
973 4894 1227 4965 gloriosos
1263 4908 1418 4953 terra:
1455 4898 1761 4956 humiliabo.
1803 4903 1872 4958 Et
1895 4903 1996 4960 ite-

414 4998 534 5038 rum
559 5001 571 5038 :
599 4982 737 5037 Ecce
772 4999 865 5055 ego
903 4994 1022 5039 ante
1052 4995 1104 5040 te
1139 4988 1437 5054 ambulabo,
1480 4998 1529 5045 et
1568 5002 1768 5048 montes
1809 4994 1993 5065 planos

415 5073 630 5141 feciarn,
653 5083 703 5129 et
734 5089 879 5129 seras
910 5075 1109 5146 ferreas
1133 5079 1487 5151 confringant,
1514 5091 1561 5137 et
1591 5082 1728 5139 dabo
1755 5086 1848 5140 tibi
1879 5088 1994 5142 the-

413 5182 600 5222 sauros
623 5166 853 5223 occultos
869 5208 885 5234 ,
918 5176 976 5221 ut
995 5168 1132 5224 scias
1152 5172 1400 5241 quoniam
1421 5172 1681 5230 Dominus
1701 5175 1845 5231 Deus
1874 5187 1995 5233 tuus

414 5274 509 5329 ego
531 5277 651 5316 sum
679 5280 703 5315 ι
752 5260 938 5332 (Isaia
969 5276 1092 5327 xcv,
1118 5261 1175 5328 2,
1199 5260 1278 5334 3).
1329 5262 1620 5337 Subiungis
1665 5282 1881 5340 quoque
1911 5269 1997 5325 his

412 5349 597 5404 verbis
642 5358 790 5406 tuam
836 5352 1337 5423 interpretationem
1374 5371 1386 5407 :
1420 5372 1441 5405 ι
1477 5355 1641 5423 Ecce,
1676 5357 1874 5430 inquis,
1902 5360 1993 5416 cui

411 5436 549 5496 dicit
589 5439 960 5499 Patersz
1010 5453 1134 5500 tuus
1187 5458 1283 5516 ego
1334 5446 1496 5501 sum?
1539 5447 1657 5504 Non
1705 5449 1777 5514 ei,
1809 5448 1991 5517 idest,

412 5530 617 5599 Verbo,
643 5534 735 5605 qui
773 5543 900 5592 ante
934 5536 1134 5593 secula
1171 5551 1240 5594 ex
1269 5537 1432 5595 Patre
1472 5540 1719 5611 genitus;
1760 5542 1856 5599 sed
1893 5541 1991 5609 illi,

413 5625 506 5697 qui
536 5625 592 5681 in
622 5625 780 5682 tinem
809 5630 1073 5699 temporis
1098 5629 1168 5689 de
1196 5630 1367 5690 Naris
1388 5631 1600 5704 virgine
1627 5634 1794 5691 homo
1818 5633 1993 5693 factus

412 5723 518 5783 est,
566 5717 717 5773 dicit.
763 5738 781 5772 ι
854 5718 1131 5786 Quomodo
1187 5722 1240 5778 in
1284 5723 1433 5780 hisce
1479 5724 1591 5781 tuis
1637 5725 1817 5784 verbis
1857 5725 1992 5783 duas

2025 3107 2072 3170 C

2100 1867 2237 1921 tium
2279 1867 2545 1937 scriptum
2591 1884 2713 1924 esse
2756 1870 2820 1925 de
2849 1870 3077 1928 Domino
3105 1871 3341 1940 Christo,
3371 1876 3494 1931 dum
3524 1888 3693 1955 ευριῷ

2100 1956 2390 2012 Dominum
2419 1968 2600 2025 sonat,
2631 1976 2736 2013 non
2767 1961 2832 2015 de
2861 1961 3023 2033 Cyro.
3064 1983 3083 2015 ι
3126 1964 3305 2034 Atque
3343 1965 3537 2022 iterum
3567 1980 3693 2039 post

2098 2062 2270 2116 pauca
2296 2065 2309 2099 :
2345 2067 2365 2100 ι
2400 2048 2618 2104 Accinxi
2655 2061 2724 2116 te,
2753 2060 2802 2105 et
2829 2068 2933 2106 non
2963 2055 3248 2123 cognovisti
3273 2073 3372 2110 me.
3407 2057 3483 2111 Tu
3513 2070 3693 2113 autem

2101 2155 2206 2193 non
2250 2142 2533 2210 cognouisti
2566 2158 2666 2206 me,
2719 2143 2773 2197 id
2799 2151 2905 2207 est,
2955 2143 3248 2201 simulacra
3299 2147 3531 2215 coluisti,
3581 2166 3692 2206 non

2102 2228 2293 2283 Deum.
2340 2231 2563 2285 Accinxi
2598 2241 2647 2286 te
2675 2231 3004 2302 fortitudine,
3037 2236 3091 2290 id
3114 2245 3214 2304 est,
3245 2240 3533 2295 multarum
3561 2257 3696 2314 gen-

2104 2318 2237 2372 tium
2265 2319 2371 2375 feci
2415 2328 2468 2375 te
2496 2337 2620 2377 esse
2647 2324 2933 2388 victorem,
2962 2333 3018 2381 et
3048 2343 3157 2383 non
3186 2333 3486 2401 cognovisti
3535 2335 3697 2389 auxi-

2101 2417 2349 2472 liatorem
2394 2426 2563 2474 tuum.
2616 2421 2671 2475 In
2717 2437 2825 2491 quo
2871 2422 2992 2479 loco
3037 2426 3170 2481 satis
3211 2427 3398 2482 mirari
3453 2445 3693 2500 nequeo,

2102 2523 2223 2577 quae
2265 2509 2495 2568 stultitia
2542 2512 2614 2567 sit
2669 2512 2980 2584 legentium,
3031 2526 3090 2572 ut
3137 2517 3251 2575 haec
3301 2520 3368 2574 ad
3411 2519 3695 2583 Christum

2102 2597 2362 2666 referant,
2390 2617 2491 2672 per
2527 2619 2689 2673 quem
2722 2607 2955 2664 mundus
2982 2610 3361 2668 reconciliatus
3387 2622 3470 2669 est
3496 2615 3630 2671 Deo.
3668 2637 3688 2671 ι

2104 2690 2163 2744 Si
2187 2691 2505 2748 doctissimo
2540 2693 2854 2757 Graecarum
2885 2698 3311 2772 Latinarumque
3361 2703 3694 2772 litterarum,

2103 2778 2214 2834 imo
2250 2790 2307 2835 et
2335 2780 2727 2840 Hebraicarum
2772 2789 3036 2859 magistro
3065 2789 3394 2865 Hieronymo
3443 2797 3693 2854 miranda

2102 2869 2333 2925 stultitia
2376 2871 2695 2942 videbatur,
2749 2877 2864 2932 haec
2918 2879 2984 2934 de
3028 2879 3248 2936 Christo
3306 2884 3694 2955 interpretari,

2102 2963 2373 3029 quomodo
2435 2973 2492 3019 tu
2545 2966 2661 3036 ipse
2721 2968 2869 3023 tuam
2916 2987 3023 3026 non
3070 2973 3324 3046 intelligis
3384 2978 3692 3044 stultitiam,

2092 3052 2195 3119 ‘qui
2243 3053 2313 3108 ab
2362 3053 2506 3110 illius
2560 3057 2827 3115 catholico
2878 3075 3040 3118 sensu
3090 3063 3320 3121 multum
3377 3067 3696 3140 discrepare

2100 3144 2352 3211 probaris
2371 3146 2394 3200 ’Ξ

2170 3254 2258 3310 lV.
2297 3256 2474 3313 Aliam
2512 3274 2728 3330 quoque
2766 3260 3005 3332 ejusdem
3044 3267 3321 3337 prophetae
3358 3269 3688 3329 subsecutus

2101 3346 2331 3415 posuisti
2355 3351 2701 3417 sententiam,
2726 3368 2889 3423 quam
2911 3369 2979 3410 ex
3008 3365 3099 3411 tuo
3120 3359 3475 3427 praescribens
3502 3376 3695 3429 sensu,

2099 3435 2332 3490 dixisti:
2370 3456 2389 3489 ι
2424 3438 2543 3509 ipse
2586 3456 2802 3513 quoque
2845 3440 2988 3501 Deus
3032 3446 3129 3503 Dei
3173 3448 3344 3506 Filius
3391 3454 3694 3512 secundum

2100 3527 2455 3596 divinitatem,
2493 3532 2547 3586 in
2573 3549 2678 3603 qua
2708 3534 2822 3604 ipse
2850 3546 2904 3592 et
2933 3537 3097 3595 Pater
3138 3557 3303 3596 unum
3347 3552 3494 3611 sunt,
3518 3545 3691 3601 dicit:

2099 3617 2338 3674 Gloriam
2391 3638 2560 3678 meam
2612 3626 2765 3682 alteri
2819 3647 2923 3685 non
2971 3632 3108 3688 dabo
3148 3655 3166 3687 ι
3227 3636 3384 3709 (Isai.
3441 3655 3575 3704 xm,
3606 3640 3693 3714 8).

2098 3710 2343 3768 Alterum
2371 3714 2581 3784 volens,
2632 3727 2692 3774 ut
2738 3722 2914 3788 video,
2948 3725 3196 3797 intelligi,
3242 3731 3335 3801 qui
3365 3732 3480 3791 hrcc
3522 3710 3690 3802 dicit;

2099 3810 2154 3857 et
2190 3804 2443 3870 alterum,
2486 3807 2556 3863 de
2589 3825 2697 3880 quo
2741 3811 2857 3869 haec
2900 3815 3043 3871 dicta
3076 3827 3201 3875 sunt
3229 3838 3241 3873 :
3269 3820 3323 3876 id
3354 3831 3460 3887 est,
3492 3824 3558 3879 de
3588 3825 3697 3881 hu-

2098 3895 2362 3952 manitate
2389 3898 2612 3955 Christi.
2663 3901 3017 3974 Nequaquam
3046 3908 3186 3965 hanc
3232 3915 3557 3969 sententiam
3586 3931 3695 3986 po-

2098 4002 2291 4051 nercs,
2325 3989 2429 4044 nisi
2469 4006 2589 4045 eam
2632 3993 2708 4047 ita
2739 3995 2835 4051 tibi
2876 3997 3172 4067 placuisset
3217 4002 3462 4076 intelligi.
3498 4007 3692 4075 Erras,

2098 4074 2267 4132 frater
2290 4078 2566 4148 Elipande,
2599 4098 2771 4149 erras,
2806 4095 2860 4141 et
2906 4089 3046 4145 male
3092 4108 3242 4147 erras
3273 4095 3326 4148 in
3373 4074 3534 4164 hujus
3564 4074 3697 4154 seu;

2099 4170 2281 4224 tentia:
2316 4170 2786 4242 interpretatione,
2837 4179 2892 4233 in
2938 4195 3045 4251 qua
3091 4183 3255 4239 etiam
3302 4194 3358 4240 et
3380 4185 3543 4244 Arius
3587 4189 3694 4245 ali-

2096 4261 2314 4327 quando
2357 4265 2581 4331 erravit,
2629 4267 2934 4340 intelligens
2976 4272 3110 4328 duas
3148 4290 3267 4330 esse
3312 4292 3595 4346 personas,
3632 4281 3691 4337 id

2098 4356 2204 4413 cst,
2233 4348 2370 4418 ejus,
2403 4354 2495 4422 qui
2528 4355 2645 4409 haec
2689 4357 2854 4412 verba
2902 4358 3059 4427 dixit,
3102 4372 3160 4419 et
3205 4364 3368 4432 illius,
3417 4369 3485 4424 ad
3522 4386 3690 4440 quem

2100 4439 2244 4494 dicta
2270 4452 2424 4508 sunt;
2465 4446 2622 4515 quasi
2649 4446 2790 4502 Deus
2819 4449 2979 4506 Pater
3009 4454 3073 4508 de
3099 4454 3238 4511 Filio
3269 4459 3495 4515 dixisset
3520 4439 3693 4518 {Clo-

2104 4533 2241 4587 rlam
2286 4552 2456 4590 meam
2498 4537 2655 4593 alteri
2695 4557 2800 4595 non
2840 4543 2976 4599 dabo
3006 4559 3025 4597 :
3058 4548 3224 4603 voluit
3272 4565 3340 4606 ex
3385 4568 3450 4609 eo
3493 4556 3689 4625 verbo,

2102 4625 2246 4719 quod
2271 4625 2425 4691 dixit,
2458 4628 2628 4694 alteri,
2665 4631 2833 4689 lilium
2872 4637 3136 4693 minorem
3171 4639 3332 4697 Patre
3362 4644 3687 4719 intelligere.

2101 4715 2183 4770 Tu
2224 4731 2356 4771 vero
2403 4719 2531 4773 dum
2583 4721 2742 4791 hujus
2803 4724 3014 4783 foveam
3062 4726 3357 4800 impietatis
3411 4715 3691 4795 transilire

2100 4811 2444 4877 contendisti,
2475 4814 2529 4867 in
2557 4819 2870 4889 voraginem
2898 4818 3131 4878 Nestorii
3159 4824 3375 4883 incauto
3400 4829 3534 4900 pede
3561 4846 3691 4888 cor-

2102 4902 2283 4968 ruisti,
2314 4911 2513 4974 putans
2535 4905 2733 4963 Filium
2763 4910 2858 4967 Dei
2897 4913 3014 4970 haec
3055 4916 3222 4971 verba
3270 4933 3337 4975 ex
3383 4921 3688 4982 divinitatis

2102 4994 2400 5050 substantia
2447 4999 2742 5065 praedicere
2786 5001 2853 5058 de
2876 5003 3229 5064 humanitatis
3271 5020 3485 5080 natura,
3518 5031 3688 5087 quam

2102 5087 2339 5156 suscepit
2367 5103 2434 5142 ex
2462 5088 2616 5143 beata
2642 5091 2882 5162 Virgine.
2928 5094 3035 5151 Sed
3076 5107 3295 5157 sanctus
3321 5102 3688 5177 Hieronymus

2101 5177 2469 5235 nobilissimus
2530 5182 2584 5236 in
2638 5183 2879 5241 Ecclesia
2933 5186 3132 5248 Christi
3182 5193 3402 5263 doctor,
3464 5201 3687 5272 utrique

2100 5278 2342 5325 vestrum
2393 5273 2660 5331 catholica
2704 5277 3150 5353 interpretatione
3193 5284 3354 5359 hujus
3397 5294 3688 5351 sententiae

2098 5363 2447 5421 vehementer
2489 5361 2714 5427 resiStit.
2760 5368 2854 5427 Sic
2891 5374 3036 5430 enim
3073 5376 3129 5433 in
3169 5385 3403 5437 tractatu
3437 5382 3687 5453 ejusdem

2096 5454 2391 5525 prophetat,
2416 5472 2517 5527 per
2542 5475 2702 5530 quem
2740 5460 2857 5520 haec
2877 5467 3042 5523 verba
3085 5472 3286 5529 nostris
3319 5473 3688 5538 insonucrunt

2098 5545 2344 5641 auribus,
2391 5549 2736 5623 intelligenda
2783 5556 3074 5616 aestimavit
3118 5579 3134 5617 :
3180 5580 3201 5614 ι
3238 5564 3355 5638 Ego
3395 5568 3684 5641 Dominus,

2099 5636 2292 5709 inquit,
2335 5641 2435 5696 hoc
2453 5652 2536 5699 est
2577 5661 2769 5702 nomen
2805 5666 2997 5716 meum,
3044 5636 3487 5725 gloriam‘meam
3526 5636 3691 5724 alteri

2097 5742 2201 5784 non
2225 5728 2381 5787 dabo.
2433 5730 2551 5790 Non
2586 5735 2840 5805 excludit,
2874 5739 3071 5813 inquit,
3097 5744 3316 5818 Filium,
3350 5753 3437 5809 cui
3477 5755 3686 5819 dicenti
