3964 6186
302 238 403 294 23!

964 227 1384 287 DOGMATICA.
1420 257 1492 268 -—
1529 227 1689 282 ADV.
1732 223 2131 280 ELIPANDUM
2169 223 2344 280 LIBRI
2376 224 2464 281 IV.
2506 256 2576 269 τ-
2618 224 2748 280 LIB.
2779 227 2842 281 ll.

3463 232 3575 291 262

302 352 357 410 in
386 345 720 416 Evangelia:
753 343 935 408 Pater.
961 340 1202 411 gloriﬁca
1236 355 1316 393 me
1342 337 1533 409 gloria.
1555 353 1715 408 quam
1743 335 1887 407 apud
1915 338 1965 395 Α
1993 345 2109 391 ctor
2151 337 2241 391 ille
2281 338 2544 395 mirabilis
2587 346 2960 399 tantummodo
2998 343 3180 400 dicere
3229 342 3570 418 intelligitur,

300 455 353 499 te
387 442 576 504 habui,
614 440 923 506 priusquam
957 435 1184 490 mundus
1221 441 1387 497 esset,
1433 431 1549 500 ipse
1586 428 1890 498 respondit:

299 534 372 591 Et
406 531 699 603 gloriﬁcari
725 525 1124 598 etgloriﬁcabo.
1175 524 1362 593 Neque
1406 522 1554 577 enim
1599 521 1754 583 dixit,
1783 518 1895 591 glo-

298 625 445 681 riam
484 634 659 683 meam
686 618 815 675 nulli
842 617 1009 681 dabo;
1034 614 1191 686 quod
1229 615 1276 670 si
1304 613 1550 676 dixisset,
1577 611 1896 667 exclusisset

300 715 539 779 Filium;
578 711 696 776 sed,
730 708 954 780 gloriam
983 723 1153 760 aleam
1182 704 1335 759 alteri
1363 720 1467 759 non
1496 702 1651 767 dabo,
1673 708 1896 771 propter

303 816 381 871 te,
432 805 525 863 cui
566 802 710 866 dedi,
760 800 845 857 cui
884 798 1110 853 daturus
1159 812 1298 850 sum.
1337 813 1356 847 ι
1409 793 1503 848 His
1544 807 1674 847 vero
1717 790 1897 846 verbis

299 897 496 955 Ariani
531 909 723 952 sensus
752 892 1085 960 impietatem
1114 886 1421 951 damnavit;
1453 894 1509 940 et
1542 885 1596 938 in
1624 881 1897 953 sequenti-

302 991 410 1047 bus
435 1003 567 1045 mox
587 984 919 1041 validissimo
940 979 1133 1035 malleo
1156 977 1321 1033 vestri
1348 975 1554 1032 erroris
1578 980 1743 1043 caput
1769 986 1899 1027 con-

304 1080 480 1135 trivit.
520 1095 538 1127 t
578 1076 649 1130 Ut
675 1084 882 1135 autem,
927 1071 1123 1140 inquit,
1169 1070 1425 1131 sciamus,
1470 1082 1567 1136 per
1596 1067 1737 1121 hanc
1776 1078 1899 1118 sen-

303 1169 540 1225 tentiam
591 1181 699 1223 non
747 1163 960 1219 excludi
1002 1162 1205 1224 lilium,
1258 1160 1355 1214 sed
1396 1158 1570 1221 idola,
1617 1155 1897 1224 sequentia

302 1259 475 1317 verba
507 1263 806 1320 testantur;
858 1262 905 1306 et
948 1251 1159 1305 laudem
1188 1266 1357 1303 meam
1395 1246 1723 1318 sculptilibus
1752 1263 1771 1298 :
1801 1261 1898 1314 pro

300 1364 418 1419 quo
440 1346 587 1402 LXX
614 1365 626 1400 :
660 1344 770 1399 Nec
812 1344 1023 1397 virtutes
1050 1357 1193 1395 meas
1219 1338 1536 1394 simulacris.
1593 1337 1726 1392 Cum
1753 1336 1897 1392 enim

302 1440 561 1497 Christus
588 1437 684 1491 Dei
709 1436 883 1490 virtus
922 1434 1012 1497 sit,
1040 1432 1243 1501 Deique
1287 1430 1573 1499 sapientia,
1615 1443 1805 1483 omnes
1844 1427 1898 1482 in

301 1548 367 1590 se
395 1533 628 1586 virtutes
671 1527 914 1584 continet
946 1524 1143 1579 Patris.
1182 1542 1201 1575 ι
1246 1521 1508 1579 Erubesce
1541 1520 1731 1584 Sidon,
1762 1518 1897 1574 dixit

306 1641 459 1680 mare
488 1622 647 1694 (Isai.
686 1635 849 1686 nul,
872 1617 951 1689 4).
982 1615 1277 1681 Erubesce,
1309 1614 1479 1669 frater
1505 1612 1783 1684 Elipande,
1818 1612 1899 1668 di-

303 1678 441 1775 ait
479 1678 577 1771 lilii
605 1678 891 1771 catholica:
912 1678 1277 1766 eruditionis.
1324 1706 1433 1761 Aut
1458 1678 1650 1761 melius
1678 1712 1897 1760 sancta-
1929 1678 1974 1739 Β

307 1823 433 1863 rum
460 1806 869 1876 Scripturarum
893 1799 1189 1856 sententias
1214 1810 1454 1867 expone;
1504 1803 1597 1851 aut
1633 1809 1774 1865 pone
1816 1794 1898 1849 di-

302 1886 680 1970 gitum‘super
714 1909 779 1949 os
815 1899 1009 1947 tuum:
1039 1890 1165 1960 quia
1200 1888 1398 1945 stultus
1438 1888 1486 1942 si
1525 1887 1775 1951 tacuerit,
1812 1900 1900 1940 sa-

308 1996 468 2062 piens
488 1987 751 2045 aestimari
770 1985 991 2056 poterit.
1023 1982 1143 2040 Noli
1167 1983 1234 2039 ad
1260 1980 1631 2038 confusionem
1662 1979 1899 2036 nominis

310 2080 390 2137 tui
423 2080 581 2135 foras
608 2077 895 2133 terminum
921 2074 1196 2145 Hispania
1240 2072 1453 2131 litteras
1499 2071 1733 2141 dirigere
1778 2082 1899 2126 tuas

308 2175 368 2231 in
416 2187 584 2229 aures
626 2168 991 2226 Ecclesiarum
1035 2165 1268 2231 Christi,
1324 2164 1431 2219 nisi
1489 2163 1630 2218 forte
1679 2161 1896 2227 Felicis,

310 2270 592 2340 (intendam
617 2265 804 2330 vestri,
825 2280 967 2319 nunc
990 2269 1174 2317 autem
1202 2258 1374 2316 nostri
1387 2258 1634 2327 exemplo
1655 2258 1897 2321 edoctus,

311 2360 695 2432 penitentiam
718 2357 931 2428 pristini
956 2355 1159 2411 erroris
1179 2369 1369 2425 agens,
1400 2352 1681 2408 catholicis
1705 2350 1901 2404 litteris

311 2453 553 2524 syllabas
583 2450 919 2507 inﬁdelitatis
940 2456 1137 2505 vestrm
1162 2448 1343 2502 delere
1366 2446 1523 2510 velis,
1548 2452 1609 2499 ut
1635 2452 1688 2500 te
1713 2451 1899 2498 sancta

310 2543 410 2599 Dei
436 2541 684 2598 Ecclesia
728 2547 987 2594 materna:
1011 2538 1234 2609 pietatis
1267 2537 1473 2607 gremio
1499 2535 1778 2604 suscipiat,
1805 2534 1902 2588 ha-

311 2634 554 2701 beatque
576 2630 751 2685 lilium
775 2628 1159 2684 charissimam
1196 2626 1250 2680 in
1277 2624 1570 2681 concordia
1594 2624 1900 2686 charitatis,

312 2739 478 2794 quem
506 2722 700 2777 habuit
726 2721 936 2776 hostem
965 2718 1369 2773 atrocissimum
1418 2717 1474 2770 in
1503 2716 1755 2786 dogmate
1778 2729 1903 2785 per-

312 2813 616 2870 versitatis.
661 2810 857 2865 Dixisti
887 2826 899 2860 :
927 2807 1213 2862 Proximus
1254 2805 1344 2861 ille
1382 2806 1488 2860 Deo
1530 2815 1626 2870 est,
1670 2807 1759 2876 qui
1806 2806 1904 2859 scit

313 2905 524 2958 ratione
548 2912 742 2967 tacere,
767 2901 997 2969 teipsum
1024 2914 1095 2954 ex
1117 2899 1221 2954 bac
1246 2898 1516 2954 sententia
1558 2904 1650 2951 tua
1677 2897 1898 2967 castiga,

311 3005 377 3050 ut
402 3003 592 3050 taceas
633 3009 648 3048 :
686 2992 945 3062 quoniam
1000 2991 1194 3046 melius
1221 2997 1305 3045 est
1348 2997 1526 3045 tacere
1556 3003 1717 3057 quam
1742 2989 1903 3042 noxia

310 3085 488 3156 loqui,
516 3087 644 3155 quia
670 3084 963 3140 multorum
990 3097 1116 3139 reus
1145 3091 1230 3137 est
1254 3080 1555 3152 sanguinis,
1583 3079 1676 3149 qui
1702 3079 1903 3135 multos

314 3196 345 3234 ι
368 3181 461 3236 via
482 3180 735 3236 veritatis
762 3180 978 3235 avertit.

388 3272 456 3325 Υ.
494 3271 664 3343 Igitur
692 3286 805 3325 non
836 3269 1010 3325 solum
1041 3274 1242 3324 sanctae
1268 3265 1562 3337 Scriptum
1596 3264 1905 3321 inviolabile

306 3371 725 3421 sacramentum
742 3377 911 3432 prava
934 3359 1376 3429 interpretatione
1393 3357 1664 3415 maculare
1688 3357 1899 3421 niteris,

314 3472 509 3515 verum
563 3456 733 3513 etiam
788 3462 1099 3510 sanctorum
1147 3453 1371 3507 Patrum
1422 3450 1608 3505 multis
1664 3450 1717 3505 in
1771 3449 1906 3505 locis

313 3547 491 3619 889
513 3546 815 3605 catholicos
840 3560 1033 3601 sensus
1059 3545 1378 3613 depravatos
1405 3542 1558 3616 [ϐοά.
1584 3542 1786 3608 Paris.,
1813 3542 1906 3597 de-

314 3654 668 3711 pravam"...
692 3636 1004 3708 sull'ragium
1049 3635 1329 3708 conaris],
1373 3643 1430 3690 et
1467 3635 1535 3689 ad
1587 3634 1665 3688 tui
1700 3634 1906 3689 erroris

317 3732 541 3789 trahere
572 3729 919 3801 suﬂragium;
975 3729 1028 3783 in
1060 3736 1373 3796 tantamque
1424 3726 1739 3797 ignorantia)
1770 3724 1904 3779 cali-

316 3824 502 3894 ginem
551 3821 893 3878 errabundus
921 3818 1245 3883 devolveris,
1274 3824 1333 3873 ut
1380 3831 1444 3872 ea
1485 3832 1607 3886 quae
1652 3815 1760 3870 tuis
1788 3815 1908 3870 sine

315 3918 488 3974 dubio
530 3918 780 3972 sensibus
819 3914 1093 3970 contraria
1133 3920 1277 3976 sunt,
1321 3912 1429 3967 tuis
1468 3911 1631 3966 etiam
1658 3910 1906 3980 partibus

318 4007 583 4075 adjuvare
608 4005 902 4061 aestimatis
928 4023 942 4058 :
968 4013 1132 4074 atque
1160 4018 1484 4073 quocunque
1518 4001 1572 4057 in
1602 4002 1723 4057 loco
1761 4016 1906 4057 caeca

320 4098 524 4154 mentis
551 4096 859 4168 ignorantia
887 4094 1193 4165 adoptionis
1216 4108 1411 4147 nomen
1445 4093 1687 4147 invenire
1712 4091 1904 4162 potuit,

320 4192 393 4245 ad
422 4189 700 4246 Christum
739 4200 1009 4257 pel-verem
1051 4184 1516 4255 interpretationis
1563 4184 1773 4239 calamo
1821 4199 1909 4238 re-

320 4280 469 4336 ferre
516 4280 755 4345 conaris,
783 4278 949 4333 veluti
997 4278 1054 4334 in
1089 4276 1299 4332 duobus
1342 4283 1651 4330 sanctorum
1684 4275 1907 4331 Patrum

1995 443 2096 482 nec
2124 428 2327 496 aliquid
2358 430 2431 485 ibi
2459 432 2524 486 de
2555 432 2961 502 incomparabili
2996 444 3050 490 et
3076 433 3331 491 ineﬁabili
3378 437 3574 493 huma-

1995 519 2181 574 nitatis
2205 518 2407 575 Christi
2441 523 2721 578 nativitate
2751 524 3031 594 proferens
3062 544 3074 579 :
3104 525 3198 582 sed
3222 535 3282 581 ut
3314 526 3429 582 Arii
3470 528 3573 582 im-

1995 611 2143 679 piam
2188 612 2489 671 destrueret
2530 614 2832 670 doctrinam
2858 657 2872 680 ,
2919 618 3034 673 haec
3080 618 3197 674 loco
3250 621 3578 691 competenti

1995 718 2216 757 suarum
2261 705 2402 759 serie
2430 704 2736 763 litterarum
2773 707 3002 765 inseruit
3036 711 3223 765 verba.
3266 710 3419 779 Quod
3448 728 3579 768 vero

1996 794 2063 848 de
2110 795 2344 863 quadam
2394 796 2613 852 homilia
2647 799 2817 853 sancti
2863 799 3147 871 Augustini
3197 803 3434 859 doctoris
3482 819 3581 874 per

1996 887 2177 938 omnia
2227 887 2479 943 catholici
2525 897 2580 943 et
2615 891 2913 947 acutissimi
2963 907 3173 960 sensus,
3224 901 3278 948 et
3324 895 3579 949 acerrimi

1997 984 2187 1031 contra
2234 978 2520 1034 haereticus
2560 983 2854 1050 pravitates
2887 984 3166 1039 bellatoris
3199 986 3448 1056 posuisti,
3498 986 3581 1041 di-

1997 1083 2161 1124 cens:
2189 1088 2207 1119 t
2237 1069 2542 1125 Secundum
2569 1073 2959 1128 humanitatem
2981 1075 3131 1140 dicit,
3160 1076 3320 1131 homo
3349 1077 3575 1145 adopta-

1999 1171 2106 1228 tus,
2136 1161 2289 1231 cujus
2334 1164 2559 1234 gloriam
2599 1167 2870 1235 quiesivit,
2899 1169 2989 1237 qui
3024 1175 3107 1223 est
3153 1168 3222 1222 ab
3260 1168 3350 1224 illo
3386 1169 3578 1224 unicus

1997 1262 2178 1308 natus.
2216 1275 2233 1307 ι
2270 1255 2400 1321 Qum
2423 1257 2586 1311 verba
2611 1257 2676 1310 de
2705 1259 2912 1312 duabus
2933 1257 3137 1313 Christi
3164 1261 3395 1325 naturis,
3423 1262 3580 1331 quasi

1997 1344 2087 1401 ille
2114 1346 2185 1400 sit
2207 1346 2510 1415 adoptatus,
2536 1354 2592 1400 et
2615 1346 2804 1402 unicus
2830 1355 3007 1412 natus,
3037 1364 3159 1402 eum
3186 1349 3387 1404 dixisse
3411 1349 3578 1420 impia

1997 1433 2440 1504 interpretatione
2462 1436 2778 1492 arbitraris:
2802 1437 2945 1505 quod
2975 1438 3196 1493 omnino
3225 1437 3424 1493 falsum
3450 1452 3576 1494 esse

1997 1539 2064 1579 ex
2092 1527 2526 1582 antecedentium
2555 1526 2796 1596 ejusdem
2834 1527 2939 1582 loci
2974 1528 3250 1583 intellectu
3285 1530 3577 1585 verborum

1998 1617 2216 1686 probari
2246 1625 2446 1686 potest.
2477 1617 2625 1672 Inter
2645 1617 2815 1672 multa
2841 1633 2968 1672 vero
2994 1634 3164 1675 sacrm
3189 1620 3584 1676 exhortationis

2000 1709 2184 1771 verba,
2231 1724 2353 1778 qua:
2406 1709 2474 1764 de
2522 1724 2774 1766 sermone
2821 1711 3051 1767 dicentis
3099 1711 3353 1771 Domini:
3398 1715 3504 1781 Qui
3550 1732 3585 1769 a

1997 1800 2269 1872 semetipso
2312 1801 2565 1874 loquitur,
2606 1804 2832 1874 gloriam
2877 1807 3145 1877 propriam
3171 1809 3358 1878 qutrrit
3397 1805 3579 1879 (locu.

1999 1908 2097 1960 vn,
2123 1893 2236 1966 l8),
2262 1895 2455 1951 beatus
2480 1896 2815 1967 Augustinus
2844 1902 3171 1969 composuit,
3201 1901 3320 1957 haec
3341 1902 3444 1971 pile
3485 1902 3584 1957 ad-

1999 1984 2312 2041 monitionis
2337 1987 2503 2042 verba
2550 1987 2825 2056 subjunxit
2850 1990 2879 2030 ιδ
2909 2009 2923 2047 :
2960 2008 2982 2042 ε
3014 1991 3155 2059 Quid
3185 2001 3239 2049 tu
3269 1995 3453 2059 homo,
3497 1995 3587 2050 in-

1998 2077 2137 2147 quit,
2183 2076 2366 2133 facere
2413 2078 2612 2141 debes;
2645 2082 2739 2150 qui
2780 2083 2999 2151 quando
3046 2085 3246 2154 aliquid
3276 2085 3400 2141 boni
3426 2085 3587 2153 facis,

1999 2167 2227 2239 gloriam
2261 2177 2409 2223 tuam
2439 2172 2667 2240 qmeris;
2718 2175 2939 2242 quando
2985 2182 3165 2230 autem
3212 2176 3415 2245 aliquid
3459 2176 3585 2232 mali

1998 2258 2153 2327 facis,
2189 2260 2301 2316 Deo
2327 2261 2652 2317 calumniam
2681 2264 2995 2321 meditaris?
3022 2267 3256 2323 Attende
3285 2267 3465 2339 [.4ug.,
3495 2268 3586 2325 In-

2002 2350 2187 2424 tende]
2219 2352 2338 2418 tibi,
2366 2361 2614 2408 creatura
2639 2370 2719 2419 es,
2747 2370 2979 2427 agnosce
3024 2365 3359 2425 creatorem;
3400 2373 3588 2415 servus

1999 2456 2084 2510 es,
2114 2457 2182 2498 ne
2206 2452 2522 2499 contemnas
2549 2445 2864 2513 Dominum;
2916 2448 3205 2519 adoptatus
3247 2466 3329 2515 es,
3356 2452 3449 2507 sed
3478 2466 3584 2506 non

2002 2535 2109 2589 tuis
2137 2535 2368 2590 meritis.
2410 2535 2602 2603 Qumre
2626 2537 2853 2608 gloriam
2887 2540 3022 2610 ejus,
3057 2557 3088 2595 a
3117 2556 3225 2611 quo
3251 2541 3417 2597 habes
3444 2542 3587 2597 hanc

2002 2630 2232 2700 gratiam
2283 2628 2446 2683 homo
2490 2630 2797 2700 adoptatus,
2848 2628 3003 2699 cujus
3052 2630 3279 2703 gloriam
3315 2633 3583 2703 quzesivit,

2003 2720 2096 2790 qui
2123 2728 2205 2775 est
2234 2719 2304 2774 ab
2327 2720 2419 2774 illo
2447 2720 2639 2776 unicus
2676 2729 2855 2776 natus.
2892 2740 2911 2774 ι
2942 2722 3253 2793 Perspicue,
3286 2724 3427 2779 sicut
3467 2732 3587 2778 tex-

2003 2821 2091 2868 tus
2145 2827 2456 2868 sermonum
2506 2813 2625 2883 ejus
2677 2811 2934 2881 ostendit,
2986 2817 3139 2872 homo
3182 2823 3484 2890 adoptatus,
3521 2820 3589 2873 de

2002 2903 2243 2974 quolibet
2286 2904 2507 2959 homine
2552 2904 2684 2959 dicit
2725 2906 2790 2961 de
2832 2907 2946 2961 suis
2990 2908 3147 2963 bonis
3184 2908 3438 2979 cperibus
3470 2909 3587 2981 glo-

1930 3016 1977 3079 c
2009 2996 2207 3062 riante,
2255 3003 2310 3050 et
2350 2996 2417 3051 de
2460 2995 2572 3050 suis
2620 2996 2776 3050 malis
2807 2997 2974 3051 Deum
3023 3010 3343 3064 accusante;
3386 3002 3590 3054 nonde

2004 3085 2244 3151 Christo,
2273 3088 2366 3156 qui
2400 3087 2544 3141 nulla
2581 3087 2724 3142 mala
2775 3087 2925 3152 fecit,
2969 3102 3070 3141 nec
3097 3088 3267 3141 Deum
3309 3103 3588 3155 accusare,

2004 3177 2096 3234 sed
2121 3178 2300 3247 potius
2332 3177 2549 3232 laudare
2578 3186 2632 3232 et
2661 3179 2966 3248 glorificare
3009 3179 3063 3233 in
3094 3179 3197 3233 hoc
3227 3178 3345 3234 loco
3371 3178 3589 3250 legitur,

2003 3268 2097 3324 ubi
2123 3269 2233 3323 ait:
2265 3266 2370 3334 Qui
2413 3278 2587 3322 autem
2630 3271 2821 3340 quarrit
2860 3269 3085 3340 gloriam
3131 3270 3269 3341 ejus,
3317 3272 3406 3343 qui
3446 3272 3591 3325 misit

2001 3359 2173 3427 illum,
2212 3361 2297 3415 llic
2323 3377 2486 3416 uerax
2510 3371 2616 3427 est,
2653 3371 2703 3416 et
2731 3362 2995 3432 injustitia
3034 3364 3092 3416 in
3118 3361 3208 3417 illo
3239 3377 3341 3417 non
3366 3372 3460 3418 est.
3513 3364 3591 3419 De

2003 3450 2218 3508 Christo
2239 3467 2370 3508 vero
2406 3453 2610 3524 absque
2649 3454 2756 3509 ulla
2797 3453 3134 3509 dubitatione
3181 3455 3282 3510 iste
3324 3454 3588 3524 prmfatlls

2006 3545 2199 3602 doctor
2225 3547 2398 3601 dixit:
2442 3544 2609 3617 Cujus
2638 3546 2860 3617 gloriam
2901 3547 3161 3617 qua’sivit,
3204 3548 3295 3618 qui
3323 3557 3398 3601 est
3430 3547 3494 3601 ab
3533 3565 3596 3602 eo

2005 3638 2193 3690 unicus
2222 3637 2591 3705 natus:quod
2636 3637 2838 3706 optime
2882 3638 3085 3692 nostris
3132 3636 3278 3691 favet
3324 3637 3590 3707 partibus,

2006 3743 2115 3783 non
2165 3737 2361 3782 vestrae
2408 3728 2731 3793 inﬁdelitati,
2777 3728 2869 3799 qui
2910 3729 3081 3783 Deum
3109 3729 3386 3783 Christum
3438 3729 3595 3783 nobis

2006 3836 2106 3891 per
2139 3819 2484 3890 adoptionem
2513 3818 2800 3887 adaequare
2828 3818 3175 3872 contenditis.
3229 3816 3330 3882 Qui
3360 3825 3443 3871 est
3470 3818 3593 3871 uni-

2010 3930 2106 3970 eus
2134 3919 2316 3976 natus,
2347 3910 2654 3965 nullatenus
2700 3909 2984 3977 adoptivus
3011 3923 3131 3963 esse
3176 3907 3394 3977 poterit.
3434 3908 3596 3963 Chri-

2010 4013 2127 4061 stus
2149 4018 2280 4058 vero
2309 4009 2595 4070 utrumque
2622 4008 2677 4054 et
2702 3999 2796 4053 Dei
2824 3998 3023 4062 Patris,
3068 4006 3123 4052 et
3157 3998 3331 4053 beatae
3364 3999 3595 4067 virginis

2010 4095 2194 4150 Maria:
2220 4070 2445 4154 unicus,
2490 4096 2546 4145 et
2582 4106 2723 4145 unus
2757 4089 3067 4161 unigenitus
3106 4087 3201 4143 Dei
3233 4086 3402 4143 Filius
3449 4097 3597 4144 recte

2012 4187 2253 4243 creditur
2286 4194 2340 4240 et
2366 4184 2719 4255 praedicatur,
2749 4164 2891 4237 sicut
2940 4181 2991 4235 in
3024 4180 3253 4252 cpistola
3284 4181 3427 4235 beati
3455 4181 3594 4237 Leo-

2012 4278 2099 4332 nis
2122 4291 2274 4347 papze
2302 4274 2517 4346 legitur,
2542 4288 2702 4342 quam
2728 4273 2793 4326 ad
2816 4272 3051 4326 Leonem
3075 4270 3375 4341 Augustum
3405 4280 3595 4326 contra

322 4376 752 4445 sublimiumque
800 4375 1083 4431 doctorum
1133 4371 1478 4437 testimoniis,
1530 4371 1586 4425 id
1631 4378 1733 4435 est,
1764 4372 1907 4426 beati
1938 4368 2360 4438 DEutychianae
2386 4364 2670 4435 pravitatis
2714 4363 3015 4418 doctrinam
3049 4361 3313 4417 catholico
3340 4368 3395 4414 et
3440 4360 3597 4416 lucu-

324 4469 603 4525 Amhrosii
650 4477 708 4522 et
735 4468 907 4522 sancti
934 4467 1218 4538 Augustini
1253 4466 1435 4522 verbis
1473 4466 1682 4521 ostendi
1711 4472 1906 4534 potest.

325 4562 502 4628 Quam
528 4558 713 4627 impie,
737 4566 793 4612 et
811 4558 882 4614 ah
900 4572 1089 4613 eorum
1114 4557 1468 4628 intelligentia
1488 4556 1801 4626 longissime
1828 4555 1911 4609 in-

325 4650 672 4720 terpretaris,
688 4649 830 4720 quod
850 4649 928 4705 illi
951 4649 1217 4706 catholico
1237 4649 1375 4720 Stylo
1397 4648 1450 4702 in
1469 4650 1583 4703 suis
1602 4647 1797 4702 litteris
1821 4662 1915 4701 no-

324 4744 414 4800 bis
457 4749 747 4799 exaratum
789 4740 1159 4811 reliquerunt?
1186 4739 1278 4795 Ait
1296 4740 1442 4794 enim
1462 4740 1653 4794 beatus
1680 4738 1913 4793 Ambro-
1950 4751 1955 4757 '

326 4837 444 4892 sius
466 4848 495 4877 ι
525 4853 538 4889 :
575 4856 597 4885 ι
629 4832 754 4903 Ipso
788 4849 891 4888 usu
920 4840 1106 4889 nostro
1132 4842 1215 4889 est
1245 4834 1551 4902 adoptivus,
1580 4840 1635 4887 et
1658 4833 1914 4901 proprius

329 4925 557 4981 Filius.s
590 4922 749 4993 Quod
776 4931 867 4978 tua
898 4923 1266 4979 indoctissima
1298 4921 1577 4977 temeritas
1605 4921 1673 4975 de
1697 4919 1917 4975 Christo

330 5017 534 5071 dictum
560 5029 682 5071 esse
708 5015 978 5070 aestimare
1000 5013 1232 5077 videtur,
1261 5013 1403 5082 quod
1432 5012 1589 5080 longe
1614 5011 1721 5065 alio
1751 5024 1915 5066 sensu

329 5109 750 5169 circumstantia
799 5108 1046 5167 lectionis
1090 5106 1389 5177 legentibus
1420 5112 1476 5158 et
1528 5104 1664 5157 bene
1715 5101 1919 5157 intelli-

327 5201 583 5271 gentibus
633 5201 841 5258 dictum
887 5215 1007 5257 esse
1050 5198 1263 5268 probat.
1314 5197 1391 5252 De
1428 5194 1730 5251 diti'erentia
1773 5195 1919 5249 inter

327 5294 475 5351 tilias
514 5294 815 5352 mundum
862 5293 1159 5349 humanam
1202 5287 1651 5346 consuetudinem
1686 5287 1788 5341 hoc
1825 5287 1920 5341 do-

406 5539 433 5565 ι·
472 5528 532 5582 S.
554 5526 770 5589 Διώνη
794 5524 920 5580 libr.
949 5524 1015 5580 dc
1036 5523 1192 5581 Dom.
1215 5522 1429 5577 lncarn.
1448 5518 1828 5589 Sacram.c§p_.
1861 5518 1915 5589 8,

332 5612 483 5652 nam.
522 5597 612 5654 87.
687 5587 1043 5653 εζΡιιυΙίηυε
1088 5591 1446 5663 Aquileiensis
1492 5587 1698 5663 ottjicit
1726 5587 1916 5653 Felici,

334 5669 477 5737 quod
504 5679 717 5725 textum
744 5665 804 5723 S.
829 5664 1099 5723 Ambrosii
1138 5659 1460 5733 corruperit,
1492 5659 1611 5715 loco
1639 5674 1650 5711 :
1681 5659 1793 5727 ipso
1821 5674 1918 5712 usu

2012 4460 2159 4515 lento
2191 4472 2441 4514 sermone
2479 4456 2736 4525 scriptam
2771 4454 3063 4507 direxerat.
3105 4451 3278 4518 Quam
3314 4450 3597 4519 epistolam

2013 4550 2123 4605 tuis
2164 4548 2361 4602 litteris
2385 4544 2773 4617 pmpemodum
2806 4552 2970 4596 totam
3003 4541 3157 4609 quasi
3190 4540 3370 4594 lumen
3404 4539 3598 4609 caligi-

2014 4654 2149 4695 noso
2173 4639 2292 4693 loco
2331 4636 2532 4691 inferre
2560 4633 2796 4688 voluisti.
2838 4630 3014 4700 Atque
3040 4631 3246 4685 utinam
3292 4632 3364 4686 ita
3392 4639 3446 4687 te
3480 4648 3600 4688 crc-

2016 4733 2145 4786 dere
2174 4728 2511 4789 ostenderes,
2559 4726 2701 4779 sicut
2750 4723 2804 4776 ill
2849 4721 2991 4775 illius
3029 4722 3330 4777 beatissimi
3361 4723 3601 4778 doctoris

2015 4822 2210 4877 litteris
2247 4828 2300 4875 te
2329 4819 2507 4889 legere
2542 4814 2877 4885 agnovimus.
2928 4813 3068 4869 Dicit
3111 4814 3258 4869 enim
3291 4815 3381 4869 ille
3409 4815 3601 4869 doctor

2015 4915 2249 4972 eximius
2292 4915 2437 4968 inter
2480 4912 2582 4965 alia
2630 4911 2682 4964 in
2710 4909 2896 4963 eadem
2940 4910 3191 4980 epistola,
3223 4926 3342 4982 qua:
3371 4910 3439 4965 de
3467 4910 3601 4964 dua-

2017 5024 2138 5064 rum
2167 5008 2219 5061 in
2241 5006 2459 5062 Christo
2484 5003 2816 5074 proprietate
2852 5010 3169 5057 naturarum
3200 5001 3436 5057 mirabili
3482 5000 3599 5057 elo-

2016 5101 2239 5171 quentia
2276 5106 2329 5152 et
2371 5094 2624 5152 laudabili
2653 5094 2885 5165 puritate
2920 5091 3075 5168 [ϐοά.
3102 5092 3308 5157 Paris.,
3339 5090 3598 5164 puritate]

2018 5192 2140 5248 ﬁdei
2186 5189 2410 5262 protulit
2435 5201 2501 5244 οε
2538 5206 2558 5238 t
2592 5188 2746 5243 Licet
2794 5203 2923 5259 ergo
2970 5187 3024 5241 in
3070 5200 3177 5241 uno
3220 5185 3450 5242 Domino
3469 5182 3600 5239 Jesu

2018 5283 2233 5340 Christo
2260 5296 2387 5335 vero
2416 5280 2511 5335 Dei
2539 5287 2700 5349 atque
2726 5279 2959 5333 hominis
2986 5276 3125 5332 Filio
3150 5275 3315 5333 Verbi
3341 5285 3397 5332 et
3419 5277 3601 5333 carnis

2018 5507 2265 5582 ponendo
2294 5523 2308 5559 ε
2334 5506 2446 5582 ipse
2466 5519 2564 5557 usu
2594 5509 2791 5582 nostra.
2820 5497 2884 5582 Is:
2916 5513 2977 5553 nl
3010 5497 3134 5553 adv.
3156 5494 3415 5582 Felicem,
3437 5510 3487 5553 c.
3508 5491 3600 5550 91.

2090 5580 2119 5619 δ
2157 5577 2216 5633 S.
2241 5567 2377 5646 Ang'.
2404 5574 2594 5646 Tract.‘
2615 5588 2744 5646 §§IX
2778 5570 2832 5625 in
2856 5568 3036 5646 lpum,
3071 5582 3219 5624 num.
3249 5567 3303 5624 8.

2092 5658 2115 5689 ε
2158 5649 2216 5704 S.
2240 5640 2353 5704 Lc6
2378 5646 2547 5716 Epist.
2575 5642 2695 5711 165,
2726 5657 2845 5715 cap.
2874 5640 2927 5695 6.
