3964 6186
342 274 446 329 ἢ(ἶὸ
1156 275 1215 330 Β.
1256 275 1319 330 F.
1360 274 1587 329 ALBINI
1624 272 1757 329 SEU
1791 273 2073 331 ALCUINI
2113 274 2402 334 OPERUM
2436 276 2616 334 PARS
2654 277 2740 333 Ill.
3494 280 3600 337 28.1

342 403 448 443 una
487 399 712 456 persona
743 385 834 450 sit,
864 400 983 454 qua:
1024 383 1452 453 inseparabiliter
1481 393 1643 452 atque
1687 384 1914 439 indivise
1941 387 1987 446 Δ
2016 385 2120 456 Ipsi
2149 398 2275 442 sunt
2301 406 2368 445 ιι
2393 388 2561 446 fortes
2588 407 2655 446 ex
2681 391 2988 475 fortissimis
3017 390 3203 458 Israel,
3226 395 3319 465 qui
3354 396 3603 458 ambiunt

341 493 654 535 communes
704 477 900 531 habeat
955 475 1219 539 actiones,
1277 484 1383 529 etc.
1435 494 1453 527 ι
1514 474 1703 530 Nonne
1753 490 1919 529 unum
2018 476 2272 533 lectulum
2320 483 2434 535 veri
2478 474 2803 548 Salomonis,
2848 497 3040 538 omnes
3081 492 3327 541 tenentes
3362 486 3602 556 gladium

342 571 699 641 eumdemque
742 584 930 624 verum
957 567 1052 623 Dei
1091 568 1307 632 Filium,
1356 575 1412 621 et
1452 582 1641 622 verum
1688 567 1921 622 hominis
2019 569 2170 622 verbi
2199 567 2316 634 Dei,
2346 580 2403 625 et
2429 571 2497 625 ad
2525 570 2663 625 bella
2709 573 3101 642 promptissimi
3133 591 3146 627 :
3178 574 3605 647 uniuscujusque

342 664 538 718 Filium
567 670 755 717 contra
784 661 860 716 tui
896 660 1100 717 erroris
1129 661 1460 730 impietatem
1491 660 1577 714 his
1601 659 1780 714 verbis
1820 660 1921 715 iste

342 755 643 811 catholicus
661 755 869 819 doctor,
890 768 1052 823 quem
1078 760 1133 807 tu
1160 753 1272 823 ipse
1294 753 1347 807 in
1370 751 1605 807 medium
1628 752 1918 817 deduxisti,

343 846 609 901 allirmat?
637 845 703 899 Et
729 854 850 915 post
876 859 1046 915 pauca
1077 843 1270 898 iterum
1298 861 1310 897 :
1335 842 1501 913 89o
1528 860 1546 891 ι
1575 841 1709 896 Cum
1736 843 1922 897 catho-

343 939 468 1001 lica,
521 937 723 1007 inquit,
772 936 907 991 ﬁdes
951 943 1240 1004 utrumque
1285 933 1574 1003 suscipiat,
1634 941 1923 1001 utrumque

347 1029 622 1093 defendat,
648 1043 768 1097 quae
817 1028 1111 1082 secundum
1155 1024 1552 1081 confessionem
1594 1025 1737 1080 beati
1774 1024 1921 1079 Petri

343 1120 569 1191 apostoli
599 1135 764 1173 unum
787 1118 1060 1173 Christum
1085 1117 1181 1172 Dei
1206 1116 1314 1171 vivi
1340 1116 1536 1171 Filium
1567 1123 1622 1170 et
1647 1115 1922 1170 hominem

309 1196 515 1268 ocredit
549 1220 604 1266 et
625 1210 881 1265 Verbum.
919 1229 938 1261 ι
991 1208 1286 1264 Considera
1334 1216 1388 1263 te
1428 1208 1622 1277 ipsum,
1655 1215 1710 1261 et
1737 1222 1805 1261 ex
1839 1207 1924 1261 bis

341 1306 522 1361 verbis
548 1313 669 1359 tuos
696 1318 887 1358 sensus
913 1302 1141 1371 corrige,
1170 1309 1226 1355 et
1250 1299 1360 1355 noli
1381 1298 1656 1355 Christum
1704 1299 1758 1352 in
1789 1299 1923 1352 duos

342 1396 584 1451 dividere
630 1393 787 1457 ﬁlios,
837 1407 1004 1446 unum
1050 1391 1383 1460 adoptivum,
1430 1396 1485 1444 et
1531 1388 1760 1444 alterum
1793 1402 1924 1457 pro-

341 1489 519 1559 prium
550 1505 562 1540 :
591 1486 685 1542 sed
734 1500 857 1541 cum
883 1484 1044 1540 beato
1072 1483 1235 1538 Petro
1264 1481 1507 1551 principe
1534 1478 1921 1549 apostolorum,

341 1586 637 1642 secundum
683 1598 901 1637 sensum
949 1580 1106 1636 istius
1157 1577 1486 1634 sanctissimi
1517 1574 1714 1640 Patris,
1756 1588 1923 1629 unum

340 1677 616 1733 Christum
649 1675 808 1729 crede
834 1681 887 1729 et
914 1688 1081 1727 unum
1103 1671 1198 1726 Dei
1228 1670 1335 1725 vivi
1364 1668 1580 1730 Filium,
1601 1667 1837 1722 Verbum
1868 1673 1924 1719 et

340 1768 614 1824 hominem
639 1766 893 1837 praedica.
925 1765 1059 1820 ltem
1096 1764 1239 1817 inter
1261 1770 1459 1817 cratera
1493 1758 1774 1815 catholicae
1797 1756 1922 1811 fidei

338 1860 681 1916 hortamenta
701 1859 804 1913 hoc
821 1870 1034 1926 quoque
1052 1854 1298 1924 adjunxit
1318 1854 1460 1924 (cap.
1478 1852 1532 1923 8)
1549 1870 1594 1906 τι
1616 1851 1813 1907 Forma
1827 1866 1923 1905 au-

340 1960 451 2006 tem
471 1949 634 2014 servi,
655 1963 752 2018 per
774 1963 936 2017 quam
959 1945 1303 2015 impassibilis
1323 1945 1503 1999 Deitas
1525 1947 1924 1998 sacramentum
1962 1966 1969 1973 -

339 2057 547 2113 magna:
558 2041 777 2111 pietatis
789 2038 1050 2109 implevit,
1064 2038 1298 2092 humana
1319 2033 1594 2090 humilitas
1609 2039 1712 2095 est,
1727 2046 1848 2101 quae
1869 2030 1923 2084 in

340 2134 567 2206 gloriam
596 2132 791 2188 divinae
817 2131 1102 2201 potestatis
1133 2136 1319 2184 evecta
1343 2136 1445 2191 est,
1472 2127 1525 2180 in
1549 2133 1695 2180 tanta
1719 2123 1926 2178 unitate

342 2224 425 2300 [8.
438 2223 564 2290 Leo,
585 2224 640 2279 in
657 2230 864 2278 tantam
883 2219 1167 2293 unitatem]
1192 2221 1260 2276 ab
1277 2220 1394 2290 ipso
1409 2227 1673 2287 conceptu
1688 2215 1927 2287 Virginis

339 2316 538 2373 deitate
559 2322 615 2370 et
632 2314 838 2370 unitate
860 2319 1130 2373 conserta,
1151 2318 1212 2365 ut
1232 2325 1333 2366 nec
1351 2309 1469 2365 sine
1488 2308 1703 2363 homine
1723 2305 1921 2370 divina,

341 2422 445 2463 nec
467 2407 583 2462 sine
600 2406 711 2461 Deo
731 2413 1019 2476 agerentur
1039 2404 1295 2459 humana.
1323 2422 1342 2455 ι
1377 2401 1504 2456 Haec
1521 2415 1745 2471 prorsus
1763 2399 1926 2454 verba

339 2507 395 2553 te
434 2512 543 2552 non
573 2497 923 2560 intellexisse,
955 2495 1039 2550 vel
1069 2511 1200 2551 vera
1231 2509 1337 2549 non
1367 2493 1682 2559 credidisse,
1721 2492 1927 2562 absque

339 2585 674 2642 dubitatione
701 2586 756 2640 in
786 2585 895 2640 tuis
920 2585 1117 2639 litteris
1143 2584 1383 2653 reperire
1408 2592 1510 2638 est.
1541 2582 1794 2651 Nunquid
1817 2595 1925 2635 non

340 2677 632 2731 humanam
678 2674 1040 2729 humilitatem
1080 2674 1135 2727 in
1171 2673 1407 2728 divinam
1450 2687 1571 2728 esse
1604 2678 1926 2741 potestatem

343 2773 578 2824 testatur
616 2773 882 2832 evectam,
914 2780 1078 2835 quam
1118 2774 1173 2819 tu
1211 2765 1480 2835 captivam
1512 2765 1793 2819 nominare
1818 2779 1926 2819 non

345 2854 649 2911 horruisti?
694 2854 763 2909 Et
802 2853 964 2925 paulo
988 2861 1110 2926 post
1140 2871 1152 2907 :
1180 2871 1201 2905 ι
1234 2854 1687 2923 lnseparabiliter,
1728 2852 1923 2922 inquit,

2020 658 2167 713 ensis
2192 673 2355 729 super
2389 657 2566 714 femur
2603 676 2762 715 suum
2789 670 3011 731 propter
3045 665 3269 720 timores
3310 674 3604 723 nocturnos

2022 747 2199 819 (Cant.
2241 766 2322 813 ιιι,
2358 749 2389 799 7
2426 760 2474 805 et
2515 752 2669 821 seq.).
2716 752 2799 807 Ad
2842 753 2943 808 hos
2990 752 3237 823 Sponsus
3283 757 3349 811 de
3395 757 3606 815 ctelestt

2022 839 2258 895 thalamo
2286 840 2487 896 clamat
2515 858 2527 894 :
2557 841 2738 912 Capite
2761 844 2909 898 nobis
2931 844 3107 916 vulpes
3126 847 3370 918 pusillas,
3393 852 3485 921 qui
3513 836 3606 906 de;

2021 929 2312 985 moliuntur
2337 930 2532 986 vineas.
2568 932 2711 986 Nam
2736 934 2884 988 vinea
2916 945 3097 990 nostra
3125 938 3305 1007 ﬂoruit
3327 939 3508 1012 (Cant.
3540 959 3604 1009 ﬂ,

2024 1020 2132 1091 l5).
2167 1020 2272 1076 Per
2299 1021 2399 1075 hos
2427 1022 2765 1078 obstructum
2792 1024 2899 1078 erit
2921 1040 2984 1080 os
3004 1027 3245 1082 omnium
3270 1028 3606 1100 loquentium

2022 1111 2207 1180 iniqua
2236 1110 2409 1183 (Psal.
2438 1129 2577 1179 uti,
2602 1114 2690 1186 l2)
2729 1133 2741 1168 :
2785 1116 2841 1171 bi
2871 1118 3033 1173 unius
3065 1120 3218 1175 vocis
3245 1131 3300 1176 et
3326 1121 3450 1180 fidei
3478 1142 3611 1183 con-

2022 1203 2206 1258 cordia
2246 1203 2482 1258 clamant
2506 1221 2629 1260 cum
2658 1205 2924 1277 Propheta
2958 1224 2973 1263 :
3004 1209 3318 1268 Benedictus
3346 1214 3608 1274 Dominus

2022 1296 2165 1351 Deus
2192 1314 2358 1365 meus,
2380 1301 2470 1370 qui
2496 1300 2641 1354 docet
2673 1317 2863 1356 manus
2894 1319 3035 1358 meas
3063 1305 3134 1358 ad
3152 1307 3413 1376 pra'lium,
3445 1322 3494 1365 et
3523 1311 3610 1366 di-

2023 1391 2159 1460 gitos
2196 1407 2336 1446 meos
2372 1392 2442 1446 ad
2477 1392 2665 1447 bellum
2707 1391 2882 1466 (Prol.
2939 1411 3129 1464 cum,
3185 1398 3261 1469 l).
3313 1401 3609 1475 Persequar

2023 1482 2262 1536 inimicos
2290 1499 2448 1548 meos,
2479 1492 2527 1537 et
2548 1485 2990 1555 comprehendam
3020 1488 3158 1553 illos,
3189 1501 3238 1544 et
3266 1509 3369 1546 non
3396 1510 3611 1550 conver—

2025 1585 2130 1641 tar,
2165 1576 2329 1629 donec
2371 1576 2642 1644 deﬁciant.
2685 1576 3027 1649 Confringam
3060 1579 3208 1647 illos,
3244 1599 3339 1638 nec
3362 1596 3604 1655 poterunt

2024 1673 2164 1719 stare
2188 1663 2364 1734 (Psal.
2394 1678 2530 1729 xvn,
2557 1663 2669 1736 58).
2704 1665 2858 1720 Muta
2896 1668 3189 1737 e/ﬁciuntur
3226 1671 3369 1727 labia
3397 1674 3601 1741 dolosa,

2024 1768 2142 1824 qua:
2173 1751 2460 1823 loquuntur
2495 1741 2741 1810 adversus
2756 1756 2968 1827 justum
2997 1758 3324 1827 iniquitatem
3352 1773 3400 1819 et
3424 1783 3606 1838 super-

2027 1843 2167 1898 biam
2206 1843 2377 1915 (Paul.
2415 1846 2548 1911 xxx,
2581 1846 2692 1921 19).
3408 1918 3418 1929 α

2098 1933 2185 1989 Vl.
2213 1935 2431 1991 Miraris
2442 1937 2794 1996 vehementer
2812 1943 3083 2012 quomodo
3097 1945 3164 1999 de
3176 1945 3344 2002 David
3357 1948 3607 2019 adoptivo

2026 2026 2177 2082 nasci
2222 2028 2488 2097 potuisset
2513 2028 2783 2099 Christus,
2807 2042 2865 2090 et
2905 2036 3188 2107 adoptivus
3216 2053 3324 2095 non
3355 2055 3476 2098 esse
3503 2056 3519 2097 :
3551 2053 3609 2100 et

2026 2129 2135 2169 non
2158 2114 2392 2204 miraris.
2420 2118 2688 2187 quomodo
2724 2121 2792 2177 de
2820 2122 2988 2180 David
3029 2136 3312 2196 peccatore
3339 2133 3489 2188 nasci
3512 2148 3611 2204 po-

2030 2204 2221 2259 tuisset
2263 2203 2512 2262 Christus
2555 2208 2673 2264 sine
2719 2214 2986 2280 peccato?
3031 2215 3109 2269 Ea
3150 2226 3452 2287 potestate,
3499 2236 3607 2291 qua

2026 2298 2203 2368 potuit
2231 2298 2348 2355 sine
2369 2308 2593 2368 peccato
2613 2303 2823 2373 concipi
2848 2312 2902 2359 et
2922 2306 3094 2371 nasci,
3114 2322 3177 2362 ea
3204 2308 3400 2365 divinae
3420 2312 3612 2368 volun-

2028 2389 2155 2444 tatis
2198 2390 2429 2457 virtute,
2487 2390 2688 2462 Spiritu
2732 2404 2920 2450 sancto
2981 2406 3258 2465 operante,
3311 2402 3488 2471 potuit
3541 2401 3613 2460 de

2027 2478 2278 2547 adoptivo
2307 2479 2423 2534 sine
2450 2480 2739 2551 adoptione
2771 2484 2980 2555 concipi
3005 2493 3060 2541 et
3085 2488 3251 2542 nasci.
3282 2487 3433 2544 Sicut
3459 2492 3609 2547 enim

2027 2566 2094 2622 de
2123 2568 2285 2623 debili
2311 2576 2488 2639 patre,
2516 2571 2602 2626 vel
2645 2572 2931 2641 cujuslibet
2958 2578 3184 2632 membri
3214 2579 3427 2648 privato
3469 2581 3611 2639 inte-

2026 2656 2243 2727 gritate,
2262 2668 2436 2729 potest
2465 2662 2674 2734 integra
2706 2667 3070 2722 membrorum
3095 2668 3433 2739 perfectione
3464 2672 3611 2731 illius

2028 2751 2198 2815 nasci,
2223 2751 2298 2806 ita
2319 2751 2569 2810 Christus
2593 2771 2658 2811 ex
2685 2757 2996 2830 integritate
3028 2771 3235 2819 natura:
3254 2764 3502 2823 humana:
3521 2767 3607 2823 fa-

2029 2847 2148 2895 ctus
2162 2851 2244 2896 est
2260 2857 2423 2899 verus
2447 2844 2630 2910 homo,
2648 2854 2700 2902 et
2721 2864 2880 2904 verus
2901 2850 3069 2906 Filius
3095 2852 3212 2920 Dei,
3230 2855 3307 2909 nil
3326 2859 3610 2915 vetustatis

344 2951 599 2999 manente
631 2942 839 2999 υηίιειθ
879 2959 1138 3015 personae,
1180 2960 1320 3000 unus
1363 2952 1526 3016 atque
1567 2944 1710 3000 idem
1751 2951 1836 2999 es;
1873 2952 1931 2999 ει
2029 2931 2113 2987 vel
2135 2933 2252 2989 vitii
2282 2935 2508 3003 habens,
2539 2940 2758 2996 trahens
2776 2941 3234 3011 pulchritudinem
3255 2956 3482 3015 naturae,
3501 2964 3610 3005 non

345 3040 490 3090 totus
515 3033 751 3090 hominis
792 3033 959 3090 Filius
1000 3042 1219 3107 propter
1256 3050 1494 3101 carnem,
1541 3044 1596 3092 et
1642 3043 1789 3094 totus
1826 3037 1921 3093 Dei

2030 3022 2281 3080 vitiorum
2306 3027 2721 3086 deformitatem.
2752 3032 2904 3100 Quod
2924 3039 3131 3091 creavit
3164 3037 3219 3093 in
3240 3039 3480 3105 homine,
3504 3041 3608 3097 hoc

342 3124 513 3181 Filius
548 3133 772 3197 propter
821 3142 984 3182 unam
1035 3142 1158 3182 cum
1205 3127 1367 3182 Patre
1394 3127 1684 3184 Deitatem.
1719 3149 1736 3183 ι
1779 3129 1921 3185 Nihil

2028 3118 2265 3188 accepit;
2298 3133 2405 3174 non
2431 3122 2574 3191 quod
2601 3123 2763 3179 homo
2791 3126 2996 3182 addidit
3021 3143 3088 3183 ex
3112 3129 3392 3186 diabolica:
3417 3147 3611 3203 suggeo

337 3214 483 3271 enim
511 3215 615 3273 hoc
640 3216 760 3273 loco
788 3215 1097 3274 ςοηηίάηνίι
1137 3219 1425 3275 ostendere
1462 3221 1653 3276 bemus
1690 3221 1801 3276 Leo
1826 3223 1924 3276 do-
2027 3209 2218 3265 stionis
2261 3211 2595 3282 deceptione.
2645 3214 2924 3283 Quomodo
2969 3220 3036 3275 de
3080 3221 3267 3278 herbis
3309 3224 3611 3279 virentibus

340 3316 458 3364 etor
492 3309 814 3374 catholicus,
858 3309 1129 3367 Christum
1165 3319 1340 3366 totum
1366 3312 1457 3367 Dei
1481 3312 1679 3367 Filium
1713 3328 1833 3368 esse
1868 3320 1925 3368 et
2026 3300 2188 3357 “0'08
2208 3302 2630 3361 diVﬁrSiCOIOI'iS
2650 3318 2977 3377 nascuntur;
3000 3311 3142 3367 είευῑ
3166 3313 3233 3368 de
3254 3314 3425 3384 ερίιιίδ
3446 3329 3605 3381 τοεεεν

342 3405 512 3453 ιοιιιω
526 3396 723 3453 Filium
746 3398 1013 3465 hominis;
1046 3415 1207 3470 quem
1226 3407 1284 3456 tu
1300 3416 1551 3471 separare
1574 3418 1682 3457 non
1706 3404 1921 3469 metuis,

343 3483 619 3542 affirmans
643 3494 852 3557 partem
883 3486 998 3555 ejus
1030 3505 1149 3545 esse
1185 3491 1238 3545 in
1268 3491 1528 3562 dignitate
1554 3494 1756 3562 proprii
1778 3494 1920 3559 Filii,

339 3582 550 3647 partem
594 3576 649 3630 in
696 3578 985 3647 adoptione
1032 3595 1151 3649 qua:
1196 3581 1333 3636 solet
1379 3583 1449 3639 ab
1496 3592 1756 3640 extranea
1803 3585 1922 3641 fieri

338 3679 589 3735 persona.
648 3666 800 3735 Quod
849 3669 1206 3741 incongruum
1251 3672 1407 3728 valde
1459 3681 1543 3729 est
1594 3674 1662 3730 de
1707 3674 1924 3733 Christo

339 3754 583 3823 credere,
617 3765 678 3812 ut
719 3774 956 3829 unquam
998 3770 1291 3818 extraneus
1338 3773 1483 3820 esset
1523 3765 1632 3821 Deo
1670 3766 1842 3835 Patri,
1868 3777 1925 3825 et

344 3844 470 3901 inde
514 3846 863 3918 adoptaretur
904 3850 960 3906 in
1010 3852 1200 3908 filium.
1257 3854 1410 3911 Hanc
1457 3872 1589 3913 vero
1636 3860 1796 3915 talem
1843 3861 1920 3916 tui

337 3936 541 3991 erroris
586 3939 932 4008 partitionem
961 3942 1044 3996 vel
1084 3943 1400 4002 divisionem
1445 3948 1512 4004 de
1549 3950 1829 4008 divinitate
1866 3959 1923 4007 et

340 4027 675 4085 humanitate
707 4029 1083 4102 Redemptoris
1129 4038 1298 4093 nostri
1353 4039 1657 4096 certissime
1703 4043 1922 4098 univer-

339 4115 470 4172 salis
500 4127 685 4175 sancta
715 4120 809 4175 Dei
843 4122 1084 4179 Ecclesia
1115 4127 1315 4197 ubique
1358 4130 1563 4200 respuit
1591 4140 1647 4187 et
1673 4133 1915 4199 damnat,

338 4209 641 4277 praedicans
692 4210 1018 4269 fiducialiter
1082 4232 1206 4271 cum
1258 4220 1417 4277 beato
1469 4222 1651 4278 Leone
1700 4224 1920 4282 doctore

336 4298 573 4369 egregio,
600 4299 875 4354 Christum
904 4310 1077 4358 totum
1105 4306 1200 4360 Dei
1221 4308 1437 4375 Filium,
1462 4321 1516 4365 et
1546 4322 1715 4368 totum
1746 4316 1919 4371 homi-

2026 3400 2081 3447 et
2112 3394 2177 3448 de
2197 3395 2358 3465 891
2385 3397 2594 3454 calamo
2621 3400 2780 3457 viridi
2807 3404 3218 3461 candidissimus
3242 3406 3338 3461 lilii
3361 3406 3493 3463 flos:
3527 3408 3611 3464 sic

2026 3483 2234 3541 fructus
2278 3488 2519 3543 omnium
2553 3491 2808 3547 arborum
2836 3493 2982 3550 aliud
3008 3495 3293 3565 proferunt
3319 3497 3373 3552 in
3402 3496 3605 3565 fructu,

2024 3575 2169 3629 aliud
2195 3576 2249 3631 in
2293 3578 2475 3634 radice
2501 3582 2813 3638 ostendunt.
2843 3584 3012 3640 Totus
3050 3588 3282 3643 mundus
3327 3588 3611 3646 miraculis

2024 3674 2108 3721 est
2118 3666 2306 3737 plenus
2325 3668 2463 3738 ejus,
2496 3673 2585 3743 qui
2605 3673 2732 3743 facit
2762 3674 3027 3729 mirabilia
3053 3692 3242 3747 magna
3262 3677 3405 3733 solus
3430 3676 3610 3751 (Psal.

2023 3768 2217 3821 cxxxv,
2247 3756 2326 3829 4),
2354 3767 2408 3813 et
2434 3761 2611 3816 adhuc
2637 3761 2915 3818 incredula
2938 3779 3090 3821 mens
3120 3767 3354 3833 dubitat,
3392 3769 3437 3824 si
3478 3785 3611 3840 pro—

2021 3845 2197 3915 prium
2240 3849 2342 3904 sibi
2371 3850 2567 3907 Filium
2607 3867 2898 3923 procreare
2942 3858 3205 3927 potuisset
3237 3874 3304 3915 ex
3352 3861 3606 3933 virginali

2022 3947 2202 4004 utero,
2225 3938 2379 4008 cujus
2400 3944 2573 4000 virtus
2594 3946 2951 4017 omnipotens,
2981 3948 3135 4018 cujus
3161 3952 3409 4008 voluntas
3427 3956 3609 4010 omnis

2021 4028 2256 4085 bonitas.
2289 4031 2391 4098 Qui
2417 4033 2579 4088 etiam
2606 4043 2785 4104 potest
2811 4052 2878 4092 ex
2902 4054 3040 4109 aqua
3075 4049 3130 4095 et
3154 4042 3346 4111 spiritu
3384 4044 3450 4098 de
3479 4043 3609 4101 filiis

2021 4118 2217 4174 diaboli
2242 4121 2345 4176 sibi
2370 4122 2473 4193 ipsi
2504 4124 2716 4181 ellicere
2745 4126 2885 4183 filios
2907 4129 3209 4200 adoptivos,
3240 4133 3409 4188 multo
3432 4136 3608 4205 magis

2019 4210 2193 4278 potuit
2210 4226 2277 4265 ex
2298 4220 2454 4269 utero
2475 4215 2743 4287 virginali,
2769 4234 2881 4275 suae
2901 4222 3259 4279 sanctissimae
3283 4224 3607 4282 Paternitati

2020 4299 2306 4358 inefl‘abilis
2334 4307 2574 4375 potentia
2612 4309 2869 4365 bonitatis
2892 4314 3172 4383 proprium
3201 4330 3490 4384 procreare
3513 4316 3608 4372 Fi-

337 4389 421 4443 nis
466 4389 697 4456 Filium;
738 4400 1017 4463 totumque
1063 4400 1340 4469 proprium
1370 4402 1585 4470 Filium,
1635 4415 1915 4481 totumque

2025 4387 2171 4457 lium,
2199 4401 2260 4446 ut
2281 4405 2425 4449 esset
2448 4396 2589 4453 Deus
2627 4407 2684 4454 et
2713 4399 2874 4456 homo
2912 4402 2967 4457 in
2995 4418 3101 4457 una
3130 4419 3385 4474 persona,
3411 4406 3499 4461 illa
3528 4407 3608 4462 si-

338 4478 636 4546 pcrfeetum
682 4480 873 4537 Deum.
926 4483 1125 4541 Iterum
1172 4496 1334 4559 atque
1386 4492 1580 4548 iterum
1631 4478 1915 4567 erubesce,

337 4569 613 4640 Elipande,
633 4581 690 4628 et
714 4575 928 4631 tandem
958 4579 1246 4649 aliquando
1274 4591 1397 4639 tuos
1421 4600 1651 4657 agnosce
1678 4604 1912 4656 errores,

336 4660 427 4728 qui
475 4678 574 4717 nec
618 4680 806 4720 eorum
853 4669 1178 4727 testimoniis
1226 4676 1421 4737 credis,
1456 4694 1592 4747 quos
1628 4680 1679 4733 in
1720 4682 1915 4738 suffra-

337 4751 482 4829 gium
514 4760 618 4809 ture
647 4766 808 4813 sectae
834 4761 1099 4817 advocare
1138 4766 1372 4823 voluisti.
1407 4768 1760 4840 Perspicuum
1787 4792 1913 4846 pro-

336 4841 423 4938 cul
455 4843 617 4898 dubio
660 4856 763 4911 est,
813 4857 864 4904 te
915 4868 1021 4908 non
1069 4856 1369 4929 intelligere
1413 4878 1534 4931 quae
1570 4863 1723 4933 legis,
1753 4841 1916 4938 atque

336 4931 459 4987 ideo
490 4949 597 4989 non
644 4940 896 5006 credere,
929 4944 1070 4998 sicut
1114 4946 1295 5002 debes.
1330 4949 1438 5006 Sed
1478 4931 1723 5022 quamvis
1766 4931 1917 5013 tene-

335 5021 493 5077 brosa
540 5024 732 5097 caligo,
766 5028 856 5083 ubi
900 5032 1100 5088 occidit
1137 5036 1217 5089 sol
1264 5021 1683 5112 visibilisiatque
1726 5046 1915 5101 invisi-

337 5114 479 5179 bilis,
509 5126 717 5174 vestras
745 5121 989 5177 obtineat
1023 5136 1263 5194 mentes;
1305 5137 1482 5187 tamen
1516 5136 1692 5191 adhuc
1728 5147 1915 5193 sancta

338 5201 429 5256 Dei
458 5205 700 5263 Ecclesia
743 5211 905 5267 habet
947 5216 1227 5273 catholicae
1271 5221 1591 5280 eruditionis
1631 5225 1786 5293 filios,
1820 5245 1917 5299 per

337 5308 472 5359 quos
511 5298 754 5355 veritatis
798 5302 913 5368 lux,
944 5304 1121 5360 divina
1160 5309 1457 5378 opitulante
1486 5315 1684 5384 gratia,
1723 5298 1913 5374 claris-

336 5386 471 5440 simc
498 5387 716 5466 fulgeat,
750 5410 886 5462 quos
914 5410 1277 5469 expavescent
1321 5404 1670 5462 tabernacula
1695 5408 1915 5465 Aithio-

336 5491 463 5543 pum
487 5487 541 5531 et
567 5474 912 5540 tabernacula
938 5497 1094 5545 terrae
1126 5491 1357 5549 Madian.
1403 5495 1503 5563 Qui
1532 5497 1585 5553 in
1609 5499 1727 5554 luce
1752 5504 1917 5573 sagit-

338 5576 513 5621 tarum
541 5568 634 5624 Dei
664 5570 836 5637 ibunt,
870 5576 1193 5648 fulgurantis
1219 5585 1389 5641 basta:
1410 5587 1713 5649 vibramine
1740 5568 1913 5663 parati

336 5656 498 5714 ferire
524 5661 862 5720 adversarios
890 5668 1011 5724 ﬁdei
1043 5673 1321 5729 catholicre
1346 5673 1573 5747 (ﬂabat.
1601 5698 1685 5749 ιιι,
1715 5656 1770 5754 ί,
1802 5686 1909 5741 lll.

2019 4483 2237 4551 quidem
2265 4493 2376 4541 tota
2398 4490 2638 4559 propria,
2668 4507 2774 4546 non
2801 4493 3071 4564 adoptiva.

2092 4593 2200 4648 νη.
2248 4594 2383 4649 Dum
2418 4608 2521 4654 tua:
2561 4599 2883 4670 inﬁdelitati,
2914 4619 2948 4660 ο
2990 4610 3296 4664 venerande
3319 4608 3507 4677 frater,
3533 4626 3605 4668 ex

2018 4684 2139 4739 aliis
2152 4684 2514 4742 Ecclesiarum
2529 4690 2730 4748 Christi
2754 4695 3065 4753 doctoribus
3086 4707 3251 4756 testes
3271 4701 3604 4769 defecerunt,

2021 4773 2200 4830 subito
2221 4775 2524 4844 Toletanos,
2546 4789 2606 4835 ut
2626 4784 2727 4848 ais,
2750 4789 3087 4844 venerabiles
3102 4790 3290 4847 Patres
3306 4793 3603 4863 protulisti,

2019 4875 2075 4921 et
2101 4867 2314 4922 illorum
2355 4869 2411 4924 in
2440 4872 2727 4930 missarum
2755 4878 3031 4934 solemniis
3055 4882 3328 4938 orationes
3368 4884 3421 4938 in
3448 4884 3611 4939 auxi-

2017 4956 2149 5012 lium
2191 4966 2296 5015 tuaa
2325 4970 2487 5018 secta:
2515 4964 2881 5036 adsumpsisti.
2915 4971 3078 5037 Dicis,
3111 4972 3163 5027 in
3195 4972 3359 5029 Coena
3388 4976 3605 5031 Domini

2018 5047 2322 5116 hujusmodi
2357 5053 2542 5110 haberi
2571 5059 2871 5116 orationem
2902 5062 2955 5116 in
2984 5078 3173 5120 eorum
3202 5070 3560 5124 sacramentis
3582 5085 3602 5125 :

2020 5138 2125 5204 Qui
2142 5158 2236 5211 per
2258 5143 2488 5215 adoptivi
2513 5147 2739 5204 hominis
2766 5154 3083 5223 passionem,
3113 5157 3239 5213 dum
3264 5176 3359 5213 suo
3390 5177 3492 5214 non
3520 5161 3610 5216 in-

2017 5233 2193 5304 dulget
2217 5240 2443 5308 corpori,
2472 5250 2647 5296 nostra
2669 5243 2898 5310 demum,
2927 5248 2982 5301 id
3012 5259 3108 5317 est,
3133 5251 3342 5317 iterum,
3375 5268 3478 5307 non
3506 5270 3605 5324 pe-

2016 5329 2195 5395 percit.
2233 5328 2399 5399 Cujus
2422 5334 2703 5402 petitionis
2726 5338 2892 5393 verba
2920 5340 3023 5395 sibi
3046 5342 3265 5398 omnino
3290 5359 3395 5398 non
3426 5345 3613 5400 cohae-

2017 5425 2175 5481 rent,
2233 5428 2288 5473 et
2334 5422 2548 5478 videtur
2595 5440 2627 5478 a
2673 5427 2993 5497 quibusdam
3048 5434 3453 5503 corruptoribus
3503 5451 3612 5505 pro

2016 5510 2270 5579 assumpti
2316 5510 2561 5579 hominis,
2606 5516 2835 5587 adoptiri
2878 5520 3114 5590 positum
3157 5537 3314 5587 esse;
3352 5524 3615 5596 quodque

2017 5601 2262 5669 sequitur
2292 5618 2306 5657 :
2337 5616 2512 5660 nostro
2533 5606 2762 5674 demum,
2785 5611 2841 5665 id
2862 5624 2959 5679 est,
2990 5614 3197 5680 iterum,
3226 5632 3328 5671 non
3352 5619 3609 5687 pepercit,

2018 5705 2174 5746 sensu
2201 5692 2453 5750 videlicet
2471 5706 2642 5765 caret,
2670 5714 2771 5756 nec
2801 5702 2932 5757 satis
2958 5702 3117 5771 lueet,
3155 5706 3284 5776 quid
3311 5706 3397 5762 his
3418 5708 3609 5767 verbis
