3964 6186
191 321 281 377 ἒιῖὸ

858 304 1271 364 ΒΟΟΜᾹΤΙΟΑ.
1315 335 1382 343 ——
1420 300 1579 356 ΜΠ.
1626 297 1820 356 ELll’A

1928 295 2016 351 υλι
2056 293 2232 348 LIBRI
2273 287 2364 346 lV'.
2401 320 2470 328 --
2508 285 2634 342 LIB.
2676 286 2742 340 ll.

3337 284 3439 342 9.36

189 423 474 501 signiﬁcari
516 420 704 483 voluit,
752 418 842 488 qui
889 417 1004 471 hzec
1047 415 1214 470 verba
1259 414 1327 468 ad
1366 412 1760 482 deprecandum
1791 411 1836 466 Δ
1865 422 1960 461 eos
1987 421 2124 461 esse.
2147 403 2294 460 Beati
2329 406 2504 472 itaque
2533 400 2722 456 lsidori
2755 398 3041 456 clarissimi
3073 401 3308 456 doctoris
3336 417 3440 455 non

189 522 347 577 Deum
387 510 713 582 composuit.
745 508 919 562 Aliam
965 506 1121 576 ponis
1159 505 1454 559 orationem
1487 517 1502 556 :
1532 502 1768 574 Respice,

192 609 428 672 Domine,
460 603 665 674 inquis,
688 598 921 670 fidelium
949 607 1156 650 tuorum
1185 594 1586 656 multitudinem,
1615 609 1770 662 quam

191 719 274 775 per
299 697 602 768 adoptionis
651 693 876 764 gratiam
926 689 1066 742 Filio
1103 698 1193 742 tuo
1239 689 1410 758 facere
1449 688 1692 755 dignatus
1719 703 1772 740 es

194 773 535 846 colam-edem.
575 784 643 837 Et
679 783 771 836 hic
807 779 1092 850 perspicue
1135 777 1436 846 adeptionis
1483 790 1676 828 nomen
1707 773 1776 828 ad

197 879 592 937 multitudinem
626 873 884 935 ﬁdelium,
907 886 1070 940 quam
1110 867 1244 922 Filio
1269 883 1367 921 suo
1395 881 1493 936 per
1535 865 1778 935 adoptio-

200 986 313 1027 nem
353 965 543 1038 gratiae
589 963 732 1018 Dens
769 960 898 1015 fecit
937 957 1291 1018 cohreredem.
1319 971 1424 1010 non
1465 955 1533 1008 ad
1577 953 1778 1008 Christi

200 1061 318 1118 Filii
353 1057 452 1112 Dei
492 1068 784 1126 personam
819 1050 1070 1120 pertinet.
1119 1046 1378 1101 Similiter
1421 1044 1563 1114 quod
1606 1043 1688 1100 ais
1724 1044 1782 1104 in

201 1151 299 1206 alia
333 1148 631 1202 oratione:
665 1141 941 1196 Praecessit
987 1139 1042 1192 in
1089 1138 1366 1207 adoptione
1417 1136 1646 1205 donum,
1697 1141 1785 1194 sed

203 1242 370 1295 adhuc
395 1246 561 1292 restat
586 1237 642 1288 in
667 1231 1054 1287 conversatione
1069 1228 1356 1298 judicium,
1380 1235 1438 1288 et
1455 1231 1548 1287 hic
1571 1231 1788 1286 omnino

202 1331 418 1403 adoptio
452 1327 520 1382 ad
564 1325 747 1380 fideles
773 1323 1028 1394 pertinet,
1065 1321 1158 1390 qui
1185 1321 1463 1398 iudicandi
1501 1333 1652 1388 sunt;
1683 1337 1788 1376 non

204 1423 266 1478 ad
311 1437 440 1478 eum
475 1419 569 1488 qui
596 1417 934 1486 iudicaturus
962 1423 1067 1474 est.
1109 1414 1172 1474 ln
1206 1416 1518 1488 prtel‘atione
1547 1430 1676 1470 vero
1700 1413 1789 1467 ubi

203 1515 341 1572 dicis
372 1532 386 1566 :
417 1511 490 1565 Et
515 1509 644 1564 Jesu
667 1505 878 1562 Christo
921 1505 1064 1565 Filio
1105 1521 1196 1564 tuo
1237 1508 1459 1562 Domino
1486 1515 1682 1568 nostra,
1704 1505 1792 1572 qui

202 1605 388 1677 pietati
415 1613 522 1656 tua?
566 1615 658 1670 per
697 1597 934 1674 adoptivi
962 1601 1187 1656 hominis
1228 1600 1544 1670 passionem,
1573 1604 1627 1650 et
1659 1593 1796 1649 forte

205 1697 278 1752 ibi
327 1695 383 1749 in
423 1691 826 1765 antiquioribus
871 1692 1232 1763 exemplariis,
1264 1689 1516 1759 assumpti
1549 1685 1794 1748 hominis,

205 1787 448 1858 positum
478 1757 613 1854 l’uii;
644 1788 738 1843 sed
780 1757 1092 1855 corruptum
1137 1793 1347 1853 postea.
1393 1757 1528 1848 Quid
1563 1786 1646 1833 est
1671 1792 1798 1832 vero
1835 1757 1876 1814 Β

207 1878 356 1947 quod
388 1881 639 1951 sequitur
671 1898 684 1933 :
715 1877 848 1933 Cum
886 1892 989 1930 non
1019 1875 1206 1929 exierit
1225 1890 1253 1926 e
1277 1871 1424 1936 ctelo,
1451 1867 1739 1924 exhibuerit
1776 1883 1802 1919 e

209 1971 526 2045 triumpho?
558 1973 798 2028 Olsscure
839 1969 1037 2023 dictum
1079 1974 1183 2030 est,
1213 1965 1258 2019 si
1293 1973 1472 2018 tamen
1514 1974 1708 2016 sensus
1749 1957 1802 2011 in

213 2066 300 2124 his
347 2066 535 2122 verbis
579 2065 771 2134 dignas
809 2059 1034 2114 inveniri
1079 2056 1294 2127 poterit.
1321 2069 1344 2096 ιι
1373 2055 1502 2109 Item
1533 2052 1588 2106 in
1625 2063 1691 2106 eo
1713 2049 1804 2104 ubi

217 2160 300 2212 ais
330 2175 346 2210 :
379 2153 557 2210 Hodie
589 2152 836 2206 Salvator
879 2157 1054 2203 noster
1093 2155 1206 2218 post
1253 2145 1581 2214 adoptionem
1633 2139 1807 2194 carnis

219 2248 396 2303 sedem
439 2244 643 2316 repetiit
685 2241 941 2304 Deitatis,
983 2239 1175 2293 melius
1213 2235 1382 2290 multo
1419 2232 1670 2288 convenit
1721 2229 1811 2285 hic

221 2339 326 2393 dici
367 2333 781 2404 assumptione»:
829 2329 1036 2393 carnis,
1083 2341 1243 2398 quam
1295 2324 1644 2396 adoptionem,
1684 2320 1809 2390 quia

223 2431 392 2485 Filius
415 2427 509 2481 Dei
531 2423 827 2492 assumpsit
852 2434 1092 2483 carnem,
1122 2433 1227 2472 non
1255 2413 1547 2484 adoptavit.
1573 2413 1638 2466 Et
1668 2410 1811 2480 quod

227 2519 478 2588 sequitur
507 2533 520 2567 :
556 2513 714 2568 Hunc
739 2509 984 2565 exultavit
1005 2510 1062 2562 in
1086 2506 1247 2570 caelis,
1279 2522 1429 2576 queat
1450 2501 1814 2558 Itumiliarerat

227 2611 280 2662 in
304 2587 564 2675 infernis,
588 2617 708 2672 quae
731 2607 816 2655 est
845 2595 1147 2653 humiliatio
1171 2595 1367 2649 Christi
1408 2593 1545 2662 apud
1574 2587 1813 2645 inferos?

227 2696 483 2766 Nunquid
509 2709 617 2749 non
643 2692 838 2746 fortem
867 2688 1202 2759 alligaverat,
1225 2694 1278 2740 et
1305 2685 1473 2756 spolia
1497 2685 1613 2754 ejus
1636 2681 1813 2737 distrio

227 2791 443 2851 buerat,
477 2795 530 2840 et
561 2767 810 2854 potenter
832 2779 1098 2850 captivam
1121 2773 1814 2847 captivavitcaptivitatem,

229 2891 284 2934 et
305 2893 494 2934 secum
523 2877 578 2930 in
603 2873 878 2943 triumpho
901 2869 1085 2941 gloria:
1117 2867 1322 2922 revexit
1351 2867 1404 2920 in
1435 2864 1634 2920 ccelos?
1661 2863 1820 2918 Videt

232 2980 322 3024 tur
347 2968 496 3043 enim
525 2965 630 3019 hoc
660 2963 832 3032 magis
865 2975 982 3014 esse
1011 2957 1350 3028 glorificatio,
1379 2970 1537 3024 quam
1570 2951 1821 3007 humilia-

231 3061 308 3114 tio
327 3059 457 3112 dum
488 3055 740 3110 Christus
767 3053 818 3106 in
844 3049 1068 3106 victoria
1093 3047 1358 3104 exaltalus
1373 3054 1474 3110 est,
1501 3053 1556 3099 et
1577 3043 1820 3098 diabolus

233 3153 287 3206 in
313 3149 540 3204 miseria
571 3147 879 3202 damnatus.
908 3143 1061 3211 Quod
1086 3143 1190 3208 ais,
1222 3142 1276 3195 in
1303 3141 1465 3195 missa
1495 3139 1668 3193 sancti
1690 3137 1824 3208 Spe-

235 3244 340 3298 rati
369 3239 630 3310 martyris
656 3236 957 3307 :Adoptivi,
984 3234 1180 3305 inquit,
1201 3231 1423 3286 hominis
1447 3246 1550 3283 non
1575 3227 1826 3282 horruisti

233 3334 603 3390 vestimentum
645 3343 849 3383 sumere
888 3327 1085 3390 carnis,
1116 3321 1495 3378 inconveniens
1533 3319 1696 3374 dietio
1721 3326 1824 3384 est,

242 3424 474 3495 adoptici
509 3421 740 3476 hominis
787 3419 1141 3472 vestimentum
1176 3413 1368 3468 carnis.
1401 3411 1603 3466 Tamen
1635 3408 1829 3464 melius

243 3513 469 3584 intelligi
492 3519 694 3582 potest,
719 3512 858 3580 quod
890 3506 1129 3561 Christus
1150 3514 1340 3559 nostra:
1358 3501 1653 3573 adoptionis
1681 3500 1831 3554 resti-

245 3611 474 3656 tuentem
495 3607 804 3660 assumeret,
830 3595 884 3650 id
902 3603 1006 3655 est,
1030 3608 1248 3648 carnem
1267 3598 1528 3651 nostram,
1555 3605 1660 3644 non
1687 3590 1830 3658 quod
1864 3609 1875 3620 σ

247 3696 337 3749 ille
385 3692 698 3762 adoptivum
749 3687 1126 3742 vestimentum
1165 3683 1464 3738 habuisset.
1522 3680 1578 3734 ln
1627 3687 1832 3734 tantum

247 3785 394 3840 enim
437 3783 596 3838 vobis
637 3780 815 3850 placet
863 3777 1164 3847 adoptionis
1189 3791 1406 3840 nomen,
1438 3783 1496 3828 ut
1530 3774 1836 3842 ubicunque

252 3875 382 3929 illud
411 3872 704 3928 inveniatis
751 3870 1032 3938 scriptum,
1071 3868 1188 3922 sine
1214 3866 1361 3936 omni
1401 3865 1720 3928 reverentia,
1752 3863 1838 3916 vel

253 3963 691 4021 consideratione
745 3961 812 4015 ad
869 3961 1280 4030 Redemptorem
1335 3965 1578 4012 nostrum
1635 3955 1839 4010 referre

257 4055 605 4118 contenditis,
637 4069 746 4109 non
783 4051 1139 4120 intelligentes
1182 4065 1301 4119 qua:
1334 4048 1528 4116 legitis.
1563 4047 1590 4086 δ
1617 4046 1841 4115 Insuper

257 4159 312 4202 et
337 4157 548 4202 vestros
575 4154 760 4216 patres
793 4151 847 4198 et
870 4143 1243 4212 progenitores
1263 4141 1318 4194 in
1354 4139 1586 4202 Christo,
1611 4152 1746 4206 quos
1775 4137 1842 4191 ad

261 4247 442 4292 vestra
473 4249 645 4304 usque
669 4243 909 4302 tempora
942 4231 1178 4285 Ecclesia
1199 4231 1292 4284 Dei
1319 4230 1539 4298 recepit,
1564 4228 1846 4282 hatreticos

262 4329 475 4382 edicere
505 4325 754 4381 studetis.
787 4323 938 4390 Quod
972 4337 1132 4392 quam
1177 4321 1398 4391 impium
1425 4321 1494 4374 sit
1522 4328 1577 4373 et
1624 4319 1847 4372 inhone-

265 4433 433 4484 stum,
461 4432 624 4473 nemo
658 4430 794 4486 pene
828 4415 1018 4468 doctus
1045 4413 1124 4466 vel
1158 4412 1402 4466 indoctus
1429 4411 1640 4479 ignorat
1668 4427 1682 4462 :
1711 4425 1846 4478 quo-

269 4530 388 4569 rum
435 4513 670 4582 plurima
714 4509 783 4562 ad
828 4523 927 4562 nos
964 4513 1324 4575 pervenerunt
1357 4505 1554 4572 scripta
1584 4501 1847 4557 catholica

271 4603 375 4656 title
413 4599 748 4662 veneranda,
799 4607 854 4652 et
891 4596 1116 4650 sununis
1160 4593 1468 4650 doctoribus
1515 4601 1713 4648 sancte
1757 4591 1850 4645 Dei

275 4692 530 4748 Ecclesim
553 4688 949 4745 convenientia.

347 4783 476 4837 \‘Ill.
517 4781 814 4848 Quiescite,
861 4777 963 4832 vrri
1011 4776 1227 4841 fratres,
1269 4775 1549 4846 quiescite,
1595 4783 1648 4828 et
1694 4771 1858 4828 nolite

279 4872 440 4927 vestri
460 4869 853 4940 blasphemiam
875 4867 1078 4922 erroris
1093 4865 1340 4936 patrihus
1359 4865 1622 4934 imputare
1645 4864 1857 4917 vestris.

283 4960 361 5014 Illi
399 4976 496 5014 sua
545 4958 857 5016 habuerunt
889 4966 1152 5026 tempora,
1182 4956 1442 5024 nobisque
1469 4954 1730 5026 pneclara
1779 4954 1861 5008 sui

283 5049 496 5105 sudoris
529 5051 586 5104 in
615 5056 804 5105 sancta
831 5047 1240 5103 conversatione
1267 5036 1596 5116 reliquerunt
1618 5045 1862 5116 vestigia,

283 5155 422 5210 quos
462 5140 770 5203 laudamus,
821 5152 1084 5192 amamus.
1129 5137 1236 5192 Sed
1264 5137 1418 5200 tales,
1450 5136 1634 5206 quales
1680 5151 1779 5190 nos
1809 5135 1862 5188 in

288 5219 504 5302 sa'iptis
527 5233 642 5287 suis
666 5245 764 5286 eos
789 5230 1124 5300 agnovimus,
1155 5243 1262 5283 non
1296 5228 1480 5296 quales
1515 5242 1612 5281 vos
1653 5226 1868 5282 refertis

361 5433 391 5460 ³
429 5421 563 5478 Vide
587 5419 756 5477 Card.
781 5417 950 5490 Bona,
976 5419 1178 5474 Rerum
1211 5419 1416 5490 Liturg.
1449 5417 1538 5470 lib.
1566 5432 1604 5479 ι,
1631 5431 1750 5486 cap.
1781 5415 1869 5477 ll,

293 5489 322 5561 ς
351 5490 410 5554 2,
447 5501 558 5547 not.
585 5491 639 5552 2.
683 5501 742 5545 et
771 5490 798 5558 §
824 5488 880 5561 ii.
908 5499 1020 5543 not.
1049 5490 1103 5561 3.

369 5563 398 5600 't
435 5563 564 5630 Vide
598 5556 794 5630 supra;
821 5559 913 5612 lib.
939 5559 1292 5630 vitadversus
1312 5557 1746 5630 Felieem,_n_nm.
1784 5556 1869 5608 lf’».

371 5642 395 5670 ⁸
422 5625 715 5692 Iuvencus,
744 5630 996 5697 Evangel.
1022 5629 1160 5684 Hist.
1190 5629 1312 5681 libr.
1337 5644 1372 5689 l,
1400 5637 1526 5681 tom.
1555 5625 1668 5680 XIX
1693 5627 1876 5678 Patro-

297 5700 466 5770 lngia’.

743 5793 1012 5851 Parant.
1057 5791 1152 5850 Cl.

1875 496 2048 552 solum
2088 495 2388 564 Hispaniae,
2437 507 2625 548 verum
2673 492 2838 550 etiam
2881 503 3194 548 cunctarum
3244 493 3447 546 Latiam

1874 587 2188 656 eloquentia:
2214 584 2576 642 Ecclesiarum
2604 585 2932 657 perplurima
2960 584 3269 654 legebamus
3289 598 3450 652 opus-

1876 678 2018 743 cula,
2047 684 2102 731 et
2139 677 2193 730 in
2220 691 2415 748 magna
2445 680 2706 734 habemus
2740 676 3116 740 veneratione;
3166 675 3218 730 in
3256 675 3454 744 quibus

1877 783 2143 838 nusquam
2165 768 2233 826 de
2255 765 2634 840 Redemptoris
2664 769 2832 823 nostri
2855 767 3186 820 humanitate
3213 765 3454 834 adoptio~

1878 860 1964 916 nis
2016 875 2212 919 nomen
2256 869 2538 917 exaratum
2597 859 2917 914 invenimus;
2968 857 3074 912 Sed
3129 865 3184 912 et
3232 855 3454 911 Juveuci

1880 955 2180 1026 presbyteri
2211 962 2371 1022 atque
2391 951 2556 1022 892
2583 950 2768 1020 optimi
2797 949 3128 1010 scholastici,
3150 962 3308 1016 quem
3332 947 3458 1000 bea-

1887 1058 1972 1102 tus
1991 1045 2348 1114 Hieronymus
2369 1042 2568 1106 laudat,
2596 1039 2834 1095 carmina
2855 1039 3190 1108 Evangelica:
3212 1037 3462 1092 Historia:

1885 1139 2258 1212 prospeximus
2290 1133 2494 1208 [Forte,
2524 1130 2958 1202 perspeximus],
2999 1131 3090 1199 qui
3132 1130 3182 1183 in
3229 1129 3460 1199 quodam

1887 1249 2047 1287 versu
2079 1231 2350 1287 Christum
2381 1227 2656 1298 proprium
2700 1225 2895 1278 Filium
2932 1224 3026 1278 Dei
3070 1222 3336 1278 catholico
3370 1235 3465 1277 ore

1893 1339 1997 1379 non
2034 1321 2341 1377 formidavit
2365 1317 2654 1389 appellare.
2684 1317 2773 1370 Ait
2809 1317 2953 1370 enim
2983 1326 3003 1352 ο
3041 1333 3054 1367 :

2013 1493 2133 1542 Nam
2159 1492 2350 1553 [Quem
2374 1491 2500 1551 Non]
2524 1499 2602 1538 tua
2628 1489 2899 1553 concipient
2917 1485 3316 1553 cn-lesti'vlscera
3336 1486 3471 1546 jussu

2019 1547 2217 1606 Natus-If.
2241 1566 2386 1613 quit-3m
2414 1547 2622 1611 regnare
2648 1547 2781 1598 Deus
2803 1562 2890 1609 per
2913 1547 3090 1613 saacula
3113 1553 3304 1613 cuncta.

2021 1617 2080 1664 Et
2099 1606 2336 1677 propriam
2353 1606 2496 1677 credi
2521 1613 2739 1677 sobolem
2760 1606 3038 1677 gaudetque.
3055 1606 3320 1677 iubetque,

2022 1668 2162 1725 Hune
2183 1668 2264 1724 ubi
2290 1674 2382 1722 sub
2407 1673 2568 1734 legem
2595 1668 2840 1721 (Πηλέα)
2862 1668 3044 1731 lucem)
3068 1670 3290 1789 deperis,
3309 1668 3372 1777 Sit
3395 1679 3475 1714 no-

3165 1741 3292 1778 mine
3345 1741 3475 1776 esus.

3165 1741 3292 1778 mmi-
3313 1741 3476 1777 διέδυς.

1905 1876 2100 1932 Juliani
2127 1893 2342 1948 quoque
2372 1876 2602 1932 Pomerii
2639 1875 2661 1916 ιι
2694 1874 3043 1946 Prognostica
3079 1889 3144 1929 ex
3173 1879 3481 1929 sanctorum

1905 1968 2126 2024 ﬂoribus
2171 1968 2392 2024 collecta
2444 1969 2663 2023 Patrum
2718 1967 3212 2030 consideravimus,
3261 1981 3361 2020 nec
3411 1964 3482 2018 ibi

1908 2059 2106 2129 aliquid
2130 2059 2290 2128 hujus
2323 2067 2517 2113 vestrze
2544 2059 2844 2112 invenimus
2874 2065 3034 2114 secta:
3067 2057 3357 2127 depictum.
3385 2055 3486 2110 Ve—

1909 2151 2330 2220 nerabiliumque
2373 2150 2594 2204 Patrum
2637 2151 2688 2204 in
2723 2148 2908 2205 Toleto
2955 2149 3239 2220 synodales
3281 2150 3347 2204 ad
3387 2164 3488 2203 nos

1909 2250 2269 2312 pervenerunt
2286 2241 2614 2302 sanctiones,
2646 2241 2697 2294 in
2722 2256 2946 2310 quorum
2972 2239 3165 2294 litteris
3187 2238 3318 2293 nihil
3341 2241 3487 2302 novi,

1911 2335 1996 2391 vel
2029 2336 2266 2405 antiquis
2291 2337 2618 2390 contrarium
2645 2332 2926 2397 Pati-ibus;
2970 2333 3063 2387 sed
3091 2333 3270 2388 omnia
3305 2333 3490 2387 catho—

1911 2427 2016 2483 lico
2038 2427 2178 2497 stylo
2201 2427 2496 2496 perscripta
2521 2424 2855 2495 agnovimus.
2877 2423 3002 2478 Ideo
3027 2422 3199 2492 magis
3219 2422 3492 2476 aestiman-

1915 2519 2042 2574 dum
2069 2526 2154 2572 est
2179 2516 2420 2586 iuniores
2455 2511 2724 2586 quoslibet
2767 2512 2930 2582 hujus
2971 2529 3121 2568 novae
3163 2511 3496 2566 inﬁdelitatis

1917 2609 2122 2664 catenis
2151 2607 2448 2677 colligatos,
2481 2605 2548 2660 ad
2577 2601 2931 2675 perditionem
2977 2605 3058 2658 sui
3087 2604 3324 2672 ipsorum
3354 2603 3496 2656 dicta

1918 2707 2226 2754 sanctorum
2253 2711 2602 2766 corrumpere
2627 2697 2928 2760 doctorum,
2950 2703 3006 2750 et
3025 2709 3242 2749 suorum
3265 2695 3499 2764 pessima

1920 2789 2216 2862 pertinacia
2260 2787 2530 2842 maculare
2571 2802 2764 2840 nomen
2810 2793 3116 2855 parentum,
3147 2785 3233 2840 cui
3262 2784 3502 2839 audacias

1922 2875 1997 2935 nil
2027 2878 2306 2935 scelestius
2333 2877 2416 2930 vel
2449 2877 2684 2930 atrocius
2711 2892 2830 2930 esse
2855 2877 3071 2946 poterit.
3101 2876 3165 2928 Et
3203 2876 3303 2930 hoc
3335 2891 3398 2929 ex
3436 2890 3502 2930 co

1921 2968 2042 3025 veri
2081 2983 2201 3024 esse
2232 2965 2408 3023 simile
2448 2965 2680 3031 videtur,
2727 2966 2851 3035 quia
2899 2965 3397 3034 probatissitnorum
3448 2967 3502 3018 in

1923 3061 2124 3118 Christi
2159 3059 2400 3114 Ecclesia
2427 3058 2705 3112 doctorum
2733 3065 2785 3109 et
2813 3055 3062 3110 onmihus
3091 3055 3502 3124 acceptabilium

1926 3153 2221 3208 catholicas
2239 3149 2553 3210 sententias,
2575 3147 2655 3202 vel
2681 3161 2932 3216 perverso
2955 3146 3295 3215 iutctpretari
3318 3161 3503 3208 sensu,

1926 3243 2008 3297 vel
2037 3241 2237 3312 perﬁda
2267 3256 2365 3294 vos
2392 3240 2676 3294 immutare
2704 3238 3007 3292 temeritate
3029 3235 3343 3308 agnovimus
3369 3255 3382 3290 ε
3411 3236 3511 3292 vel-

1928 3333 2004 3386 uti
2035 3331 2089 3386 in
2121 3331 2390 3401 aliquibus
2443 3330 2788 3400 probavimus
2829 3329 2983 3393 locis,
3023 3329 3149 3383 dum
3193 3327 3260 3382 ad
3290 3344 3387 3382 nos
3417 3343 3514 3396 per

1930 3422 2161 3476 Felicem
2197 3421 2327 3475 olim
2375 3429 2645 3484 vestrum,
2681 3435 2824 3474 nunc
2865 3428 3044 3473 autem
3084 3427 3326 3474 nostrum
3367 3433 3515 3472 com-

1931 3513 2225 3568 militonem
2269 3511 2452 3580 plures
2497 3511 2658 3565 vestri
2713 3509 2915 3565 erroris
2959 3517 3324 3580 pervenerunt
3367 3508 3503 3561 litte-

1933 3605 2082 3660 rulae.

2005 3695 2094 3748 IX.
2139 3693 2243 3748 Sed
2297 3692 2572 3748 sciendum
2621 3703 2703 3748 est
2743 3692 2926 3756 vobis,
2973 3692 3120 3762 quod
3157 3691 3314 3760 longe
3362 3688 3520 3742 aliter

1916 3785 2131 3850 ,beatus
2159 3782 2452 3850 Gregorius
2487 3777 2810 3836 venerabilis
2829 3787 2884 3834 et
2906 3780 3316 3852 probatissimus
3340 3778 3394 3831 in
3416 3778 3522 3831 (ide

1939 3874 2202 3930 catholica
2231 3873 2420 3926 doctor
2451 3871 2726 3926 orationes
2750 3871 2804 3924 in
2834 3871 3197 3925 celebratione
3213 3877 3268 3924 et
3287 3867 3524 3922 oraculis

1941 3971 2255 4028 missarum,
2287 3963 2351 4018 ad
2383 3962 2779 4033 deprecandum
2814 3960 2910 4015 Dei
2958 3961 3114 4015 nobis
3157 3959 3522 4020 clementiam,

1942 4058 2187 4128 plurimis
2217 4055 2518 4126 composuit
2558 4055 2610 4108 in
2653 4053 2816 4117 locis;
2852 4060 3013 4122 atque
3059 4067 3206 4118 cum,
3243 4069 3340 4122 per
3371 4051 3524 4120 cuius

1947 4151 2284 4220 adoptionem
2321 4146 2489 4202 vestri
2539 4145 2844 4200 sacerdotes
2892 4161 3019 4200 suas
3065 4161 3253 4215 preces
3292 4145 3528 4200 oli‘erunt

1948 4240 2080 4302 Deo,
2107 4253 2318 4307 semper
2340 4235 2684 4306 Uuigenitum
2717 4244 2903 4290 sancto
2935 4251 2998 4290 ac
3025 4237 3284 4306 singulari
3311 4235 3527 4289 nomine

1951 4336 2314 4400 perpetuaque
2336 4327 2681 4381 veneratione
2705 4325 2972 4397 appellare
2997 4343 3102 4381 non
3133 4326 3414 4381 dubitavit.
3439 4323 3530 4378 Ait

1879 4443 1926 4500 ο
1950 4421 2096 4475 enim
2128 4421 2180 4475 in
2207 4419 2370 4474 missa
2397 4419 2464 4473 ad
2490 4417 2704 4474 Palmas
2729 4420 2779 4473 in
2807 4420 3053 4474 oratione
3082 4421 3309 4489 quadam
3336 4430 3359 4456 ε
3387 4433 3400 4471 :
3424 4417 3528 4480 De,

1952 4527 2276 4583 qua'sumns,
2303 4513 2623 4582 omnipotens
2651 4511 2812 4574 Deus,
2837 4521 2890 4564 ut
2915 4513 3006 4580 qui
3027 4512 3078 4564 in
3107 4522 3180 4564 tot
3217 4511 3445 4564 adversis
3466 4527 3530 4563 ea:

1957 4611 2134 4656 nostra
2158 4603 2458 4670 inﬁrmitate
2483 4600 2774 4668 deficimus,
2803 4601 3146 4654 intercedente
3169 4599 3432 4672 Unigeniti
3455 4602 3532 4655 tui

1959 4691 2088 4746 Filii
2114 4693 2372 4762 passione,
2400 4690 2726 4760 respiremus.
2754 4690 2883 4744 ltcm
2901 4699 3090 4760 quarta
3119 4689 3255 4745 feria
3297 4689 3534 4759 ejusdem

1960 4783 2311 4838 hebdomadis
2340 4799 2352 4834 :
2385 4780 2609 4843 Pra'sta,
2651 4797 2970 4850 quwsumus,
3006 4782 3328 4852 omnipotens
3370 4781 3536 4844 Deus,

1964 4882 2019 4928 ut
2054 4873 2142 4944 qui
2179 4872 2368 4925 nostris
2409 4870 2702 4924 excessibus
2743 4871 3062 4924 incessanter
3107 4871 3402 4942 afﬂigimur,
3449 4885 3540 4940 per

1967 4963 2228 5033 Unigem'ti
2247 4962 2326 5014 tui
2343 4960 2640 5032 passionem
2657 4959 2952 5015 liberemur.
2981 4961 3111 5015 Item
3131 4963 3184 5016 in
3208 4961 3538 5016 Ascensione

1966 5049 2500 5115 DominizConcede,
2546 5067 2865 5121 qua‘sumus,
2917 5052 3240 5122 omnipotens
3273 5050 3434 5114 Deus,
3483 5060 3538 5102 ut

1962 5143 2054 5213 qui
2078 5141 2329 5197 hodierna
2365 5141 2450 5196 die
2493 5139 2828 5212 Unigenitum
2851 5151 3000 5194 tuum
3028 5139 3416 5211 Redemptorem
3447 5157 3540 5194 no-

1965 5245 2130 5290 strum
2174 5233 2242 5288 ad
2283 5233 2434 5286 caelos
2477 5231 2754 5286 ascendere
2781 5227 2946 5301 [Cod.
2984 5229 3183 5295 Paris.,
3215 5229 3541 5305 ascendisse]

2042 5415 2066 5454 ἀ
2098 5413 2292 5467 .luliani
2317 5410 2548 5465 Pomerii
2570 5405 2956 5478 archiepiscopi
2979 5406 3223 5478 Toletani
3243 5409 3344 5478 abs
3363 5406 3545 5478 dubia,

1974 5501 2132 5556 quem
2153 5484 2316 5556 etiam
2341 5481 2431 5534 alii
2450 5481 2664 5556 quidam
2689 5477 2900 5556 veieres
2924 5477 3216 5556 scriptores
3239 5477 3544 5556 Pomerium

1975 5548 2417 5623 cognominarunt
2456 5548 2662 5623 {cujus
2703 5548 3238 5620 Pragtzostica'edita
3284 5549 3550 5601 habentur

1978 5619 2105 5680 tom.
2141 5621 2298 5676 XCVI
2327 5619 2660 5689 l‘atrolugiat.

2056 5707 2078 5732 ε
2121 5693 2176 5744 S.
2206 5691 2364 5760 Creg.
2395 5691 2538 5745 Lilu'.
2574 5691 3066 5744 Sacramentorum.
