3964 6186
1238 130 1251 159 ι

384 318 485 373 267

1227 308 1286 361 Β.
1328 307 1388 359 F.
1422 260 1647 359 ALDlNl
1686 303 1815 358 εει]
1856 300 2129 357 Αιςυικι
2168 294 2449 355 OPERUM
2487 298 2665 353 PARS
2702 298 2785 354 ιιι.

3528 295 3630 350 2¹ἒ3

382 436 665 498 credimus.
690 431 819 485 Item
841 426 909 480 ad
929 423 1278 479 elevationem
1296 430 1495 475 sancta:
1516 417 1703 473 Crucis
1721 430 1745 457 ιι
1779 434 1792 470 :
1816 416 1958 470 Deus
1987 420 2035 475 Α
2063 414 2293 469 hominis
2305 430 2402 485 per
2418 413 2610 468 Filium
2630 414 2722 467 Dei
2738 414 2790 468 in
2813 412 2946 467 Filio
2968 411 3062 466 Dei
3079 425 3197 465 esse
3217 411 3590 479 promeretur?
3609 431 3627 461 ι

386 544 474 602 qui
516 522 776 596 Unigeniti
805 520 881 574 tui
909 517 1133 590 pretioso
1175 515 1427 585 sanguine
1472 512 1744 581 viviﬁcata:
1785 510 1956 565 crucis

386 618 631 676 vexillum
648 612 981 683 isanctiﬁcare
1004 607 1244 671 voluisti;
1266 605 1528 667 eumdem,
1559 605 1611 659 id
1635 615 1736 669 est,
1773 603 1957 659 Jesum

387 682 667 767 Christum
704 705 900 761 Filium
939 702 1057 768 Dei,
1087 700 1178 770 qui
1220 712 1409 768 passus
1454 704 1554 759 est,
1603 706 1657 751 et
1699 697 1955 751 mundum

388 800 606 872 proprio
629 796 859 853 redemit
880 790 1157 862 sanguine,
1181 787 1395 842 amabili
1424 793 1478 840 et
1500 785 1716 854 speciali
1742 785 1957 840 nomine

389 890 736 960 Unigenitum
774 883 1083 958 appellans;
1131 885 1396 950 quatenus
1444 875 1496 929 in
1544 873 1661 944 ejus
1701 874 1957 944 singulari

388 984 693 1046 dilectione,
723 979 815 1048 qui
860 976 1006 1032 solus
1032 972 1223 1027 unicus
1243 977 1299 1024 et
1328 967 1631 1039 unigenitus
1657 966 1752 1019 Dei
1782 965 1960 1018 Patris

390 1087 472 1132 est
499 1077 685 1138 Filius,
714 1072 782 1127 ad
807 1085 866 1125 se
889 1063 1248 1125 clamantibus
1272 1061 1593 1116 misereatur
1616 1058 1758 1111 Deus
1783 1055 1957 1110 omni»

388 1178 597 1240 potens.
630 1164 735 1221 Sed
766 1163 831 1216 de
858 1160 944 1215 his
967 1159 1085 1213 hmo
1111 1152 1396 1210 sufﬁciant.
1428 1149 1558 1217 Qua:
1581 1158 1881 1217 sequuntur
1906 1147 1957 1200 in

389 1262 689 1315 litterarum
726 1262 939 1309 tuarum
976 1249 1251 1305 salebroso
1286 1243 1519 1314 eloquio,
1552 1241 1848 1296 videamus.

456 1346 525 1403 X.
564 1345 732 1416 Igitur
760 1335 901 1397 sicut
939 1338 1100 1410 paulo
1138 1344 1261 1390 ante
1288 1332 1653 1404 probavimus,
1699 1345 1867 1384 novos
1907 1336 1959 1381 te

388 1444 606 1508 repente
647 1430 1007 1489 introduxisse
1049 1427 1359 1497 prophetas,
1400 1424 1475 1477 ita
1502 1436 1668 1475 novas
1696 1418 1958 1508 siquidem

389 1507 465 1584 ex,
478 1525 787 1582 nominibus
813 1527 1119 1576 sanctorum
1137 1517 1358 1571 Patrum
1387 1512 1543 1583 ﬁngis
1569 1510 1665 1564 tibi
1686 1507 1957 1578 epistolas,

388 1628 652 1691 quatenus
692 1630 759 1669 ex
803 1626 990 1668 earum
1035 1607 1317 1665 sententiis
1355 1614 1502 1659 tuum
1528 1602 1797 1673 potuisses
1820 1597 1963 1652 aﬁir—

391 1690 538 1765 mare
562 1719 823 1761 errorem.
864 1701 973 1756 Nec
1014 1700 1118 1755 hoc
1155 1698 1369 1759 mirum,
1406 1694 1533 1749 dum
1582 1693 1694 1761 ipse
1732 1690 1963 1744 Satanas

392 1798 737 1868 transﬁgurat
779 1807 837 1848 se
866 1792 920 1846 in
956 1789 1205 1859 angelum
1249 1785 1403 1849 lucis,
1429 1784 1471 1837 si
1515 1781 1963 1853 pseudodoctores
1999 1753 2038 1812 Β

391 1889 773 1958 transﬁgerent
819 1897 915 1938 sua
961 1881 1103 1935 dicta
1144 1876 1301 1947 quasi
1352 1872 1708 1945 probabilium
1763 1869 1964 1938 scripta

388 1978 685 2033 doctorum.
714 1973 847 2027 Nam
874 1968 1116 2024 falsidico
1142 1967 1297 2036 ﬁngis
1325 1963 1538 2017 flamine
1567 1961 1824 2032 quasdam
1853 1958 1966 2028 epi-

389 2068 554 2124 stolas
568 2067 781 2121 beatum
809 2061 1195 2130 Hieronymum
1232 2055 1315 2109 vel
1345 2062 1589 2109 sanctum
1609 2047 1963 2122 Augustinum

390 2156 688 2227 scripsisse,
722 2153 776 2206 in
813 2151 1008 2221 quibus
1036 2145 1279 2202 crebrius
1319 2142 1621 2213 adoptionis
1666 2140 1965 2195 immissum

390 2262 582 2304 nomen
610 2240 993 2313 perspeximus,
1029 2237 1181 2307 quasi
1211 2235 1282 2288 illi
1326 2231 1649 2288 sanctissimi
1684 2238 1738 2285 et
1769 2230 1965 2298 proba-

390 2336 582 2394 tissimi
612 2335 858 2389 doctores
884 2346 947 2385 ea
971 2330 1036 2385 de
1064 2342 1205 2397 szepc
1234 2325 1373 2381 dicta
1399 2323 1682 2391 adoptione
1711 2320 1962 2384 dixerint,

389 2446 507 2500 qua:
538 2441 808 2497 nunquam
843 2424 1111 2484 dixerunt,
1139 2434 1237 2473 nec
1266 2431 1493 2485 usquam
1526 2415 1577 2468 in
1599 2428 1786 2467 eorum
1815 2427 1966 2481 repe-

392 2522 604 2574 riuntur
640 2514 876 2584 scriptis,
914 2527 1014 2565 nec
1053 2511 1263 2564 illorum
1310 2508 1455 2576 piam
1502 2514 1556 2558 et
1606 2503 1966 2558 venerabilem

393 2611 634 2666 redolent
661 2603 1052 2674 eloquentiam;
1085 2600 1177 2653 sed
1214 2607 1407 2651 vestrse
1453 2594 1733 2665 imperitiae
1775 2592 1970 2647 litteris

391 2707 446 2754 et
471 2695 688 2771 syllabis
708 2693 871 2764 893
896 2690 1069 2757 magis
1096 2686 1378 2742 assimilari
1401 2692 1650 2753 qurerunt
1676 2679 1828 2752 [Cod.
1865 2680 1969 2734 Pa-

394 2792 510 2853 ris.,
527 2783 774 2858 queunt],
793 2784 901 2836 imo
923 2796 1021 2835 nec
1041 2778 1250 2833 illarum
1273 2774 1598 2844 exemplaria
1620 2772 1965 2844 epistolarum

390 2878 585 2934 alicubi
607 2877 660 2929 in
690 2872 968 2929 catholicis
990 2869 1331 2924 inveniuntur
1351 2864 1597 2921 scrineis.
1620 2864 1749 2918 Tam
1777 2876 1968 2932 magna

391 2978 446 3025 et
474 2979 583 3023 tam
610 2965 815 3035 prolixa
843 2962 1013 3017 sancti
1042 2958 1372 3029 llieronymi,
1401 2956 1485 3010 vel
1514 2956 1675 3010 etiam
1698 2955 1838 3008 beati
1862 2954 1970 3015 Au-

392 3057 587 3129 gustini
618 3053 871 3124 opuscula
909 3051 1238 3121 legebamus,
1266 3046 1622 3118 epistolasque
1649 3061 1786 3115 pene
1810 3046 1967 3100 innu-

392 3148 711 3212 merabiles,
764 3147 817 3201 in
870 3145 1066 3216 quibus
1118 3155 1383 3211 nusquam
1432 3154 1618 3195 eorum
1676 3138 1967 3207 quemlibet

392 3240 662 3295 Christum
685 3237 985 3291 invenimus
1006 3232 1311 3301 adoptivum
1333 3230 1655 3290 nominasse,
1683 3244 1782 3282 nec
1801 3228 1968 3280 Deum

395 3328 825 3398 nuncupativum,
866 3325 962 3379 sed
989 3336 1201 3391 semper
1245 3321 1445 3389 absque
1484 3318 1589 3372 ulla
1638 3318 1969 3371 dubitatione

392 3432 580 3473 verum
604 3418 769 3469 Deum
786 3454 802 3478 ,
831 3426 1125 3480 verumque
1148 3409 1243 3463 Dei
1271 3408 1463 3461 Filium
1483 3408 1761 3461 Christum
1790 3407 1970 3475 appel-

394 3506 535 3562 lasse
557 3511 612 3559 et
632 3504 973 3572 praedicasse,
1006 3501 1150 3569 quod
1176 3499 1294 3553 loco
1321 3505 1641 3567 opportuno,
1672 3496 1969 3564 opitulante

399 3593 531 3658 Deo,
556 3589 1063 3647 demonstrabimus.

473 3682 560 3737 XI.
600 3682 866 3737 Ponamus
893 3688 1072 3733 tamen
1097 3676 1305 3747 aliquas
1333 3692 1399 3732 ex
1435 3676 1538 3731 illis
1570 3674 1828 3731 falsidicis
1852 3677 1967 3746 epi-

398 3772 551 3828 stolis
604 3771 920 3834 sententias,
950 3783 1083 3837 quas
1135 3781 1231 3821 vos
1269 3767 1323 3821 in
1368 3774 1546 3821 vestro
1591 3766 1771 3821 libello
1816 3767 1971 3823 nobis

398 3863 688 3928 direxistis,
720 3870 779 3916 ut
826 3861 994 3916 lector
1036 3866 1290 3929 agnoscat
1328 3874 1489 3928 quam
1536 3860 1973 3914 iueonvenienter

400 3968 580 4027 partes
618 3954 876 4011 orationis
920 3953 1104 4029 posita:
1146 3952 1255 4007 sint
1298 3952 1351 4005 in
1397 3951 1498 4015 eis,
1533 3959 1588 4007 et
1616 3966 1775 4020 quam
1808 3951 1970 4020 impio

398 4063 559 4105 sensu
586 4061 750 4118 prava
776 4044 1091 4116 compositio
1112 4043 1401 4098 verborum
1424 4040 1678 4097 redoleat.
1709 4040 1775 4094 Et
1795 4042 1971 4111 primo

400 4156 519 4195 eam
565 4139 887 4195 sententiam
940 4137 1267 4193 deducamus
1311 4136 1362 4189 in
1415 4136 1677 4199 medium,
1711 4150 1874 4204 quam
1914 4143 1970 4189 tu

399 4248 563 4303 pravo
591 4246 741 4285 more
779 4230 919 4285 beati
967 4228 1277 4298 Hieronymi
1327 4228 1525 4282 asseris
1568 4243 1707 4282 esse.
1766 4227 1972 4282 Putasti

401 4323 485 4378 vel
515 4322 684 4392 magis
713 4336 811 4374 nos
848 4326 1039 4389 putare
1080 4318 1293 4371 voluisti
1321 4334 1442 4371 eum
1473 4318 1652 4371 dicere
1679 4335 1691 4370 :
1730 4336 1746 4369 ι
1782 4318 1967 4384 Filius,

2059 508 2291 562 Verbum
2321 521 2533 576 quoque
2578 515 2901 576 promeretur
2934 504 3212 574 praesentis
3241 504 3496 573 temporis
3535 520 3632 575 po-

2055 598 2229 663 suisti,
2265 598 2416 668 quasi
2460 614 2603 652 nunc
2652 596 2792 650 ﬁlius
2835 596 3068 652 hominis
3117 596 3325 651 meritis
3368 596 3480 651 suis
3537 613 3637 666 per

2056 688 2248 743 Filium
2274 689 2368 743 Dei
2409 689 2462 742 in
2490 688 2625 743 Filio
2654 687 2750 741 Dei
2775 702 2893 742 esse
2921 696 3258 757 promeretur
3289 705 3301 740 :
3330 688 3473 757 quod
3509 704 3635 759 pro-

2056 780 2141 834 cul
2171 779 2333 834 dubio
2358 787 2542 834 sancta
2569 786 2623 833 et
2652 778 2914 833 catholica
2938 778 3069 832 ﬁdes
3099 777 3392 832 fortissime
3415 788 3631 833 contra-

2057 871 2205 935 dicit,
2237 879 2295 924 ut
2320 870 2443 925 ullis
2468 871 2674 926 meritis
2703 870 3131 940 prrecedentibus
3159 871 3447 925 meruisset
3471 873 3634 926 homo

2059 969 2363 1030 assumptus
2391 976 2420 1015 a
2448 961 2631 1017 Verbo,
2657 960 2773 1023 Dei,
2807 968 2867 1015 ut
2887 960 3055 1015 Filius
3074 960 3169 1016 Dei
3196 970 3356 1031 esset,
3387 962 3524 1016 sicut
3547 979 3635 1017 so-

2058 1051 2159 1105 lius
2188 1054 2553 1107 tantummodo
2579 1053 2721 1106 beati
2749 1052 3029 1121 Augustini
3058 1053 3364 1106 testimonio
3399 1054 3634 1124 proban-

2058 1143 2186 1196 dum
2208 1156 2326 1196 esse
2348 1144 2485 1197 satis
2527 1145 2754 1198 aestimo.
2784 1144 2874 1197 Ait
2898 1143 3039 1197 enim
3075 1153 3196 1213 post
3221 1144 3323 1198 alia
3352 1146 3634 1201 catholicae

2059 1232 2181 1285 ﬁdei
2208 1231 2453 1299 dogmata
2474 1233 2527 1284 in
2550 1232 2749 1295 libello,
2768 1234 2861 1302 qui
2883 1233 3078 1287 dicitur
3105 1233 3449 1289 Enehiridion
3476 1235 3631 1306 (Cap.

2058 1321 2149 1390 ’56)
2182 1339 2194 1373 :
2229 1339 2246 1369 ι
2277 1320 2416 1387 Quid
2443 1319 2609 1383 enim,
2640 1322 2828 1389 inquit,
2856 1333 3050 1378 natura
3079 1325 3312 1379 humana
3342 1326 3394 1379 in
3418 1326 3636 1382 homine

2059 1412 2274 1467 Christo
2314 1412 2531 1474 meruit,
2572 1420 2628 1465 ut
2672 1412 2725 1466 in
2768 1417 3026 1471 unitatem
3071 1432 3315 1487 personae
3341 1420 3485 1473 unici
3515 1419 3636 1475 Filii

2060 1502 2155 1557 Dei
2186 1502 2531 1571 singulariter
2560 1512 2704 1557 esset
2727 1507 3032 1572 assumpta?
3060 1506 3187 1574 Qua:
3209 1509 3344 1563 bona
3365 1510 3634 1577 voluntas,

2061 1591 2214 1659 cujus
2242 1592 2369 1646 boni
2412 1593 2673 1660 propositi
2720 1592 2970 1653 studium,
3002 1607 3121 1661 qua:
3145 1597 3282 1652 bona
3307 1614 3468 1668 opera
3501 1617 3640 1671 pm-

2063 1688 2358 1743 cesserunt,
2387 1681 2582 1750 quibus
2606 1688 2906 1735 mereretur
2930 1681 3030 1736 iste
3050 1684 3213 1738 homo
3236 1700 3340 1743 una
3379 1691 3491 1746 ﬁeri
3516 1707 3638 1761 per-

2066 1787 2195 1829 sona
2237 1788 2359 1827 cum
2390 1772 2533 1826 Deo?
2560 1772 2807 1843 Nunquid
2840 1783 2999 1830 antea
3031 1774 3129 1830 fuit
3166 1778 3346 1841 homo,
3379 1793 3431 1835 et
3459 1784 3561 1841 hoc
3589 1785 3637 1841 ci

2065 1866 2336 1935 singulare
2382 1865 2700 1920 beneﬁcium
2745 1868 3044 1935 przeslitum
3084 1875 3183 1930 est,
3213 1878 3273 1923 ut
3299 1870 3641 1941 singulariter

2065 1966 2463 2026 promereretur
2481 1957 2679 2012 Deum?
2703 1957 2903 2027 Nempe
2923 1974 2987 2014 ex
3010 1974 3117 2028 quo
3138 1961 3299 2015 homo
3319 1976 3437 2017 esse
3456 1969 3640 2035 ccepit,

2065 2065 2171 2104 non
2194 2050 2337 2105 aliud
2352 2049 2514 2118 cmpit
2543 2064 2663 2104 csse
2687 2064 2845 2117 quam
2874 2049 2967 2104 Dei
2991 2049 3176 2115 Filius,
3198 2059 3253 2105 et
3270 2052 3372 2107 hoc
3394 2054 3603 2110 unicus.
3620 2075 3637 2106 ι

2066 2141 2205 2208 Quid
2234 2143 2323 2196 hic
2353 2150 2523 2196 restat
2551 2141 2861 2204 dubietatis,
2908 2157 2975 2194 an
3020 2140 3266 2197 Christus
3318 2144 3371 2198 in
3415 2154 3645 2215 utraque

2066 2243 2262 2295 natura
2290 2250 2428 2289 unus
2454 2242 2508 2288 et
2545 2234 2735 2288 unicus
2762 2234 2831 2288 sit
2859 2233 3027 2287 Filius
3053 2233 3181 2288 Dei?
3207 2233 3358 2289 Sicut
3395 2238 3537 2292 enim
3568 2240 3646 2293 di-

2066 2326 2204 2381 vina:
2226 2335 2434 2381 naturte
2458 2327 2560 2382 iste
2584 2327 2882 2395 praecipuus
2904 2324 3092 2381 doctor
3121 2328 3263 2382 unici
3293 2328 3411 2384 Filii
3449 2345 3641 2385 nomen

2068 2416 2331 2486 apposuit,
2354 2416 2427 2474 ita
2449 2416 2610 2471 etiam
2638 2416 2904 2480 humanae,
2931 2417 3056 2471 dum
3079 2417 3190 2471 ait:
3218 2417 3415 2489 Nempe
3437 2436 3504 2475 ex
3532 2437 3641 2490 quo

2066 2509 2227 2563 homo
2256 2507 2419 2574 ccepit
2447 2521 2583 2568 esse,
2627 2522 2735 2561 non
2784 2506 2928 2561 aliud
2964 2523 3083 2562 esse
3129 2510 3288 2577 cmpit
3333 2525 3494 2579 quam
3546 2511 3644 2569 Dei

2066 2597 2253 2660 Filius,
2285 2606 2340 2651 et
2385 2598 2489 2653 hoc
2532 2596 2742 2652 unicus.
2796 2598 2860 2652 Et
2901 2606 3025 2667 post
3056 2613 3223 2667 pauca
3267 2600 3536 2656 subinfert
3581 2604 3648 2658 de

2066 2687 2283 2742 Christo
2314 2702 2327 2740 :
2366 2705 2383 2737 ι
2414 2687 2605 2751 Homo,
2638 2688 2840 2757 inquit,
2878 2689 3039 2743 nullis
3072 2691 3495 2757 prmcedentibus
3535 2709 3652 2749 me-

2069 2778 2188 2833 ritis
2228 2778 2279 2831 in
2311 2779 2426 2847 ipso
2463 2778 2685 2833 exordio
2722 2786 2930 2835 natura:
2972 2796 3101 2846 suae,
3150 2797 3260 2851 quo
3303 2798 3423 2838 esse
3461 2786 3644 2856 carpit,

2069 2869 2246 2923 Verbo
2277 2867 2371 2922 Dei
2403 2868 2745 2938 copularetur
2771 2870 2823 2923 in
2853 2878 3056 2926 tantam
3088 2887 3332 2941 persona:
3364 2875 3647 2941 unitatem,

2066 2965 2127 3010 ut
2158 2957 2297 3011 idem
2329 2958 2441 3026 ipse
2485 2965 2629 3013 esset
2674 2958 2767 3013 Dei
2810 2959 3001 3026 Filius,
3031 2962 3122 3030 qui
3149 2962 3289 3017 ﬁlius
3324 2965 3571 3027 hominis,
3596 2977 3652 3021 et

2070 3047 2210 3101 ﬁlius
2255 3048 2507 3111 hominis,
2554 3050 2643 3118 qui
2674 3049 2841 3106 Filius
2878 3051 2990 3105 Dei.
3031 3073 3047 3103 ι
3082 3051 3193 3107 Hoc
3218 3054 3412 3124 smpius
3440 3066 3541 3109 tuae
3569 3058 3651 3111 in-

2072 3138 2224 3192 culco
2252 3138 2526 3204 cbaritati,
2557 3148 2617 3194 ut
2642 3155 2709 3195 ex
2738 3141 2823 3199 his
2844 3142 3023 3197 verbis
3049 3141 3209 3211 hujus
3233 3145 3524 3201 doctissimi
3550 3148 3653 3201 Pa-

2070 3228 2168 3283 tris
2194 3237 2243 3281 te
2269 3228 2606 3294 admoneam,
2639 3234 2780 3298 quod
2807 3231 2947 3286 idem
2971 3232 3101 3302 ipse,
3127 3234 3216 3303 qui
3242 3244 3381 3290 totus
3401 3239 3653 3307 proprius

2068 3325 2151 3370 est
2176 3317 2346 3372 beate
2377 3319 2613 3389 Virginis
2643 3320 2805 3386 ﬁlius,
2835 3329 2977 3376 totus
3022 3323 3185 3378 etiam
3215 3325 3286 3377 sit
3330 3324 3423 3380 Dei
3474 3326 3652 3384 Patris

2069 3408 2255 3463 Filius.
2290 3409 2402 3465 Hoc
2427 3412 2587 3465 etiam
2615 3427 2678 3466 ex
2706 3413 3128 3482 reciprocatione
3150 3415 3339 3470 horum
3364 3417 3651 3473 verborum

2071 3500 2339 3564 facillime,
2399 3502 2628 3558 ﬁdeliter
2682 3504 2881 3574 legenti
2933 3515 2987 3560 et
3029 3508 3294 3563 veraciter
3334 3509 3651 3581 intelligenti

2068 3598 2236 3660 patet,
2265 3593 2389 3647 dum
2412 3593 2511 3649 iste
2531 3604 2749 3649 sanctus
2776 3597 2964 3653 doctor
2986 3597 3213 3653 afﬁrmat
3255 3602 3498 3656 eumdem
3530 3618 3654 3659 esse

2069 3684 2267 3739 Filium
2292 3685 2408 3751 Dei,
2438 3688 2527 3756 qui
2554 3686 2693 3743 ﬁlius
2717 3697 2800 3745 est
2828 3690 3082 3757 hominis,
3111 3700 3165 3745 et
3195 3691 3362 3746 ﬁlium
3394 3694 3649 3759 hominis,

2073 3777 2163 3846 qui
2196 3777 2366 3834 Filius
2393 3787 2477 3833 est
2504 3780 2620 3834 Dei.

2143 3867 2256 3923 ΧΠ.
2278 3868 2678 3939 Perspiciamus
2697 3870 2861 3925 etiam
2888 3880 2941 3925 et
2965 3888 3027 3927 ea
3055 3873 3237 3939 verba,
3263 3889 3382 3944 qua:
3413 3883 3465 3929 tu
3492 3878 3654 3933 solita

2073 3958 2363 4014 calliditate
2392 3959 2672 4030 Augustini
2710 3961 2910 4019 scribis.
2929 3979 3046 4017 esse
3076 3963 3128 4017 in
3158 3969 3386 4033 quadam
3415 3967 3657 4037 Epistola

2073 4053 2139 4107 ad
2168 4052 2447 4116 Et'ozlium,
2493 4051 2736 4106 referens
2764 4069 2884 4106 eum
2916 4054 3115 4109 dixisse
3146 4055 3336 4127 (Epist.
3373 4058 3496 4123 169,
3527 4076 3651 4130 cap.

2073 4144 2165 4215 2):
2206 4164 2223 4194 ι
2255 4146 2404 4199 Sicut
2431 4145 2589 4198 Pater
2616 4146 2668 4198 in
2696 4161 2858 4209 voce,
2888 4162 2992 4216 qua
3035 4149 3213 4202 sonuit
3246 4167 3258 4201 :
3291 4148 3368 4203 Tu
3395 4167 3447 4203 es
3479 4149 3655 4207 Filius

2075 4253 2238 4301 meus,
2263 4244 2318 4290 et
2346 4236 2512 4290 Filius
2542 4236 2593 4289 in
2625 4237 2841 4290 homine
2882 4238 3153 4307 adoptivo,
3201 4255 3362 4308 quem
3415 4245 3657 4313 suscepit

2074 4343 2137 4381 ex
2175 4329 2402 4397 Virgine,
2429 4336 2481 4381 et
2524 4326 2757 4398 Spiritus
2802 4337 3019 4384 sanctus
3063 4332 3117 4385 in
3168 4331 3425 4387 columbte
3471 4336 3654 4404 specie

400 4415 593 4484 inquit,
621 4413 852 4467 hominis
878 4425 975 4480 per
1000 4410 1092 4463 Dei
1124 4409 1315 4462 Filium
1340 4410 1392 4462 in
1424 4410 1516 4462 Dei
1539 4410 1673 4463 Filio
1698 4426 1817 4465 esse
1841 4427 1969 4482 pro-
1998 4445 2051 4505 Β
2075 4419 2362 4488 corporali.
2394 4439 2411 4470 ι
2445 4418 2570 4473 Haec
2596 4420 2810 4488 quidem
2842 4422 3020 4482 verba,
3058 4427 3243 4477 nescio
3271 4426 3392 4493 quis
3431 4423 3656 4482 falsator

403 4516 641 4563 meretur
670 4523 683 4536 ο
716 4519 813 4559 nec
840 4504 1055 4571 adoptio
1076 4519 1104 4555 a
1129 4511 1319 4554 natura
1341 4510 1641 4570 separatur,
1664 4504 1756 4557 sed
1779 4513 1973 4558 natura

402 4612 523 4651 cum
570 4595 856 4665 adoptione
902 4589 1259 4662 conjungitur.
1299 4610 1317 4642 ι
1353 4590 1488 4657 Quid
1532 4600 1637 4655 est,
1669 4592 1810 4661 quod
1842 4593 1922 4647 ais
1958 4612 1969 4646 :

407 4704 423 4734 ι
456 4684 682 4759 Adoptio
707 4699 828 4737 cum
856 4690 1044 4736 natura
1060 4680 1462 4750 conjungitur?»
1494 4679 1783 4735 Considera
1810 4689 1865 4735 et
1891 4681 1975 4735 in-

404 4774 609 4844 telligo,
636 4774 681 4827 si
707 4774 919 4843 adoptio
947 4774 1099 4828 nobis
1133 4772 1390 4826 naturalis
1421 4772 1510 4827 sit.
1544 4771 1681 4839 Quid
1717 4771 1843 4826 facit
1879 4773 1975 4827 ba-

399 4866 582 4938 ptismi
613 4874 1029 4930 sacramentum,
1054 4875 1108 4920 et
1134 4867 1302 4920 sancti
1334 4865 1568 4936 Spiritus
1595 4866 1782 4935 gratia,
1809 4867 1854 4920 si
1878 4881 1976 4923 nos

404 4973 526 5012 cum
541 4954 826 5025 adoptione
846 4956 1117 5008 nascimur
1131 4970 1194 5008 ex
1211 4956 1521 5024 parentibus
1541 4955 1775 5011 nostris?
1797 4955 1974 5023 Quare

407 5047 594 5101 beatus
618 5043 787 5099 David
816 5044 891 5097 ait
915 5043 980 5098 de
1003 5044 1254 5112 legitimis
1280 5054 1434 5099 natus
1460 5046 1810 5113 parentibus:
1840 5044 1975 5100 Ecce

404 5139 539 5193 enim
567 5139 623 5193 in
648 5135 1007 5207 iniquitatibus
1033 5145 1303 5205 conceptus
1330 5154 1465 5199 sum,
1492 5146 1539 5191 et
1570 5138 1623 5191 in
1649 5140 1870 5208 peccatis
1889 5155 1974 5208 pe-

404 5228 536 5296 perit
565 5243 646 5281 me
673 5235 839 5281 mater
883 5242 997 5278 mea
1029 5222 1199 5296 (Psal.
1253 5242 1303 5288 ι,
1338 5224 1412 5294 7).
1446 5224 1695 5296 Nunquid
1733 5242 1839 5282 non
1870 5235 1977 5282 tres

407 5318 675 5385 prioribus
712 5317 895 5373 verbis
938 5316 1136 5372 videris
1166 5313 1364 5385 ﬁngere
1407 5315 1563 5380 ﬁlios,
1595 5332 1761 5371 unum
1807 5318 1976 5371 lilium

407 5405 662 5473 hominis,
693 5414 748 5462 et
790 5407 924 5460 duos
970 5404 1106 5460 ﬁlios
1142 5403 1258 5469 Dei,
1290 5404 1416 5459 dum
1444 5404 1578 5459 dicis
1610 5422 1621 5457 :
1662 5423 1680 5456 ι
1712 5405 1809 5460 llic
1839 5405 1978 5460 ﬁlius

544 5541 678 5615 lbid.
703 5542 804 5615 U_hl
836 5550 1010 5615 tamen
1040 5544 1211 5599 oratio
1242 5544 1313 5615 ita
1344 5551 1498 5598 sonat
1530 5561 1543 5597 :
1572 5542 1712 5615 Deus
1733 5544 1821 5615 qui
1850 5540 1977 5597 Uni-

408 5609 565 5682 gem'ti
603 5613 683 5682 tui
724 5610 929 5666 Domini
969 5616 1132 5667 nostri
1160 5614 1383 5681 pretioso
1412 5614 1663 5682 sanguine
1687 5609 1972 5666 humanum

408 5680 568 5754 genus
597 5680 844 5735 redimere
878 5682 1119 5752 dignatus
1145 5680 1217 5749 es,
1247 5684 1467 5737 comede
1501 5680 1772 5754 propitius,
1801 5693 1857 5735 ut
1884 5683 1974 5752 qui

2077 4505 2262 4559 furtim
2308 4507 2461 4561 unica
2493 4523 2650 4563 manu
2680 4508 2831 4579 [Cod.
2867 4509 3066 4574 Paris,
3098 4527 3232 4565 unca
3265 4514 3445 4587 manu]
3474 4518 3657 4586 rapuit

2078 4598 2143 4653 de
2191 4598 2526 4653 sermonibus
2572 4600 2743 4653 sancti
2786 4600 3101 4670 Augustini,
3148 4612 3201 4655 et
3252 4605 3653 4674 superaddidit,

2077 4689 2219 4760 quod
2251 4690 2338 4743 ille
2373 4704 2644 4759 nunquam
2675 4691 2809 4744 dixit
2839 4705 2852 4744 :
2885 4692 2938 4744 in
2965 4691 3170 4746 homine
3207 4694 3467 4765 adoptiuo.
3499 4695 3657 4751 luve-

2078 4779 2255 4833 nimus
2279 4793 2402 4833 eum
2440 4779 2598 4834 aliter
2638 4779 2780 4833 hunc
2813 4781 3058 4835 eumdem
3084 4783 3371 4851 protulisse
3408 4798 3652 4852 sensum,

2078 4873 2169 4928 ubi
2180 4874 2245 4929 de
2257 4873 2582 4942 singularum
2595 4874 2905 4942 operatione
2924 4889 3270 4943 personarum
3288 4876 3574 4945 disputavit
3588 4878 3616 4917 ι)
3634 4898 3650 4933 :

2086 4961 2468 5033 «Singulorum
2509 4971 2710 5026 autem,
2747 4964 2941 5032 inquit,
2983 4978 3146 5034 opera
3194 4964 3464 5032 dicuntur,
3486 4965 3657 5039 895

2080 5068 2199 5123 quae
2230 5053 2300 5108 ad
2343 5067 2774 5123 unamquamque
2811 5067 2997 5108 eorum
3038 5053 3454 5110 manifestantur
3483 5057 3659 5126 perti-

2081 5159 2212 5200 nere
2234 5158 2542 5213 personam.
2574 5140 2726 5199 Sicut
2755 5151 2913 5198 natus
2937 5158 3005 5198 ex
3036 5144 3256 5215 Virgine
3298 5161 3404 5199 non
3433 5146 3536 5201 nisi
3562 5146 3641 5200 Fi-

2081 5232 2184 5289 lius
2210 5233 2335 5297 Dei;
2364 5242 2418 5288 et
2444 5249 2548 5288 vox
2587 5232 2654 5287 de
2692 5234 2874 5288 nube:
2912 5232 2989 5286 Tu
3021 5250 3074 5287 es
3126 5232 3172 5286 F
3174 5234 3296 5289 ilius
3336 5251 3480 5290 meas
3520 5236 3659 5291 dile-

2082 5331 2195 5375 ctus
2241 5320 2462 5392 (Matth.
2494 5337 2583 5383 ιιι,
2619 5320 2745 5391 l7),
2773 5321 2840 5374 ad
2885 5321 3051 5376 solius
3095 5337 3381 5391 personam
3419 5324 3661 5393 pertinet

2083 5413 2288 5478 Patris;
2310 5424 2365 5469 et
2392 5415 2568 5485 specie
2593 5414 2859 5484 corporali
2887 5415 3026 5470 sicut
3047 5415 3291 5471 columba
3319 5416 3469 5472 solus
3490 5432 3660 5488 appa-

2082 5548 2499 5622 ad‘ndprandam
2527 5551 2781 5621 viviﬁcam
2807 5553 2920 5622 ejus
2961 5570 3172 5607 crucem.
3202 5554 3501 5619 adveniunt,
3539 5566 3655 5612 etc.

2154 5617 2180 5657 Β
2222 5618 2456 5692 S.Aug.,
2481 5621 2600 5676 libr.
2626 5617 3011 5679 contra'Serm.
3034 5624 3378 5691 Arianorum,
3412 5617 3532 5696 cap.
3560 5626 3653 5683 15.
