3964 6186
269 312 373 367 2ῧῦ

970 307 1381 365 DOGMATICA.
1419 337 1485 344 —-
1522 304 1679 358 ADV’.
1722 298 2115 356 EUPANDUM
2162 302 2338 359 LIBRI
2377 304 2464 359 iV.
2504 336 2573 344 -—
2610 305 2735 360 LIB.
2778 305 2836 359 11.

3409 308 3513 363 270

262 425 371 482 ruit
417 419 652 493 Spiritus
689 428 924 474 sanctus.
959 419 1159 473 Tamen
1185 427 1241 473 et
1261 418 1405 472 illam
1434 431 1653 471 carnem
1676 416 1843 471 solius
1869 413 1917 470 Δ
1944 412 2307 470 vicissitudine
2332 420 2578 473 eumdem
2599 421 2864 490 replicans
2892 437 3132 488 sensum,
3158 424 3367 479 dixisti:
3405 444 3421 476 ‹
3455 425 3512 478 Et

264 513 405 574 Filii,
444 520 500 564 et
544 510 689 563 illam
717 524 901 563 vocem
931 508 1096 562 solius
1121 507 1298 562 Patris
1316 548 1331 573 ,
1358 515 1412 561 et
1439 506 1583 559 illam
1611 506 1842 576 speciem

259 603 526 659 columba:
551 601 719 656 solius
749 598 982 669 Spiritus
1021 599 1192 652 sancti
1234 605 1417 652 sancta
1458 597 1695 651 Trinitas
1718 611 1844 667 ope-

258 701 377 751 rata
405 701 509 748 est.
552 713 569 743 ι
598 692 734 747 Haec
769 700 897 747 sunt
944 689 1206 745 catholica
1235 688 1419 752 verba,
1450 688 1565 742 hare
1592 686 1844 756 prrefatus

257 787 485 857 protulit
513 786 694 851 Pater,
722 787 790 841 de
818 786 1101 856 adoptione
1127 786 1306 863 carnis
1333 785 1533 841 Christi
1556 784 1631 839 nil
1657 783 1845 853 adjun-

259 890 425 946 gens,
455 890 621 943 quam
648 882 826 928 vestra
854 872 1007 945 (Cod.
1041 872 1246 939 Paris.,
1276 875 1418 944 quod
1443 872 1641 943 vestra]
1680 881 1845 927 teme-

262 971 394 1024 ritas
413 968 735 1038 pravissime
755 968 896 1022 illius
917 968 1145 1021 inseruit
1166 968 1341 1022 dictis.
1363 966 1439 1020 Ita
1456 967 1659 1036 absque
1683 965 1844 1019 dubio

260 1060 312 1116 in
335 1060 462 1115 aliis
506 1058 825 1122 sententiis,
857 1073 992 1127 quas
1019 1072 1085 1111 ex
1114 1057 1300 1112 eadem
1330 1057 1584 1112 mendosa
1618 1056 1842 1127 epistola

261 1152 357 1207 sub
386 1150 608 1205 nomine
653 1147 896 1215 ejusdem
926 1147 1100 1201 Patris
1135 1147 1412 1216 posuistis,
1447 1146 1749 1201 invenimus
1776 1161 1843 1199 ex

259 1250 452 1296 vestrm
474 1240 730 1295 falsitatis
747 1255 897 1292 more
915 1253 1105 1292 nomen
1126 1238 1425 1307 adoptionis
1447 1237 1685 1291 additum
1701 1253 1840 1301 esse,

258 1331 401 1400 quod
429 1331 579 1384 nullo
608 1331 766 1383 modo
794 1329 881 1383 ille
906 1329 1026 1398 pius
1052 1329 1237 1383 doctor
1277 1329 1457 1398 posuit
1488 1347 1499 1381 :
1533 1330 1670 1383 sicut
1695 1329 1748 1382 in
1779 1343 1844 1383 eo

257 1421 396 1483 loco,
427 1421 523 1475 ubi
561 1421 871 1489 legebamus
900 1420 966 1472 ab
995 1433 1061 1473 eo
1089 1418 1308 1481 dictum,
1339 1435 1476 1472 eum.
1511 1436 1529 1468 ι
1560 1418 1673 1474 Hoc
1697 1433 1837 1479 enim,

257 1510 456 1579 inquit,
506 1510 799 1564 secundum
845 1523 1064 1564 carnem
1092 1523 1313 1579 passum
1344 1523 1501 1563 esse:
1540 1528 1558 1560 ι
1587 1524 1681 1563 vos
1714 1523 1842 1563 vero

255 1601 552 1656 secundum
570 1599 852 1669 pravitatis
875 1608 1066 1655 vestra:
1080 1599 1523 1655 consuetudinem
1539 1599 1839 1663 addidistis,

254 1709 469 1746 carnem
523 1692 839 1762 adoptivum.
891 1690 1024 1745 Item
1075 1691 1129 1744 in
1179 1690 1286 1744 alio
1328 1691 1446 1745 loco
1490 1690 1668 1745 dicitis
1717 1704 1839 1744 eum

1946 502 2086 557 illius
2116 505 2347 561 hominis
2374 509 2532 562 simul
2560 525 2681 564 cum
2730 513 2907 568 Verbo
2935 515 3216 584 adoptivus
3241 518 3450 571 dicitur.
3491 537 3510 570 ι

1945 593 2082 659 Quid
2115 600 2360 668 nequius,
2390 602 2516 670 quid
2545 604 2739 673 impius
2767 607 2871 661 dici
2894 608 2978 662 vel
3005 610 3295 678 excogitari
3319 617 3512 680 potest.

1944 700 2103 754 quam
2128 697 2188 742 ut
2208 690 2374 745 Filius
2394 691 2507 756 Dei,
2541 693 2594 748 id
2620 704 2724 761 est,
2750 697 2985 753 Verbum
3011 698 3128 764 Dei,
3154 715 3275 755 cum
3300 700 3517 756 homine

1944 787 2167 848 accepto
2195 781 2403 835 dicatur
2429 783 2747 854 adoptivus?
2777 787 3006 844 Sensisti
3035 789 3261 846 forsitan
3302 801 3352 847 te
3383 792 3519 848 divi-

1945 867 2072 921 dere
2101 867 2373 924 Christum
2404 887 2524 927 cum
2550 874 2795 933 Nestorio
2822 880 2874 932 in
2898 880 3032 936 duas
3055 896 3332 951 personas,
3355 898 3517 937 unam

1944 960 2144 1028 proprii
2190 960 2341 1029 Filii,
2372 964 2594 1020 alteram
2636 970 2906 1039 adoptivi?
2938 971 3091 1027 Hunc
3127 973 3311 1028 volens
3347 974 3519 1028 vitare

1944 1048 2214 1119 laqueum,
2238 1053 2469 1110 incidisti
2502 1057 2553 1110 in
2593 1060 2918 1129 ergastulum
2945 1061 3159 1117 Arianae
3188 1064 3518 1133 perversita-

1946 1139 2031 1192 tis.
2065 1139 2189 1195 Haec
2218 1144 2379 1198 verba
2426 1161 2693 1215 nunquam
2733 1151 2902 1204 sancti
2946 1150 3229 1222 Augustini
3279 1154 3514 1215 fuerunt,

1942 1242 2044 1283 nec
2069 1231 2230 1285 etiam
2272 1234 2430 1290 ullius
2458 1239 2704 1293 catholici
2731 1240 2968 1296 doctoris
2993 1243 3075 1297 vel
3101 1244 3366 1314 discipuli.
3394 1245 3521 1300 llaec

1943 1319 2073 1373 olim
2101 1317 2297 1378 Ariana
2328 1340 2519 1379 manus
2545 1329 2720 1382 toxico
2743 1330 2950 1386 calamo
2971 1341 3025 1387 et
3046 1334 3184 1405 nigri
3212 1333 3350 1389 fellis
3376 1345 3521 1389 atra—

1943 1419 2126 1465 mento
2150 1416 2484 1484 perscripsit,
2509 1434 2607 1486 pro
2636 1421 2830 1488 quibus
2854 1422 3017 1491 impia
3044 1433 3217 1478 morte
3241 1440 3360 1478 cum
3382 1424 3519 1479 Juda

1944 1501 2201 1557 traditore
2250 1505 2535 1560 damnatus
2584 1510 2764 1577 periit,
2818 1519 3128 1581 aeternoque
3175 1515 3520 1568 anathemate

1940 1593 2237 1659 perculsus,
2273 1611 2335 1649 ac
2368 1596 2582 1652 Satance
2610 1615 2731 1653 cum
2758 1601 3007 1656 omnibus
3035 1601 3384 1670 complicibus
3409 1604 3523 1657 suis

1944 1682 2191 1748 traditus,
2232 1694 2291 1738 ut
2316 1687 2538 1741 sentiret
2562 1689 2613 1742 in
2644 1691 2923 1744 tormentis
2950 1690 3148 1746 diaboli
3184 1690 3326 1761 quod
3357 1692 3525 1747 nollet

254 1784 458 1837 dixisse
483 1801 496 1834 :
530 1799 546 1831 ι
577 1750 1038 1835 lzicommtttabilis
1059 1788 1143 1836 est
1168 1790 1330 1850 atque
1351 1788 1648 1835 coaeternus
1668 1779 1839 1838 Patri.
1876 1750 1920 1808 Β
1947 1772 2189 1827 conﬁteri
2218 1775 2267 1828 in
2300 1775 2553 1832 Ecclesiis
2581 1778 2801 1834 Christi.

251 1876 348 1932 sed
396 1875 451 1928 in
489 1873 662 1929 Verbo
690 1874 834 1938 solo;
884 1879 938 1927 et
973 1887 1163 1941 passus
1206 1879 1290 1926 est
1320 1871 1486 1925 Filius
1516 1870 1629 1934 Dei,
1666 1871 1760 1926 sed
1790 1871 1845 1925 in

252 1967 477 2023 homine
500 1964 751 2035 adoptivo
773 1964 887 2019 solo
902 1980 917 2029 ;
934 1970 989 2018 et
1003 1962 1243 2033 sepultus
1261 1970 1347 2017 est
1360 1961 1526 2015 Filius
1544 1961 1659 2026 Dei,
1676 1960 1772 2015 sed
1793 1960 1848 2014 in

254 2072 419 2113 carne
464 2055 719 2124 adoptiva
761 2054 916 2109 sola:
951 2073 969 2105 ι
1005 2053 1306 2124 reperimus
1347 2066 1470 2106 eum
1519 2052 1575 2122 in
1617 2052 1848 2121 quadam

254 2150 477 2207 homilia
496 2148 718 2210 dixisse,
745 2147 836 2200 ubi
857 2146 924 2200 de
947 2154 1261 2199 naturarum
1283 2143 1338 2196 in
1365 2141 1583 2197 Christo
1607 2141 1851 2211 proprie-

255 2253 363 2297 tate
409 2240 697 2303 disseruit,
726 2225 789 2292 et.
808 2239 874 2292 de
902 2253 967 2292 eo
1002 2235 1145 2306 quod
1187 2250 1326 2288 unus
1369 2233 1538 2287 Filius
1560 2232 1655 2288 Dei
1685 2240 1847 2298 esset,

255 2335 303 2389 id
330 2341 415 2388 est
451 2332 706 2388 Christus
743 2329 943 2400 (Epist.
987 2327 1119 2399 169)
1140 2347 1167 2400 ,-
1205 2346 1224 2378 ε
1256 2324 1718 2381 Incommutabilis
1743 2333 1845 2390 est,

256 2430 448 2498 inquit,
477 2426 649 2480 Filius
674 2424 790 2486 Dei,
824 2422 921 2478 sed
963 2422 1017 2476 in
1042 2421 1221 2477 Verbo
1246 2420 1388 2485 solo;
1433 2434 1626 2489 passus
1645 2424 1728 2472 est
1754 2417 1846 2471 Fi-

255 2521 357 2575 lius
379 2519 500 2581 Dei,
533 2518 629 2571 sed
653 2517 708 2570 in
739 2516 954 2569 homine
982 2520 1288 2584 assumpto;
1320 2520 1375 2567 et
1402 2511 1640 2582 sepultus
1659 2517 1743 2564 est
1761 2508 1850 2563 Fi-

257 2611 354 2666 lius
382 2610 504 2674 Dei,
545 2608 642 2662 sed
671 2607 725 2661 in
754 2621 918 2661 carne
946 2606 1077 2660 sola.
1112 2625 1130 2657 ›
1157 2604 1289 2659 Item
1318 2604 1372 2658 in
1396 2602 1499 2657 alia
1529 2600 1851 2671 evangelicae

256 2698 663 2772 praedicationis
686 2696 907 2751 homilia
936 2708 959 2735 α
991 2710 1005 2749 :
1035 2715 1053 2748 ς
1085 2694 1239 2750 Sicut
1257 2694 1399 2749 enim
1427 2708 1566 2746 unus
1584 2700 1668 2747 est
1688 2692 1848 2745 homo

255 2794 308 2848 in
343 2791 529 2845 anima
568 2787 817 2842 rationali
861 2786 1042 2858 [Aug.,
1081 2787 1258 2840 anima
1286 2783 1581 2855 rationalis]
1614 2791 1668 2838 et
1694 2797 1844 2848 caro,

255 2879 331 2934 sic
376 2895 520 2933 unus
569 2888 655 2934 est
703 2878 951 2934 Christus
995 2879 1138 2933 Deus
1172 2886 1227 2931 et
1264 2878 1427 2931 hbmo
1458 2895 1470 2929 :
1503 2891 1565 2930 ac
1605 2890 1705 2944 pro
1744 2875 1849 2929 hoc

255 2967 510 3025 Christus
533 2980 620 3023 est
648 2969 808 3034 Deus,
840 2968 1019 3023 anima
1056 2968 1353 3032 rationalis,
1399 2976 1453 3022 et
1491 2982 1639 3021 caro.
1685 2964 1844 3020 Chri-

257 3072 397 3119 stum
433 3065 491 3117 in
521 3062 796 3126 ouantibus,
831 3061 1106 3117 Christum
1145 3061 1201 3115 in
1243 3058 1466 3130 singulis
1503 3057 1842 3112 confitemur.
1870 3086 1919 3151 ο

258 3156 390 3222 Quis
417 3163 505 3210 est
525 3170 677 3225 ergo,
702 3169 801 3224 per
821 3168 981 3224 quem
1002 3152 1178 3207 factus
1202 3160 1287 3206 est
1309 3148 1572 3205 mundus?
1602 3147 1848 3202 Christus

256 3244 434 3310 Iesus,
466 3247 566 3299 sed
611 3246 662 3300 in
693 3245 867 3299 forma
900 3244 1015 3299 Dei.
1047 3244 1178 3312 Quis
1205 3249 1288 3299 est
1325 3242 1425 3297 sub
1459 3240 1651 3295 Pontio
1675 3238 1849 3293 Pilato

258 3334 585 3392 cruciﬁxus?
607 3338 856 3392 Christus
881 3334 1059 3399 Jesus,
1082 3336 1177 3390 sed
1197 3336 1249 3389 in
1272 3334 1445 3389 forma
1472 3332 1634 3388 servi.
1668 3351 1685 3383 ι
1714 3330 1848 3385 Item

259 3429 411 3498 alius
435 3444 603 3499 supra
636 3447 648 3481 :
680 3448 699 3479 ι
729 3428 863 3494 Quis
891 3442 999 3482 non
1042 3435 1126 3482 est
1164 3426 1450 3481 derelictus
1494 3424 1551 3478 in
1595 3408 1849 3477 inferno?

261 3519 513 3575 Christus
536 3518 718 3583 Jesus,
746 3519 841 3573 sed
879 3519 933 3573 in
971 3519 1152 3572 anima
1188 3517 1321 3572 sola.
1353 3516 1484 3583 Quis
1512 3523 1851 3570 resurrectu-

263 3627 359 3666 rus
389 3611 569 3666 triduo
590 3611 764 3679 jacuit
794 3610 848 3663 in
874 3609 1155 3679 sepulcro?
1191 3607 1437 3663 Christus
1464 3605 1639 3671 Jesus,
1673 3605 1767 3660 sed
1794 3604 1852 3658 in

264 3716 428 3757 carne
457 3702 593 3757 sala.
620 3701 831 3755 Dicitur
855 3715 984 3771 ergo
1007 3700 1060 3754 in
1092 3700 1177 3755 his
1204 3699 1429 3770 singulis
1453 3697 1732 3762 Christus;
1760 3710 1852 3750 ve-

266 3808 386 3848 rum
413 3794 528 3848 haec
556 3792 737 3846 omnia
762 3806 868 3846 non
890 3792 1018 3855 duo,
1050 3791 1133 3845 vel
1161 3799 1294 3855 tres,
1317 3789 1410 3845 sed
1432 3803 1570 3843 unus
1589 3796 1671 3842 est
1695 3786 1853 3841 Chri-

266 3892 402 3940 stus.
448 3883 575 3938 Ideo
612 3898 743 3953 ergo
780 3882 954 3937 dixit:
985 3881 1044 3937 Si
1090 3881 1372 3952 diligentis
1416 3896 1517 3944 me,
1557 3878 1853 3950 gaudentis

272 3974 470 4045 utique,
497 3974 621 4043 quia
650 3972 785 4025 vado
822 3971 891 4024 ad
932 3970 1146 4026 Patrem
1174 3991 1191 4024 ι
1230 3969 1410 4041 (Joan.
1443 3984 1555 4033 xxv,
1577 3967 1688 4037 28).
1720 3967 1852 4022 Item

268 4067 360 4121 ubi
386 4066 473 4120 ille
510 4065 954 4136 signiﬁcationes,
1000 4080 1121 4134 quae
1158 4063 1326 4118 veteri
1370 4063 1423 4115 in
1469 4062 1586 4131 lege
1620 4058 1855 4129 praalatzn

270 4166 447 4222 erant,
481 4158 549 4210 de
596 4157 814 4211 Christo
866 4153 1204 4224 proferebat,
1258 4154 1400 4207 inter
1446 4152 1580 4215 alia,
1626 4150 1800 4218 inquit
1837 4166 1849 4201 :

277 4270 297 4301 ι
328 4250 579 4305 Christus
602 4257 721 4303 erat
748 4256 919 4318 petra,
942 4248 1065 4316 quia
1097 4255 1249 4316 petra
1280 4244 1556 4300 Christum
1584 4240 1855 4313 signiﬁca-

273 4341 404 4394 bat:
442 4360 462 4392 ι
496 4353 673 4408 meque
702 4339 790 4392 hic
826 4353 998 4407 neque
1027 4337 1079 4390 in
1104 4334 1474 4405 superioribus
1499 4331 1632 4386 locis
1652 4330 1851 4399 aliquid

2017 1863 2155 1917 XIV.
2201 1865 2366 1929 Radc,
2412 1867 2596 1933 frater,
2635 1870 2748 1924 haec
2785 1872 2945 1927 verba
2984 1873 3048 1927 de
3087 1873 3249 1928 corde
3280 1882 3389 1940 tuo,
3429 1875 3525 1930 ha-

1949 1970 2195 2025 rumque,
2215 1958 2520 2028 ubicunque
2546 1961 2870 2027 inveniatur,
2900 1961 3202 2019 litterarum
3225 1965 3521 2020 chartulam

1948 2062 2068 2101 mox
2103 2049 2358 2105 edacibus
2384 2051 2585 2121 ignium
2615 2052 2847 2109 ﬂammis
2874 2054 3106 2109 immitte
3142 2075 3153 2109 :
3196 2056 3321 2126 quia
3351 2056 3525 2111 satius

1948 2146 2032 2191 est
2059 2138 2228 2192 multo
2277 2141 2374 2193 has
2408 2141 2557 2211 impii
2598 2143 2859 2213 dogmatis
2897 2145 3047 2199 exuri
3082 2146 3331 2216 syllabas,
3361 2161 3523 2214 quam

1949 2228 2185 2282 animum
2239 2239 2383 2283 tuam
2437 2234 2711 2300 perpetuis
2766 2236 2957 2289 ardere
3010 2236 3307 2290 tormentis.
3358 2235 3523 2306 395

1948 2320 2120 2374 Crede
2168 2320 2320 2383 mihi,
2366 2324 2612 2389 quamvis
2659 2326 2837 2380 ovium
2872 2327 3203 2381 vestimentis
3246 2327 3520 2389 iuduaris;

1948 2410 2215 2479 quamvis»
2249 2412 2565 2466 sacerdotali
2603 2414 2804 2470 honore
2848 2415 3103 2471 infulatus
3150 2418 3410 2487 procedas
3458 2417 3525 2470 ad

1947 2499 2238 2568 populum;
2277 2501 2522 2568 quamvis
2548 2503 2772 2557 barbam
2799 2504 3036 2573 quotidie
3061 2506 3287 2571 reseris;
3316 2506 3359 2561 si
3385 2506 3525 2560 hanc

1948 2608 2055 2646 non
2084 2593 2451 2648 immutaveris
2479 2597 2821 2661 sententiam,
2849 2597 3035 2652 nolens
3064 2598 3248 2653 volens
3272 2613 3527 2652 numera-

1947 2681 2094 2736 bcris
2119 2698 2241 2736 cum
2277 2684 2462 2751 hircis,
2490 2693 2544 2739 ct
2573 2687 2914 2756 deputaberis
2939 2704 3061 2744 cum
3101 2688 3404 2759 pastoribus
3435 2690 3527 2757 qni

1948 2772 2199 2827 videntur
2237 2774 2417 2829 ltzcdos
2458 2792 2679 2846 pascere
2710 2778 2767 2832 in
2810 2779 3166 2835 tabernaculis
3199 2778 3392 2843 Cedar,
3434 2780 3528 2850 qui

1948 2866 2142 2919 staturi
2178 2875 2304 2920 sunt
2335 2868 2388 2921 in
2431 2869 2687 2923 sinistris.
2717 2870 2883 2937 Rade,
2916 2872 3044 2927 rade
3074 2873 3252 2939 citius,
3283 2874 3404 2944 pius
3426 2873 3529 2928 Pa-

1951 2967 2051 3022 ter,
2085 2956 2225 3013 hanc
2252 2960 2572 3013 sententiam
2596 2961 2662 3015 de
2684 2977 2884 3017 arcano
2921 2963 2997 3016 tui
3028 2964 3207 3018 cordis
3243 2965 3426 3029 cubili,
3460 2981 3529 3019 ne

1950 3049 2211 3105 Dominus
2235 3059 2379 3117 tuus,
2395 3053 2486 3122 qui
2511 3062 2562 3107 te
2582 3054 2859 3108 constituit
2884 3055 3048 3109 tritici
3070 3056 3197 3110 dare
3216 3072 3524 3110 mensuram

1949 3139 2169 3195 familiar:
2206 3157 2335 3207 sum,
2364 3143 2604 3197 inveniat
2627 3159 2745 3198 eam
2774 3144 2828 3197 in
2858 3144 3054 3200 tabulis
3085 3146 3158 3199 tui
3198 3146 3375 3202 cordis
3401 3162 3526 3216 per-

1949 3235 2225 3305 scriptam,
2276 3243 2330 3288 ct
2379 3236 2524 3289 dicat
2563 3237 2695 3290 tibi:
2735 3235 2841 3291 llas
2880 3252 2986 3292 non
3017 3253 3252 3309 agnosco
3294 3238 3525 3303 litteras,

1948 3329 2051 3384 has
2078 3329 2307 3398 reprobo
2353 3328 2606 3400 syllabas,
2636 3329 2751 3383 baac
2783 3329 2945 3383 verba
2975 3345 3083 3385 non
3122 3330 3423 3386 docuerunt
3451 3331 3527 3384 illi

1949 3421 2145 3489 quibus
2190 3434 2289 3488 ego
2317 3419 2426 3473 dixi
2461 3418 2604 3483 :lte,
2661 3418 2838 3474 docete
2881 3436 3057 3474 omnes
3089 3430 3262 3491 gentes
3302 3419 3524 3493 (Matth.

1948 3534 2145 3585 xxvm,
2172 3517 2279 3588 19).
2314 3517 2778 3587 Forte‘occupatio
2804 3517 3090 3588 pastoralis
3112 3534 3275 3583 cum,
3317 3528 3369 3574 et
3395 3518 3527 3574 allii—

1948 3612 2059 3668 ctio
2083 3611 2259 3682 impiae
2293 3610 2467 3681 gentis
2495 3617 2547 3664 te
2568 3611 2897 3681 diligentius,
2928 3612 3059 3682 quid
3079 3611 3366 3677 scriberes,
3396 3626 3527 3667 con-

1951 3702 2193 3761 siderare
2231 3701 2541 3772 impedivit;
2576 3701 2670 3756 sed
2690 3700 2996 3770 junioribus
3028 3702 3133 3757 tuis
3162 3702 3298 3757 male
3338 3703 3529 3756 credu-

1952 3796 2054 3860 lus,
2083 3796 2225 3866 quod
2252 3795 2326 3849 illi
2358 3796 2707 3865 scripserunt,
2735 3795 2819 3851 vel
2842 3805 2945 3851 tuae
2973 3805 3258 3852 suaserunt
3280 3806 3527 3852 senectu-

1953 3888 2013 3951 ti,
2049 3901 2235 3940 verum
2282 3887 2515 3956 putasti,
2563 3886 2704 3955 quod
2751 3888 2954 3955 absque
2997 3887 3146 3941 omni
3194 3886 3529 3941 dubitatione

1954 3981 2146 4035 falsum
2170 3979 2587 4048 haereticumque
2614 3992 2732 4032 esse
2758 3980 3034 4048 probatur.

2022 4071 2138 4125 XV.
2174 4068 2279 4125 Sed
2305 4084 2446 4123 nunc
2475 4068 2793 4122 charitatem
2827 4068 2926 4122 has
2959 4082 3094 4122 meae
3118 4068 3416 4124 devotionis
3447 4068 3525 4123 le-

1953 4162 2188 4232 gentium
2212 4158 2478 4214 litterulas
2519 4157 2739 4228 supplex
2766 4158 3039 4228 deprecor,
3071 4158 3214 4228 quod
3247 4158 3379 4214 mihi
3418 4175 3526 4216 non

1955 4258 2180 4323 imputet
2204 4252 2356 4325 [ϐοά.
2386 4250 2585 4315 Paris"
2624 4250 2908 4323 imputem]
2935 4258 3116 4305 notam
3158 4250 3526 4321 impatientia,

1953 4349 2078 4418 quia
2100 4346 2418 4416 quibusdam
2442 4346 2496 4400 in
2524 4344 2656 4401 locis
2673 4345 2981 4400 durioribus
3000 4343 3087 4413 pio
3109 4342 3256 4398 Patri
3279 4344 3529 4412 respondi

273 4430 575 4499 adoptionis
605 4429 992 4499 superaddidit,
1029 4442 1189 4497 quam
1219 4425 1509 4481 inﬁdelitas
1538 4421 1847 4494 ﬁngentium

1959 4439 2156 4495 verbis.
2205 4437 2380 4492 Causa
2422 4452 2598 4492 causa)
2635 4435 2942 4505 respondit,
2971 4441 3026 4491 et
3066 4435 3268 4490 veritas
3308 4431 3529 4487 falsitati

275 4526 546 4579 contraria
576 4522 883 4591 apostolicae
907 4522 1030 4577 ﬁdei
1059 4521 1420 4592 superaddere
1446 4521 1672 4575 studuit.

345 4615 478 4671 Illi.
511 4617 685 4670 Aliam
706 4631 941 4684 quoque,
959 4630 1123 4684 quam
1146 4615 1425 4682 hucusque
1444 4612 1622 4667 studui
1648 4608 1852 4683 [For-te,

275 4708 479 4781 distuli]
506 4709 821 4773 ereutilare,
844 4706 1165 4762 sententiam
1197 4706 1349 4776 ponis
1371 4705 1688 4773 pravissimo
1713 4700 1858 4757 cala-

279 4815 365 4857 mo
386 4800 740 4869 descriptam,
785 4801 850 4853 de
890 4798 1096 4859 eadem,
1138 4803 1198 4851 ut
1230 4797 1460 4858 asseris,
1486 4792 1709 4863 epistola
1734 4806 1857 4860 pro-

279 4888 436 4945 latam
467 4904 483 4944 :
515 4909 535 4941 ι
560 4889 742 4958 Atque
780 4889 873 4953 ita,
910 4888 1111 4959 inquis,
1138 4897 1192 4942 et
1228 4885 1396 4941 Filius
1427 4885 1521 4939 Dei
1549 4884 1704 4939 simul
1732 4896 1853 4937 eum

282 4982 495 5037 homine
519 4982 807 5051 adoptivus
833 4981 1053 5046 dicitur,
1068 4990 1122 5034 et
1145 4979 1287 5034 ﬁlius
1314 4977 1546 5032 hominis
1574 4975 1858 5043 adoptivus

281 5073 437 5129 simul
459 5089 587 5129 eum
613 5074 792 5130 Verbo
811 5073 1027 5129 dicitur.
1053 5091 1073 5124 ›
1097 5071 1155 5126 lu
1175 5068 1386 5125 carteris
1409 5065 1683 5121 incredula
1707 5077 1857 5118 meus

282 5175 394 5229 tua,
429 5175 485 5220 et
514 5166 682 5236 impia
712 5153 997 5220 estimatio
1033 5164 1099 5219 de
1128 5160 1460 5217 humanitate
1489 5155 1859 5211 tantummodo

280 5261 483 5315 erravit
504 5257 737 5323 Christi,
765 5273 907 5312 nunc
942 5271 1072 5313 vero
1101 5257 1167 5311 de
1198 5254 1477 5324 impietate
1512 5251 1577 5305 ad
1609 5249 1857 5319 impieta-

284 5360 389 5405 tem
428 5352 724 5421 pervenisti
766 5349 1181 5412 atrocissimam,
1214 5346 1488 5401 afﬁrmans
1535 5342 1731 5396 Filium
1768 5340 1862 5395 Dei

279 5459 402 5499 cum
449 5444 671 5500 herniae
717 5458 840 5498 esse
888 5441 1216 5512 adoptivum.
1265 5438 1568 5509 Statimque
1612 5448 1863 5503 perversa

355 5612 377 5636 ³
417 5599 595 5653 Tract.
640 5614 845 5652 rxxvm
877 5596 930 5651 in
958 5595 1139 5657 10am,
1172 5608 1315 5646 num.
1351 5593 1402 5643 ἦ.

1958 4531 2229 4587 obviavit:
2285 4530 2563 4599 magisque
2613 4528 3058 4583 considerandum
3103 4535 3186 4582 est
3233 4525 3530 4597 legentibus

1959 4625 2087 4694 quid
2118 4624 2318 4679 dictum
2347 4623 2440 4688 sit,
2468 4635 2630 4692 quam
2651 4620 2772 4689 quis
2798 4616 3015 4673 dixerit.
3044 4616 3150 4672 Nec
3187 4616 3441 4688 quislibet
3475 4614 3529 4669 in

1961 4717 2156 4772 talibus
2184 4730 2282 4771 suo
2309 4714 2522 4769 nomine
2561 4709 2685 4783 [F.,
2730 4725 2830 4766 suo
2873 4708 3098 4781 nomini]
3144 4710 3531 4779 qnmstionibus

1960 4808 2170 4863 laudem
2192 4814 2443 4876 appetere
2468 4804 2654 4866 debet;
2687 4800 2781 4856 sed
2803 4799 3018 4855 Christo
3044 4815 3170 4854 vero
3201 4799 3308 4855 Deo
3329 4809 3382 4855 et
3403 4816 3531 4855 vero

1961 4899 2098 4955 Filio
2126 4898 2221 4952 Dei
2243 4897 2449 4952 laudem
2472 4902 2529 4948 et
2554 4892 2776 4963 gloriam
2818 4898 2929 4946 toto
2956 4890 3134 4946 cordis
3159 4890 3449 4953 intellectu,
3478 4897 3533 4943 et

1962 4991 2186 5066 paciﬁca
2232 4991 2344 5045 oris
2376 4985 2550 5042 cilicio
2595 4997 2856 5054 quaerere.
2898 4979 3002 5037 Sed
3038 4982 3193 5036 modo
3225 4981 3279 5036 in
3317 4988 3529 5052 portum

1963 5094 2158 5157 optata
2181 5081 2377 5153 quietis
2399 5077 2791 5150 pervenientes,
2818 5073 3111 5146 pauxillum
3151 5071 3263 5127 vela
3300 5071 3533 5141 depona-

1964 5194 2125 5243 mus;
2151 5177 2384 5232 debitam
2414 5170 2624 5241 corpori
2652 5169 2886 5239 quietem
2925 5163 3323 5236 indulgeamus,
3351 5169 3410 5214 ut
3439 5176 3532 5213 an-

1965 5284 2087 5327 rora
2114 5264 2385 5335 sequentis
2412 5261 2515 5316 diei
2539 5259 2874 5320 adveniente,
2895 5271 3016 5310 rum
3038 5268 3172 5310 nova
3196 5252 3311 5306 luce
3338 5266 3532 5307 novum

1967 5360 2108 5416 tertii
2139 5356 2300 5411 iibcl'i
2330 5353 2588 5408 faciamus
2610 5348 2907 5403 exordium.
