3964 6186
422 314 522 370 9.71

438 439 753 455 ..α--ι--ν-ο
766 440 855 445 ﬁrm
877 439 949 445 "-—

1261 306 1321 358 B.
1360 303 1424 357 Γ.
1462 298 1685 357 ALBINI
1726 296 1855 352 SEU
1896 292 2169 349 ALCCINI
2209 288 2486 373 OPERUM
2524 286 2703 342 PARS
2741 285 2825 341 III.

3363 397 3675 413 Μ

2842 407 3305 417 ,κθμ-ρ-..μ-..η-
3332 406 3351 413 ο

1607 502 2066 581 EJUSDEM
2147 497 2502 577 ALBINI

854 670 961 732 DE
1002 663 1598 729 INCARNATIONE
1640 659 1957 722 CHRISTI
2001 659 2102 718 ET
2148 659 2253 717 DE
2286 652 2604 723 DUABUS
2647 650 2725 711 IN
2771 646 2877 708 ΕΟ
2919 643 3262 707 NATURIS

1836 802 2097 858 LIBELLI
2136 801 2276 857 Ι)υο

1924 933 2175 976 ΝΕΩΝΟΝ

1400 1062 1513 1121 DE
1557 1060 1712 1120 ΓΕΒ
1722 1060 1751 1118 I
1759 1057 1855 1118 TA
1870 1057 1976 1117 TE
2022 1056 2172 1116 UNI
2177 1055 2273 1116 US
2309 1044 2711 1114 PERSONxE

1804 1181 2006 1236 LIBER
2046 1178 2299 1234 PRIMUS

939 1313 1119 1410 QUI
1180 1311 1309 1387 ET
1366 1308 1809 1387 TERTIUS
1885 1305 2406 1385 ADVERSUS
2481 1300 3113 1380 ELIPANDUM.

489 1538 530 1592 l.
558 1536 695 1590 Dum
725 1530 929 1603 Spiritu
956 1536 1139 1584 sancto
1159 1526 1491 1599 gubernante
1510 1521 1771 1576 orationis
1805 1528 2001 1574 nostrm
2028 1524 2078 1580 Α
2103 1518 2482 1581 ascenderunt,
2530 1526 2585 1571 et
2623 1525 2927 1587 spectemus
2963 1517 3090 1587 quid
3134 1526 3463 1574 revertentes
3491 1535 3688 1577 renuno

421 1626 695 1696 navigium
720 1622 786 1676 de
814 1619 1042 1691 fragosis
1070 1616 1492 1686 disputationum
1529 1612 1663 1667 locis
1691 1611 1756 1665 ad
1787 1619 2002 1680 portum

422 1719 603 1771 liberre
623 1711 907 1768 locutionis
928 1708 1233 1778 perveniret
1261 1704 1415 1777 [Cod.
1466 1701 1663 1768 Paris.,
1693 1700 1957 1772 pervenit]
1983 1717 1996 1765 ;

420 1814 476 1861 et
501 1818 655 1859 rosea
678 1800 883 1857 emlesti
905 1798 1106 1852 lumine
1125 1810 1319 1849 aurora
1339 1793 1509 1849 oculis
1530 1791 1757 1863 refulget
1778 1790 1998 1855 nostris,

419 1905 475 1951 et
514 1892 777 1963 ﬂorigeris
820 1891 1058 1959 riparum
1107 1885 1333 1941 collibus
1371 1884 1568 1939 diversi
1612 1883 1809 1938 coloris
1842 1882 1999 1936 nobis

418 1996 571 2057 prata
598 1989 892 2055 apparent;
930 1994 1115 2034 eamus
1148 1992 1244 2048 per
1268 1975 1659 2045 pulcherrimas
1694 1980 2000 2028 sanctorum

416 2079 637 2132 Patrum
665 2072 1030 2145 possessiones
1055 2069 1216 2123 ﬂores
1253 2067 1527 2136 colligere,
1568 2066 1635 2120 ad
1678 2079 2001 2134 componen-

418 2168 542 2221 dam
563 2164 722 2234 capiti
749 2168 951 2224 nostro,
986 2159 1039 2212 id
1067 2165 1151 2211 est
1176 2155 1392 2211 Christo
1429 2153 1554 2208 Jesu
1573 2193 1588 2218 ,
1620 2152 2000 2207 ecclesiastica:

417 2254 661 2309 veritatis
690 2264 965 2307 coronam.
997 2247 1063 2300 Et
1087 2246 1262 2315 primo
1289 2244 1530 2298 omnium
1561 2258 1657 2313 per
1695 2241 2000 2297 ammnissi-

416 2360 533 2398 mas
576 2339 848 2397 Jordanici
899 2337 1040 2391 ruris
1089 2336 1233 2405 ripas
1282 2333 1471 2388 humili
1508 2332 1705 2397 corde,
1748 2346 1877 2385 aure
1919 2330 2001 2383 in-

417 2444 579 2497 tenta,
605 2433 814 2487 cervice
839 2429 1111 2487 inclinata,
1138 2424 1477 2479 sanctissima
1509 2422 1806 2477 Salvatoris
1828 2422 1998 2477 nostri

414 2523 719 2577 osculantes
756 2519 999 2588 vestigia.
1049 2515 1375 2586 pedetentim
1419 2514 1775 2584 procedamus
1815 2513 1999 2567 audire

414 2620 650 2681 paterna:
683 2609 832 2663 vocis
878 2606 1242 2660 testimonium
1276 2605 1339 2657 de
1381 2602 1608 2656 Domino
1651 2609 1836 2656 nostro
1872 2600 1996 2655 Jesu

413 2704 651 2767 Christo,
681 2701 771 2770 qui
795 2697 1067 2769 purissimi
1098 2694 1233 2749 alvei
1266 2693 1481 2748 undulis
1516 2709 1545 2747 a
1572 2695 1731 2749 beato
1758 2710 1996 2764 prtecur-

414 2809 535 2848 sere
560 2790 764 2845 Joanne
794 2788 1099 2857 baptizatus
1122 2794 1224 2841 est.

2103 1608 2239 1661 tient
2258 1607 2432 1671 nobis,
2453 1607 2581 1676 quid
2608 1607 2860 1672 viderint,
2881 1606 2966 1662 vel
2987 1608 3113 1677 quid
3138 1607 3424 1663 audierint.
3451 1608 3557 1664 Sed
3580 1612 3686 1667 illis

2100 1699 2551 1754 descendentibus
2577 1699 2701 1753 data
2726 1706 2851 1753 sunt
2875 1700 2955 1753 eis
2974 1707 3264 1768 przccepta,
3295 1701 3473 1755 celare
3496 1702 3609 1756 visa
3631 1710 3687 1757 et

2101 1791 2300 1855 audita,
2346 1791 2515 1845 donec
2563 1790 2704 1845 filius
2747 1790 2980 1844 hominis
3026 1806 3054 1842 a
3101 1791 3328 1846 mortuis
3379 1802 3685 1863 resurgeret

2100 1881 2315 1951 (Matth.
2344 1880 2497 1953 xvn).
2529 1880 2700 1934 Tanta
2729 1878 2830 1934 fuit
2868 1880 3035 1950 gloria
3068 1880 3289 1936 visionis
3328 1890 3384 1935 et
3427 1882 3684 1952 majestas

2098 1970 2249 2025 vocis
2276 1979 2536 2039 paternae,
2566 1979 2627 2025 ut
2646 1986 2752 2024 non
2782 1969 2971 2025 liceret
3001 1971 3199 2025 mundo
3219 1971 3333 2027 haec
3362 1974 3681 2040 praedicare,

2098 2062 2269 2116 donec
2298 2062 2467 2132 gloria
2492 2062 2905 2115 resurrectionis
2930 2069 3149 2131 peracta
3180 2070 3340 2117 esset.
3365 2063 3504 2118 Ecce
3527 2065 3685 2119 modo

2099 2152 2346 2208 Christus
2373 2152 2520 2207 omni
2558 2153 2957 2222 dispensatione
2997 2154 3187 2207 salutis
3226 2163 3423 2208 nostr:e
3463 2164 3683 2224 peracta

2100 2244 2250 2299 sedet
2278 2260 2309 2297 a
2336 2243 2541 2298 dextris
2586 2243 2720 2297 Dei:
2762 2244 2945 2298 dicant
2989 2244 3218 2313 apostoli
3257 2245 3426 2299 libera
3453 2261 3583 2301 voce
3629 2255 3685 2299 et

2098 2334 2309 2405 publica
2356 2334 2735 2404 praedicatione
2772 2334 2899 2404 quid
2943 2337 3213 2390 audierint
3255 2337 3333 2391 vel
3365 2339 3491 2407 quid
3530 2338 3683 2393 vide-

2100 2426 2208 2478 rint
2237 2444 2249 2478 :
2295 2424 2547 2487 Vidimus,
2577 2434 2797 2480 sanctus
2822 2426 3000 2495 inquit
3026 2425 3259 2483 Joannes
3288 2444 3425 2483 unus
3454 2432 3521 2483 de
3556 2430 3686 2484 [iliis

2101 2516 2338 2579 lonitrui,
2369 2515 2588 2585 gloriam
2611 2516 2746 2584 ejus,
2786 2515 3008 2586 gloriam
3036 2519 3185 2588 quasi
3215 2518 3464 2589 unigeniti
3502 2538 3534 2573 a
3568 2519 3687 2575 Pa-

2099 2614 2196 2668 tre,
2229 2604 2439 2675 plenum
2473 2606 2647 2672 gratia
2680 2615 2727 2658 et
2760 2608 2971 2660 veritate
2997 2607 3176 2677 (Joan.
3201 2625 3241 2672 l,
3272 2608 3390 2679 li);
3418 2627 3579 2665 unam
3609 2612 3689 2665 si-

2097 2697 2311 2764 quidem
2342 2696 2653 2767 signiﬁcans
2680 2712 2988 2766 personam,
3027 2699 3079 2752 in
3109 2715 3215 2769 qua
3259 2708 3340 2754 cst
3365 2702 3540 2755 omnis
3566 2702 3684 2770 ple-

2098 2790 2284 2843 nitudo
2308 2790 2550 2845 veritatis
2579 2800 2632 2844 et
2670 2791 2876 2860 gratiae,
2924 2806 3085 2860 super
3109 2808 3271 2861 quam
3298 2794 3412 2847 haec
3439 2809 3543 2847 vox
3588 2810 3686 2864 pa-
3722 2850 3725 2853 ,

481 2884 542 2937 ll.
577 2881 761 2936 Refert
787 2880 1051 2949 siquidem
1088 2879 1294 2945 Lucas,
1326 2896 1464 2935 unus
1506 2880 1569 2934 de
1596 2880 1678 2934 bis
1714 2881 1855 2935 binis
1881 2880 1995 2934 ani-
2026 2860 2072 2919 Β
2101 2889 2265 2934 ιρι-ηερ
2289 2879 2685 2935 testificationis
2713 2882 2870 2935 allata
2900 2890 3002 2937 est.
3033 2860 3445 2939 Consideremus
3466 2900 3685 2955 quoque

413 2975 643 3029 ntalibus
674 2973 801 3027 olim
831 2971 1206 3042 przeordinatis
1243 2970 1617 3041 Redemptoris
1662 2972 1831 3026 nostri
1862 2972 1996 3026 scri-

308 3090 312 3094 ·
409 3067 538 3120 here
569 3062 848 3130 miracula,
880 3063 1021 3133 quod
1049 3063 1194 3117 omni
1236 3062 1431 3133 populo
1460 3064 1734 3134 baptizato
1753 3105 1767 3129 ,
1797 3075 1850 3117 et
1880 3065 1995 3134 ipso

409 3157 535 3212 Jesu
581 3155 887 3225 baptizato,
935 3156 1365 3224 aseendenteque
1412 3156 1475 3208 de
1521 3171 1658 3225 aqua
1689 3164 1745 3211 et
1776 3165 1990 3223 orante,

411 3249 643 3318 Spiritus
676 3256 894 3303 sanctus
920 3247 974 3300 in
1016 3247 1196 3316 specie
1239 3246 1497 3301 columba:
1528 3248 1805 3303 descendit
1833 3264 1994 3318 super

410 3354 554 3401 eum,
595 3347 649 3391 et
687 3354 790 3391 vox
820 3336 1008 3391 teterni
1050 3335 1230 3390 Patris
1270 3337 1337 3390 ad
1382 3351 1503 3391 cum
1546 3339 1610 3391 de
1639 3339 1775 3393 cado
1813 3339 1986 3393 facta:

416 3429 494 3481 Tu
538 3445 590 3482 es
631 3426 804 3480 Filius
844 3444 987 3480 meus
1027 3425 1263 3491 dilectus,
1314 3428 1367 3479 in
1416 3438 1464 3481 te
1511 3429 1821 3500 complacuit
1864 3430 1993 3484 mihi

412 3517 562 3589 (Luc.
588 3534 667 3577 nt,
695 3515 806 3587 22).
834 3516 901 3569 Et
926 3530 993 3569 ne
1021 3514 1161 3569 forte
1188 3516 1405 3570 dubiutn
1436 3526 1579 3572 esset
1613 3519 1753 3572 inter
1780 3528 1957 3575 tantos
1975 3562 1988 3586 ,

408 3609 501 3678 qui
532 3608 605 3662 ibi
636 3615 762 3661 tunc
786 3606 1042 3675 temporis
1064 3604 1280 3660 fuerunt
1304 3614 1616 3676 prasentes,
1650 3623 1811 3677 super
1829 3624 1989 3677 quem

411 3700 525 3753 hzec
545 3713 648 3752 vox
672 3696 815 3751 facta
845 3695 1053 3761 fuisset,
1078 3696 1224 3751 dicat
1252 3697 1365 3767 ipse
1385 3698 1730 3755 beatissimus
1752 3699 1989 3769 Baptista

409 3792 536 3862 quid
561 3790 801 3855 vidisset,
832 3789 958 3858 quid
986 3789 1240 3853 audisset,
1270 3790 1362 3860 qui
1392 3790 1527 3845 vidit
1558 3789 1740 3846 Jesum
1768 3793 1989 3847 venien-

410 3890 515 3936 tem
545 3881 612 3936 εἴ]
633 3896 711 3946 se,
736 3888 791 3935 et
814 3880 891 3934 ait
915 3898 928 3932 :
971 3879 1106 3934 Ecce
1130 3879 1309 3951 Agnus
1329 3879 1444 3945 Dei,
1470 3897 1585 3935 ecce
1606 3883 1694 3952 qui
1721 3881 1853 3935 tollit
1870 3900 1988 3952 pec-

408 3984 526 4029 cata
567 3973 788 4027 mundi:
826 3972 910 4026 hic
941 3980 1014 4025 est
1051 3988 1202 4042 quem
1247 3971 1358 4025 dixi
1402 3972 1562 4038 vobis,
1590 3983 1703 4043 post
1730 3989 1809 4026 me
1852 3975 1987 4027 venit

410 4066 488 4117 vir
514 4063 691 4135 (Joan.
720 4080 759 4125 ι,
788 4062 876 4127 29,
903 4061 1013 4132 50).
1039 4062 1250 4132 Agnum
1279 4063 1431 4127 dixit,
1456 4063 1629 4116 virum
1659 4063 1814 4127 dixit,
1848 4064 1987 4118 etde

408 4172 474 4210 eo
503 4154 871 4209 testimonium
917 4154 1224 4223 perhibuit:
1270 4153 1405 4219 Quia
1445 4154 1547 4207 ridi
1589 4153 1845 4225 Spiritum
1889 4154 1987 4209 Dei

408 4245 798 4300 descendentem
827 4263 981 4317 super
1010 4264 1147 4300 eum.
1189 4247 1407 4302 Addidit
1445 4264 1677 4317 quoque,
1710 4249 1851 4304 unde
1880 4250 1988 4303 sci-

410 4344 510 4400 ret,
541 4336 662 4404 quis
681 4343 846 4399 esset,
869 4335 936 4389 de
958 4352 1064 4404 quo
1086 4337 1446 4392 testimonium
1470 4338 1771 4406 perhibuit:
1800 4339 1866 4391 Et
1896 4356 1988 4409 ego

408 4415 695 4482 nesciebam
734 4443 850 4481 eum
869 4468 884 4491 ,
922 4427 1012 4481 sed
1040 4428 1126 4497 qui
1152 4428 1318 4499 896
1341 4430 1481 4482 misit
1519 4446 1600 4482 me
1626 4430 1892 4500 baptizare
1934 4431 1989 4484 in

408 4538 567 4592 aqua,
598 4520 685 4574 ille
713 4520 841 4574 mihi
865 4518 1013 4585 dixit,
1044 4537 1199 4591 super
1217 4537 1368 4591 quem
1394 4520 1580 4576 videris
1610 4521 1865 4592 Spiritum
1893 4524 1985 4577 de-

407 4612 757 4678 scendentem,
786 4619 832 4665 et
856 4621 1146 4665 manentem
1173 4628 1327 4681 super
1352 4628 1491 4678 eum,
1513 4612 1596 4667 hic
1616 4621 1689 4666 est
1711 4614 1799 4684 qui
1823 4614 1988 4683 bapti-

410 4709 494 4752 zat
523 4700 576 4754 in
603 4700 799 4771 Spiritu
821 4712 1000 4755 sancto
1023 4716 1041 4753 :
1066 4711 1112 4755 et
1141 4719 1232 4771 ego
1262 4701 1388 4768 vidi,
1423 4711 1470 4756 et
1498 4702 1845 4756 testimonium
1871 4720 1987 4774 per-

406 4789 573 4853 hibui,
594 4790 719 4860 quia
741 4790 824 4843 hic
852 4801 926 4844 est
949 4789 1118 4845 Filius
1143 4791 1239 4846 Dei
1265 4791 1426 4864 (Ibid.
1455 4809 1584 4846 vers.
1617 4792 1822 4864 51-54).
1849 4794 1986 4849 Ecce

406 4881 775 4937 testimonium
816 4882 992 4938 Patris
1017 4884 1084 4939 de
1108 4900 1173 4939 eo
1210 4887 1300 4955 qui
1339 4886 1640 4957 baptizatus
1667 4896 1788 4941 est:
1830 4887 1906 4942 Tu
1933 4905 1985 4941 es

406 4975 580 5031 Filius
604 4993 748 5031 meus
770 4975 1011 5043 dilectus,
1034 4980 1088 5032 in
1106 4988 1152 5033 te
1173 4981 1301 5035 mihi
1324 4983 1654 5053 complacuit.
1679 4984 1815 5039 Ecce
1838 4986 1986 5040 testi-

409 5067 645 5121 monium
673 5066 818 5122 beati
856 5065 1115 5122 Joannis:
1160 5068 1228 5122 Et
1264 5056 1356 5139 ego
1381 5071 1509 5138 vidi,
1547 5081 1597 5127 et
1636 5076 1983 5129 testimonium

406 5157 663 5225 perhibui,
693 5158 818 5229 quia
846 5157 929 5211 hic
955 5168 1033 5211 est
1060 5156 1109 5210 F
1110 5157 1231 5212 ilius
1258 5159 1373 5213 Dei.
1411 5160 1581 5227 Quem
1611 5163 1821 5233 Agnum
1858 5166 1982 5233 Dei,

408 5263 568 5317 quem
614 5250 788 5305 virum
834 5250 1150 5314 nominavit,
1192 5251 1335 5305 hunc
1378 5267 1443 5307 ex
1483 5254 1832 5323 inspiratione
1859 5258 1983 5312 mit-

409 5338 571 5392 tentis
600 5355 657 5394 se
680 5342 746 5395 ad
776 5341 1151 5410 baptizandum
1179 5340 1293 5395 sine
1322 5341 1482 5397 dubio
1507 5342 1703 5398 Filium
1730 5346 1821 5400 Dei
1850 5363 1979 5417 prte-

411 5430 626 5485 dicavit.

478 5518 561 5571 lll.
595 5520 687 5575 llis
713 5524 766 5577 in
810 5523 1035 5579 collibus
1063 5522 1333 5579 Jordanici
1364 5524 1598 5582 ﬂuminis
1626 5528 1842 5592 auditis,
1891 5543 1980 5583 se.

2098 2972 2224 3041 quid
2248 2972 2387 3026 idem
2410 2973 2596 3027 beatus
2619 2974 2943 3042 evangelista
2963 2976 3191 3029 recubus
3204 2976 3439 3045 pectoris
3452 2975 3681 3043 Christi,

2097 3064 2148 3117 in
2178 3064 2413 3134 Epistula
2442 3082 2537 3119 sua
2569 3068 2633 3119 de
2660 3066 2847 3120 eadem
2870 3067 3095 3121 sentiret
3116 3081 3268 3133 voce,
3294 3068 3409 3137 qui,
3432 3079 3554 3136 post
3576 3070 3681 3123 alia

2095 3153 2263 3206 multa
2303 3155 2549 3209 veritatis
2579 3156 2882 3210 testimonia
2922 3171 3041 3226 quae
3083 3158 3147 3211 de
3177 3155 3393 3212 Christo
3422 3159 3680 3227 protulit:

2095 3242 2153 3295 Si
2175 3244 2544 3309 testimonium,
2582 3245 2773 3314 inquit,
2802 3246 3067 3300 hominum
3104 3248 3418 3318 accepimus,
3445 3251 3679 3303 testimo-

2094 3333 2237 3384 nium
2278 3332 2378 3385 Dei
2416 3333 2590 3403 majus
2635 3343 2741 3399 est,
2786 3336 3032 3404 quoniam
3074 3336 3169 3390 hoc
3201 3345 3275 3391 est
3325 3340 3681 3393 testimonium

2094 3419 2191 3474 Dei
2208 3421 2344 3490 quod
2378 3422 2551 3492 majus
2586 3432 2659 3478 est
2681 3465 2696 3489 ,
2724 3424 2846 3494 quia
2875 3426 3185 3495 testiﬁcatus
3204 3440 3278 3482 est
3304 3428 3367 3482 de
3396 3417 3538 3483 Filio
3559 3448 3679 3496 suo,

2091 3512 2180 3581 qui
2208 3512 2371 3565 credit
2397 3513 2450 3566 in
2481 3512 2625 3568 Filio
2657 3515 2780 3581 Dei,
2831 3517 2981 3571 habet
3021 3520 3369 3574 testimonium
3415 3521 3513 3577 Dei
3542 3523 3597 3575 in
3626 3540 3682 3577 se

2094 3600 2147 3672 (Ι
2162 3602 2320 3656 Joan.
2337 3617 2391 3669 v,
2410 3602 2589 3675 9,10).
2606 3605 2852 3677 Magnum
2877 3614 2958 3663 est
2980 3609 3344 3664 testimonium
3369 3610 3681 3667 Pnecurso—

2092 3691 2186 3755 ris,
2215 3692 2304 3760 qui
2334 3693 2533 3750 missus
2567 3704 2651 3750 est
2692 3706 2748 3751 ut
2789 3698 3139 3753 testimonium
3160 3701 3445 3770 perhiberet
3485 3703 3553 3757 de
3591 3704 3682 3757 lu-

2090 3787 2248 3851 mine,
2286 3796 2345 3841 ut
2380 3804 2559 3847 omnes
2606 3791 2874 3846 crederent
2914 3810 3007 3863 per
3047 3794 3215 3848 illum.
3258 3794 3347 3849 Ait
3383 3797 3525 3851 enim
3560 3800 3680 3853 viso

2092 3875 2294 3947 Spiritu
2320 3889 2507 3935 sancto
2537 3882 2895 3938 descendente
2922 3883 2976 3937 in
3016 3885 3343 3954 baptizatum
3370 3886 3553 3941 Jesum
3573 3930 3587 3953 ,
3621 3899 3679 3942 et

2089 3969 2269 4022 audita
2297 3984 2429 4025 voce
2457 3979 2693 4040 paterna:
2717 3972 3017 4043 majestatis
3042 3993 3054 4029 :
3087 3976 3157 4029 Et
3188 3993 3279 4047 ego
3305 3978 3433 4043 vidi,
3456 3989 3503 4031 et
3533 3982 3678 4033 testi-

2088 4059 2319 4113 monium
2338 4061 2597 4130 perhibui,
2620 4065 2743 4132 quia
2766 4064 2848 4119 hic
2871 4074 2944 4120 est
2976 4064 3023 4118 F
3026 4066 3146 4121 ilius
3172 4067 3271 4122 Dei
3293 4070 3471 4139 (Joan.
3497 4087 3535 4134 ι,
3557 4071 3676 4143 54).

2090 4147 2194 4201 Sed
2220 4149 2390 4202 multo
2417 4150 2589 4219 majus
2615 4161 2698 4206 est
2718 4153 2810 4207 Dei
2835 4156 3224 4223 testimonium,
3248 4160 3389 4228 quod
3417 4154 3680 4216 testih’ca-

2018 4228 2060 4288 C
2092 4246 2181 4293 ttts
2222 4248 2307 4294 est
2349 4242 2415 4295 de
2456 4242 2594 4296 Filio
2643 4258 2766 4308 suo,
2802 4261 2924 4299 cum
2956 4248 3021 4301 de
3053 4248 3189 4303 c0310
3218 4249 3365 4303 illum
3393 4250 3678 4320 alloquens

2091 4331 2165 4383 ait
2191 4350 2202 4384 :
2231 4330 2307 4384 Tu
2336 4349 2389 4386 es
2418 4331 2588 4388 Filius
2616 4350 2760 4389 meus
2780 4336 3018 4403 dilectus,
3041 4339 3095 4391 in
3118 4348 3166 4392 te
3184 4339 3497 4410 complacuit
3520 4343 3673 4396 mihi.

2089 4418 2385 4477 Audiamus
2410 4424 2573 4478 etiam
2616 4426 2885 4495 quomodo
2925 4428 3063 4483 idem
3108 4432 3433 4501 evangelista
3475 4434 3678 4489 terruit

2090 4527 2195 4565 non
2221 4512 2504 4568 credentes
2532 4516 2817 4572 veritatem
2852 4517 2905 4571 in
2940 4503 3077 4572 Filio
3102 4519 3216 4584 Dei,
3248 4522 3339 4590 qui
3363 4520 3673 4590 huiusmodi

2088 4599 2351 4655 subinfert
2387 4602 2551 4656 verba
2592 4602 2927 4662 formidinis:
2966 4606 3069 4673 Qui
3108 4625 3210 4662 non
3248 4613 3411 4665 credit
3439 4614 3494 4666 in
3525 4611 3674 4667 Filio

2088 4690 2207 4755 Dei,
2237 4691 2537 4745 mendacem
2585 4693 2712 4763 facit
2751 4695 2942 4762 Deum,
2978 4700 3226 4769 quoniam
3271 4717 3375 4755 non
3421 4702 3585 4756 credit
3611 4705 3673 4757 in

2087 4781 2379 4835 testimonio
2419 4783 2557 4853 quod
2602 4786 2910 4854 testiﬁcatus
2956 4797 3032 4842 est
3082 4788 3225 4844 Deus
3274 4791 3339 4845 de
3386 4791 3529 4846 Filio
3569 4810 3673 4848 suo

2088 4870 2143 4944 (I
2166 4873 2324 4928 Joan.
2352 4890 2408 4939 v,
2441 4874 2550 4946 10).
2583 4876 2721 4941 Quid
2767 4878 2992 4948 impius,
3037 4881 3167 4950 quid
3194 4883 3505 4950 scelestius,
3536 4886 3629 4954 qui
3658 4887 3671 4939 Ι

2085 4965 2232 5019 omni
2281 4965 2486 5020 malitia
2522 4965 2708 5036 pejus,
2738 4984 2901 5038 quam
2941 4985 3047 5024 non
3091 4972 3312 5028 credere
3358 4974 3674 5031 testimonio

2085 5054 2216 5121 Dei;
2243 5071 2478 5112 renuens
2502 5072 2692 5112 verum
2720 5058 2811 5112 Dei
2834 5059 3028 5114 Filium
3057 5075 3199 5127 esse,
3226 5063 3291 5117 de
3312 5078 3418 5132 quo
3441 5075 3670 5134 paterna

2083 5160 2188 5199 vox
2217 5146 2330 5199 ait:
2370 5146 2447 5199 Tu
2482 5163 2536 5201 es
2578 5146 2754 5202 Filius
2782 5165 2926 5203 meus
2967 5150 3236 5206 dilectus?
3281 5153 3432 5220 Quod
3478 5157 3673 5213 beatus

2085 5235 2410 5306 evangelista
2463 5237 2657 5292 iterum
2716 5239 3019 5310 iterumque
3080 5244 3354 5301 inculcans
3398 5248 3675 5317 replicat:

2085 5322 2312 5389 Scimus,
2351 5326 2613 5395 inquiens,
2643 5330 2890 5399 quoniam
2918 5329 2968 5382 F
2970 5330 3095 5387 ilius
3124 5334 3223 5388 Dei
3250 5337 3409 5402 venit,
3447 5347 3495 5391 et
3524 5338 3674 5396 dedit

2084 5416 2232 5470 nobis
2259 5434 2484 5481 sensum,
2515 5429 2570 5472 ut
2596 5436 2966 5490 cognoscamus
2990 5441 3167 5479 verum
3205 5426 3395 5492 Deum,
3424 5438 3472 5482 et
3500 5430 3675 5486 simus

2083 5504 2138 5556 in
2162 5522 2280 5559 vero
2310 5505 2450 5561 Filio
2473 5509 2585 5578 ejus
2610 5510 2736 5564 Jesu
2777 5510 2987 5567 Christo
3015 5513 3197 5585 (Ibid.,
3226 5534 3357 5571 vers.
3386 5519 3500 5589 20).
3526 5519 3674 5586 Quid

409 5623 654 5675 φιηεηυιι,
699 5610 823 5666 Περι
862 5629 891 5666 τι
930 5612 1105 5678 longe,
1141 5615 1365 5682 vestigia
1396 5613 1675 5669 beatorum
1718 5616 1983 5685 apostolo-
2014 5596 2061 5657 Ι)
2085 5606 2225 5659 enim
2255 5607 2494 5675 apertius
2530 5609 2616 5664 bis
2640 5611 2851 5677 verbis,
2899 5615 3027 5683 qui]
3061 5616 3289 5681 dulcius,
3320 5620 3448 5688 quid
3476 5622 3674 5676 adver-

411 5713 548 5762 ruzu,
582 5699 816 5771 quicum
848 5700 1061 5757 Christo
1098 5702 1422 5756 sanctissimi
1467 5707 1745 5761 cacumina
1785 5708 1982 5762 montis

2087 5722 2177 5761 sus
2206 5722 2392 5763 omnes
2426 5708 2658 5765 bmrescs
2687 5710 2878 5767 fortius
2914 5717 3091 5783 potuit
3119 5715 3264 5773 dici?
3301 5718 3553 5778 Christus
3583 5731 3676 5779 est
