3964 6186
240 326 333 379 Ξτῦ

912 316 1329 375 DOGMATICA.
1372 350 1441 358 -—
1479 320 1637 375 ADV.
1677 316 2072 375 ELIPANDUM
2110 319 2287 374 LIBRI
2328 304 2423 374 IV.
2450 349 2518 357 —
2547 316 2669 371 LIB.
2712 318 2795 371 lll.

3380 321 3445 374 τϊῖ
3456 322 3485 375 γι

238 450 394 491 verus
420 432 589 486 Filius
636 431 750 494 Dei,
785 440 838 485 et
870 431 1045 485 omnis
1087 431 1288 486 veritas
1322 432 1377 486 in
1413 446 1479 487 eo
1511 440 1634 521 est;
1679 433 1820 488 sicut
1845 430 1893 491 Δ
1922 429 2095 502 Super
2123 449 2241 487 eam
2274 429 2535 501 siquidem
2570 438 2839 497 naturam,
2863 446 2982 500 quae
3001 438 3125 485 ante
3153 433 3336 488 oculos
3359 451 3489 503 apo-

237 530 345 598 ipse
377 527 430 579 in
457 523 754 594 Evangelio
787 523 896 576 ait:
936 522 1048 592 Ego
1073 539 1191 575 sum
1216 524 1403 577 veritas
1427 532 1476 577 et
1505 525 1607 578 vita
1638 523 1817 595 (Joan.

237 633 340 679 xiv,
373 615 452 685 6).
492 614 568 667 De
598 614 831 668 veritate
853 612 1053 668 Christi
1080 612 1175 667 Dei
1206 614 1375 667 nostri
1397 616 1591 684 saepius
1617 616 1707 685 qui
1733 633 1821 671 su-

237 723 328 778 pra
367 714 640 771 testatur;
684 706 762 759 ait
792 706 935 761 enim
979 705 1033 759 in
1070 704 1296 774 prtefata
1326 706 1561 775 Epistola
1591 708 1820 777 quodam

238 798 392 852 loco:
436 795 508 848 Et
540 793 772 864 Spiritus
794 806 889 860 est,
920 795 1008 865 qui
1034 794 1363 862 testiﬁcatur,
1399 797 1643 865 quoniam
1671 793 1824 850 Chri-

240 898 343 942 stus
372 897 449 940 est
479 887 668 939 veritas
698 885 751 955 (I
777 886 936 939 Joan.
964 901 1019 950 v,
1043 883 1118 955 6).
1147 884 1277 938 Item
1302 902 1313 937 :
1357 885 1663 957 Quicunque
1697 904 1823 940 con-

243 979 408 1046 fessus
440 976 600 1039 fuerit
622 976 869 1045 quoniam
892 976 1046 1029 Jcsus
1076 989 1148 1031 est
1186 976 1356 1031 Filius
1383 977 1500 1041 Dei,
1531 977 1668 1031 Deus
1688 978 1740 1030 in
1765 994 1823 1030 eo

243 1079 435 1132 manet,
466 1078 514 1120 et
541 1070 648 1137 ipse
673 1068 725 1120 in
755 1067 864 1119 Deo
897 1066 949 1135 (Ι
975 1067 1133 1121 Joan.
1161 1084 1232 1133 IV,
1261 1069 1336 1140 5).
1363 1069 1533 1136 Quem
1557 1084 1683 1139 ergo
1706 1068 1825 1136 Spi-

244 1166 378 1218 ritus
425 1172 650 1217 sanctns
698 1162 980 1215 veritatem
1024 1162 1309 1230 praedicat,
1354 1162 1593 1230 Baptista
1630 1161 1822 1215 Filium

244 1256 332 1309 Dei
360 1242 557 1308 verum
603 1253 839 1323 agnovit,
885 1252 1213 1321 evangelista
1245 1251 1515 1306 multoties
1544 1253 1824 1307 veritatem

244 1346 477 1416 appelEat
502 1362 518 1410 ;
561 1354 621 1398 ut
643 1345 927 1398 credamus
955 1342 1286 1411 firmiterun
1312 1351 1587 1396 teneamus
1612 1357 1826 1395 onmem

246 1439 537 1491 veritatem
571 1449 693 1488 esse
725 1434 779 1487 in
813 1432 1029 1488 Christo
1056 1430 1202 1486 Jesu.
1238 1432 1472 1488 Taceant
1496 1432 1826 1502 blasphemi,
1855 1466 1859 1471 ~

249 1527 339 1594 qui
372 1526 523 1579 hunc
554 1538 745 1577 verum
790 1523 956 1576 Deum
982 1521 1067 1576 vel
1106 1536 1291 1575 verum
1320 1522 1413 1576 Dei
1441 1521 1633 1575 Filium
1664 1523 1828 1575 dene—

246 1622 416 1684 gant;
454 1620 754 1682 pereatque
779 1609 1039 1665 memoria
1068 1623 1256 1663 eorum
1286 1610 1351 1664 de
1380 1617 1545 1674 terra,
1576 1608 1666 1677 qui
1698 1608 1831 1663 scri-

251 1708 443 1760 bentes
466 1704 809 1773 scripserunt
844 1701 1202 1771 iniquitatem,
1250 1708 1308 1754 ut
1352 1700 1664 1754 subvertant
1692 1714 1722 1752 a
1747 1697 1830 1750 via

1924 521 2182 600 stolorum
2214 520 2590 590 transﬁgurata
2615 526 2720 585 est,
2747 520 2862 573 huic
2888 535 2990 573 vox
3017 518 3154 575 iacui
3183 529 3285 584 est,
3310 530 3366 575 ut
3387 524 3494 577 sci-

1923 622 2045 666 rent
2086 613 2364 667 audientes
2388 627 2506 680 qua:
2540 610 2815 664 distinctio
2860 618 3004 664 esset
3048 610 3188 664 inter
3226 611 3370 665 illum
3393 653 3407 677 ,
3435 622 3491 665 et

1925 704 2141 774 Moysen
2215 703 2531 772 Eliamque,
2591 702 2682 771 qui
2731 717 2853 756 cum
2906 718 2971 756 eo
3028 711 3390 772 apparuerunt
3440 704 3493 757 in

1943 802 2143 858 nonte;
2175 794 2258 848 vel
2291 809 2453 862 quem
2495 794 2716 847 credere
2750 793 3053 862 mundoque
3081 795 3372 862 praedicare
3400 795 3493 847 de-

1924 885 2185 938 buissent.
2218 882 2372 936 Nulla
2400 883 2561 950 igitur
2585 882 2895 951 imaginatio
2919 897 3016 936 nec
3039 882 3092 935 in
3119 881 3236 935 Filii
3258 883 3495 947 nomine,

1924 992 2023 1031 nec
2052 978 2104 1030 in
2134 975 2320 1031 salutis
2347 984 2545 1029 nostrm
2582 973 2977 1043 dispensatione
3014 974 3065 1026 in
3096 972 3313 1027 Christo
3356 971 3494 1038 fuit;

1926 1069 2018 1122 scd
2045 1077 2156 1122 tota
2191 1069 2392 1123 veritas
2434 1075 2489 1121 et
2525 1066 2714 1121 divinae
2743 1066 3026 1133 potestatis
3059 1065 3351 1134 plenitudo,
3386 1074 3497 1120 tota

1926 1168 2125 1213 nostra:
2160 1159 2348 1213 salutis
2378 1158 2635 1227 perfectio
2676 1165 2836 1226 atque
2864 1158 3274 1210 consummatio.
3307 1156 3500 1227 Imagi-

1928 1248 2073 1302 natio
2102 1248 2345 1317 quaniam
2376 1249 2428 1301 in
2452 1248 2575 1302 [iliis
2605 1248 2740 1301 solet
2767 1262 2885 1302 esse
2914 1246 3200 1316 adoptivis,
3223 1263 3331 1301 non
3358 1248 3499 1301 veri-

1932 1340 2053 1395 tatis
2080 1341 2392 1409 integritas;
2417 1340 2557 1408 quod
2588 1340 2806 1408 impium
2828 1348 2908 1394 est
2938 1340 2993 1392 in
3013 1338 3229 1393 Christo
3257 1342 3495 1393 credere.

1931 1428 2036 1484 Sed
2062 1430 2236 1483 omnis
2261 1429 2462 1483 veritas
2496 1429 2547 1481 in
2594 1424 2659 1480 eo
2697 1436 2752 1481 et
2796 1428 3040 1481 veritatis
3081 1427 3357 1496 plenitudo
3382 1445 3501 1483 crc-

1932 1520 2100 1575 dcnda
2127 1529 2229 1574 est.
2260 1521 2389 1585 Qua:
2415 1527 2499 1572 est
2525 1533 2752 1587 persona
2774 1518 2894 1571 Filii
2920 1518 3033 1581 Dei,
3072 1527 3126 1572 et
3150 1518 3277 1587 quid
3301 1520 3503 1589 signiti-

1932 1611 2183 1675 candum,
2212 1610 2338 1663 dum
2361 1608 2587 1663 dicimus
2618 1609 2831 1662 tertiam
2855 1609 2908 1661 in
2936 1608 3196 1662 Trinitate
3218 1624 3501 1677 personam

1932 1701 2053 1754 Filii
2078 1700 2191 1761 Dei,
2224 1699 2328 1753 nisi
2367 1699 2721 1768 unigenitum,
2763 1699 3019 1777 unicum;
3032 1699 3307 1769 proprium
3333 1709 3386 1753 et
3414 1716 3504 1754 vc-

245 1796 496 1849 veritatis
525 1794 691 1848 corda
742 1792 1147 1846 innocentium:
1185 1805 1288 1843 non
1332 1797 1630 1844 metuentes
1674 1787 1830 1843 terri-

1946 1813 2055 1853 rum
2096 1797 2290 1851 Filium
2336 1797 2428 1849 Dei
2472 1795 2934 1852 demonstremus?
2963 1797 3019 1850 ln
3054 1795 3211 1865 hujus
3241 1796 3504 1851 excelfcn-

246 1885 347 1938 hile
377 1885 476 1938 Dei
522 1884 804 1954 judicium,
832 1882 975 1953 quod
1020 1880 1257 1934 futurum
1303 1890 1385 1935 est
1429 1895 1590 1950 super
1614 1896 1708 1935 eos
1737 1880 1828 1950 qui

246 1973 463 2028 veritati
497 1972 778 2034 resistunt,
807 1970 1033 2025 credunt
1059 1977 1234 2022 autem
1263 1970 1560 2024 mendacio.

314 2065 404 2118 ιγ.
433 2064 763 2117 Audivimus
792 2062 953 2117 modo
980 2061 1105 2132 quid
1146 2063 1447 2134 praecipuus
1471 2062 1793 2133 evangelista
1814 2101 1829 2126 ,

250 2158 389 2210 ﬁlius
412 2155 689 2227 siquidem
734 2153 977 2217 tonitrui,
1024 2155 1345 2209 intellexerit
1371 2155 1436 2208 de
1465 2155 1566 2208 hac
1595 2162 1832 2224 paternae

251 2246 654 2301 testiﬁcationis
699 2259 869 2299 voce:
926 2246 1315 2314 interrogemus
1358 2260 1569 2313 quoque
1616 2233 1860 2300 beatum.

250 2338 467 2392 Petrum
501 2336 874 2406 coapostolum
899 2334 1031 2402 ejus,
1060 2336 1146 2388 cui
1168 2344 1374 2388 naturze
1393 2336 1507 2388 lucc
1533 2349 1632 2387 vox
1656 2335 1834 2389 Patris

254 2432 488 2484 maxime
518 2428 849 2482 conveniat?
886 2426 1032 2480 Dixit
1060 2427 1241 2495 itaque
1267 2426 1317 2479 in
1348 2425 1580 2494 Epistola
1609 2428 1834 2481 sanctis-

252 2522 405 2582 sima,
433 2526 561 2589 post
586 2517 753 2571 multa
776 2531 894 2586 qum
920 2517 983 2571 de
1004 2516 1194 2570 salutis
1221 2525 1416 2569 nostra:
1437 2516 1835 2584 dispensatione

252 2626 303 2669 et
325 2613 635 2667 Salvatoris
666 2611 833 2682 gloria
861 2610 1255 2678 conscripserat
1280 2623 1294 2661 :
1327 2607 1448 2662 Non
1470 2610 1603 2662 enim
1631 2610 1831 2673 doctas,

252 2706 524 2773 inquiens,
551 2701 763 2773 fabulas
800 2701 963 2771 397
1012 2701 1174 2753 secuti
1223 2710 1397 2753 notam
1442 2699 1657 2769 fecimus
1694 2700 1833 2755 vobis

254 2796 462 2850 Darnini
490 2793 661 2846 nostri
690 2791 816 2845 Jcsn
855 2789 1051 2843 Christi
1082 2791 1337 2851 virtutem,
1377 2789 1466 2843 sed
1490 2789 1833 2860 speculatores

250 2888 375 2953 [acfi
397 2884 545 2937 illius
570 2880 965 2951 magnitudinis.
998 2880 1267 2950 Accipiens
1296 2880 1431 2932 enim
1460 2898 1492 2932 a
1530 2879 1638 2933 Deo
1675 2879 1835 2935 Patre

250 2980 499 3029 honorem
542 2982 590 3027 et
635 2972 880 3043 gloriam,
910 2987 1027 3024 voce
1052 2969 1264 3041 delapsa
1293 2969 1362 3022 ad
1391 2986 1505 3023 eum
1533 2970 1835 3039 hujusmodi

1933 1891 2059 1943 tiam
2089 1889 2576 1958 proprietatemque
2610 1904 2852 1959 persona:
2877 1896 3152 1957 assumpta
3192 1897 3274 1942 est
3311 1897 3503 1943 natura

1931 1981 2282 2036 humanitatis
2322 1989 2519 2036 nostra:
2548 1996 2613 2034 ex
2643 1983 2797 2035 beata
2839 1981 3056 2051 Virgine
3077 2022 3091 2046 ,
3131 1992 3189 2035 ut
3214 1990 3355 2036 esset
3381 1998 3500 2037 cuzn

1932 2072 2043 2125 Deo
2076 2071 2170 2126 Dei
2209 2070 2344 2125 Filio
2382 2071 2436 2124 in
2466 2071 2681 2140 propria
2728 2085 2958 2139 persona
3000 2071 3289 2141 unigeniti,
3336 2073 3503 2137 unici,

1931 2163 2135 2235 proprii
2158 2172 2212 2217 et
2237 2163 2348 2216 veri
2374 2162 2494 2215 Filii
2524 2162 2615 2216 Dei
2643 2178 2657 2227 ;
2682 2170 2737 2215 et
2770 2177 2889 2215 cum
2917 2170 3223 2217 assumente
3255 2163 3307 2216 in
3330 2178 3392 2216 eo
3414 2164 3502 2230 qui

1933 2263 2239 2323 assumptus
2266 2261 2371 2317 est,
2416 2259 2595 2306 essent
2624 2252 2738 2305 haec
2765 2251 2965 2305 omnia.
2996 2250 3053 2305 Si
3081 2252 3369 2319 quidquam
3411 2252 3505 2304 ho-

1933 2361 2050 2399 rum
2082 2344 2234 2398 deest
2271 2343 2324 2397 in
2360 2342 2687 2396 humanitate
2731 2340 2969 2404 Christi,
3018 2356 3124 2393 non
3172 2348 3254 2394 est
3300 2340 3504 2409 integra

1932 2435 2052 2489 Filii
2082 2434 2178 2488 Dei
2206 2447 2432 2502 persona
2474 2431 2529 2484 in
2559 2446 2623 2485 eo
2651 2431 2741 2499 qui
2779 2430 3084 2499 unigenitus
3109 2438 3211 2493 est,
3241 2444 3420 2494 verus,
3452 2441 3506 2484 et

1932 2526 2200 2597 pr0prius,
2229 2532 2284 2578 et
2321 2521 2590 2593 perfectus
2618 2521 2787 2575 Filius
2829 2521 2923 2575 Dei
2968 2520 3019 2574 in
3049 2536 3141 2575 sua
3170 2535 3419 2589 persona.
3450 2520 3506 2576 lu

1933 2618 2093 2687 hujus
2121 2632 2251 2672 vero
2280 2632 2522 2688 persona:
2550 2617 2931 2686 proprietatem
2957 2615 3189 2670 exaltata
3216 2623 3318 2681 est,
3350 2624 3410 2668 ut
3429 2614 3509 2668 di-

1932 2708 2127 2773 ximus,
2163 2709 2399 2763 humana
2429 2715 2653 2772 natura,
2702 2715 2760 2761 ut
2802 2715 2947 2761 esset
2979 2722 3135 2769 unus,
3182 2705 3505 2775 unigenitus,

1935 2800 2098 2865 idem,
2123 2799 2373 2868 proprius
2395 2805 2451 2851 et
2485 2812 2647 2851 verus
2681 2796 2848 2851 Filius
2876 2796 2993 2861 Dei,
3038 2795 3171 2850 nihil
3209 2794 3511 2864 adoptionis

1935 2889 2140 2943 habens
2155 2878 2240 2943 vel
2258 2887 2536 2942 divisionis
2559 2888 2613 2940 in
2634 2901 2879 2956 personm
2900 2885 3176 2955 dignitate.
3198 2884 3273 2938 Ea
3296 2893 3508 2947 natura,

1937 2979 2023 3034 cui
2050 2978 2250 3033 dictum
2273 2986 2355 3033 est
2379 2996 2392 3031 :
2433 2976 2596 3031 Terra
2618 2994 2692 3043 es,
2725 2986 2771 3031 et
2797 2977 2852 3030 in
2880 2988 3074 3030 terram
3098 2976 3196 3029 ibis
3226 2974 3388 3046 (Gen.
3423 2991 3508 3037 ιιι,

251 3084 281 3117 a
306 3065 593 3135 magniﬁca
615 3062 823 3133 gloria:
865 3060 967 3115 llic
996 3070 1071 3115 est
1116 3058 1164 3112 F
1167 3058 1289 3114 ilius
1331 3076 1474 3113 meus
1510 3059 1757 3126 dilectus,
1782 3062 1834 3116 in
1868 3103 1912 3165 C
1943 3070 2069 3141 19);
2100 3078 2151 3125 (ιι
2174 3085 2294 3139 qua;
2325 3071 2378 3124 in
2402 3085 2507 3123 una
2534 3069 2819 3124 concordia
2854 3083 2952 3138 pro
2980 3069 3214 3136 peccatis
3244 3066 3515 3137 ρτοιοριελ-

249 3173 350 3225 quo
377 3156 512 3208 mihi
537 3155 662 3208 bene
691 3151 980 3223 complacui
1009 3168 1027 3207 :
1066 3160 1113 3205 et
1157 3152 1290 3205 hanc
1324 3168 1495 3206 vocem
1521 3169 1614 3205 nos
1639 3153 1841 3206 audivi-

251 3264 369 3300 mus
396 3250 461 3299 de
489 3244 620 3298 cwlo
645 3242 886 3308 allatum,
914 3259 1032 3296 cum
1053 3258 1279 3296 essemus
1308 3256 1428 3295 cum
1456 3241 1567 3311 ipso
1594 3242 1649 3295 in
1674 3250 1843 3295 monte

251 3348 459 3402 sancto,
487 3346 538 3391 et
565 3336 817 3389 habemus
845 3335 1127 3403 ﬁrmiorem
1164 3333 1517 3404 propheticum
1557 3349 1843 3388 sermonem

257 3431 341 3501 (II
373 3431 523 3505 Patr.
552 3447 592 3495 ι,
627 3429 694 3484 lli
719 3426 873 3499 δρψ).
922 3426 1052 3493 Quis
1093 3435 1176 3480 est
1217 3441 1380 3496 ergo,
1412 3442 1445 3481 o
1486 3425 1714 3489 fratres,
1757 3424 1845 3478 ille

254 3522 612 3592 propheticus
637 3533 838 3585 sermo,
866 3518 958 3587 qui
980 3532 1045 3571 ex
1067 3516 1170 3570 hoc
1196 3516 1501 3571 testimonio
1525 3516 1620 3570 Dei
1646 3524 1847 3570 sancta:

260 3612 606 3667 auctoritatis
635 3610 1032 3663 ﬁrmamentum
1062 3608 1289 3676 accepit,
1330 3607 1431 3660 nisi
1461 3606 1592 3660 illud
1619 3606 1761 3675 quod
1791 3606 1846 3659 in

262 3702 471 3771 psalmo
500 3701 821 3768 legitur,.ut
858 3698 1029 3752 sancti
1066 3706 1385 3752 tractatores
1431 3697 1845 3751 intellexerunt:

266 3790 440 3844 Filius
490 3806 637 3842 meus
676 3805 729 3842 es
778 3798 855 3852 tu,
888 3804 979 3857 ego
1009 3788 1162 3841 hodie
1202 3787 1354 3857 genui
1382 3795 1429 3839 te
1459 3783 1629 3857 (Psal.
1663 3801 1722 3851 ιι,
1754 3784 1851 3855 7)?

263 3882 421 3948 Quod
452 3882 641 3935 etiam~
668 3879 1034 3933 testimonium
1079 3878 1454 3948 propheticum
1498 3875 1696 3930 Paulus
1727 3890 1853 3945 apo-

264 3974 457 4027 stoliea
487 3971 813 4025 auctoritate
841 3968 1040 4024 ludatis
1069 3969 1391 4040 praidicans,
1430 3966 1497 4021 de
1526 3966 1725 4021 Christi
1755 3966 1855 4019 hu-

268 4064 532 4117 manitate
556 4062 936 4131 prophetatum
958 4075 1076 4115 esse
1102 4066 1326 4114 testatus
1347 4066 1459 4113 est:
1481 4057 1550 4111 Et
1573 4074 1666 4111 nos
1693 4056 1852 4121 vobis,

267 4156 367 4217 ait,
393 4153 770 4207 annuntiamus
799 4168 935 4214 cant,
967 4168 1082 4221 qua:
1122 4151 1192 4204 ad
1236 4148 1423 4204 Patres
1455 4159 1655 4203 nostros
1683 4164 1857 4219 repro-

272 4247 451 4299 missio
482 4245 625 4314 [acta
656 4254 728 4297 cst
751 4261 770 4309 ;
805 4244 1051 4314 quoniam
1077 4244 1211 4296 hanc
1238 4242 1379 4296 Deus
1410 4241 1703 4313 adimplerit
1731 4241 1858 4309 ﬁliis

274 4337 487 4400 nostris,
523 4335 837 4389 resuscitans
863 4334 1043 4388 Jesum
1062 4376 1075 4399 ,
1104 4335 1236 4388 sicut
1266 4343 1314 4387 et
1340 4336 1393 4387 in
1434 4333 1633 4405 psalmo
1663 4350 1702 4387 ιι
1728 4334 1858 4386 scri-

1943 3161 2010 3215 sti
2037 3174 2161 3214 cum
2187 3158 2399 3214 diabolo
2434 3157 2575 3213 facta
2621 3166 2724 3222 est,
2765 3159 2820 3212 in
2858 3172 3022 3211 unam
3062 3172 3343 3227 personam
3389 3170 3513 3211 cum

1942 3250 2037 3305 Dei
2066 3248 2203 3304 Filio
2220 3249 2501 3320 conjuncta
2525 3256 2606 3302 est
2630 3248 2866 3318 proprio,
2893 3263 2998 3302 non
3023 3246 3303 3317 adoptivo:
3327 3254 3382 3301 et
3395 3262 3516 3316 qum

1944 3341 2153 3397 diabolo
2175 3348 2392 3411 propter
2418 3347 2697 3409 peccatum
2722 3340 2803 3393 sui
2816 3340 2960 3410 jecta
2987 3347 3088 3404 est,
3114 3352 3274 3415 super
3298 3337 3518 3408 angelos
3574 3386 3577 3391 .

1944 3441 2164 3504 propter
2211 3433 2540 3502 triumphum
2568 3432 2770 3488 Christi
2796 3431 3029 3486 exaltata
3073 3439 3188 3495 est,
3218 3440 3273 3486 et
3312 3432 3519 3487 audivit

1946 3542 1977 3579 a
2024 3526 2132 3579 Deo
2175 3524 2371 3580 Patre:
2428 3523 2560 3579 Sede
2605 3542 2637 3579 a
2672 3525 2867 3579 dextris
2909 3524 3035 3578 meis
3076 3520 3245 3594 (Psal.
3291 3538 3402 3588 εις,
3442 3523 3516 3594 1).

1948 3615 2219 3684 Quidquid
2244 3615 2387 3670 enim
2429 3615 2484 3668 in
2525 3615 2613 3669 illa
2642 3612 2873 3668 mirabili
2902 3621 2956 3667 et
3002 3612 3254 3666 inell'abili
3298 3611 3520 3680 conjun-

1950 3704 2126 3759 ctione
2157 3704 2450 3757 divinitatis
2480 3704 2932 3772 humanitatisque
2959 3703 3012 3756 in
3038 3700 3314 3756 Salvatore
3334 3711 3519 3755 nostro

1951 3800 2156 3863 gestum
2186 3798 2303 3856 est,
2344 3799 2538 3844 cuncta
2568 3792 2734 3845 solida
2773 3799 2827 3844 et
2871 3790 3107 3859 perfecta
3142 3790 3369 3842 veritate
3398 3804 3521 3856 per-

1954 3894 2071 3939 acta
2105 3891 2229 3939 sunt
2253 3901 2266 3948 ;
2301 3890 2361 3936 ut
2399 3883 2646 3936 liheratio
2674 3890 2856 3936 nostra
2879 3897 3005 3934 vera
3036 3884 3136 3945 sit,
3163 3881 3302 3934 situt
3330 3881 3442 3949 ipse
3468 3881 3522 3935 in

1955 3975 2245 4046 Evangelia
2281 3973 2393 4028 ait:
2424 3972 2481 4027 Si
2511 3973 2698 4036 veritas
2740 3970 3029 4025 liberaverit
3062 3988 3176 4035 eos,
3221 3988 3334 4025 vere
3374 3970 3523 4023 liberi

1956 4068 2101 4121 eritis
2123 4065 2304 4137 (Joan.
2330 4080 2450 4129 vni,
2478 4063 2588 4135 56).

2027 4158 2113 4212 VI.
2147 4156 2281 4212 Cum
2324 4156 2500 4211 omnis
2540 4156 2740 4211 veritas
2782 4157 2851 4212 sit
2893 4157 2946 4210 in
2976 4154 3212 4220 Christo,
3259 4154 3526 4226 quomodo

1956 4265 2064 4305 non
2111 4257 2196 4304 est
2234 4264 2395 4305 verus
2432 4249 2605 4314 Deus,
2635 4258 2726 4304 aut
2760 4264 2919 4305 verus
2953 4249 3121 4305 Filius
3165 4249 3296 4305 Dei?
3339 4246 3526 4302 Nonne

1958 4340 2134 4396 omnis
2172 4347 2358 4395 sancta
2385 4339 2480 4395 Dei
2507 4340 2746 4396 Ecclesia
2776 4342 2826 4395 in
2855 4342 3095 4412 symbolo
3132 4340 3394 4396 catholico
3438 4340 3528 4393 de-

271 4435 419 4492 plum
445 4433 564 4477 est:
596 4421 643 4475 F
649 4423 770 4477 ilius
810 4441 952 4477 meus
978 4440 1030 4477 es
1058 4434 1135 4488 tu,
1172 4441 1263 4495 ego
1288 4423 1440 4478 hodie
1467 4424 1620 4494 genui
1646 4433 1693 4476 te
1720 4424 1856 4495 (Act.
1889 4439 1939 4497 υ
1964 4438 2185 4485 camare
2216 4429 2370 4496 solet,
2402 4429 2733 4500 unigenitum
2755 4430 2848 4483 Dei
2876 4429 3067 4484 Filium
3093 4444 3330 4498 passum,
3357 4433 3411 4481 οι
3446 4441 3525 4480 se.

280 4533 396 4579 IIII,
420 4515 513 4577 '52,
541 4513 656 4585 55).
686 4513 744 4567 In
770 4529 834 4567 ea
855 4514 997 4569 enim
1023 4523 1215 4569 natura
1255 4514 1605 4571 resuscitatus
1631 4523 1715 4570 est
1740 4513 1857 4569 Sal-

280 4620 430 4663 vator
460 4618 683 4674 noster,
728 4625 847 4678 qua:
877 4608 942 4663 de
987 4608 1205 4678 Virgine
1246 4616 1518 4676 assumpta
1561 4616 1661 4662 est.
1708 4608 1774 4661 Et
1802 4615 1861 4660 ut

282 4702 477 4757 certius
501 4701 740 4754 sciamus
767 4699 832 4754 de
861 4714 963 4768 qua
987 4706 1178 4752 natura
1210 4713 1310 4752 vox
1340 4706 1561 4768 paterna
1598 4698 1863 4752 insonuis—

288 4805 399 4845 set:
444 4791 548 4845 Hic
574 4801 652 4844 est
679 4789 853 4843 Filius
893 4806 1036 4842 meus
1067 4788 1284 4842 dilectus
1304 4829 1317 4852 ,
1350 4789 1403 4841 in
1439 4805 1541 4858 quo
1571 4788 1701 4841 mihi
1738 4786 1863 4840 bene

290 4883 594 4953 rcmplacui,
643 4882 908 4953 przemisit
951 4890 1077 4936 ante
1105 4882 1298 4935 beatus
1336 4880 1522 4933 Petrus
1550 4879 1860 4947 apostolus:

290 4978 555 5045 .-tccipicns
580 4977 721 5031 enim
751 4993 781 5028 α
808 4974 916 5027 Deo
946 4972 1107 5028 Patre
1126 4974 1372 5026 honorem
1394 4983 1439 5026 et
1461 4972 1702 5042 gloriam.
1729 4970 1865 5024 Λελε-

290 5082 391 5135 que
411 5068 567 5121 dubio
588 5067 828 5120 humana
854 5072 1043 5118 natura
1064 5065 1268 5133 accepit
1292 5064 1551 5118 honorem
1569 5070 1623 5115 et
1640 5062 1866 5131 gloriam

288 5174 447 5228 quam
475 5158 667 5212 habuit
691 5154 1022 5210 mternaliter
1053 5155 1301 5209 divinitas
1329 5153 1451 5208 Filii
1484 5152 1575 5205 Dei
1610 5168 1735 5205 cum
1760 5152 1868 5206 Deo

290 5248 448 5302 Patre
472 5257 527 5302 et
554 5248 765 5317 Spiritu
788 5256 998 5301 sancto.

358 5340 423 5394 γ.
474 5339 657 5394 Multis
706 5338 1031 5392 testimoniis
1078 5337 1143 5391 de
1190 5345 1501 5392 sanctarum
1551 5332 1871 5388 auctoritate

290 5430 696 5500 Scripturarum
747 5427 968 5497 probari
998 5427 1197 5496 poterit
1243 5426 1427 5481 Iesum
1473 5426 1746 5481 Christum
1783 5439 1874 5478 ve-

290 5539 409 5576 rum
433 5523 529 5579 Dei
552 5538 676 5578 esse
700 5520 920 5587 Filium,
954 5520 1043 5590 qui
1082 5535 1149 5573 ex
1186 5520 1342 5574 beata
1368 5520 1575 5589 virgine
1600 5518 1765 5573 Maria
1790 5516 1873 5571 fac

288 5623 409 5667 etus
431 5622 513 5669 est
540 5614 733 5669 homo.
767 5610 879 5666 Sed
905 5611 990 5665 cui
1022 5612 1135 5666 hmc
1160 5610 1467 5666 testimonia
1505 5610 1753 5667 altissimi
1782 5610 1875 5665 Dei

300 5702 464 5759 Patris
490 5723 594 5761 non
626 5703 925 5769 snlliciunt,
959 5705 1143 5759 nescio
1174 5704 1301 5775 quid
1332 5704 1381 5758 ei
1410 5702 1653 5759 sumcere
1683 5703 1873 5758 valeat.

1960 4520 2185 4590 pultum,
2218 4529 2273 4575 et
2302 4521 2461 4574 tertia
2487 4520 2571 4574 die
2596 4519 2974 4582 resurrexisse,
3001 4520 3126 4572 dum
3149 4517 3262 4571 haec
3282 4518 3333 4571 in
3356 4518 3527 4570 forma

1960 4612 2103 4666 servi
2133 4610 2270 4666 facta
2300 4619 2455 4675 sunt,
2501 4625 2607 4665 non
2649 4610 2703 4663 in
2745 4616 2957 4663 aeterna:
2995 4607 3290 4662 divinitatis
3330 4605 3529 4675 gloria,

1960 4718 2079 4771 qua:
2126 4700 2467 4770 impassihilis
2494 4706 2577 4754 est
2606 4706 2661 4753 et
2703 4697 3020 4752 immortalis
3044 4712 3139 4766 per
3159 4698 3379 4751 omnia?
3423 4695 3531 4751 Sed

1963 4800 2110 4847 tanta
2137 4799 2221 4844 est
2245 4791 2424 4845 unitas
2448 4804 2709 4860 persome,
2735 4797 2793 4841 ut
2828 4787 3083 4842 Dominus
3111 4787 3292 4857 gloria:
3320 4785 3530 4841 crucifi-

1966 4898 2067 4935 xus
2101 4880 2334 4945 dicatur,
2362 4887 2417 4934 et
2442 4878 2747 4948 unigenitus
2772 4878 2928 4933 datus
2951 4878 3017 4931 ad
3043 4878 3366 4947 passionem,
3397 4876 3546 4936 sicut

1966 4970 2221 5040 praelatus
2245 4967 2569 5037 evangelista
2605 4968 2710 5021 ait:
2743 4965 2830 5022 Sic
2857 4968 2992 5021 enim
3015 4967 3196 5022 dilexit
3225 4967 3363 5020 Deus
3385 4983 3535 5021 mun-

1968 5060 2112 5124 dum,
2146 5069 2203 5112 ut
2226 5056 2426 5111 Filium
2455 5075 2607 5112 suum
2636 5061 2955 5130 unigenitum
2980 5059 3147 5130 898
3172 5060 3317 5113 daret
3353 5059 3531 5131 (Joan.

1970 5170 2052 5219 Ill,
2088 5151 2193 5223 16).
2222 5151 2391 5218 Quem
2420 5151 2564 5205 enim
2592 5150 2824 5207 Joannes
2853 5153 3181 5223 unigenitum
3219 5152 3362 5215 dicit,
3391 5152 3533 5209 hunc

1970 5246 2159 5300 beatus
2183 5243 2382 5297 Paulus
2407 5244 2675 5312 apostolus
2699 5245 2971 5314 proprium
2998 5244 3190 5299 Filium
3222 5245 3533 5311 nominavit,

1974 5336 2064 5390 ubi
2094 5336 2201 5390 ait:
2241 5335 2344 5401 Qui
2371 5339 2580 5407 proprio
2607 5335 2747 5390 Filio
2777 5354 2872 5391 suo
2918 5355 3019 5391 non
3059 5339 3299 5408 pepercit,
3330 5338 3421 5393 sed
3447 5358 3540 5412 pro

1975 5425 2120 5480 nobis
2148 5426 2385 5480 omnibus
2429 5425 2646 5479 tradidit
2681 5443 2799 5480 eum
2833 5425 3022 5497 (Rom.
3054 5443 3170 5492 vin,
3197 5427 3319 5500 52).
3369 5429 3538 5497 Quem

1977 5517 2158 5571 datum
2186 5516 2253 5569 ad
2275 5516 2580 5584 passionem
2608 5515 2743 5569 dixit
2773 5516 3114 5586 evangelista,
3147 5518 3290 5573 hunc
3316 5517 3539 5589 Aposto-

1977 5606 2063 5662 lus
2091 5606 2345 5661 traditum
2385 5621 2506 5661 esse
2539 5621 2636 5677 pro
2665 5606 2820 5662 nobis
2858 5608 3109 5663 ostendit.
3152 5607 3257 5663 Sed
3297 5624 3435 5663 unus
3462 5618 3540 5662 est

1980 5699 2147 5755 Filius
2175 5697 2268 5753 Dei
2295 5697 2449 5754 Iesus
2487 5696 2733 5753 Christus
2752 5740 2765 5765 ,
2817 5699 3080 5770 uniusque
3110 5700 3307 5770 absque
3335 5699 3542 5753 dubita-
