3964 6186
420 391 523 447 ἓῖό

1286 376 1346 432 Β.
1379 376 1440 431 F.
1479 374 1705 429 ALBINI
1745 371 1876 427 SEU
1916 367 2193 426 ALCUINI
2234 364 2512 422 OPERUM
2545 360 2723 419 PARS
2761 361 2847 417 III.

3572 356 3678 411 276

422 503 566 558 tione
594 509 854 567 personae.
884 491 953 545 Et
977 487 1249 545 sciendum
1272 494 1358 541 est
1382 484 1524 554 quod
1546 484 1722 538 unitas
1749 482 1800 536 in
1820 487 2001 552 partes
2030 483 2075 540 Α
2102 478 2275 547 major
2304 494 2384 530 me
2411 485 2508 539 est,
2559 474 2906 528 nihilominus
2948 468 3251 542 specialiter
3287 469 3484 541 posuit,
3519 466 3686 523 Pater

326 588 331 591 ’
422 590 585 648 dividi
609 604 713 643 non
744 590 953 656 potest:
984 582 1031 636 si
1058 578 1332 642 dividitur,
1376 577 1556 630 unitas
1595 590 1701 629 non
1742 575 1865 628 erit.
1897 572 2000 627 Ne-

423 692 692 751 quaquam
716 675 861 729 enim
886 686 1026 726 unus
1051 668 1213 725 dividi
1240 675 1416 738 potest
1434 707 1448 731 ,
1484 665 1736 735 nullaque
1764 678 2000 733 unquam

425 771 650 827 rationis
678 764 1034 839 possibilitate
1062 759 1360 831 personalis
1400 759 1528 813 unio
1566 757 1771 826 recepit
1807 756 2001 811 sectio—

428 877 569 916 nem.
601 859 742 928 Ergo
769 856 813 911 si
841 854 1008 909 Filius
1028 851 1123 907 Dei
1150 849 1400 920 proprius
1427 856 1511 903 est
1539 848 1595 902 in
1623 848 1923 910 divinitate,
1950 854 2004 900 et

427 953 706 1022 adoptivus
729 950 782 1003 in
811 945 1166 1005 humanitate,
1200 943 1305 996 duo
1332 948 1457 995 sunt
1483 959 1495 992 :
1519 939 1786 1010 siquidem
1812 946 1867 993 et
1885 938 2005 992 uni—

428 1045 557 1098 tatis
601 1043 654 1096 in
703 1054 769 1094 eo
815 1033 1170 1105 inseparabile
1220 1032 1536 1102 mysterium
1565 1030 1823 1086 dividitur
1862 1028 2005 1084 duali

430 1148 673 1195 numero,
698 1129 839 1199 quod
866 1126 1083 1181 omnino
1104 1124 1220 1179 ﬁeri
1247 1140 1353 1180 non
1380 1131 1592 1193 potest:
1622 1122 1749 1191 quia
1774 1122 1853 1177 sic
1878 1136 2009 1176 con-

433 1230 725 1292 temperata
751 1228 835 1274 est
851 1218 1103 1273 divinitas
1137 1216 1481 1279 humanitati,
1511 1211 1566 1267 e't
1594 1211 1900 1267 humanitas
1927 1210 2009 1266 di-

429 1312 640 1368 vinitati
661 1312 972 1382 conjuncta,
994 1315 1260 1378 quatenus
1279 1320 1381 1360 nec
1406 1312 1719 1358 naturarum
1743 1299 2006 1365 confusio,
2025 1366 2039 1383 '

432 1421 533 1459 nec
558 1412 874 1458 naturarum
904 1400 1173 1470 separatio
1215 1402 1269 1454 in
1311 1411 1539 1468 persona
1574 1395 1734 1450 unius
1767 1393 1887 1448 Filii
1914 1388 2021 1447 Dei

433 1496 625 1560 fieret;
659 1494 753 1548 sed
783 1492 930 1548 salva
967 1491 1295 1561 proprietate
1338 1488 1619 1557 utriusque
1665 1484 2009 1548 substantiae,

432 1587 628 1642 divina:
655 1584 860 1640 scilicet
883 1590 1045 1651 atque
1074 1583 1355 1644 humanae,
1388 1581 1441 1634 in
1473 1595 1577 1633 una
1616 1578 1709 1633 Dei
1749 1576 2013 1632 hominis-

434 1692 538 1746 que
577 1689 828 1744 persona,
870 1688 971 1727 nec
1012 1672 1154 1727 Deus
1184 1684 1419 1739 unquam
1463 1670 1580 1724 sine
1620 1669 1873 1733 homine,
1912 1682 2012 1721 nec

436 1768 596 1822 homo
624 1765 874 1820 credatur
896 1776 1014 1817 esse
1038 1762 1155 1817 sine
1176 1761 1305 1817 Deo.
1334 1760 1401 1815 Et
1425 1761 1538 1814 lucc
1562 1758 1825 1813 mirabilis
1850 1765 2011 1825 atque

2100 586 2266 632 meus,
2296 584 2402 623 non
2442 568 2755 621 discernens
2783 565 2837 618 in
2863 565 3078 619 nomine
3113 563 3235 616 Filii
3270 564 3411 615 inter
3436 576 3555 616 eam
3580 577 3685 615 na-

2105 668 2281 712 turam
2327 673 2489 727 quam
2534 655 2860 711 :etcrualiter
2902 670 2971 710 ex
3015 653 3175 708 Patre
3225 652 3429 711 habuit,
3462 661 3516 705 et
3560 665 3684 706 eam

2103 763 2265 817 quam
2291 745 2659 816 temporaliter
2695 759 2761 799 ex
2789 744 2958 798 Matre
2985 744 3193 812 virgine
3225 743 3488 812 sumpsit:
3520 757 3685 812 seque

2103 839 2278 907 ipsum
2302 852 2364 892 ea
2395 836 2617 891 unitatis
2639 835 2818 906 regula
2849 833 3191 888 unifortnitcr
3227 831 3419 886 Filium
3443 833 3690 886 nomina-

2104 927 2200 989 vit,
2233 926 2368 979 utin
2394 940 2549 980 sacra
2578 924 2822 978 oratione
2859 939 3019 993 quam
3050 922 3273 977 elevatis
3301 921 3548 977 inanibus
3578 923 3691 978 Deo

2106 1015 2255 1070 Patri
2286 1015 2485 1069 direxit
2525 1014 2748 1069 dicens:
2782 1014 2962 1077 Pater,
2994 1012 3230 1079 clariﬁca
3275 1010 3474 1065 Filium
3514 1022 3689 1075 tuum,

2105 1115 2163 1159 ut
2192 1104 2365 1159 Filius
2411 1115 2531 1159 tuus
2576 1105 2824 1173 clariﬁcet
2853 1115 2902 1158 te
2944 1104 3123 1176 (Joan.
3158 1119 3295 1167 xvii,
3339 1102 3410 1173 l).
3445 1102 3593 1158 Meus
3633 1111 3697 1159 ct

2109 1206 2233 1252 tuus
2272 1197 2590 1267 pronomina
2632 1204 2758 1249 sunt
2796 1210 2863 1249 ex
2904 1204 3130 1264 utraque
3169 1203 3324 1263 parte
3362 1193 3691 1263 singularia,

2108 1286 2303 1355 quibus
2330 1286 2603 1340 multoties
2631 1285 2772 1339 inter
2808 1286 3168 1340 sacratissima
3196 1285 3359 1338 verba
3390 1284 3466 1338 uti
3492 1285 3684 1348 voluit,

2107 1383 2169 1431 ut
2192 1377 2498 1431 ostenderet
2525 1377 2799 1445 propriam
2838 1374 3258 1429 familiaritatem
3304 1376 3447 1429 inter
3475 1374 3692 1429 Patrem

2110 1476 2164 1524 et
2183 1467 2401 1534 Filium,
2418 1484 2486 1524 ne
2508 1468 2650 1522 nuda
2674 1468 3043 1521 tantummodo
3067 1467 3458 1536 nuncupatione
3477 1466 3696 1522 Patrem

2113 1557 2217 1614 sibi
2246 1558 2586 1628 designaret,
2629 1557 2712 1611 vel
2757 1574 2815 1613 se
2858 1558 3104 1627 adeptiva
3139 1558 3512 1612 communione
3540 1560 3699 1613 nobis

2111 1647 2371 1718 aequalem
2394 1648 2806 1703 demonstraret.
2846 1647 2971 1702 Ideo
3002 1647 3183 1701 Maria:
3219 1646 3542 1716 Magdalenen
3570 1656 3697 1716 post

2113 1740 2565 1794 resurrectionem
2600 1754 2865 1809 apparens
2887 1779 2901 1803 ,
2935 1739 3247 1792 mandatum
3290 1739 3436 1805 dedit
3468 1739 3694 1793 dicens:

434 1854 825 1912 inaestimabilis
872 1853 1179 1922 conjunctio
1223 1854 1276 1907 in
1321 1852 1412 1906 Dei
1457 1851 1595 1906 Filio
1636 1867 1759 1906 mox
1798 1850 1853 1904 in
1899 1850 2014 1919 ipso
2045 1834 2089 1892 Β
2120 1829 2249 1885 Noli
2277 1846 2358 1885 me
2384 1839 2613 1922 εαηθξνε,
2640 1830 2867 1922 nondum
2898 1829 3201 1922 ascendiad
3242 1826 3455 1922 Ριξενεηι
3482 1844 3699 1894 meum:

436 1957 698 2019 conceptu
726 1947 1003 2018 virginalis
1042 1946 1215 2010 uteri,
1251 1943 1453 2013 Spiritu
1498 1952 1686 1998 sancto
1722 1950 2012 2013 operante,

437 2044 579 2100 facta
593 2051 719 2106 est;
757 2049 919 2111 atque
939 2039 1015 2095 de.
1027 2038 1264 2093 thalamo
1288 2035 1525 2091 caelestis
1546 2034 1811 2105 puerperii
1835 2032 2018 2103 gigan-

438 2143 525 2188 teo
555 2148 715 2188 cursu
745 2128 1063 2199 magniﬁcus
1084 2126 1381 2198 processit,
1411 2125 1558 2180 velut
1591 2124 1669 2179 sol
1702 2123 1905 2188 oriens,
1928 2121 2018 2176 Fi-

438 2225 541 2279 lius
566 2223 682 2287 Dei,
712 2221 779 2275 de
805 2235 911 2289 quo
939 2218 1091 2289 plura
1124 2216 1228 2272 dici
1258 2221 1504 2285 possunt,
1543 2215 1587 2269 si
1619 2222 1797 2268 tamen
1824 2213 1890 2267 ab
1916 2213 2017 2266 hu-

438 2329 599 2368 mano
628 2328 722 2368 ore
761 2312 827 2366 de
862 2318 1009 2365 tanta
1041 2309 1323 2380 majestate
1364 2307 1568 2377 aliquid
1614 2306 1835 2378 dignum
1865 2303 2017 2359 eli‘ari

437 2402 655 2472 poterit.
699 2400 928 2471 Superat
968 2399 1113 2454 enim
1151 2412 1367 2453 omnem
1411 2412 1631 2452 sensum
1670 2412 1773 2467 pax
1818 2395 2018 2451 Christi

441 2492 661 2564 (Philip.
696 2507 770 2556 iv,
802 2491 881 2563 7),
912 2490 967 2544 in
993 2505 1098 2560 qua
1128 2488 1367 2544 coelestia
1413 2488 1796 2555 terrestriaque
1836 2485 2021 2554 paciﬁ-

440 2592 559 2638 cata
585 2590 727 2646 sunt,
776 2590 831 2635 et
874 2581 930 2635 in
962 2596 1122 2636 unam
1164 2587 1414 2634 revocata
1453 2578 1815 2633 concordiam.
1850 2577 2020 2630 Tanta

439 2673 755 2730 excellentia
786 2674 1035 2727 humanm
1063 2670 1204 2726 facta
1235 2680 1319 2726 est
1360 2679 1567 2726 natura:
1597 2671 1652 2725 in
1695 2670 1931 2734 Christo,
1965 2677 2022 2723 ut

442 2768 497 2821 in
522 2782 682 2821 unam
711 2772 985 2836 perpetuat
1011 2764 1308 2819 divinitatis
1346 2778 1636 2833 personam
1674 2762 1883 2817 elevata
1912 2763 1980 2817 sit
2005 2781 2017 2814 :

442 2866 499 2913 et
525 2865 695 2912 totum
718 2854 978 2926 quidquid
1010 2856 1065 2909 in
1095 2854 1189 2910 illo
1211 2853 1417 2925 magna:
1445 2853 1659 2924 pictatis
1682 2860 2023 2908 sacramento

444 2957 653 3019 gestum
697 2956 809 3013 est,
850 2946 1224 3016 proculdubio
1268 2946 1373 3002 hoc
1408 2962 1545 3001 unus
1595 2947 1841 3015 idemque
1884 2944 2024 2999 Deus

444 3040 539 3094 Dei
570 3038 736 3094 Filius
765 3039 912 3103 fecit.
947 3038 1202 3105 Quamvis
1228 3038 1343 3108 ipse
1381 3038 1699 3108 quibusdam
1735 3036 1915 3091 verbis
1945 3036 2024 3089 di-

445 3310 649 3377 quitur,
678 3318 733 3364 et
775 3324 913 3363 unus
955 3318 1038 3365 est
1078 3310 1170 3379 qui
1209 3318 1495 3378 utrumque
1537 3308 1854 3363 certissimis
1883 3308 1934 3361 in
1967 3321 2025 3361 se

447 3399 614 3468 signis
638 3399 901 3463 declarat,
933 3400 1231 3455 divinitatis
1277 3400 1481 3455 scilicet
1516 3400 1808 3468 potentiam
1835 3399 2026 3453 huma-

448 3489 738 3558 nitatisque
761 3490 1160 3545 inﬁrmitatem:
1198 3490 1358 3554 sicut,
1393 3489 1623 3557 exempli
1650 3489 1823 3559 gratia
1845 3528 1859 3552 ,
1888 3503 2027 3542 unus

448 3590 534 3637 est
555 3582 715 3635 homo
734 3582 823 3651 qui
851 3580 1024 3636 oculis
1051 3582 1194 3636 inter
1221 3580 1400 3634 album
1426 3580 1743 3651 nigrumque
1770 3579 2029 3633 discernit

449 3674 708 3739 colorem,
736 3684 791 3730 et
819 3676 907 3744 qui
951 3675 1130 3728 animo
1152 3673 1417 3742 justitiam
1458 3682 1671 3742 separat
1718 3674 1787 3727 ab
1834 3673 2027 3742 iniqui-

450 3771 600 3818 tate:
635 3779 740 3821 una
764 3773 848 3819 est
878 3771 1054 3818 tamen
1084 3778 1333 3833 persona,
1366 3769 1419 3817 et
1448 3777 1586 3817 unus
1613 3762 1772 3816 homo
1791 3803 1805 3827 ,
1837 3762 1890 3816 in
1920 3778 2028 3831 quo

452 3865 535 3909 est
578 3855 835 3924 Spit'ilalis
877 3854 1225 3924 intelligentia
1273 3864 1328 3910 et
1372 3854 1605 3910 carnalis
1645 3854 2025 3910 consideratio.

454 3944 641 3999 Nonne
666 3945 719 3998 in
747 3961 851 3999 uno
874 3958 1097 4013 corpore
1127 3944 1591 4014 quinquepartitos
1622 3945 1882 4000 habemus
1908 3959 2029 3999 sen-

455 4052 567 4101 sus,
615 4052 842 4106 quorum
891 4037 1084 4107 singuli
1130 4052 1257 4093 suos
1296 4037 1544 4106 proprios
1589 4035 1791 4093 habent
1835 4037 2029 4091 actus?

456 4126 652 4180 Oculus
680 4142 912 4196 namque
933 4127 1097 4193 videt,
1124 4129 1272 4182 auris
1300 4128 1478 4192 audit;
1522 4144 1621 4184 nec
1645 4127 1836 4184 oculus
1860 4128 2025 4191 audit,

456 4233 556 4273 nec
577 4219 723 4273 auris
749 4220 928 4287 videt;
972 4228 1147 4275 tamen
1178 4222 1231 4275 in
1258 4236 1366 4276 uno
1399 4236 1625 4290 corpore
1663 4230 1789 4277 sunt
1819 4222 2031 4277 auditus

456 4317 510 4363 et
534 4308 701 4374 visus,
726 4318 780 4364 et
808 4326 945 4364 unus
968 4320 1052 4366 est
1078 4312 1257 4376 homo,
1302 4313 1355 4368 in
1398 4329 1505 4382 quo
1548 4315 1665 4369 haec
1702 4314 2033 4382 temporibus

454 4405 511 4451 et
548 4396 682 4453 locis
724 4406 955 4468 aguntur
998 4401 1331 4469 opportunis.
1378 4401 1457 4456 Ita
1487 4403 1751 4472 siquidem
1797 4403 1940 4457 Deus
1977 4410 2032 4456 et

2117 1922 2206 1976 sed
2226 1922 2373 1987 vade,
2387 1922 2472 1975 dic
2494 1920 2744 1990 fratribus
2766 1922 2912 1987 meis,
2932 1921 3165 1975 Ascendo
3194 1921 3263 1974 ad
3288 1918 3497 1975 Patrem
3523 1937 3703 1975 meum

2116 2021 2163 2065 ct
2195 2012 2264 2065 ad
2295 2009 2510 2065 Patrem
2547 2021 2774 2065 vestrum
2814 2012 2995 2083 (Joan.
3043 2028 3111 2066 xx
3136 2052 3149 2076 ,
3198 2011 3307 2080 l7).
3341 2011 3398 2065 Si
3425 2012 3707 2080 mqualiter

2116 2103 2287 2157 voluit
2314 2103 2467 2157 nobis
2496 2102 2715 2173 intelligi
2744 2111 2798 2157 et
2822 2103 2922 2157 sibi
2953 2102 3166 2157 Patrem
3197 2103 3382 2167 Deum,
3407 2119 3571 2172 quare
3592 2120 3706 2159 non

2118 2191 2270 2255 dixit,
2284 2190 2533 2247 Ascendo
2562 2192 2628 2246 ad
2658 2192 2874 2247 Patrem
2895 2192 3063 2262 899
3082 2201 3346 2258 nostrum,
3367 2195 3457 2248 sed
3480 2195 3707 2263 speciali

2116 2283 2437 2352 pronomine
2463 2282 2531 2337 de
2561 2298 2619 2338 se
2644 2283 2799 2348 dixit,
2825 2280 3039 2336 Patrem
3059 2300 3253 2349 meum;
3289 2293 3343 2337 et
3371 2285 3603 2355 generali
3625 2286 3702 2339 ad

2120 2374 2425 2444 discipulos,
2465 2372 2679 2428 Patrem
2723 2375 2989 2428 vestrum?
3016 2388 3136 2444 qua:
3184 2374 3289 2430 alia
3332 2376 3589 2430 discretio
3630 2376 3711 2432 ibi

2118 2472 2295 2532 potest
2321 2480 2457 2525 esse,
2489 2464 2590 2518 nisi
2617 2472 2676 2517 ut
2704 2464 2805 2518 sibi
2835 2464 2906 2518 sit
2929 2463 3090 2519 Pater
3124 2480 3219 2535 per
3246 2475 3512 2530 naturam,
3546 2464 3715 2523 nobis

2120 2570 2218 2624 per
2244 2554 2469 2625 gratiam
2493 2555 2515 2607 ?
3222 2628 3227 2631 ‘

2194 2664 2321 2721 Vill.
2352 2665 2456 2720 Sed
2481 2666 2564 2720 bis
2592 2667 2665 2720 ita
2695 2667 3007 2736 prielibatis,
3033 2669 3434 2723 consideremus
3467 2670 3712 2740 prophe-

2126 2758 2259 2813 ticas
2291 2758 2717 2827 apostolieasque
2748 2761 3067 2826 sententias,
3091 2761 3216 2830 quid
3242 2762 3305 2816 de
3328 2760 3456 2816 Jcsu
3483 2762 3711 2818 Christo

2123 2853 2233 2906 Deo
2254 2869 2382 2906 vero
2413 2860 2469 2907 et
2512 2853 2605 2907 Dei
2636 2852 2773 2907 Filio
2795 2868 2925 2908 vero
2957 2857 3211 2909 sentiant.
3240 2856 3494 2921 Quamvis
3518 2873 3714 2926 super—

2122 2941 2283 2997 ﬂuum
2301 2943 2446 3012 juste
2483 2944 2655 2998 videri
2681 2943 2859 2998 valeat
2898 2961 3060 3015 super
3086 2956 3324 3015 paternae
3359 2948 3603 3001 veritatis
3629 2957 3715 3001 te-

2125 3033 2395 3098 stimonia,
2428 3048 2547 3102 quin
2590 3035 2748 3104 paulo
2786 3044 2910 3089 ante
2956 3035 3252 3106 posuimus,
3285 3037 3368 3090 vel
3414 3037 3583 3106 ipsius
3610 3038 3712 3093 Dei

446 3131 623 3185 vinam
650 3130 887 3184 ostendit
909 3129 1302 3194 excellentiam,
1337 3128 1657 3199 quibusdam
1687 3143 1814 3182 vero
1836 3127 2022 3182 huma-
2055 3181 2091 3199 η
2124 3124 2245 3179 Filii
2288 3126 2471 3190 verba,
2513 3142 2634 3195 qum
2682 3130 2839 3181 moilo
2889 3128 3217 3192 dicebamus,
3276 3129 3411 3184 alios
3468 3132 3717 3185 accitare

354 3202 373 3211 ί
446 3236 570 3275 nam
593 3222 924 3276 demonstret
944 3190 1308 3290 fragilitatem,
1342 3190 1480 3274 unus
1505 3226 1588 3274 est
1625 3226 1800 3274 tamen
1830 3216 1922 3287 qui
1943 3215 2023 3270 lo-
2052 3190 2095 3241 υ

2128 3226 2293 3272 testes
2325 3235 2338 3271 :
2372 3226 2552 3273 tamen
2582 3228 2639 3271 ut
2668 3235 2728 3274 os
2759 3219 2981 3288 impium
3012 3229 3063 3274 ct
3097 3236 3193 3275 cor
3220 3222 3558 3276 incredulum
3587 3238 3720 3292 pro-

2124 3306 2354 3373 pheticis
2409 3307 2844 3378 apostolicisque,
2897 3323 2996 3364 nec
3051 3326 3155 3364 non
3210 3318 3264 3365 et
3314 3311 3718 3368 venerabilium

2126 3393 2346 3449 Patrum
2403 3396 2689 3451 obturetur
2744 3391 3246 3467 testinioniis,'qiii
3319 3416 3417 3469 per
3465 3401 3719 3456 diversas

2127 3488 2313 3543 mundi
2358 3497 2542 3557 partes
2571 3490 2623 3543 in
2655 3489 2932 3545 catholicae
2966 3490 3416 3546 lidei’lloruerunt
3448 3494 3719 3562 prmdica-

2128 3581 2290 3643 tione,
2323 3588 2380 3634 ut
2410 3582 2623 3635 tandem
2652 3581 2939 3651 aliquando
2988 3581 3171 3651 lingua
3219 3583 3518 3652 iniquitatis
3539 3583 3722 3637 discat

2127 3671 2421 3740 prudenter
2472 3678 2671 3737 tacere,
2710 3687 2831 3742 quae
2885 3688 3159 3743 nunquam
3199 3672 3387 3727 didicit
3435 3675 3720 3744 sapienter

2130 3759 2292 3829 loqui.

2199 3870 2288 3925 IX.
2316 3871 2498 3928 Primo
2527 3875 2766 3928 omnium
2815 3875 3114 3930 adducatur
3143 3876 3309 3931 Isaias
3351 3877 3402 3930 in
3453 3875 3718 3940 medium,

2129 3958 2281 4029 cujus
2329 3961 2468 4017 labia
2521 3964 2794 4032 seraphim
2825 3965 3063 4019 cmlestis
3117 3966 3322 4020 calculo
3371 3966 3560 4021 altaris
3584 3982 3718 4035 per-

2130 4053 2427 4106 mundavit.
2486 4053 2623 4119 Quid
2673 4054 2858 4123 itaque
2905 4056 3178 4111 mundatis
3230 4056 3403 4121 labiis,
3460 4058 3592 4128 quid
3617 4074 3721 4113 ore

2097 4144 2512 4215 .propemodum
2562 4144 2681 4213 plus
2721 4146 3032 4215 evangelico
3062 4163 3222 4216 quam
3267 4149 3604 4218 prophetico,
3649 4148 3721 4204 de

2129 4233 2365 4287 humana
2423 4233 2622 4289 Christi
2654 4236 2935 4290 nativitate
2975 4238 3177 4292 nostris
3225 4238 3437 4292 insonet
3466 4240 3716 4304 auribus,

2132 4324 2414 4379 audiamus
2446 4344 2460 4378 :
2515 4323 2793 4390 Quiescitc,
2823 4327 3015 4395 inquit,
3055 4328 3119 4381 ab
3143 4328 3373 4393 homine,
3425 4329 3576 4399 cujus
3609 4332 3725 4399 spi-

2133 4416 2264 4469 ritus
2292 4416 2347 4469 in
2396 4415 2629 4479 naribus,
2666 4418 2789 4487 quia
2816 4418 2923 4487 ipse
2945 4417 3177 4471 excelsus
3233 4418 3575 4488 reputabitur.
3604 4419 3722 4473 Ad-

458 4485 617 4583 E‘i'llo
651 4501 759 4583 ξηξι
789 4496 871 4583 ii“
898 4500 1171 4583 Pers‘lmb
1193 4504 1334 4552 unus
1377 4498 1459 4545 εει
1503 4489 1768 4557 Christus:
1810 4499 1864 4546 εί
1892 4506 2031 4546 unus
2061 4522 2113 4583 υ
2134 4515 2316 4562 monet
2336 4506 2610 4576 populum,
2635 4485 2876 4576 quiescat
2897 4524 2926 4561 a
2955 4509 3217 4578 sanguine
3244 4485 3467 4572 Christi,
3490 4510 3713 4564 tametsi

455 4576 627 4634 Filius
648 4578 764 4644 Dei,
803 4579 854 4634 in
880 4594 988 4650 quo
1012 4580 1264 4637 divinitas
1283 4583 1559 4638 miraculis
1583 4584 1796 4650 claruit,
1824 4593 1878 4640 et
1906 4602 2032 4641 caro

460 4666 670 4737 injuriis
703 4670 1018 4747 succubuit;
1070 4685 1232 4727 verus
1262 4681 1423 4744 atque
1451 4674 1784 4745 unigenitus,
1829 4675 1936 4731 imo
1979 4683 2034 4731 et

461 4759 651 4813 unicus
679 4760 734 4814 in
762 4770 990 4832 utroque
1018 4763 1114 4819 Dei
1140 4763 1327 4821 Filius.

534 4848 639 4903 Vll.
669 4847 770 4916 Qui
798 4852 960 4907 etiam
981 4869 1078 4924 per
1103 4869 1320 4910 omnem
1349 4857 1545 4926 ubique
1567 4857 1737 4912 sancti
1762 4857 2035 4927 Evangelii

460 4948 667 4994 textum
695 4940 795 4994 sibi
826 4940 992 4997 Deum
1020 4943 1237 5001 Patrem
1273 4948 1488 5016 speciali
1525 4948 1742 5003 nomine
1769 4949 2037 5018 appellare

462 5030 775 5097 consuevit;
825 5032 968 5100 quod
1013 5036 1209 5104 sazpius
1253 5036 1542 5102 invenitur,
1586 5054 1747 5108 quam
1777 5040 2038 5110 exemplis

462 5135 595 5190 opus
616 5122 687 5177 sit
709 5121 1088 5178 demonstrari.
1123 5124 1233 5182 Nec
1260 5143 1495 5197 unquam
1524 5132 1796 5185 communi
1823 5132 2038 5187 nomine

464 5213 741 5269 nobiscum
768 5213 982 5269 Patrem
1004 5215 1106 5271 sibi
1128 5218 1432 5286 appellavit,
1458 5222 1581 5289 quia
1608 5222 1930 5277 omnimodis
1952 5223 2040 5278 ali-

465 5311 547 5356 ter
572 5305 672 5360 sibi
699 5307 866 5361 Denm
891 5307 1108 5364 Patrem
1136 5324 1257 5365 esse
1278 5312 1501 5375 sciebat,
1529 5312 1685 5367 aliter
1705 5314 1859 5367 nobis
1884 5332 1896 5367 :
1930 5315 2039 5368 vel-

465 5392 543 5445 uti
571 5394 623 5447 in
650 5393 899 5452 familiari
947 5412 1196 5455 sermone
1220 5407 1276 5456 et
1297 5407 1408 5455 toto
1434 5402 1707 5472 mysteriis
1732 5402 2042 5471 plenissimo

466 5481 683 5554 legitur,
706 5502 863 5557 quem
887 5490 1077 5546 habuit
1111 5506 1174 5548 ea
1214 5500 1372 5548 nocte
1411 5507 1516 5562 qua
1558 5494 1788 5550 traditus
1815 5502 1917 5554 est.
1959 5510 2044 5549 se-

467 5584 617 5630 creta
647 5576 971 5635 allocutione
1015 5584 1082 5638 ad
1126 5583 1415 5654 discipulos
1458 5599 1621 5640 suos:
1660 5585 1715 5641 in
1744 5600 1850 5654 quo
1877 5585 2040 5639 etiam

468 5666 567 5723 sibi
595 5668 808 5723 Patrem
833 5670 1043 5740 privato
1060 5676 1398 5742 pronomine,
1423 5674 1474 5730 id
1504 5683 1605 5743 est,
1628 5693 1821 5740 meum,
1851 5677 2044 5746 saepius

469 5759 773 5829 appellavit.
812 5760 1068 5827 Quamvis
1104 5764 1158 5818 in
1186 5765 1415 5835 quodam
1455 5765 1572 5823 loco
1598 5766 1853 5833 dixisset,
1884 5765 2045 5821 Pater

2135 4607 2193 4653 ut
2235 4598 2394 4652 homo
2449 4598 2633 4667 spiret,
2677 4599 2923 4654 excelsus
2947 4604 3126 4653 tamen
3177 4599 3535 4669 reputabitur.
3564 4598 3725 4655 Unde

2134 4689 2399 4753 excelsus,
2431 4688 2533 4742 nisi
2564 4691 2687 4758 quia
2713 4706 2954 4760 magnus,
3004 4699 3052 4743 ct
3078 4687 3255 4744 Filius
3282 4691 3535 4745 Altissimi
3563 4708 3724 4744 voca-

2136 4782 2311 4837 bitur?
2336 4781 2471 4835 sicut
2510 4781 2867 4851 archangelus
2894 4782 3067 4836 beata:
3092 4782 3301 4851 Virgini
3333 4782 3729 4852 prmiimitiavit

2138 4872 2288 4942 (Luc.
2341 4888 2382 4936 ι,
2430 4871 2541 4943 '59.).
2596 4872 2663 4925 Et
2705 4881 2765 4926 ut
2816 4872 3018 4927 certius
3060 4871 3469 4943 intelligeretur,
3505 4872 3571 4926 de
3611 4888 3728 4941 qua

2137 4964 2362 5019 dixisset
2408 4969 2603 5017 natura
2635 4977 2649 5015 :
2681 4959 2857 5015 Filius
2883 4959 3142 5014 Altissimi
3191 4962 3478 5026 vocabitur,
3526 4961 3731 5015 subse-

2138 5063 2293 5109 cutus
2344 5052 2584 5123 angelus,
2616 5051 2684 5104 Et
2709 5050 2870 5115 quod,
2923 5050 3116 5119 inquit,
3151 5067 3215 5104 ea:
3260 5061 3308 5104 te
3331 5060 3572 5104 nascetur
3598 5068 3736 5105 san-

2139 5156 2299 5209 ctum,
2345 5144 2612 5199 vocabitur
2638 5138 2815 5195 Filius
2847 5141 2945 5195 Dei
2974 5141 3140 5209 (Ibid.
3192 5141 3304 5214 55).
3356 5141 3594 5196 Neutrali
3627 5159 3739 5197 no—

2141 5237 2283 5291 mine
2308 5237 2440 5291 dixit
2460 5243 2718 5297 sanctum,
2748 5234 2800 5288 id
2828 5240 2931 5297 est,
2961 5241 3210 5289 sanctum
3239 5250 3451 5304 corpus,
3487 5234 3630 5305 quod
3657 5252 3738 5292 ex

2142 5335 2193 5379 te
2232 5334 2504 5390 nascetur,
2533 5323 2819 5379 vocabitur
2863 5322 3032 5380 Filius
3077 5323 3192 5379 Dei.
3224 5323 3389 5393 Cujus
3424 5325 3745 5382 nativitatis

2140 5417 2512 5472 excellentiam
2540 5424 2665 5469 ante
2693 5414 3005 5470 nominatus
3039 5416 3303 5485 propheta
3337 5416 3596 5480 ostendit,
3626 5419 3734 5473 ubi

2143 5507 2218 5560 ait
2249 5524 2262 5558 :
2291 5506 2425 5560 Ecce
2461 5503 2641 5576 Virgo,
2672 5505 2868 5574 inquit,
2897 5506 3146 5576 concipiet
3186 5515 3232 5560 et
3275 5509 3443 5577 pariet
3491 5506 3540 5559 Γ
3544 5507 3734 5576 ilium,

2142 5607 2189 5650 et
2243 5597 2509 5651 vocabitur
2537 5612 2721 5651 nomen
2767 5596 2880 5665 ejus
2935 5595 3242 5651 Emmanuel
3280 5596 3434 5666 (Isai.
3464 5613 3564 5663 vit,
3604 5597 3739 5670 Li);

2143 5702 2249 5755 quo
2291 5687 2506 5741 nomine
2533 5686 2864 5756 evangelista
2900 5685 3183 5741 Mattbieus
3223 5687 3439 5757 dignam
3471 5688 3743 5756 apposuit

2145 5779 2644 5849 interpretationem
2711 5778 2894 5833 dicens
2935 5779 3116 5847 :quod
3163 5780 3552 5850 interpretatur,
3613 5778 3745 5834 No—
