3964 6186
256 353 369 407 277

924 306 1342 410 DOGMA’TICA.
1380 384 1449 394 -
1486 352 1645 408 ADV'.
1687 350 2085 405 ELIPANDUM
2125 351 2301 407 LIBRI
2335 328 2428 406 IV.
2468 380 2536 390 -
2573 350 2702 405 LIB.
2740 350 2828 405 Ill.
3415 350 3520 407 278

254 467 458 519 biscum
505 461 647 515 Deus
679 460 898 531 (Matth.
940 478 976 525 t,
1024 462 1136 533 25).
1165 464 1259 519 Cui
1289 479 1501 518 rursum
1531 463 1670 518 idem
1711 461 1840 515 Pro-
1871 467 1913 521 Α
1944 459 2057 529 ipse
2106 461 2414 514 terminavit
2467 460 2753 524 sententia,
2803 459 2987 514 dicens
3021 476 3034 511 :
3070 457 3213 529 Tunc
3257 460 3403 515 ibunt
3432 462 3517 531 hi,

252 556 423 629 pheta
466 554 568 609 sub
594 554 799 609 senarii
832 556 1042 609 numeri
1085 555 1412 625 perfectione
1442 556 1591 626 plura
1640 556 1845 609 addi.1it

254 645 502 709 nomina,
533 642 629 697 ubi
660 644 740 697 ait
773 661 786 696 :
818 641 1080 698 Parvulus
1118 654 1272 699 natus
1298 655 1371 699 est
1401 646 1567 709 nobis,
1603 653 1648 698 et
1675 643 1844 698 Fiiins

252 737 418 790 datus
464 744 542 788 est
593 733 742 787 nobis
790 732 973 803 (Isaia:
1000 748 1074 799 IX,
1105 733 1180 804 6).
1206 735 1273 788 Et
1294 751 1360 790 ne
1383 736 1601 790 dubium
1626 735 1848 790 cuilibet

254 825 400 881 foret
424 824 495 879 de
534 838 644 892 quo
672 822 915 885 dixisset,
955 821 1234 890 adiunxit:
1267 835 1315 877 et
1348 826 1518 895 factus
1546 835 1620 878 est
1649 826 1848 895 princi-

256 927 413 988 patus
453 932 615 987 super
635 916 911 969 humerum
933 916 1046 986 ejus
1064 955 1079 980 ,
1106 916 1290 985 utique
1322 916 1652 972 Salvatorem
1684 919 1848 987 signi-

259 1007 431 1063 ﬁcans
468 1014 736 1071 nostrum,
778 1007 870 1076 qui
894 1022 1195 1077 properans
1232 1009 1298 1063 ad
1334 1009 1599 1078 passionis
1649 1009 1842 1074 locum,

261 1105 467 1151 sanctae
496 1097 694 1152 Crucis
715 1098 968 1152 vexillum
992 1114 1088 1152 suo
1109 1107 1328 1168 portare
1348 1101 1572 1154 humero
1600 1101 1849 1170 dignatus

260 1193 359 1239 est.
390 1184 495 1239 Cui
520 1184 754 1254 parvulo
778 1201 904 1241 mox
930 1185 1226 1242 distinctim
1252 1188 1365 1242 hzec
1384 1190 1726 1259 proprietatis
1749 1206 1848 1244 no-

262 1274 404 1326 mina
439 1274 703 1342 imposuit
752 1290 767 1328 :
820 1275 892 1328 Et
944 1278 1229 1343 vocabitur,
1288 1278 1479 1348 inquit,
1514 1297 1698 1334 nomen
1733 1282 1848 1351 ejus

261 1363 618 1428 admirabilis,
653 1364 1012 1431 consiliarius,
1055 1366 1214 1432 Deus,
1269 1367 1438 1436 fortis,
1484 1371 1723 1441 princeps
1761 1388 1849 1441 pa-

260 1457 352 1517 cis,
392 1465 555 1525 pater
574 1455 745 1524 futuri
777 1455 989 1522 swculi;
1020 1457 1093 1511 nil
1116 1459 1419 1527 adoptionis
1445 1461 1528 1514 vel
1577 1477 1850 1532 nuncupa-

261 1546 499 1614 pationis
523 1547 613 1601 his
634 1547 840 1601 addens
872 1549 1208 1615 nominibus;
1233 1552 1326 1605 sed
1351 1552 1508 1620 plane
1535 1569 1693 1623 quem
1721 1570 1847 1622 par-

263 1638 446 1692 vulum
477 1648 672 1693 natum
698 1647 754 1693 et
789 1639 982 1695 Filium
1014 1642 1170 1697 nobis
1198 1643 1380 1697 datum
1412 1646 1677 1714 praedixit,
1707 1646 1850 1701 hunc

262 1730 517 1784 eumdem
572 1730 767 1795 Deum,
823 1746 928 1785 non
979 1732 1154 1787 solum
1208 1733 1399 1800 Deum,
1440 1736 1533 1791 sed
1574 1746 1629 1791 et
1653 1737 1849 1791 fortem

1945 550 1998 604 id
2028 558 2129 614 est,
2161 550 2332 618 impii,
2361 551 2414 603 in
2451 550 2761 620 supplicium
2786 558 3037 603 (sternunt
3062 561 3078 600 :
3099 548 3236 617 justi
3264 560 3437 603 autem
3466 554 3524 605 in

1945 640 2104 693 vitam
2140 650 2387 694 (sternam
2430 641 2592 712 (Ibid.
2626 640 2739 712 46).
2772 641 2847 694 De
2893 654 2999 710 quo
3041 639 3202 694 etiam
3236 639 3440 710 judicio
3466 650 3523 697 et

1946 732 2059 801 ipse
2103 731 2291 786 doctor
2331 734 2570 803 gentium
2614 734 2788 790 dixit:
2816 732 3007 788 Omnes
3047 742 3244 804 oportet
3267 750 3359 788 nos
3385 742 3527 788 stare

1946 836 2067 878 ante
2113 826 2344 879 tribunal
2377 825 2570 880 Christi
2600 826 2685 898 (II
2715 826 2837 882 Cor.
2876 845 2927 893 v,
2959 827 3068 899 l0).
3097 827 3249 894 Quod
3290 828 3525 884 tribunal

1948 912 2145 970 Christi
2199 916 2250 969 in
2295 916 2399 970 alio
2444 917 2563 971 loco
2606 917 2902 971 nominavit
2933 918 3165 971 tribunal
3191 918 3303 982 Dei,
3347 926 3528 988 osteno

1948 1006 2082 1060 dens
2136 1007 2409 1063 Christum
2435 1024 2554 1064 esse
2583 1008 2749 1064 Deum
2778 1010 2940 1063 etiam
2969 1018 3024 1065 et
3046 1025 3301 1080 magnum
3330 1009 3522 1075 Deum,

1948 1098 2037 1151 ubi
2088 1100 2161 1152 ait
2212 1118 2224 1152 :
2283 1100 2654 1170 Exspectantes
2700 1101 2902 1154 bea'am
2949 1118 3090 1171 spem
3136 1112 3185 1154 et
3244 1099 3533 1155 adventum.

1947 1189 2121 1256 magni
2172 1189 2268 1241 Dei
2316 1201 2363 1244 et
2420 1188 2717 1269 (Saluatoris
2765 1191 2928 1244 nostri
2979 1189 3106 1244 Iesu
3160 1189 3352 1244 Christi
3400 1190 3525 1261 (Tit.

1949 1292 2010 1340 ιι,
2060 1278 2163 1348 l5).
2199 1279 2272 1334 De
2301 1298 2406 1351 quo
2434 1290 2489 1335 ct
2530 1280 2764 1335 Joannes
2794 1280 3120 1351 evangelista
3153 1281 3230 1334 ait
3262 1299 3274 1334 :
3309 1280 3411 1334 Hic
3439 1297 3527 1335 ve-

1950 1384 2037 1421 rus
2093 1380 2167 1423 est
2212 1371 2373 1436 Deus,
2417 1383 2465 1426 et
2501 1374 2603 1426 vita
2652 1382 2846 1427 aterna
2892 1371 2943 1445 (Ι
2971 1373 3128 1427 Joan.
3183 1389 3235 1438 v,
3277 1373 3389 1444 20).
3418 1372 3529 1429 Nec

1951 1461 2092 1515 nuda
2124 1463 2194 1516 ibi
2247 1465 2576 1533 nuncupatio
2623 1464 2798 1519 locum
2832 1464 3055 1529 invenit,
3096 1464 3186 1517 ubi
3214 1474 3296 1518 est
3328 1465 3530 1519 veritas

1948 1556 2165 1612 virtutis
2194 1555 2408 1621 divinae,
2439 1571 2602 1625 quam
2646 1556 2932 1609 veritatem
2980 1555 3173 1609 divinte
3223 1556 3441 1611 virtutis
3475 1557 3529 1611 in

1952 1651 2062 1704 tilio
2104 1649 2337 1704 hominis
2383 1664 2523 1713 esse,
2557 1649 2610 1701 in
2653 1649 2887 1702 sanitate
2926 1646 3204 1716 paralytici
3233 1647 3345 1715 ipse
3374 1646 3525 1702 Chri-

1954 1752 2068 1797 stus
2116 1742 2372 1806 ostendit,
2439 1741 2528 1795 ubi
2580 1739 2777 1793 Judceis
2808 1737 3167 1809 cogitantibus
3222 1737 3365 1791 inter
3396 1753 3455 1792 se
3509 1756 3522 1791 :

265 1819 429 1873 Deum
474 1820 792 1889 3Ιηκξηίὶνὶῑ-
848 1821 978 1876 Item
1029 1831 1149 1892 post
1177 1824 1404 1894 plurima
1435 1827 1627 1882 divinae
1674 1827 1849 1883 laudis
1883 1817 1924 1875 Β
1952 1835 2081 1901 Quis
2110 1843 2273 1905 potest
2300 1842 2512 1904 peccata
2563 1832 2848 1895 dimittere,
2877 1830 2977 1883 nisi
3013 1829 3154 1883 solus
3204 1828 3388 1883 Deus?
3443 1845 3528 1884 νεα

264 1910 520 1980 insignia,
549 1911 822 1976 eumdem,
852 1927 1009 1980 quem
1033 1914 1446 1985 Rcdemptorem
1476 1918 1680 1972 sciebat
1720 1934 1851 1973 ven-

265 2009 464 2064 turum,
497 2001 790 2056 Dominum
822 2004 1139 2059 exercituum
1182 2016 1238 2061 et
1286 2006 1453 2061 Deum
1484 2011 1652 2063 omnis
1695 2020 1848 2065 teme

267 2096 441 2148 vocari
469 2096 764 2163 praedixit;
799 2097 888 2150 ubi
918 2098 1058 2162 huic,
1091 2115 1209 2168 qua:
1230 2102 1497 2168 quondam
1532 2104 1584 2157 in
1613 2103 1847 2159 viduita-

267 2189 331 2239 tis
381 2201 632 2241 maerore
670 2187 915 2253 sedebat,
979 2189 1211 2258 plurima
1262 2192 1645 2249 consolationis
1686 2196 1849 2250 verba

266 2275 602 2345 proferebat,
653 2277 1020 2349 subjungens:
1054 2279 1212 2345 Quia,
1260 2282 1851 2351 inquit,'dominabitur

268 2366 363 2428 tui,
413 2367 511 2436 qui
548 2365 677 2434 fecit
714 2376 781 2431 te,
823 2357 1076 2423 Dominus
1105 2372 1428 2425 exercituum
1487 2389 1673 2427 nomen
1695 2374 1848 2442 ejus:

272 2465 314 2508 et
339 2455 664 2525 Redemptor
703 2466 825 2510 tuus
847 2468 1058 2512 sanctus
1090 2459 1282 2526 Israel,
1320 2460 1459 2515 Deus
1503 2465 1669 2517 omnis
1698 2473 1851 2518 terra:

272 2547 539 2600 vocabitur
561 2547 720 2623 (Isai.
755 2564 867 2613 ων,
907 2550 982 2621 5).

336 2638 405 2693 Χ.
463 2639 679 2707 Quibus
714 2641 876 2696 etiam
926 2644 1230 2699 nominibus
1282 2660 1515 2701 consona
1568 2646 1852 2703 Psalmista

274 2731 549 2786 concinuit
576 2747 707 2787 voce
735 2747 750 2785 :
784 2733 915 2798 Quis
940 2743 1014 2788 est
1038 2734 1154 2801 iste,
1182 2737 1488 2803 decantans,
1520 2754 1610 2792 rex
1636 2738 1856 2809 glorite?

276 2822 533 2876 Dominus
575 2822 729 2892 fortis
754 2833 803 2877 et
848 2825 1339 2895 potens,‘Dominus
1369 2837 1549 2897 potens
1568 2829 1623 2881 in
1650 2828 1851 2898 pnelio.

277 2913 340 2967 Et
367 2914 548 2968 adhuc
596 2914 819 2979 addidit,
873 2917 1014 2970 sicut
1045 2926 1169 2972 ante
1192 2917 1535 2988 praediximus
1564 2920 1856 2976 :Domimts

277 3007 527 3057 rirtutum
578 3006 689 3075 ipse
720 3015 794 3059 est
826 3023 916 3059 rex
961 3006 1142 3077 gloria:
1185 3006 1356 3079 (Psal.
1388 3024 1545 3073 χχιιι,
1591 3009 1771 3081 8-10).
1791 3011 1858 3065 Et

279 3095 402 3148 alibi
435 3113 449 3147 :
484 3092 669 3149 Gloria
714 3106 760 3149 et
790 3096 985 3150 honore
1014 3098 1275 3151 coronasti
1303 3114 1441 3163 eum,
1469 3109 1515 3153 et
1540 3100 1856 3154 constituisti

1948 1926 2188 1994 spondit:
2211 1923 2276 1977 Ut
2302 1922 2479 1977 sciatis
2502 1922 2625 1993 quia
2655 1919 2827 1974 Filius
2849 1920 3076 1973 hominis
3101 1928 3400 1989 potestatem
3430 1919 3527 1973 ha-

1950 2014 2031 2069 bet
2064 2014 2118 2065 in
2149 2022 2289 2065 terra
2331 2011 2625 2065 dimittendi
2650 2019 2885 2080 peccata,
2917 2019 3040 2063 tunc
3085 2009 3157 2062 ait
3194 2008 3484 2079 paralytico
3508 2028 3527 2065 :
3622 2032 3625 2035 ν

1950 2106 2137 2174 Surge,
2173 2103 2295 2156 tolle
2341 2103 2527 2156 lectum
2581 2112 2748 2165 tuum,
2783 2110 2832 2155 et
2865 2101 2994 2154 uade
3035 2101 3090 2154 in
3139 2100 3349 2153 domum
3385 2110 3529 2161 tuam

1952 2192 2168 2263 (Matth.
2198 2208 2271 2256 IX,
2298 2190 2373 2262 6).
2404 2191 2470 2244 Et
2496 2204 2680 2245 vocem
2699 2189 2933 2255 iubentis
2955 2204 3078 2245 mox
3097 2189 3300 2244 sanitas
3322 2188 3534 2263 paraly-

1951 2282 2043 2337 tici
2091 2288 2379 2336 consecuta
2414 2290 2516 2335 est.

2023 2373 2112 2426 XI.
2153 2373 2230 2427 Ac
2275 2388 2342 2427 ne
2393 2371 2532 2427 forte
2561 2373 2681 2442 quis
2713 2373 2958 2427 dubitare
3012 2380 3177 2442 queat
3217 2388 3283 2426 an
3314 2372 3401 2427 ille
3439 2373 3531 2442 qui

1952 2479 2142 2533 passus
2167 2472 2250 2519 est
2291 2462 2590 2517 divinitatis
2633 2463 2829 2517 habeat
2877 2462 3127 2535 gloriam,
3156 2462 3299 2533 legat
3329 2462 3380 2514 in
3424 2462 3529 2515 Da-

1954 2555 2092 2609 niele
2138 2554 2283 2609 illius
2334 2553 2799 2608 excellentissima:
2843 2560 3239 2607 sacramentum
3284 2551 3527 2613 visionis,

1953 2642 2043 2698 ubi
2090 2643 2225 2696 vidit
2277 2641 2443 2696 tilium
2475 2642 2706 2697 hominis
2753 2641 2818 2696 ad
2876 2642 3159 2711 antiquum
3211 2642 3529 2710 perducuxm

1955 2748 2075 2788 esse
2128 2733 2336 2787 dierum
2370 2751 2382 2785 :
2417 2732 2761 2802 Aspiciebam,
2790 2732 2983 2802 inquit,
3039 2733 3093 2786 in
3120 2734 3314 2786 visione
3345 2734 3532 2797 noctis,

1957 2830 2006 2877 et
2026 2838 2140 2875 ecce
2165 2837 2280 2875 cum
2310 2821 2531 2875 nubibus
2554 2820 2664 2875 caeli
2692 2822 2841 2891 quasi
2862 2820 3004 2890 [ilius
3027 2821 3250 2876 hominis
3282 2822 3531 2887 veniebat,

1957 2921 2005 2965 et
2036 2928 2197 2981 usque
2221 2911 2289 2964 ad
2322 2912 2593 2981 antiquum
2618 2910 2820 2965 dierum
2842 2911 3087 2983 pervenit,
3111 2921 3156 2966 et
3183 2912 3237 2966 in
3265 2923 3536 2983 conspectu

1959 3004 2073 3073 ejus
2101 3002 2397 3057 obtulerunt
2452 3020 2592 3069 eum,
2624 3013 2671 3056 et
2711 3004 2850 3057 dedit
2880 3006 2925 3057 ei
2953 3012 3271 3073 potestatem,
3303 3015 3349 3057 et
3375 3003 3539 3057 hono-

1964 3109 2094 3158 rem,
2136 3105 2182 3146 et
2216 3110 2466 3163 regnum;
2495 3104 2542 3148 et
2584 3111 2758 3148 omnes
2803 3094 3000 3165 populi,
3051 3096 3215 3148 tribus
3246 3104 3294 3148 et
3344 3095 3537 3164 lingua:

278 3201 394 3237 eum
431 3200 593 3253 super
628 3200 786 3254 Opera
812 3201 1062 3238 manuum
1090 3194 1322 3239 tuarum.
1365 3185 1555 3240 Omnia
1593 3188 1859 3258 subjecisti
1889 3158 1932 3219 C
1964 3184 2062 3253 ipsi
2108 3185 2344 3239 servient.
2379 3185 2618 3239 Potestas
2649 3186 2783 3255 ejus.
2805 3194 3029 3255 Ροτεδιαε
3052 3194 3271 3251 (Nerua,
3294 3201 3410 3255 llud?
3433 3202 3537 3240 ηοη

279 3274 372 3326 sub
407 3274 631 3341 pedibus
659 3274 797 3343 ejus.
830 3271 1001 3345 (Psal.
1049 3292 1169 3340 vm,
1217 3275 1250 3330 6
1306 3277 1436 3349 seq.)
1475 3277 1591 3344 Quo
1614 3278 1861 3348 exemplo

280 3362 406 3414 dum
438 3360 734 3430 Apostolus
759 3362 837 3417 uti
866 3363 1051 3429 voluit,
1083 3364 1280 3434 adjecit
1310 3385 1322 3420 :
1357 3366 1423 3421 In
1456 3384 1514 3422 eo
1537 3370 1693 3433 enim,
1719 3369 1860 3439 quod

282 3454 439 3518 dixit,
473 3455 650 3507 omnia
682 3453 949 3525 subjecisti
972 3455 1063 3509 sub
1100 3458 1311 3527 pedibus
1351 3460 1482 3529 ejus,
1509 3459 1637 3514 nihil
1665 3462 1860 3515 dimisit

284 3562 385 3597 non
414 3545 463 3597 ei
493 3544 787 3613 subjectum
818 3543 1003 3615 (Hebr.
1038 3564 1099 3612 ιι,
1123 3548 1198 3619 8).
1232 3549 1481 3620 Nunquid
1518 3550 1672 3605 alicui
1698 3551 1861 3622 adop-

285 3636 395 3689 tivo
425 3636 559 3699 lilio,
612 3635 699 3688 vel
743 3637 1104 3706 nuncupativo
1131 3639 1240 3693 Deo
1263 3642 1441 3695 omnia
1471 3641 1713 3711 subjecta
1739 3658 1860 3697 esse

287 3724 618 3779 credendum
645 3736 749 3786 est,
795 3735 851 3779 et
904 3741 1010 3779 non
1067 3728 1239 3797 magis
1286 3728 1361 3783 illi
1411 3730 1528 3792 soli,
1595 3732 1686 3801 qui
1740 3733 1862 3787 uni-

285 3817 499 3886 genitus
540 3824 647 3879 est,
676 3824 731 3870 et
767 3818 1017 3886 prOprius
1048 3817 1139 3872 Dei
1171 3818 1336 3873 Filius
1375 3821 1427 3873 in
1479 3822 1702 3877 duarum
1733 3840 1863 3880 con-

282 3904 563 3974 junctione
588 3908 929 3961 naturarum?
951 3907 1025 3962 De
1046 3909 1417 3978 quoprael‘atus
1443 3912 1723 3970 Psalmista
1743 3917 1860 3970 lau-

288 3997 448 4051 dabili
471 4006 697 4066 peracto
738 3996 926 4052 salutis
966 4009 1164 4054 nostra:
1194 4001 1464 4072 triumpho
1484 4005 1557 4057 ait
1585 4022 1596 4057 :
1621 4006 1863 4060 Ascendit

288 4090 427 4147 Deus
472 4092 526 4147 in
543 4088 882 4163 jubilatione,
929 4099 977 4146 et
1005 4092 1261 4149 Dom'nus
1287 4097 1340 4149 in
1368 4113 1485 4150 voce
1522 4098 1659 4151 tubae
1688 4097 1857 4169 (Psal.

289 4197 434 4246 nvi,
464 4181 540 4253 6).
594 4182 736 4237 Deus
783 4184 1033 4248 ascendit,
1086 4183 1239 4248 dixit,
1271 4192 1328 4238 et
1373 4183 1629 4239 Dominus
1677 4189 1859 4242 veniet.

290 4271 408 4338 Quo
432 4273 704 4327 versiculo
727 4274 876 4341 paria
907 4273 1231 4328 ascendente
1255 4273 1468 4328 Christo
1490 4276 1730 4345 angelica
1759 4294 1861 4333 vox

292 4364 601 4434 apostolicis
654 4364 897 4419 insonuit
935 4365 1176 4429 auribus,
1208 4365 1433 4422 dicens:
1476 4365 1585 4421 Viri
1630 4368 1860 4437 Calilari,

290 4455 413 4524 quid
436 4455 522 4508 hic
565 4454 715 4508 statis
759 4456 1062 4526 aspicientes
1102 4456 1157 4510 in
1185 4457 1406 4510 caz'um?
1456 4458 1539 4512 hic
1572 4458 1747 4524 Iesus,
1775 4465 1863 4532 qui

292 4556 589 4618 assumptus
628 4556 705 4601 est
733 4565 765 4601 a
809 4547 968 4611 vobis,
1007 4549 1082 4602 sic
1112 4550 1291 4611 ueniet,
1331 4552 1763 4620 quemadmodum
1791 4555 1867 4609 vi—

292 4637 443 4690 distis
492 4653 612 4690 eum
665 4646 869 4690 euntem
924 4638 979 4691 in
1035 4637 1221 4691 coelum
1273 4641 1409 4710 (Act.
1480 4641 1653 4713 1,“).
1704 4641 1868 4714 Cujus

292 4728 561 4781 adventus
605 4725 1092 4783 manifestationem
1142 4736 1511 4800 terroremque
1539 4726 1868 4804 Psalmigra—

294 4816 433 4888 phus
461 4818 699 4872 ostendit
728 4837 741 4873 :
771 4816 912 4873 Deus
939 4819 1269 4890 manifestus,
1293 4820 1497 4886 dicens,
1522 4820 1707 4889 veniet,
1731 4824 1870 4879 Deus

298 4919 468 4961 noster
516 4924 621 4962 non
660 4909 830 4964 silebit
881 4908 1054 4982 (Psal.
1104 4928 1249 4978 xm,
1301 4913 1378 4984 5).
1437 4913 1578 4969 Deus
1614 4924 1696 4969 est
1745 4931 1873 4987 ergo

298 4998 430 5068 ipse,
476 4998 571 5069 qui
626 5008 681 5054 et
730 4999 872 5056 ﬁlius
914 5002 1170 5067 hominis,
1210 5011 1335 5056 ante
1379 5004 1531 5074 cujus
1578 5003 1874 5073 majestatis

296 5087 554 5142 thronum
602 5090 1079 5160 congregabuntur
1124 5091 1289 5162 900
1334 5107 1521 5147 omnes
1566 5103 1775 5163 gentes,
1821 5103 1876 5150 et

301 5176 575 5234 discernet
624 5195 719 5234 eas
747 5181 885 5234 sicut
913 5188 1103 5250 pastor
1146 5197 1384 5252 gregem,
1415 5189 1658 5237 statuens
1685 5199 1814 5238 oves
1843 5200 1874 5239 a

301 5266 526 5335 dextris,
569 5269 757 5325 hmdos
795 5278 975 5324 autem
1006 5287 1037 5324 a
1068 5272 1322 5327 sinistris.
1352 5273 1422 5326 Et
1465 5282 1524 5327 ut
1553 5289 1676 5327 eum
1705 5277 1876 5349 magis

302 5360 389 5415 illa
414 5362 501 5416 die
524 5375 709 5431 regem
739 5362 1045 5429 timeamus,
1070 5377 1233 5432 quam
1255 5378 1468 5417 servum
1493 5361 1875 5432 despiciamus,

302 5450 376 5506 ait
402 5451 520 5523 ipse
550 5471 565 5506 :
600 5453 747 5509 Tunc
781 5453 917 5509 dicet
940 5471 1033 5509 rea:
1069 5456 1150 5509 his
1173 5456 1264 5527 qui
1305 5474 1336 5509 a
1360 5456 1558 5510 dextris
1589 5456 1703 5526 ejus
1733 5467 1875 5522 sunt,

302 5549 356 5594 et
377 5551 706 5612 czeteraqute
725 5552 1026 5614 sequuntur
1045 5543 1099 5599 in
1122 5544 1445 5598 discretione
1462 5543 1690 5599 duorum
1711 5545 1880 5615 agmi-

304 5647 450 5696 num,
499 5632 773 5701 iustorum
845 5634 1049 5690 scilicet
1105 5642 1271 5706 atque
1327 5635 1614 5706 impiorum
1663 5635 1876 5709 (Matth.

304 5738 432 5790 xxv,
482 5725 593 5799 54).
646 5725 815 5798 Cujus
856 5725 1043 5795 iudicii
1092 5727 1337 5782 ultimam
1369 5727 1747 5783 discretionem
1777 5727 1881 5782 hac

1962 3276 2265 3346 auferetur;
2315 3287 2362 3331 et
2411 3294 2624 3347 regnum
2676 3277 2809 3346 ejus,
2854 3276 2991 3347 quod
3046 3293 3149 3330 non
3178 3287 3539 3346 corrumpetur

1962 3366 2125 3438 (Dan.
2160 3383 2255 3431 vn,
2282 3366 2488 3440 15-14).
2521 3367 2619 3422 Cui
2648 3366 2840 3422 beatus
2869 3365 3103 3421 Joannes
3124 3366 3459 3435 evangelista
3483 3368 3537 3421 in

1962 3456 2378 3513 revelationibus
2402 3459 2516 3514 suis
2544 3459 2698 3514 valde
2719 3459 2943 3529 mqualia
2981 3474 3039 3514 se
3073 3458 3272 3512 vidisse
3294 3456 3361 3512 de
3382 3456 3540 3512 Chri-

1962 3560 2070 3615 sto,
2098 3550 2190 3620 qui
2217 3551 2428 3605 occisus
2454 3557 2557 3615 est,
2589 3559 2817 3606 testatur
2847 3569 2859 3605 :
2888 3550 2954 3604 Et
2978 3551 3100 3614 vidi,
3126 3551 3322 3620 inquit,
3351 3559 3397 3604 et
3427 3567 3541 3605 ecce

1961 3644 2015 3696 in
2044 3644 2212 3698 medio
2242 3645 2415 3698 throni
2437 3654 2664 3715 quatuor
2704 3643 2977 3705 animalia,
3026 3653 3073 3698 et
3099 3645 3152 3698 in
3179 3643 3347 3697 medio
3374 3645 3544 3697 senio-

1963 3750 2080 3787 rum
2117 3748 2309 3802 agmtm
2336 3744 2557 3787 stantem
2584 3740 2832 3805 tanquam
2855 3735 3099 3797 occisura,
3133 3734 3403 3788 habentem
3428 3751 3544 3787 cor-

1964 3839 2069 3876 nua
2091 3832 2305 3892 septem,
2327 3832 2374 3875 et
2403 3822 2579 3877 oculos
2608 3833 2819 3895 septem,
2849 3826 2938 3894 qui
2960 3834 3076 3878 sunt
3109 3834 3299 3894 septem
3330 3824 3543 3892 spiritus

1963 3910 2061 3963 Dei
2082 3910 2224 3963 missi
2247 3911 2301 3962 in
2328 3925 2529 3962 omnem
2552 3921 2745 3963 terram
2771 3910 2952 3981 (Apoc.
2984 3929 3040 3976 v,
3066 3912 3142 3981 6).
3169 3911 3233 3964 Ει
3258 3920 3380 3980 post
3400 3926 3540 3980 pau—

1962 4017 2046 4066 ca,
2074 4009 2304 4070 quatuor
2324 4001 2574 4056 animalia
2602 4011 2657 4056 et
2676 4003 2863 4071 viginti
2889 4013 3121 4070 quatuor
3148 4003 3389 4057 seniores
3411 4019 3541 4058 can-

1960 4102 2076 4148 tare
2106 4098 2365 4147 memorat
2390 4108 2402 4143 :
2431 4091 2632 4160 Dignus
2656 4108 2730 4155 es,
2762 4090 2983 4145 Domine
3011 4090 3173 4157 Deus,
3207 4095 3442 4163 accipere
3472 4092 3539 4147 li-

1965 4183 2113 4236 brum
2151 4191 2199 4234 et
2228 4180 2421 4234 solvere
2461 4180 2732 4249 signacula
2762 4180 2899 4250 ejus,
2942 4183 3188 4239 quoniam
3224 4186 3424 4237 occisus
3467 4201 3543 4249 es,

1964 4282 2013 4325 et
2041 4271 2301 4324 redemisti
2340 4286 2432 4324 nos
2464 4270 2570 4323 Deo
2597 4271 2651 4324 in
2672 4273 2925 4342 sanguine
2948 4281 3037 4327 tuo
3063 4271 3223 4344 (Ibid.
3252 4276 3305 4337 8,
3337 4273 3412 4343 9).
3448 4273 3543 4329 Cui

1963 4363 2201 4418 victoria:
2221 4362 2395 4416 omnis
2416 4361 2675 4417 cmlortun
2699 4364 2969 4420 exercitus
2991 4373 3296 4431 attestatur,
3314 4366 3498 4421 dicens
3528 4386 3541 4422 :

1969 4453 2167 4524 Dignus
2196 4462 2271 4508 est
2300 4469 2465 4524 agnus
2489 4456 2579 4526 qui
2610 4456 2809 4510 occisus
2837 4466 2931 4521 est,
2971 4459 3203 4528 accipere
3231 4458 3475 4528 gloriam,
3498 4469 3545 4512 et

1969 4504 2163 4524 -'.7"-"
2199 4504 2264 4508 η’
2304 4504 2460 4524 ενυ-ννέ-
2492 4504 2575 4526 -ιτν-
2613 4504 2805 4510 ν-’νν-ν
2838 4504 2931 4521 --·ι
2972 4504 3200 4528 ἠν-ια’*
3231 4504 3475 4528 εντ’-κη’
3498 4504 3543 4512 *-

1896 4504 1944 4565 D
1971 4545 2241 4609 honorem,
2272 4554 2320 4599 et
2357 4544 2701 4612 divinitatem,
2738 4557 2787 4600 et
2816 4548 3195 4616 fortitudinem,
3226 4558 3273 4602 et
3315 4558 3543 4619 potestd-

1973 4643 2075 4688 tem
2124 4632 2285 4705 (Ibid.
2335 4634 2445 4705 12).
2491 4634 2629 4689 Ecce
2655 4650 2826 4704 agnus
2852 4636 3083 4701 occisus,
3116 4637 3318 4692 habens
3346 4654 3543 4693 cornua

1975 4734 2203 4796 septem,
2247 4726 2300 4779 id
2327 4732 2429 4790 est,
2463 4726 2630 4780 totius
2674 4725 2857 4780 mundi
2887 4739 3083 4796 regna;
3114 4725 3318 4783 habens
3365 4728 3549 4784 oculos

1977 4827 2207 4888 septem,
2244 4818 2298 4872 id
2323 4824 2427 4879 est,
2449 4817 2587 4870 dona
2616 4816 2945 4886 septiformis
2966 4816 3218 4888 Spiritus,
3247 4836 3367 4891 quae
3385 4821 3549 4876 Isaias

1981 4909 2299 4965 nominatim
2341 4921 2503 4976 super
2530 4904 2740 4972 ﬂorem,
2769 4908 2861 4976 qui
2884 4908 2951 4963 de
2979 4910 3129 4981 virga
3174 4912 3374 4967 radicis
3399 4911 3550 4968 Iesse

1974 4999 2236 5063 ascendit,
2268 4998 2611 5067 requiescere
2639 4997 2910 5067 praedixit.
2953 5001 3092 5057 Ecce
3121 5002 3382 5058 Dominus
3407 5003 3550 5058 Deus

1973 5089 2184 5144 occisus
2221 5087 2439 5151 dicitur,
2481 5086 2572 5155 qui
2614 5102 2714 5142 nos
2760 5087 2987 5145 redemit
3035 5092 3293 5161 sanguine
3341 5106 3457 5156 suo,
3493 5100 3547 5145 et

1974 5177 2103 5233 fecit
2126 5178 2229 5233 sibi
2275 5192 2501 5249 regnum
2530 5184 2585 5232 et
2629 5178 2938 5235 sacerdotes
2989 5181 3044 5236 in
3091 5190 3373 5236 aeternum.
3423 5180 3548 5238 Hzec

1975 5271 2154 5327 omnia
2201 5268 2497 5325 secundum
2550 5268 2905 5323 humanitatis
2950 5279 3198 5324 naturam
3234 5270 3330 5324 Dei
3360 5270 3545 5336 lilium,

1980 5360 2072 5430 qui
2100 5359 2311 5414 occisus
2337 5365 2439 5421 est,
2466 5372 2655 5412 omnes
2678 5358 2929 5427 angelicae
2956 5366 3249 5427 potestates
3278 5362 3551 5432 accepisse

1981 5459 2264 5507 testantur.
2297 5447 2486 5502 Nonne
2511 5447 2598 5502 ille
2635 5448 2767 5519 ipse,
2795 5449 2847 5503 id
2876 5460 2980 5512 est,
3013 5451 3278 5517 Christus,
3318 5451 3550 5508 allii-ma-

1983 5544 2076 5597 bat
2096 5549 2217 5611 post
2244 5538 2660 5594 resurrectionis
2690 5539 2936 5610 gloriam,
2966 5542 3106 5597 hanc
3139 5541 3297 5611 hujus
3320 5544 3551 5614 prophe-

1985 5633 2107 5687 tica:
2125 5630 2209 5686 vel
2242 5627 2550 5699 apostolicae
2595 5628 2816 5685 visionis
2837 5632 3144 5699 veritatem,
3171 5632 3299 5689 dum
3330 5634 3444 5689 suis
3469 5632 3553 5689 di-

1988 5725 2141 5781 cebat
2193 5721 2468 5793 discipulis
2524 5737 2536 5774 :
2583 5719 2721 5776 Data
2765 5734 2840 5778 est
2868 5726 2994 5780 mihi
3033 5727 3197 5786 omnis
3238 5736 3462 5797 potestas
3495 5725 3550 5777 in
