3964 6186
373 335 475 387 271)

1202 328 1261 382 Β.
1302 284 1361 382 r.
1401 328 1641 385 .thth
1679 330 1806 383 seu
1849 328 2121 385 arcum
2161 330 2441 401 orsum:
2480 333 2657 388 rans
2695 332 2777 390 ιιι.

3472 352 3482 361 ’
3524 347 3629 403 280

369 447 495 501 casio
556 456 602 497 et
652 446 886 505 iu.terra
941 442 1152 514 (Matt/1.
1194 459 1394 507 xxvm,
1436 445 1563 514 18)?
1625 441 1772 495 lleu!
1816 442 1949 511 proh
1979 452 2025 503 Λ
2054 440 2323 495 diversum
2373 456 2493 496 esse
2520 443 2786 509 Christus,
2829 462 2990 514 quam
3022 447 3163 501 Deus
3211 459 3324 515 est;
3358 451 3497 508 Deus
3529 457 3630 525 igi-

370 539 553 593 dolor!
587 537 775 590 infelix
807 535 1006 595 anima,
1033 550 1152 603 quze
1182 534 1267 587 his
1294 532 1544 587 omnibus
1569 531 1840 586 incredula
1868 538 1951 586 est

366 629 626 691 testibus,
681 634 737 680 et
778 641 885 680 non
932 626 1168 695 seipsam
1219 624 1464 694 corrigit,
1521 632 1580 677 ut
1604 623 1789 677 credat
1839 630 1946 676 tam

366 719 640 790 praeclara:
667 718 1009 773 auctoritatis
1038 715 1395 771 testimoniis!

435 830 547 890 XII.
590 831 658 884 At
690 846 808 895 vos,
848 831 949 883 viri
1005 828 1217 892 fratres,
1266 828 1697 898 expergiscimini
1730 828 1943 882 tandem

368 924 675 991 aliquando,
709 932 763 975 et
814 921 1067 991 lacrymis
1099 919 1429 991 paenitentia:
1457 919 1632 973 lavate
1662 920 1730 975 de
1767 921 1943 975 cordi-

365 1015 464 1068 bus
506 1014 701 1067 vestris
752 1013 979 1075 litteras,
1032 1026 1168 1079 quas
1218 1011 1373 1081 nigro
1431 1010 1762 1067 infidelitatis
1820 1012 1941 1067 felle

360 1105 655 1173 scripsistis
684 1104 734 1156 in
764 1104 844 1157 eis
890 1104 935 1157 si
961 1102 1113 1157 vobis
1135 1102 1344 1172 placeat
1368 1104 1702 1157 mansionem
1736 1104 1940 1160 habere

361 1196 411 1247 in
452 1194 611 1247 domo
660 1194 835 1248 Patris
862 1194 1026 1257 illius,
1068 1194 1154 1247 cui
1182 1194 1304 1247 data
1343 1203 1425 1248 est
1471 1195 1647 1248 omnis
1701 1204 1940 1265 potestas

356 1284 679 1348 caelestium,
712 1286 1049 1338 terrestrium
1093 1294 1147 1339 et
1184 1284 1536 1341 infernarum.
1568 1286 1854 1355 Hucusque
1884 1289 1938 1342 in

356 1376 704 1444 longinquam
759 1376 1050 1446 regionem,
1083 1376 1398 1432 recedentes
1440 1393 1470 1430 a
1503 1379 1660 1435 domo
1697 1388 1936 1448 paterna:

352 1466 587 1534 pietatis,
647 1482 843 1536 porcos
889 1468 1113 1535 pavistis
1165 1468 1265 1522 sub
1302 1469 1517 1538 spiritu,
1574 1470 1668 1538 qui
1698 1470 1936 1542 alligavit

351 1558 449 1610 vus
472 1557 524 1609 in
554 1557 653 1611 alis
681 1558 793 1611 suis
821 1576 833 1611 :
868 1558 963 1613 sed
992 1561 1218 1629 surgite,
1250 1562 1457 1630 surgite
1488 1563 1553 1616 de
1582 1563 1823 1631 pristina}
1852 1564 1931 1617 in-

352 1645 623 1699 ﬁdelitatis
671 1657 930 1714 stercore,
977 1649 1328 1704 recordantes
1382 1650 1825 1720 benignissimum
1857 1654 1931 1721 pii

353 1737 528 1791 Patris
583 1738 946 1803 clementiam,
1006 1742 1071 1794 ad
1124 1757 1282 1811 quem
1357 1752 1691 1799 revertentes
1740 1746 1926 1798 humili

350 1843 479 1881 voce
531 1828 693 1883 dicite
727 1848 737 1881 :
770 1828 953 1895 Pater,
980 1833 1305 1901 peccavimus
1336 1833 1391 1887 in
1421 1833 1546 1888 cwlo
1576 1845 1623 1887 et
1660 1853 1837 1889 coram
1881 1846 1929 1890 te

348 1916 498 1980 (Luc.
535 1935 622 1982 xv,
652 1920 743 1989 9.!)
782 1938 793 1971 :
829 1929 887 1974 ut
925 1920 1073 1989 digni
1120 1922 1428 1979 habeamini
1485 1927 1765 1982 catholica:
1806 1927 1931 1981 ﬁdei

342 2011 537 2065 stolam
561 2014 730 2067 indui.
762 2014 827 2067 In
856 2014 1165 2069 malevolam
1186 2020 1441 2083 animam,
1468 2020 1599 2074 dicit
1624 2020 1926 2091 Scriptura,

342 2102 601 2169 sapientia
633 2102 728 2156 Dei
757 2122 860 2159 non
884 2106 1100 2159 intrabit
1135 2105 1285 2178 (Sap.
1316 2126 1355 2174 ι,
1386 2109 1461 2182 4).
1496 2111 1671 2167 Nolite
1702 2123 1948 2191 conten:

344 2190 465 2244 tiosi
495 2208 637 2256 esse,
677 2204 915 2249 vestram
948 2206 1194 2251 amantes
1215 2202 1559 2259 sententiam.
1592 2202 1795 2258 Habete
1830 2206 1929 2259 hu-

344 2284 629 2339 militatem
670 2287 909 2341 discendi
951 2297 1006 2343 et
1045 2289 1372 2345 desiderium
1404 2293 1785 2350 ecclesiasticae
1840 2314 1928 2351 ve-

345 2373 539 2439 ritatis,
568 2377 869 2433 certissime
890 2381 1146 2444 scientes,
1174 2384 1316 2451 quod
1348 2383 1464 2437 sine
1504 2385 1662 2454 hujus
1687 2404 1927 2441 comma-

343 2464 503 2519 nioue
535 2467 807 2533 Ecclesiaz,
842 2488 963 2543 qua:
992 2474 1046 2526 in
1084 2482 1228 2529 terra
1255 2478 1653 2547 peregrinatur,
1694 2482 1780 2535 illa
1807 2501 1926 2552 qua:

340 2572 460 2608 eain
501 2558 718 2614 Christo
744 2570 934 2633 regnat
973 2565 1026 2617 in
1054 2566 1226 2630 caelis,
1257 2584 1530 2637 nunquam
1562 2587 1658 2626 vos
1702 2574 1924 2643 recipiet

343 2646 398 2697 iu
429 2661 616 2714 pacem
652 2661 926 2720 perpetum
948 2652 1315 2710 beatitudinis.

406 2760 564 2830 901
598 2763 732 2816 XIII.
775 2764 912 2830 Quia
944 2767 1046 2823 ille
1084 2786 1226 2841 scepc
1270 2776 1579 2833 nominatus
1606 2779 1786 2844 Pater,
1840 2784 1922 2837 vir

337 2849 598 2917 dignitate
646 2857 971 2911 venerabilis
1021 2859 1324 2929 Elipantus,
1355 2866 1560 2921 utinam
1593 2879 1647 2923 et
1682 2872 1785 2925 ﬁde
1833 2888 1921 2927 ca-

337 2940 535 3023 tboliea
591 2942 942 3011 honorabilis,
991 2957 1157 3007 testes
1202 2969 1414 3025 quoque
1463 2958 1596 3014 alios
1620 2960 1916 3033 ﬂagitabat,

333 3016 641 3098 qiueramus
676 3038 954 3095 succincto
992 3058 1241 3099 sermone
1270 3050 1575 3107 testimonia
1618 3055 1683 3109 de
1706 3066 1920 3113 sancto-

337 3136 453 3174 rum
486 3125 758 3191 opusculis
785 3126 1030 3196 Patrum,
1081 3150 1251 3204 pauca
1276 3154 1343 3193 ex
1378 3141 1644 3210 plurimis,
1686 3162 1914 3215 quorum
1945 3147 1990 3209 C

334 3212 422 3268 ille
466 3216 684 3272 nomina
726 3219 781 3273 in
820 3222 932 3276 suis
971 3223 1223 3282 litterulis
1248 3232 1445 3300 posuit,
1476 3249 1724 3291 asserens
1763 3254 1821 3292 se
1849 3256 1914 3294 ex

331 3321 520 3358 eorum
550 3308 709 3364 dictis
737 3320 923 3367 nostro
966 3318 1259 3375 credidisse
1303 3321 1678 3399 [crediturum]
1706 3331 1909 3396 errori;

330 3403 386 3448 et
435 3396 630 3450 mirum
675 3415 843 3469 quare
885 3406 1125 3472 quolibet
1148 3408 1411 3485 [cuilibet]
1441 3418 1613 3479 errori
1645 3396 1703 3473 se
1735 3422 1912 3475 credi-

331 3486 477 3540 disse
497 3489 627 3543 velit
655 3489 855 3546 dicere.
904 3496 1105 3553 Tamen
1159 3518 1225 3556 ex
1270 3504 1482 3561 illorum
1530 3513 1913 3571 sacratissimis

330 3574 529 3631 litteris
572 3582 811 3653 probabo
839 3601 924 3639 me
950 3604 1058 3670 non
1089 3606 1322 3658 errasse,
1357 3596 1614 3667 illumque
1638 3604 1911 3673 corrigere

330 3682 416 3720 me
443 3668 577 3723 velle
602 3675 900 3731 ostendam.
926 3664 1075 3735 Beati
1115 3682 1415 3751 Athanasii,
1446 3664 1656 3757 llilarii,
1680 3664 1911 3750 Ambro-

328 3760 414 3822 sii,
463 3760 771 3832 Augustini,
814 3768 1002 3825 lsidori
1053 3774 1358 3831 testimonia
1408 3783 1671 3850 poposcit.
1700 3783 1907 3840 Addam

326 3864 540 3919 quoque
585 3861 638 3907 et
688 3855 823 3913 alios
865 3861 932 3916 ad
976 3865 1408 3933 supplementum
1459 3874 1703 3930 veritatis
1741 3885 1905 3932 testes

328 3939 566 3996 idoneos.
593 3934 1263 4024 llieronymum‘siquidem
1289 3963 1606 4019 castissima:
1629 3966 1773 4031 ﬁdei,
1802 3968 1907 4023 He-

326 4031 651 4100 braicarum,
676 4036 1010 4108 Grmcarum,
1039 4061 1140 4101 nec
1161 4064 1266 4104 non
1290 4060 1343 4105 et
1369 4052 1681 4114 Latinarum
1704 4058 1904 4113 doctis-

325 4119 521 4176 simum
575 4128 893 4197 magistrum
951 4134 1274 4192 litterarum.
1328 4141 1643 4213 Gregorium
1690 4164 1903 4219 quoque

323 4215 636 4281 apostolica:
685 4222 828 4276 sedis
875 4226 1182 4293 pontiﬁcem
1236 4246 1332 4299 per
1380 4236 1561 4289 omnia
1600 4238 1903 4305 purissimae

324 4304 445 4358 ﬁdei
482 4306 683 4373 virum;
714 4328 813 4373 nee
838 4329 943 4366 non
971 4326 1026 4368 et
1050 4317 1306 4388 Cyrillum
1332 4304 1681 4380 fortissimum
1712 4328 1902 4387 Nesto-

325 4396 490 4451 riana:
537 4408 697 4454 sectae
744 4403 1161 4474 destructorem;
1201 4412 1438 4468 etiamet
1486 4416 1896 4487 Fulgentianum

324 4487 706 4564 |Fulgentium1
758 4494 1167 4556 luculentissimi
1216 4508 1482 4561 sermonis
1546 4517 1600 4562 et
1658 4514 1896 4579 probata:
1929 4523 1978 4579 ι)

322 4580 444 4633 ﬁdei
498 4584 805 4653 doctorem;
859 4590 935 4645 uti
986 4607 1173 4648 eorum
1227 4595 1465 4651 omnium
1515 4603 1895 4659 sacratissimis

318 4671 493 4727 victus
528 4678 866 4746 dogmatibus
893 4697 950 4737 se
971 4683 1098 4739 olim
1126 4699 1381 4757 agnoscat
1405 4706 1608 4746 errare.
1748 4695 1761 4749 i

388 4786 524 4842 XIV.
584 4789 818 4848 Hilarius
882 4814 1115 4869 namque
1162 4817 1267 4855 non
1315 4819 1495 4871 parva:
1544 4806 1595 4859 in
1654 4807 1892 4863 Ecclesia

317 4876 517 4934 Christi
567 4885 905 4941 auctoritatis
933 4888 1143 4957 doctor,
1170 4893 1490 4963 Arianmque
1516 4898 1755 4966 perﬁdiae
1783 4899 1892 4955 for-

318 4972 557 5028 tissimus
582 4975 896 5043 debellator,
929 4981 981 5033 in
1022 4982 1172 5037 libris
1200 5002 1337 5054 quos
1360 5004 1457 5055 pro
1490 5006 1649 5045 causa
1676 5002 1892 5061 aposto—

317 5066 431 5121 lica:
459 5069 582 5124 ﬁdei
632 5072 897 5126 catholico
928 5076 1066 5145 stylo
1098 5082 1363 5146 exaravit,
1416 5084 1567 5137 valde
1595 5086 1890 5154 probabilia

315 5159 381 5213 de
410 5157 626 5216 Christo
645 5164 868 5234 protulit
892 5168 1215 5234 testimonia,
1245 5172 1310 5225 de
1335 5175 1529 5240 quibus
1563 5191 1731 5244 pauca
1755 5194 1892 5247 prie-

317 5248 486 5306 hbare
531 5268 706 5311 ratum
765 5273 979 5313 censeo.
1037 5259 1094 5314 ln
1152 5262 1289 5317 libro
1320 5281 1410 5319 viu
1461 5269 1742 5324 catholica:
1766 5271 1888 5325 ﬁdei

314 5340 456 5395 inter
485 5345 677 5402 czclera
710 5351 790 5404 sic
820 5352 893 5406 ait
923 5366 948 5392 ιι
985 5372 996 5406 ;
1036 5372 1054 5404 ι
1093 5354 1183 5409 Sic
1212 5373 1315 5411 non
1361 5368 1538 5429 potest
1592 5362 1734 5417 aliud
1762 5365 1887 5432 quid

385 5530 411 5603 fl
536 5521 725 5588 llilar.,
764 5526 884 5603 ἔξω,
916 5546 1012 5603 vni
1038 5533 1105 5587 de
1137 5532 1388 5589 Trinitat.
1418 5554 1563 5593 num.
1596 5541 1680 5603 27.
1720 5545 1808 5600 9.8.

383 5587 598 5679 Egnati“
627 5596 1197 5679 ansulisninclusimus,
1250 5621 1354 5659 non
1404 5619 1531 5662 sunt
1590 5587 1880 5679 Ambrosii,

310 5659 403 5714 sed
446 5659 656 5740 iiaulini
703 5663 1081 5734 Aqrileiensis,
1123 5659 1244 5726 libr.
1298 5691 1355 5729 ιιι

312 5731 491 5802 ωηιξη
521 5749 531 5797 ;
582 5750 699 5803 quzr
727 5731 831 5811 quo
858 5747 1041 5794 errore
1066 5731 1169 5796 huc
1192 5745 1258 5797 ab
1286 5745 1510 5802 Alcuino
1544 5731 1879 5809 sub—nbu‘tiae

2053 540 2140 585 tur
2169 533 2418 587 Christus
2460 542 2563 599 est,
2609 554 2627 586 ι
2662 534 2728 587 Et
2772 551 2986 589 rursum
3021 556 3033 590 :
3090 556 3107 588 ι
3145 539 3200 592 Si
3252 555 3347 608 per
3378 553 3625 601 naturam

2051 618 2145 674 Dei
2182 620 2430 677 Christus
2480 624 2577 678 tibi
2629 624 2888 679 Dominus
2933 636 3036 691 est,
3091 630 3312 686 habebis
3360 632 3625 703 Spiritum

2047 720 2293 764 sanetum
2325 729 2337 763 :
2371 714 2415 766 si
2446 728 2574 767 vero
2605 728 2702 782 per
2748 715 3056 785 adoptivum
3088 736 3282 775 nomen
3328 724 3415 778 hic
3444 726 3629 783 Domi-

2045 820 2146 858 nus
2176 814 2274 866 est,
2308 805 2513 875 Spiritu
2537 815 2727 861 saneto
2751 825 2946 863 careas
2969 811 3160 879 spiritu
3183 817 3386 871 erroris
3410 821 3625 874 anima-

2044 895 2139 950 ris.
2185 915 2203 946 ι
2241 895 2374 950 Item
2404 911 2466 950 ex
2500 897 2637 952 libro
2679 915 2861 953 nono:
2898 916 2919 952 ε
2955 900 3125 957 Homo
3151 904 3333 975 itaque
3376 908 3629 968 Christus

2041 984 2218 1051 Jesus,
2256 988 2565 1059 unigenitus
2609 990 2768 1054 Deus,
2812 1008 2909 1061 per
2941 1010 3159 1050 carnem
3190 1007 3244 1051 et
3288 1002 3533 1068 verbum,
3562 1014 3625 1060 ut

2042 1077 2277 1131 hominis
2316 1078 2478 1144 ﬁlius,
2512 1080 2586 1134 ita
2624 1090 2677 1135 et
2709 1083 2802 1136 Dei
2839 1083 3024 1139 Filius.
3063 1106 3080 1138 ι
3121 1087 3404 1145 Hominem
3458 1092 3622 1150 Chri-

2042 1175 2187 1220 stum
2233 1166 2419 1222 Jcsum
2453 1170 2556 1224 iste
2604 1174 3017 1242 probatissimus
3046 1176 3235 1232 doctor
3284 1181 3622 1250 unigenitum

2038 1255 2206 1310 Deum
2234 1258 2514 1312 denuntiat
2541 1277 2555 1326 ;
2586 1262 2725 1316 sicut
2750 1264 2984 1319 hominis
3011 1274 3095 1320 est
3118 1268 3278 1335 ﬁlius,
3308 1272 3402 1335 ait,
3429 1274 3502 1327 ita
3534 1286 3622 1331 est

2036 1357 2090 1402 et
2119 1349 2214 1403 Dei
2243 1349 2432 1407 Filius.
2471 1350 2527 1406 Si
2549 1355 2799 1423 proprius
2830 1364 2911 1411 est
2933 1358 3166 1413 hominis
3197 1360 3338 1417 ﬁlius
3369 1364 3622 1423 Salvator

2036 1448 2235 1502 noster,
2263 1443 2513 1511 preprius
2533 1453 2617 1499 est
2643 1445 2907 1515 siquidem
2929 1457 2983 1501 et
2996 1449 3106 1505 'Dei
3133 1451 3301 1507 Filius
3326 1460 3620 1514 secundum

2034 1530 2192 1598 hujus
2232 1534 2557 1589 sanctissimi
2608 1535 2789 1592 Patris
2832 1538 3013 1593 ﬁdem.
3064 1542 3195 1596 Item
3236 1546 3288 1598 in
3339 1546 3476 1603 libro
3521 1567 3552 1603 χ
3597 1569 3611 1603 :

2039 1642 2056 1672 ι
2088 1623 2396 1692 Apostoliea
2437 1627 2701 1696 siquidem
2726 1629 2860 1685 ﬁdes
2888 1648 2995 1685 non
3028 1636 3233 1702 patitur
3256 1637 3437 1694 Jesum
3462 1642 3620 1698 Chri-

2032 1723 2194 1778 stum,
2246 1723 2304 1768 ut
2326 1715 2486 1771 Jesus
2516 1734 2621 1771 non
2657 1719 2773 1788 ipse
2801 1722 2871 1774 sit
2895 1720 3165 1791 Christus,
3198 1744 3296 1783 nec
3320 1730 3484 1787 ﬁlium
3516 1735 3619 1790 ho-

1962 1797 2004 1857 Β
2034 1805 2195 1860 minis
2243 1807 2503 1863 discernit
2548 1825 2578 1863 a
2626 1810 2723 1866 Dei
2769 1813 2929 1869 Filio.
2966 1836 2983 1868 ι
3018 1816 3268 1888 Nunquid
3311 1839 3417 1877 non
3449 1825 3618 1882 ﬁlimn

2034 1896 2268 1950 hominis
2308 1898 2567 1953 discernit
2606 1917 2637 1954 a
2674 1901 2810 1957 Filio
2846 1904 2939 1959 Dei
2971 1907 3077 1971 ille,
3111 1911 3202 1979 qui
3239 1912 3405 1969 ﬁlium
3435 1918 3616 1973 homi-

2030 1986 2116 2039 nis
2143 1987 2451 2057 adOptivum
2478 1991 2755 2060 prredicat,
2789 2004 2843 2048 et
2873 1995 3066 2051 Filium
3097 2001 3210 2067 Dei,
3246 2020 3373 2059 vere
3397 2007 3561 2062 ﬁlium
3583 2011 3609 2063 ?

2030 2079 2088 2134 In
2118 2081 2255 2136 libro
2278 2100 2353 2137 xu
2387 2102 2399 2137 :
2436 2103 2454 2135 ι
2487 2086 2545 2139 In
2572 2102 2630 2142 se
2667 2090 2811 2144 enim
2855 2108 2979 2146 eum
3020 2095 3159 2152 Deus
3189 2100 3527 2168 gloriﬁcavit,
3558 2108 3612 2161 i.l

2030 2181 2133 2237 est,
2168 2173 2220 2226 in
2250 2189 2313 2228 ea
2346 2185 2560 2243 natura,
2587 2193 2691 2247 qua
2721 2181 2860 2236 Deus
2888 2192 2989 2247 est,
3012 2195 3074 2240 ut
3101 2189 3171 2242 sit
3192 2190 3329 2245 Deus
3350 2197 3606 2250 omniain

2028 2265 2295 2319 omnibus.
2350 2256 2441 2321 De.
2474 2270 2707 2325 humana
2754 2275 2881 2329 dicit
2927 2287 3138 2345 natura,
3166 2298 3284 2352 qua}
3310 2286 3609 2355 gloriﬁcata

1968 2390 1971 2399 ι
2027 2365 2130 2420 est,
2163 2357 2235 2409 ita
2266 2368 2325 2411 ut
2353 2360 2419 2413 sit
2442 2362 2583 2416 Deus
2605 2367 2783 2420 omnia
2812 2369 2864 2422 in
2896 2375 3164 2429 omnibus.
3209 2398 3226 2428 ι

2102 2448 2211 2500 XV.
2259 2449 2388 2503 Item
2433 2452 2763 2512 lortissimus
2792 2472 2979 2515 contra
3005 2464 3282 2523 litereticas
3306 2474 3608 2539 pl'iHii'dlt'S

2027 2537 2251 2591 bellator
2311 2543 2500 2597 beatus
2561 2544 2878 2604 Ambrosius
2932 2552 3341 2614 Mediolauensis
3392 2563 3609 2632 episco«

2024 2646 2122 2697 pus
2153 2630 2199 2695 ιτ,
2232 2635 2514 2702 perspicue
2544 2637 2819 2695 Christum
2848 2646 3140 2701 secundum
3175 2649 3245 2714 id,
3274 2655 3413 2719 quod
3442 2655 3607 2709 homo

2024 2731 2126 2786 est,
2161 2726 2436 2794 proprium
2485 2728 2579 2783 Dei
2624 2731 2817 2786 Filium
2864 2736 3097 2793 allirmat
3135 2756 3270 2807 esse,
3301 2745 3439 2798 sicut
3472 2746 3608 2819 legi-

2023 2824 2110 2868 tur
2154 2817 2207 2870 in
2235 2821 2591 2889 expositione,
2621 2840 2781 2893 quam
2814 2828 2939 2882 fecit
2963 2830 3016 2884 in
3047 2832 3392 2903 Evangelium
3416 2837 3600 2904 Luem,

2023 2905 2219 2977 [illum,
2244 2910 2439 2980 inquit,
2474 2914 2527 2969 id
2566 2928 2670 2982 est,
2705 2918 2979 2975 Christum
3027 2927 3293 2981 veraciter
3318 2930 3600 2999 proprium

2020 2998 2113 3053 Dei
2138 3000 2330 3056 Filium
2361 3005 2667 3074 conﬁtetur,
2699 3018 2755 3064 et
2794 3026 2918 3066 eum
2938 3030 3077 3081 esse,
3106 3033 3266 3086 quem
3299 3022 3601 3077 secundum

2020 3092 2409 3149 humanitatem
2431 3114 2533 3152 vox
2549 3110 2774 3168 paterna
2793 3103 3023 3160 intonuit
3039 3105 3219 3179 (etiam
3238 3110 3302 3164 de
3323 3125 3388 3166 eo
3411 3128 3597 3179 versu,

2021 3184 2112 3251 qui
2134 3184 2186 3237 in
2210 3184 2423 3242 Psalmo
2443 3192 2679 3246 secundo
2700 3193 2895 3264 legitur
2918 3215 2930 3250 :
2952 3195 3001 3248 F
3004 3197 3125 3252 ilius
3155 3215 3297 3255 meus
3310 3218 3363 3255 es
3388 3211 3467 3267 tu,
3498 3222 3597 3274 ego

2018 3274 2171 3328 hodie
2201 3280 2355 3346 genui
2381 3289 2428 3333 te
2451 3279 2623 3351 [PsaL
2654 3301 2715 3351 ιι,
2737 3286 2838 3357 7]).
2865 3288 2975 3344 Nec
2997 3291 3117 3346 ideo
3141 3291 3216 3364 [in
3245 3293 3331 3366 eo]
3351 3297 3597 3365 quidem,

2018 3367 2211 3437 inquit,
2243 3370 2401 3426 datur
2438 3374 2534 3429 tibi
2556 3375 2784 3434 facultas
2825 3381 3100 3439 refellendi
3127 3402 3275 3441 more
3299 3397 3409 3453 tuo,
3435 3393 3598 3458 quasi

2016 3462 2308 3516 secundum
2333 3465 2565 3521 divinam
2596 3476 2966 3530 tantummodo
2991 3486 3116 3533 ante
3143 3480 3337 3535 smeula
3367 3498 3599 3553 genera-

2017 3550 2213 3605 tionem
2262 3555 2366 3609 hoc
2394 3557 2595 3613 dictum
2647 3561 2867 3631 fuisset;
2919 3566 3045 3622 licet
3091 3580 3274 3639 posset
3311 3550 3473 3628 et'de
3502 3575 3595 3629 illa

2014 3658 2119 3696 non
2165 3644 2605 3705 inconvenienter
2655 3654 2959 3711 intimatum
2989 3659 3180 3714 videri.
3208 3663 3593 3732 verumtamen

2011 3749 2078 3788 ex
2125 3738 2555 3804 prmcedentibus
2583 3752 2638 3799 ct
2677 3746 3128 3817 subsequentibus
3169 3753 3596 3810 circumstantiis

2012 3823 2079 3878 de
2117 3830 2373 3893 secunda,
2399 3847 2561 3900 quam
2609 3838 2977 3905 temporaliter
2996 3856 3093 3908 pro
3122 3842 3278 3897 nobis
3311 3845 3591 3922 suscipere

2009 3936 2114 3975 non
2144 3924 2446 3991 abhorruit,
2480 3929 2760 3985 nativitate
2784 3935 3104 4001 prardictum
3147 3937 3250 3992 hoc
3279 3939 3476 3992 rectius
3503 3939 3593 3993 in-

2009 4012 2172 4084 telligi
2229 4031 2334 4070 non
2370 4018 2661 4073 inhibetur.
2689 4021 2822 4076 Nam
2868 4041 2882 4078 :
2932 4025 3044 4095 Ego
3072 4036 3243 4081 autem
3276 4029 3593 4084 constitutus

2004 4119 2121 4156 sum
2165 4121 2255 4158 rex
2306 4107 2370 4159 ab
2418 4125 2476 4161 eo
2514 4126 2670 4179 super
2719 4110 2850 4167 Sion
2906 4125 3131 4171 montem
3183 4126 3420 4171 sanctum
3468 4119 3591 4188 ejus

2006 4191 2166 4265 (Ibid.
2193 4195 2267 4267 6),
2301 4206 2373 4261 et,
2408 4200 2614 4269 postula
2663 4220 2694 4255 a
2731 4221 2833 4268 me,
2877 4215 2923 4258 et
2955 4206 3090 4260 dabo
3133 4209 3225 4261 tibi
3275 4219 3466 4279 gentes,
3515 4213 3589 4265 ad

2005 4299 2258 4354 magnum
2307 4290 2521 4357 pietatis
2552 4304 2975 4360 sacramentum,
3006 4298 3148 4366 quod
3186 4314 3284 4369 per
3308 4300 3590 4371 dispensa-

2004 4375 2200 4431 tionem
2227 4381 2408 4436 carnis
2435 4385 2685 4452 apparuit
2712 4386 2763 4438 iu
2794 4388 3009 4450 mundo,
3036 4374 3316 4459 perspicue
3344 4392 3585 4448 adverti-

2003 4475 2090 4520 tur
2132 4473 2318 4537 procul
2362 4474 2523 4529 dubio
2551 4477 2869 4549 pertinere].
2906 4499 2923 4531 ι
2956 4480 3089 4546 Quis
3108 4491 3210 4548 est,
3254 4483 3426 4553 inquit
3450 4486 3587 4543 Am-

2000 4560 2214 4615 brosius
2261 4574 2309 4626 ο,
2361 4564 2449 4620 ille
2495 4570 2747 4636 proprius
2798 4570 2893 4625 Dei
2944 4571 3136 4639 Filius,
3187 4575 3289 4630 nisi
3328 4577 3415 4631 cui
3446 4593 3583 4633 voce

1997 4655 2222 4718 paterna
2264 4651 2465 4709 dictum
2507 4666 2590 4711 est
2633 4676 2645 4710 :
2690 4658 2862 4713 Filius
2912 4678 3055 4716 meus
3104 4680 3156 4717 es
3196 4673 3273 4729 tu,
3303 4682 3395 4735 ego
3423 4666 3583 4720 hodie

1994 4742 2148 4810 genui
2191 4744 2282 4797 te?
2324 4764 2341 4796 ι
2376 4744 2432 4799 In
2464 4746 2602 4803 libro
2648 4760 2829 4804 autem
2862 4752 2927 4805 de
2957 4752 3332 4809 Inearnatione
3373 4756 3578 4811 Citriin
3620 4797 3625 4802 .

1997 4847 2047 4884 vl
2076 4830 2125 4896 ἀ,
2175 4834 2302 4903 quia
2350 4835 2599 4895 Christus
2633 4840 2795 4911 902
2843 4860 3002 4898 verus
3046 4845 3139 4899 Dei
3170 4845 3337 4901 Filius
3366 4849 3456 4913 sit,
3497 4849 3580 4905 sic

1993 4923 2106 4975 ait:
2146 4944 2163 4976 ι
2198 4925 2494 4994 Adversus,
2548 4931 2743 5001 inquit,
2788 4916 2984 4989 omnes
3030 4937 3264 4993 hazreses
3306 4942 3580 5011 generalis

1994 5012 2096 5067 ista
2123 5015 2254 5072 ﬁdes
2277 5028 2388 5083 est;
2431 5021 2555 5090 quia
2584 5021 2833 5078 Christus
2854 5034 2935 5079 est
2960 5025 3054 5080 Dei
3082 5027 3272 5094 Filius,
3298 5040 3352 5085 et
3371 5034 3576 5103 sempi-

1998 5111 2182 5159 ternus
2223 5124 2289 5161 ex
2335 5108 2516 5175 Patre,
2555 5119 2609 5165 et
2657 5112 2950 5168 hodiernus
2988 5130 3054 5169 ex
3082 5118 3296 5189 Virgine
3343 5119 3576 5192 [Ambr.,

1993 5202 2047 5247 et
2076 5205 2236 5252 natus
2267 5216 2331 5252 ex
2361 5198 2528 5255 Maria
2557 5201 2807 5274 virgine].
2839 5223 2857 5254 ι
2898 5204 2965 5258 Et
2989 5206 3148 5274 paulo
3176 5218 3297 5277 post
3327 5228 3340 5263 :
3384 5230 3402 5261 ι
3435 5210 3578 5270 Cum

1993 5286 2251 5343 Dominus
2303 5290 2528 5362 [Ambr.,
2575 5292 2737 5365 Deus]
2782 5310 2998 5365 semper
3033 5308 3178 5353 esset
3205 5310 3461 5372 aeternus,
3488 5307 3576 5361 in-

1988 5380 2316 5436 carnationis
2354 5392 2690 5439 sacramenta
2741 5388 3001 5458 suscepit,
3063 5406 3168 5446 non
3214 5393 3439 5463 divisus,
3470 5399 3573 5461 sed

2074 5553 2343 5624 Ambrosii
2385 5560 2647 5612 translata
2690 5561 2817 5624 sint,
2851 5562 3183 5624 ignoramus.

2061 5634 2081 5659 ο
2118 5622 2175 5677 S.
2207 5625 2480 5689 Ambros.,
2519 5629 2640 5683 libr.
2672 5638 2751 5685 Ill.
2793 5622 2845 5685 in
2871 5622 3002 5686 Luc.
3041 5650 3190 5688 num.
3230 5638 3281 5689 9.

2054 5692 2078 5729 «ι
2111 5693 2296 5777 [totius
2347 5697 2586 5778 ιιι-μὶ)ιό
2624 5705 2689 5755 de
2734 5700 2945 5756 lucarn.
2977 5702 3129 5761 Dom.
3185 5705 3567 5778 Sacramenta,

2401 5768 2455 5783 ἰ

1985 5778 2099 5835 cap.
2134 5765 2185 5825 ἲὶ,
2219 5781 2363 5818 num.
2401 5768 2489 5820 53.
