3964 6186
279 326 347 381 ἐς]
924 315 1339 373 DOCMATICA.
1381 346 1449 354 —
1486 315 1643 370 ADV.
1688 310 2083 368 ELIPANDUI!
2127 310 2303 364 LIBRI
2340 311 2428 364 IV.
2471 342 2538 348 -—
2577 311 2702 364 LIB.
2747 310 2830 364 III.

3401 295 3506 364 23°;

277 458 414 505 unus;
447 441 575 509 quia
603 444 897 503 utrumque
940 449 1097 499 unus,
1123 440 1178 488 et
1196 447 1335 487 unus
1358 432 1413 485 in
1442 440 1690 499 utroque,
1721 429 1823 482 hoc
1853 429 1892 486 Δ
1927 432 2281 478 transeamus.
2316 424 2447 478 Nam
2486 426 2540 478 in
2577 426 2753 493 primo
2789 434 2843 480 et
2884 427 3117 481 secundo
3156 425 3509 483 Pratdestina-

273 544 352 597 est,
384 530 468 585 vel
502 528 789 583 divinitate
820 525 902 578 vel
929 538 1176 592 corpore.
1211 544 1230 573 ι
1544 589 1555 602 ⁸

326 620 452 674 XVI.
485 619 761 673 Habemus
780 613 1287 685 quoqueAthanasii
1310 610 1693 672 testimonium,
1717 624 1823 662 non

272 714 355 767 ulc
376 710 534 780 quale
555 707 849 763 inﬁdelitas
879 704 1073 773 quatrit
1098 712 1302 765 vestra,
1330 700 1423 755 sed
1452 698 1608 767 quale
1638 699 1827 752 catho-

270 809 367 860 lica:
411 799 671 859 convenit
708 797 833 850 ﬁdei
865 813 877 847 :
908 795 1047 849 sicut
1077 795 1131 847 in
1169 791 1392 861 epistula
1420 805 1579 859 quam
1606 789 1670 841 ad
1699 787 1826 856 Epi-

269 905 449 952 ctetum
474 888 846 948 ecclesiastica
873 901 1048 956 penna
1078 883 1335 954 depinxit,
1376 890 1657 935 exaratum
1698 878 1829 946 legi-

269 1004 390 1041 mus.
438 984 572 1039 Post
613 980 847 1051 plurima
891 993 1012 1046 quae
1064 976 1131 1029 de
1201 973 1571 1028 incarnatione
1625 969 1827 1024 Christi

268 1074 653 1144 elegantissime
710 1068 1000 1136 expressit,
1050 1066 1153 1119 hoc
1204 1059 1415 1133 quoque
1467 1060 1823 1117 subinferta:

271 1186 282 1217 ι
323 1164 439 1217 Non
492 1161 712 1231 quidem
756 1174 854 1227 per
886 1156 1248 1226 adeptionem,
1291 1154 1483 1223 inquit,
1528 1154 1643 1207 Inec
1689 1150 1828 1215 facta

265 1268 395 1319 sunt,
420 1254 586 1317 absit,
620 1253 765 1307 sicut
794 1250 1011 1318 quidam
1040 1248 1485 1311 existimaverunt
1519 1246 1649 1300 :scd
1692 1245 1831 1298 sicut

263 1359 335 1403 est
364 1347 587 1408 veritas,
618 1344 835 1398 homine
882 1340 1023 1395 facto
1065 1339 1362 1403 Salvatore,
1405 1338 1567 1391 totius
1598 1335 1831 1390 hominis

263 1441 399 1494 talus
436 1438 581 1491 facta
610 1442 713 1489 est.
762 1431 819 1486 Si
862 1432 1006 1486 enim
1050 1431 1336 1499 adoptione
1363 1437 1482 1483 crat
1508 1429 1559 1482 in
1605 1442 1831 1496 corpore

264 1530 494 1585 Verbum
539 1523 837 1579 secundum
888 1522 1028 1586 illos,
1089 1521 1251 1591 (quod
1316 1517 1497 1573 autem
1546 1517 1833 1586 adoptione

260 1625 476 1684 dicitur,
500 1617 785 1687 phantasia
812 1615 915 1686 est)
945 1614 1212 1682 reperitur
1237 1619 1294 1666 et
1340 1611 1580 1681 putative
1606 1610 1769 1663 salus.
1807 1628 1824 1658 ι

259 1714 393 1781 Quid
420 1710 635 1772 melius,
668 1707 795 1777 quid
820 1706 1001 1759 verius
1023 1705 1194 1774 potuit
1217 1703 1320 1757 dici
1351 1717 1509 1772 quam
1533 1701 1660 1755 illud
1689 1700 1831 1768 quod

258 1772 357 1859 iste
399 1799 768 1868 nobilissimus
811 1797 998 1851 doctor
1041 1795 1193 1856 dixit,
1224 1808 1329 1846 non
1368 1807 1463 1861 per
1491 1791 1829 1859 adoptionem
1868 1772 1909 1830 Β

259 1894 371 1947 ιιςεο
396 1904 518 1943 esse
568 1887 730 1951 facta,
762 1901 881 1954 quae
931 1883 997 1938 de
1024 1882 1223 1937 Christi
1274 1881 1524 1951 leguntur
1558 1882 1834 1949 dispensa-

257 1982 420 2040 tione,
480 1978 576 2031 sed
623 1976 678 2030 in
728 1975 953 2028 veritate
989 1972 1172 2026 omnia
1199 1973 1313 2026 haec
1343 1972 1593 2039 peracta?
1620 1971 1727 2024 Ista
1762 1970 1835 2024 si-

258 2070 475 2138 quidem
528 2066 689 2120 verba
736 2064 878 2117 illius
908 2062 972 2115 ad
1026 2062 1419 2116 humanitatem
1447 2062 1716 2131 pertinere
1742 2062 1836 2115 de-

265 2162 644 2210 monstrantur
670 2152 832 2206 dicta.
867 2150 971 2204 Per
1011 2152 1063 2205 id
1112 2152 1253 2220 quod
1274 2151 1370 2215 ait,
1395 2151 1536 2219 facta
1563 2160 1703 2215 sunt,
1728 2167 1835 2205 non

257 2248 475 2316 quidem
500 2244 755 2299 divinitas
778 2242 919 2295 facta
939 2251 1046 2306 est,
1073 2242 1167 2296 sed
1188 2241 1514 2305 humanitas,
1539 2256 1700 2310 quam
1730 2257 1837 2296 non

259 2355 353 2408 per
379 2336 728 2406 adoptionem
776 2336 878 2388 iste
908 2334 1028 2402 pius
1076 2333 1238 2386 Pater
1288 2331 1485 2387 factam
1519 2347 1637 2387 esse
1698 2332 1839 2385 aﬁir-

264 2435 393 2481 mat.
421 2426 571 2479 Idem
613 2424 727 2493 ipse
756 2424 808 2476 in
840 2422 1041 2477 Libello
1068 2422 1189 2476 ﬁdei
1219 2437 1350 2485 suae,
1396 2437 1556 2490 quem
1587 2422 1839 2492 dialogis—

262 2519 369 2572 tieo
425 2531 680 2570 sermone
729 2524 917 2569 contra
969 2514 1253 2567 lttcreticas
1281 2514 1576 2583 pravitates
1614 2528 1841 2566 exaran-

262 2611 388 2662 dum
412 2623 535 2662 esse
563 2607 824 2676 optimum
850 2605 1083 2667 censuit,
1114 2612 1234 2672 post
1262 2605 1428 2657 multa
1458 2620 1626 2657 sacrae
1646 2605 1842 2658 doctri-

264 2715 346 2752 na:
389 2697 604 2765 eloquia
677 2697 790 2750 haec
849 2695 968 2749 loco
1035 2703 1336 2764 opportuno
1427 2694 1691 2749 subinfert
1745 2695 1770 2734 ι)
1825 2714 1837 2749 ;

270 2809 288 2838 ι
341 2789 660 2842 lncarnatus
711 2795 813 2852 est,
864 2787 1057 2856 inquit,
1126 2788 1434 2855 unigenitus
1487 2798 1696 2842 secreto
1754 2788 1842 2842 illo

268 2879 547 2949 mysterio,
601 2878 744 2947 quod
796 2879 911 2947 ipse
974 2877 1142 2931 novit.
1172 2876 1426 2932 Nostrum
1484 2893 1713 2947 namque
1761 2885 1845 2931 est

264 2971 507 3032 credere,
533 2968 675 3021 illius
698 2984 874 3022 nosse.
899 2966 975 3021 Ac
998 2967 1074 3021 sic
1099 2967 1211 3037 ipse
1241 2966 1383 3020 Deus
1412 2966 1642 3020 Verbum
1672 2974 1843 3020 totum

268 3061 588 3127 suscipiens,
619 3060 758 3127 qqu
799 3068 881 3112 est
934 3059 1185 3122 hominis,
1244 3058 1405 3113 homo
1450 3057 1510 3110 ﬁt
1538 3056 1840 3128 [Al/ianus,

266 3151 429 3204 homo
478 3150 609 3221 sit];
647 3159 701 3204 et
749 3162 1055 3218 assumptus
1089 3151 1253 3204 homo
1302 3158 1469 3203 totum
1510 3148 1838 3218 accipiendo,

265 3244 411 3312 quod
454 3242 549 3296 Dei
605 3250 712 3306 est,
752 3242 894 3295 aliud
933 3258 1090 3311 quam
1142 3242 1285 3297 Deus
1339 3258 1459 3297 esse
1509 3258 1613 3296 non
1670 3242 1846 3311 potuit

270 3334 492 3407 [Ιάεηιη
523 3350 628 3389 non
668 3334 879 3405 possit].
917 3354 934 3385 ι
972 3334 1028 3389 Si
1051 3351 1181 3405 ergo
1202 3335 1363 3388 homo
1390 3342 1560 3389 totum
1587 3335 1842 3402 suscepit,

268 3430 412 3498 quod
444 3430 537 3483 Dei
569 3437 672 3493 est,
698 3431 800 3484 hoc
829 3429 1089 3498 siquidem
1131 3431 1367 3501 suscepit
1399 3472 1412 3496 ,
1447 3440 1506 3484 ut
1536 3431 1676 3484 Deus
1704 3438 1847 3485 esset

269 3538 453 3585 verus,
477 3530 532 3575 et
561 3521 730 3576 Filius
776 3521 871 3575 Dei
916 3537 1094 3584 verus,
1152 3522 1482 3592 unigenitus,
1531 3522 1741 3585 unicus,
1794 3527 1849 3573 et

269 3612 521 3681 proprius
551 3629 565 3666 :
599 3613 701 3664 hoc
720 3620 886 3665 totum
911 3611 963 3664 in
992 3611 1083 3671 Dei
1112 3610 1247 3666 Filio
1280 3611 1380 3666 fuit
1403 3620 1527 3665 ante
1552 3611 1730 3666 omnia
1751 3626 1849 3665 Stc-

272 3704 422 3763 cula;
454 3703 557 3755 hoc
585 3702 693 3755 ﬁlio
732 3702 987 3765 hozuinis,
1020 3718 1180 3771 quem
1218 3702 1551 3771 plenitudine
1593 3703 1852 3772 temporis

273 3808 337 3843 ex
369 3790 621 3861 virginali
666 3800 819 3843 utero
863 3791 1171 3860 assumpsit,
1222 3791 1276 3844 in
1328 3791 1443 3860 ipso
1489 3791 1853 3860 conceptionis

275 3882 432 3935 initio
476 3881 753 3950 proprium
814 3880 931 3944 fuit,
964 3890 1023 3935 ut
1069 3882 1281 3947 unicus,
1333 3882 1664 3951 unigenitus,
1692 3898 1854 3938 verus

270 3979 325 4022 et
356 3972 612 4039 proprius
652 3970 819 4024 Filius
846 3970 938 4024 Dei
962 3980 1127 4025 esset.
1710 3960 1717 3969 ’

344 4058 508 4113 XVII.
557 4059 871 4124 Qumramus
896 4061 1059 4114 etiam
1082 4061 1211 4130 quid
1238 4062 1578 4116 acutissimus
1608 4070 1662 4117 et
1689 4062 1743 4116 in
1769 4078 1856 4117 ea-

274 4150 472 4203 tholiea
512 4150 618 4204 ﬁde
660 4151 1036 4206 veracissimus
1074 4153 1260 4207 doctor
1299 4153 1490 4208 beatus
1528 4154 1858 4224 Augustinus

275 4241 450 4303 dicat,
480 4250 750 4308 quatenus
783 4241 828 4296 si
871 4244 1259 4297 antedictorum
1301 4245 1521 4299 credere
1560 4246 1711 4300 vobis
1752 4262 1856 4299 non

273 4332 487 4401 placeat
506 4334 788 4387 doctorum
815 4336 1158 4400 testimoniis,
1179 4336 1263 4390 vel
1284 4337 1429 4391 illius
1454 4338 1676 4401 credite,
1699 4352 1859 4407 quem

1926 513 2131 568 tionum
2159 514 2296 567 libro
2326 514 2479 585 (Cap.
2517 516 2602 580 l5,
2631 532 2778 570 num.
2803 516 2916 584 30),
2944 516 3008 570 de
3036 517 3360 586 proprietate
3389 532 3510 587 qua:

1926 609 1979 662 in
2023 608 2237 661 Christo
2274 617 2387 670 est,
2431 617 2616 676 aperto
2651 624 2900 663 sermone
2930 608 3176 677 profatur
3216 627 3229 662 :
3268 628 3285 660 ι
3324 608 3511 664 Nonne

1926 696 2178 762 faeien'e,
2215 698 2408 766 inquit,
2438 713 2500 752 ac
2532 700 2856 768 suscipiente
2890 700 3086 764 Verte,
3116 702 3227 770 ipse
3259 702 3420 755 homo
3444 716 3511 755 ex

1928 804 2036 857 quo
2063 804 2181 843 esse
2204 790 2382 857 cmpit,
2414 789 2581 844 Filius
2612 789 2705 843 Dei
2731 792 2922 845 unicus
2957 806 3074 845 esse
3104 792 3297 861 corpit?
3327 791 3513 847 Nonne

1927 877 2122 932 Filium
2162 879 2256 931 Dei
2296 879 2515 932 unicum
2548 879 2744 935 femina
2782 882 2868 934 illa
2909 884 3080 953 gratia
3120 883 3274 951 plena
3315 898 3512 937 conce—

1928 969 2042 1037 pit?
2083 968 2271 1023 Nonne
2309 970 2374 1023 de
2413 968 2615 1037 Spiritu
2656 981 2842 1025 sancto
2878 980 2933 1026 et
2976 974 3184 1043 virgine
3217 973 3383 1027 Maria
3417 973 3513 1028 Dei

1930 1059 2097 1114 Filius
2126 1061 2315 1115 unicus
2343 1071 2503 1114 natus
2531 1064 2650 1116 est?
2680 1083 2698 1114 ι
2724 1064 2865 1121 Item
2912 1065 2964 1119 in
3001 1065 3233 1120 secundo
3270 1064 3513 1133 ejusdem

1910 1150 2120 1232 _0peris
2145 1153 2282 1207 libro
2312 1166 2332 1192 ο
2366 1172 2377 1206 :
2413 1173 2430 1205 ‹
2464 1154 2693 1219 Fidelis,
2725 1156 2945 1226 inquam
2966 1199 2979 1223 ,
3023 1158 3116 1226 qui
3149 1158 3203 1212 in
3237 1173 3301 1211 eo
3331 1173 3514 1211 veram

1931 1251 2180 1297 naturam
2218 1246 2391 1299 credit
2431 1254 2485 1299 et
2516 1246 2801 1300 conﬁtetur
2830 1248 3116 1302 humanam
3139 1290 3152 1311 ,
3192 1248 3242 1301 id
3270 1255 3383 1311 est,
3420 1263 3517 1301 n0-

1932 1343 2139 1398 stram,
2200 1334 2448 1403 quamvis
2502 1335 2852 1405 singulariter
2908 1337 3230 1405 suscipiente
3289 1335 3515 1390 Domino

1934 1424 2114 1496 [Aug.,
2152 1426 2284 1497 Deo]
2314 1427 2521 1490 Verbo,
2554 1427 2608 1479 in
2633 1426 2850 1480 unicum
2882 1426 2975 1479 Dei
3004 1426 3198 1479 Filium
3225 1419 3513 1480 sublimata

1935 1516 2087 1586 [Cod.
2128 1516 2329 1582 Paris.,
2359 1518 2647 1572 sublimata
2675 1517 2803 1587 est],
2835 1519 2910 1571 ita
2962 1526 3023 1571 ut
3066 1519 3156 1586 qui
3202 1520 3425 1585 suscipit
3463 1528 3518 1572 et

1934 1609 2078 1677 quod
2104 1609 2337 1677 suscepit
2362 1624 2468 1661 una
2497 1616 2641 1663 esset
2677 1609 2731 1662 in
2756 1608 3017 1661 Trinitate
3044 1623 3293 1677 persona.
3333 1628 3349 1659 ι
3381 1610 3516 1663 Bea-

1934 1712 2023 1755 tus
2042 1703 2071 1751 ,ἱ
2084 1718 2113 1753 ιι
2120 1701 2367 1771 gustinus
2382 1702 2671 1764 veridicus,
2690 1700 3089 1770 prohahilisque
3102 1701 3344 1754 veritatis
3366 1702 3521 1755 testis

1938 1791 2151 1844 unicum
2175 1790 2412 1844 dieitDei
2427 1789 2641 1855 Filium,
2660 1790 2820 1859 903
2844 1789 2933 1858 qui
2956 1789 3260 1859 unigenitus
3281 1789 3345 1843 de
3368 1797 3520 1843 utero

1937 1880 2089 1950 quasi
2126 1894 2352 1948 sponsus
2378 1880 2443 1933 de
2473 1879 2707 1933 thalamo
2734 1878 2998 1947 processit
3036 1879 3088 1932 in
3121 1879 3391 1948 regionem
3426 1894 3537 1932 no—-

1937 1976 2124 2023 stram.
2174 1969 2373 2023 Unicus
2420 1984 2652 2037 namque
2696 1968 2778 2023 vel
2832 1968 3136 2037 unigenitus
3177 1969 3523 2037 proprietatis

1937 2073 2129 2130 nomen
2153 2070 2267 2121 est,
2296 2073 2399 2111 non
2431 2059 2825 2113 communionis
2862 2074 2984 2112 cum
3022 2059 3307 2127 adoptivis.
3335 2059 3392 2113 In
3416 2067 3526 2117 tra-

1939 2158 2081 2203 ctatu
2104 2149 2350 2203 videlicet
2364 2150 2697 2220 nonagesimi
2714 2151 2839 2204 noni
2858 2150 3049 2220 psalmi
3070 2152 3237 2205 habes
3251 2151 3323 2205 ita
3339 2150 3520 2221 (Num.

1941 2240 2027 2310 15)
2057 2258 2069 2293 :
2102 2259 2119 2290 ι
2152 2239 2346 2294 Scitote
2377 2242 2626 2311 quoniam
2656 2240 2911 2294 Dominus
2933 2243 3040 2311 ipse
3065 2251 3139 2294 est
3177 2241 3317 2295 Deus
3349 2239 3523 2312 (Psal.

1938 2347 2085 2397 seu,
2110 2330 2185 2402 5).
2219 2332 2349 2398 Quis
2378 2333 2570 2396 nescit,
2610 2333 2804 2401 inquit,
2840 2333 3095 2401 quoniam
3124 2333 3384 2389 Dominus
3412 2336 3526 2403 ipse

1940 2433 2021 2478 est
2044 2425 2218 2478 Deus?
2253 2424 2511 2478 Dominus
2535 2425 2625 2479 ille
2656 2441 2760 2478 non
2783 2425 2932 2480 vobis
2967 2425 3192 2480 vilescat
3221 2426 3527 2481 :cruciﬁxi-

1941 2517 2058 2580 stis,
2077 2515 2400 2586 ﬁagellastis,
2418 2517 2591 2585 sputis
2613 2516 2868 2581 illinistis,
2883 2517 3052 2586 spinis
3062 2518 3380 2582 coronastis,
3395 2526 3524 2582 etc.,

1942 2609 2192 2665 custodes
2217 2608 2284 2663 ad
2306 2608 2609 2679 sepulcrum
2639 2609 2895 2677 posuistis
2924 2627 2937 2661 :
2971 2609 3084 2679 ipse
3106 2616 3189 2663 est
3215 2609 3378 2663 Deus.
3411 2608 3529 2663 Sci-

1934 2709 2045 2762 tote
2092 2699 2340 2769 quoniam
2381 2698 2637 2752 Dominus
2685 2699 2793 2769 ipse
2836 2707 2911 2752 est
2946 2697 3110 2752 Deus.
3147 2719 3164 2751 ›
3196 2698 3365 2769 Igitur
3391 2708 3445 2754 et
3475 2700 3529 2753 in

1941 2790 2148 2859 psalmo
2187 2805 2273 2844 ent
2318 2790 2607 2843 humanam
2645 2797 2891 2843 naturam
2932 2791 2989 2843 in
3033 2791 3392 2862 Redemptore
3434 2807 3530 2845 no-

1945 2889 2078 2946 stro,
2105 2896 2223 2949 qua:
2249 2881 2407 2951 longa
2435 2888 2717 2950 parentum
2740 2882 2880 2936 linea
2908 2883 2973 2936 de
2995 2886 3199 2939 semine
3222 2885 3387 2939 David
3409 2893 3530 2943 orta

1944 2981 2044 3037 est,
2071 2973 2312 3026 eamdem
2338 2986 2457 3026 esse
2478 2980 2534 3026 et
2554 2971 2841 3026 Dominum
2868 2972 3060 3039 David,
3084 2981 3139 3028 et
3167 2974 3331 3029 ﬁlium
3358 2975 3529 3029 David

1945 3062 2227 3117 manifeste
2254 3063 2447 3131 probat
2468 3076 2533 3115 ex
2559 3077 2622 3116 eo
2642 3061 2931 3127 versiculo,
2959 3078 3117 3130 quem
3147 3064 3258 3132 ipse
3282 3064 3531 3120 Salvator

1946 3152 2143 3207 Judteis
2166 3152 2443 3222 proposuit
2479 3153 2532 3206 in
2563 3153 2910 3221 quaestionem
2929 3193 2943 3216 ,
2974 3155 3240 3222 quomodo
3268 3157 3531 3226 potuisset

1943 3245 2084 3298 ﬁlius
2111 3243 2280 3297 David
2308 3258 2460 3308 esse,
2491 3253 2546 3299 et
2584 3244 2832 3298 dominus
2865 3244 3033 3299 David
3055 3286 3069 3310 ,
3110 3247 3295 3301 dicens
3332 3245 3533 3302 :‘Dixit

1944 3333 2199 3387 Dominus
2251 3332 2473 3386 Domino
2514 3349 2656 3397 meo,
2708 3332 2827 3386 sede
2866 3350 2899 3386 a
2941 3333 3141 3389 dextris
3182 3337 3308 3390 meis
3357 3334 3529 3407 (Psal.

1945 3439 2063 3489 cut,
2098 3423 2172 3493 l).
2214 3422 2271 3477 Si
2305 3422 2480 3487 ﬁlius,
2519 3422 2788 3492 quomodo
2813 3422 3114 3479 Dominus?
3147 3425 3297 3492 Quod
3339 3428 3532 3483 beatus

1946 3514 2277 3582 Augustinus
2315 3514 2368 3567 in
2408 3514 2741 3583 expositione
2769 3510 3005 3580 ejusdem
3034 3514 3223 3585 psalmi
3259 3516 3333 3571 ita
3362 3516 3534 3571 disse-

1948 3606 2056 3658 ruit
2091 3604 2271 3676 (Num.
2296 3604 2348 3676 '7)
2374 3620 2387 3657 :
2409 3622 2425 3654 ι
2444 3603 2929 3674 Novimus,inquit,
2949 3606 3221 3661 Christum
3249 3608 3440 3662 sedere
3464 3610 3531 3664 ad

1950 3696 2223 3750 dexteram
2252 3696 2429 3750 Patris
2451 3703 2572 3765 post
2595 3697 3047 3751 resurrectionem
3074 3713 3103 3750 a
3133 3700 3378 3762 mortuis,
3404 3708 3460 3753 et
3480 3701 3531 3754 in

1951 3787 2102 3842 cmlis
2148 3786 2538 3839 ascensionem.
2569 3784 2792 3839 Factum
2832 3794 2917 3839 est
2950 3784 3097 3854 jam,
3140 3802 3239 3841 nec
3275 3788 3534 3855 vidimus,

1952 3878 2047 3935 sed
2070 3878 2369 3937 credimus;
2404 3875 2457 3927 in
2487 3875 2639 3928 libris
2666 3875 2891 3943 legimus
2912 3915 2925 3939 ,
2952 3876 3301 3944 prtedicatum
3332 3879 3540 3934 audivi-

1954 3984 2093 4031 mus,
2126 3968 2229 4022 ﬁde
2259 3966 2571 4021 retinemus.
2596 3964 2749 4019 Unde
2769 3974 2821 4018 et
2842 3980 2907 4019 eo
2929 3966 3067 4033 ipso,
3088 3968 3233 4035 quod
3260 3978 3377 4021 erat
3400 3968 3539 4024 ﬁlius

1954 4059 2119 4113 David
2145 4058 2412 4123 Christus,
2437 4056 2612 4110 factus
2632 4064 2715 4110 est
2736 4055 2995 4109 Dominus
3018 4055 3206 4111 David.
3235 4058 3366 4112 Illud
3394 4059 3540 4113 enim

1954 4149 2097 4219 quod
2123 4156 2308 4202 natum
2339 4154 2423 4201 est
2449 4161 2515 4200 ex
2542 4146 2746 4200 semine
2772 4146 2962 4211 David,
2995 4147 3067 4200 ita
3091 4147 3413 4203 honoratum
3435 4161 3538 4213 est,

1956 4250 2013 4293 ut
2041 4250 2181 4295 esset
2216 4248 2270 4294 et
2296 4238 2556 4293 Dominus
2576 4238 2795 4294 David.»
2823 4240 2974 4305 Quod
3008 4241 3201 4294 iterum
3238 4241 3540 4308 iterumque

1959 4328 2212 4398 replicat,
2241 4344 2309 4382 ne
2344 4326 2482 4384 forte
2511 4329 2597 4383 cui
2627 4328 2890 4384 dubitatio
2920 4329 3076 4396 foret,
3102 4330 3168 4386 de
3196 4346 3302 4399 qua
3337 4330 3540 4385 dictum

272 4439 371 4477 vos
398 4424 730 4492 singularius
760 4434 949 4479 vestra:
974 4427 1222 4495 opitulari
1251 4436 1409 4483 secta:
1438 4427 1573 4483 falso
1602 4429 1845 4498 opinatis.

1961 4421 2033 4476 sit
2054 4428 2238 4474 natura
2268 4439 2279 4473 :
2306 4419 2449 4482 Dixit
2476 4420 2728 4475 Dominus
2748 4420 2973 4475 Domino
2998 4438 3132 4487 meo,
3152 4422 3271 4476 sede
3290 4439 3321 4475 α
3342 4422 3540 4476 dextris

275 4514 329 4566 Si
360 4516 613 4567 eruditus
638 4515 907 4584 quislibet,
931 4525 985 4571 ct
1014 4527 1156 4572 recte
1185 4519 1485 4591 intelligens
1514 4520 1703 4585 lector,
1725 4521 1862 4574 mul—

276 4603 488 4672 tiplices
515 4604 813 4658 litterarqu
843 4621 1060 4660 suarum
1099 4608 1312 4663 codices
1344 4609 1662 4677 perlustret,
1701 4611 1866 4666 veris-

274 4694 413 4747 sime
437 4710 562 4747 eum
600 4694 834 4748 inveniet
866 4696 1021 4750 nobis
1050 4708 1405 4753 consentanea
1439 4700 1706 4765 scribere,
1745 4716 1865 4755 cre-

275 4784 404 4837 dere
427 4825 442 4845 ,
488 4792 545 4837 et
575 4785 871 4853 pra-dicare
906 4786 970 4839 de
1013 4786 1228 4841 Christo
1253 4828 1266 4852 ,
1312 4803 1418 4842 non
1456 4790 1626 4844 vobis.
1660 4789 1766 4844 Sed
1799 4791 1864 4843 de

276 4873 530 4943 plurimis
552 4876 784 4944 exetnpli
807 4877 977 4946 gratia
999 4892 1166 4946 pauca
1191 4880 1612 4950 perstringamus
1632 4896 1697 4934 cx
1720 4880 1863 4935 illius

278 4964 439 5018 dictis
467 4965 780 5019 testimonia
800 5006 814 5030 ,
842 4982 908 5019 ne
942 4982 1131 5036 magna
1161 4968 1444 5023 multitudo
1474 4971 1755 5023 verborum
1785 4969 1867 5023 fa-

280 5052 488 5107 stidiosi
514 5055 734 5109 lectoris
755 5056 991 5110 animum
1016 5058 1183 5127 magis
1208 5066 1395 5113 oneret
1430 5075 1588 5127 quam
1619 5059 1864 5114 aediﬁcet.

278 5143 473 5197 Etnon
505 5154 795 5214 tangamus
826 5144 987 5209 illud,
1018 5149 1159 5215 quod
1187 5148 1345 5217 paulo
1380 5156 1501 5202 ante
1534 5148 1600 5202 de
1629 5149 1871 5202 Enchiri-

278 5233 409 5287 dion
455 5236 734 5303 posuimus
755 5276 770 5300 ,
800 5237 914 5317 sed
948 5238 1016 5291 ad
1058 5238 1162 5290 alia
1205 5238 1400 5308 ingenii
1430 5238 1509 5293 sui
1539 5238 1870 5293 munimenta

350 5424 377 5448 ει
407 5410 873 5486 S._.:\tl_ianasius,
915 5422 1045 5468 tom.
1092 5415 1112 5468 Ι
1158 5414 1388 5486 Operum
1437 5424 1580 5486 part.
1630 5432 1690 5469 tt.
1742 5417 1863 5471 Vid.

276 5487 394 5604 po:
450 5480 711 5604 1Igitdrisii
787 5484 1021 5552 Operum
1100 5486 1158 5540 S.
1204 5480 1865 5555 'I’aulini'Aquileiensis,

300 5568 345 5603 13
395 5589 411 5601 ι
557 5592 569 5604 .

280 5564 853 5679 pag.SI.MA'tI1:tna.sius
878 5625 944 5679 de
994 5626 1096 5679 ﬁde
1121 5641 1214 5679 sua
1270 5635 1398 5679 tom.
1453 5626 1491 5678 II
1519 5627 1682 5694 Oper.
1716 5626 1867 5691 Quod

281 5702 465 5749 tamen
506 5694 825 5762 opusculum
868 5696 1105 5750 editores
1128 5696 1268 5749 inter
1298 5696 1479 5766 spuria
1503 5705 1819 5767 computant
1852 5713 1864 5750 τ

1962 4512 2108 4565 meis.
2134 4509 2390 4579 Adjuuxit
2413 4526 2542 4581 ergo
2569 4519 2624 4565 et
2647 4512 2762 4566 I1th
2784 4512 2946 4566 verba
2975 4529 2988 4564 :
3022 4530 3040 4561 ‹
3077 4512 3154 4565 Eo
3182 4512 3317 4580 ipso,
3346 4511 3540 4581 inquit,

1963 4602 2103 4671 quod
2131 4619 2348 4657 carnem
2378 4604 2585 4671 accepit
2618 4602 2890 4665 Christus,
2918 4602 3059 4671 quod
3086 4602 3141 4656 in
3171 4619 3333 4659 carne
3356 4602 3540 4677 [Aug.,

1964 4691 2019 4746 in
2048 4693 2235 4746 eadem
2262 4691 2448 4763 carne]
2476 4701 2719 4745 mortuus
2739 4700 2850 4757 est,
2884 4693 3027 4760 quod
3066 4692 3119 4747 in
3150 4695 3347 4750 eadem
3380 4710 3541 4751 carne

1964 4784 2292 4849 resurrexit,
2333 4784 2476 4852 quod
2518 4784 2573 4836 in
2618 4783 2800 4836 eadem
2836 4784 3079 4839 ascendit
3116 4785 3169 4839 in
3213 4787 3442 4853 caelum,
3488 4798 3540 4844 et

1965 4878 2113 4931 sedet
2148 4877 2215 4930 ad
2248 4877 2525 4931 dexteram
2561 4875 2761 4941 Patris;
2801 4883 2857 4930 et
2900 4876 2953 4930 in
2989 4878 3177 4933 eadem
3220 4879 3334 4950 ipsa
3376 4895 3541 4935 carne

1966 4969 2045 5023 sic
2069 4968 2361 5030 honorata,
2404 4966 2480 5019 sic
2519 4965 2839 5031 clariﬁcata,
2880 4968 2960 5022 sic
2993 4968 3046 5022 in
3083 4970 3353 5025 cmlestem
3384 4970 3540 5025 habi-

1967 5068 2080 5112 tum
2101 5065 2423 5113 commutata
2446 5099 2458 5121 ,
2488 5068 2543 5112 et
2583 5057 2723 5114 ﬁlius
2749 5069 2831 5115 est
2857 5060 3023 5116 David
3042 5104 3056 5127 ,
3085 5070 3139 5117 et
3168 5062 3422 5117 Dominus
3459 5070 3543 5118 est

1967 5148 2151 5202 David.
2190 5168 2209 5201 ι
2245 5147 2412 5214 Quem
2454 5165 2668 5204 sensum
2705 5153 2994 5222 apostolica
3018 5137 3181 5208 etiam
3222 5154 3556 5210 auctoritate

1968 5241 2174 5295 curavit
2198 5240 2510 5302 dilucidare.
2538 5259 2557 5291 ι
2586 5240 2890 5297 Secundum
2919 5245 3080 5309 hanc,
3104 5244 3297 5313 inquit,
3329 5245 3540 5316 dispen-

1972 5412 2218 5541 guiltﬁdem
2248 5413 2424 5468 locum
2464 5412 2563 5468 sub
2607 5416 2822 5470 nomine
2854 5398 3155 5472 Athanasii
3201 5419 3331 5473 citat
3374 5421 3537 5477 etiam

2017 5499 2047 5536 a
2109 5499 2248 5537 mus.

2017 5499 2248 5537 allIIllllS.

2045 5564 2066 5591 ο
2097 5552 2155 5606 S.
2196 5552 2356 5625 Aug.,
2387 5552 2510 5625 libr.
2540 5555 2605 5609 de
2632 5554 2781 5609 Dono
2809 5559 3245 5625 perseverantiae,
3269 5576 3414 5613 num.
3443 5560 3512 5614 67

1972 5623 2081 5677 Cur
2107 5638 2236 5677 vero
2259 5623 2395 5677 iiber
2423 5623 2524 5677 iste
2562 5624 2773 5680 dicatur
2799 5623 3064 5683 secundus
3093 5629 3159 5684 de
3189 5631 3538 5683 Pnedestinaa

1975 5695 2138 5758 tione,
2170 5691 2388 5748 consule
2417 5695 2834 5751 admonitionem
2863 5698 2987 5753 huic
3012 5699 3147 5753 libro
3175 5704 3467 5768 prmfixam.
