3964 6186
418 361 523 418 285

1252 361 1312 415 Β.
1355 361 1415 414 F.
1458 359 1682 414 ALBINI
1723 356 1854 411 SEU
1898 352 2166 409 ALCUINI
2207 351 2484 406 OPERUM
2522 348 2700 404 PARS
2738 356 2821 403 tn.

3572 340 3680 399 284

419 482 679 537 sationem
701 479 957 534 transitus
980 478 1206 542 Christi,
1231 480 1393 533 etiam
1422 486 1476 529 et
1496 476 1625 529 illud
1649 475 1716 528 ab
1743 470 1996 542 Apostolo
2023 473 2069 524 Α
2099 467 2199 519 ait:
2225 466 2440 535 Oportet
2466 475 2510 518 et
2540 463 2686 517 illum
2709 476 2958 526 crescere,
2985 475 3064 513 me
3087 467 3258 511 autem
3284 456 3481 519 minui,
3504 455 3675 514 dixit:

418 574 613 629 dicitur
638 590 652 626 :
679 570 901 643 PrOpter
925 572 1062 642 quod
1083 587 1198 624 eum
1220 568 1467 623 exultavit
1494 585 1526 620 a
1551 568 1794 630 mortuis,
1826 575 1873 618 et
1902 564 1999 617 do-

420 666 557 719 navit
584 662 663 717 illi
693 679 908 725 nomen,
941 662 1079 733 quod
1108 671 1180 714 est
1218 675 1373 728 super
1409 673 1558 710 omne
1596 671 1809 721 nomen,
1848 664 1903 708 ut
1946 656 2001 708 in

415 754 626 809 nomine
658 752 786 808 Iesu
835 769 984 807 omne
1030 768 1161 822 genu
1202 752 1463 819 ﬂectatur,
1494 745 1793 811 caelestium,
1841 755 2003 799 terre-

417 846 603 898 strium
630 852 678 897 et
727 843 1050 913 infernarum
1090 839 1307 912 (Philip.
1345 855 1403 900 ιι,
1450 837 1559 908 10).
1612 836 1870 901 Donavit,
1922 837 2001 890 in-

419 938 555 1005 quit,
585 938 634 991 ei
672 952 900 1001 nomen,
928 936 979 989 id
1010 942 1121 999 est,
1154 948 1314 1002 super
1350 946 1510 985 omne
1537 946 1754 994 nomen,
1786 930 2001 984 Christo

419 1029 604 1096 utique
640 1028 931 1082 secundum
977 1024 1278 1085 hominem,
1310 1022 1526 1077 Christo
1553 1021 1844 1076 secundum
1876 1033 2000 1073 car—
2041 1033 2044 1036 ’

422 1136 542 1175 nem
571 1128 804 1182 mortuo,
849 1116 1149 1186 resurgenti
1170 1157 1184 1180 ,
1219 1113 1527 1169 ascendenti
1554 1112 1764 1166 donavit
1792 1127 2000 1176 nomen,

418 1211 556 1279 quod
577 1222 649 1265 est
674 1227 828 1280 super
852 1227 1000 1264 omne
1026 1224 1242 1272 nomen;
1270 1217 1325 1261 ut
1362 1208 1416 1261 in
1455 1207 1662 1260 nomine
1690 1196 2005 1258 Iesu-omne

419 1318 553 1371 genu
580 1304 843 1373 ﬂectatur,
881 1301 1186 1366 cwlestium,
1221 1300 1542 1354 terrestrium
1570 1308 1618 1351 et
1656 1297 2000 1366 infernarum.

420 1393 521 1448 Ubi
548 1395 653 1448 erit
679 1393 876 1455 David,
902 1401 964 1447 ut
991 1409 1097 1447 non
1137 1393 1184 1447 ei
1215 1392 1286 1446 sit
1323 1388 1619 1444 Dominus?
1650 1387 1707 1441 ln
1747 1386 1882 1441 caalo
1911 1386 2002 1452 sit,

419 1485 474 1539 in
506 1493 647 1539 terra
678 1487 768 1548 sit,
795 1486 847 1538 in
873 1483 1083 1538 inferno
1105 1484 1175 1538 sit
1200 1500 1213 1536 :
1245 1482 1504 1536 Dominus
1524 1479 1640 1547 ejus
1658 1479 1779 1540 erit,
1807 1477 1895 1548 qui
1923 1483 2006 1531 est

421 1574 677 1628 Dominus
698 1573 1018 1635 caelestium,
1047 1572 1386 1627 terrestrium
1412 1579 1465 1623 et
1486 1568 1837 1623 infernorum.
1864 1566 2006 1620 Gau-

419 1665 543 1719 deat
588 1679 717 1733 ergo
764 1664 1041 1718 nobiscum
1092 1661 1293 1725 David,
1332 1660 1424 1713 ﬁlii
1466 1659 1546 1713 sui
1593 1656 1875 1711 nativitate
1912 1656 2007 1708 ho-

420 1764 662 1819 noratus,
696 1755 970 1809 dominatu
1002 1754 1261 1809 liberatus
1292 1771 1306 1806 :
1340 1761 1396 1806 et
1414 1751 1652 1822 gaudens
1681 1750 1844 1813 dicat,
1886 1756 1943 1801 ut
1974 1762 2002 1799 a

2104 557 2207 622 Qui
2229 557 2414 625 accipit
2464 555 2816 608 testimonium
2848 552 2979 621 ejus,
3009 550 3227 619 signauit
3253 549 3375 618 quia
3406 547 3545 602 Deus
3596 567 3680 603 ue-

2102 665 2200 701 rax
2247 658 2342 702 est.
2377 646 2708 701 Subsecutus
2737 644 2813 697 ait
2855 663 2868 697 :
2915 642 3037 695 Non
3088 641 3222 694 enim
3278 640 3346 693 ad
3379 657 3677 694 mensuram

2100 739 2189 791 dat
2242 738 2382 815 Deus
2412 735 2666 807 Spiritum
2715 733 2897 806 (Joan.
2931 749 3015 797 ιιι,
3048 731 3133 794 50,
3183 732 3274 793 55,
3329 729 3440 799 54).
3473 730 3546 783 De
3572 746 3679 799 quo

2101 830 2241 883 item
2296 830 2387 898 qui
2437 843 2599 897 supra
2650 828 2703 880 in
2756 826 2943 880 eodem
2998 823 3260 878 Sermone
3305 820 3513 890 (Tract.
3564 835 3676 885 xiv,

2100 937 2249 975 num.
2289 922 2421 992 IO):
2472 939 2492 972 ι
2553 920 2713 984 Audi,
2763 918 2956 987 inquit,
3000 913 3312 985 Apostolum
3367 913 3676 968 dicentem:

2102 1011 2400 1067 Secundum
2447 1004 2744 1065 mensuram
2775 1007 3074 1062 donationis
3129 1003 3323 1059 Christi
3350 1003 3565 1075 (Epiros.
3600 1019 3676 1067 tv,

2103 1103 2178 1174 7).
2210 1103 2529 1157 Hominibus
2559 1102 2625 1155 ad
2682 1112 2989 1154 mensuram
3035 1096 3163 1160 dat;
3203 1096 3365 1149 unico
3389 1093 3522 1147 Filio
3568 1108 3679 1148 non

2103 1194 2194 1248 dat
2225 1195 2289 1248 ad
2315 1207 2643 1248 mensuram.
2681 1212 2698 1243 ι
2728 1191 2795 1244 Ει
2820 1190 2885 1243 de
2913 1205 2977 1243 eo
3015 1188 3156 1263 quod
3188 1186 3276 1241 hic
3301 1186 3413 1239 ait:
3446 1182 3682 1254 Sigaarit

2101 1286 2226 1355 quia
2277 1282 2417 1338 Deus
2445 1298 2601 1337 verax
2646 1291 2763 1335 est:
2798 1281 2926 1334 item
2962 1287 3017 1332 et
3067 1277 3135 1332 de
3183 1292 3249 1332 eo
3299 1276 3440 1345 quod
3468 1276 3578 1329 alio
3626 1276 3681 1329 in

2104 1376 2222 1430 loco
2246 1376 2360 1445 ipsa
2381 1374 2594 1430 Veritas
2616 1373 2691 1427 ait
2719 1391 2731 1425 :
2763 1370 2919 1424 Hunc
2945 1370 3079 1423 enim
3104 1366 3265 1421 Pater
3287 1367 3508 1436 signavit
3538 1364 3688 1417 Deus

2107 1466 2287 1539 (Joan.
2318 1482 2395 1530 vt,
2424 1464 2538 1536 27),
2563 1464 2723 1518 talem
2751 1461 3021 1531 coaptavit
3058 1457 3557 1528 interpretationem
3599 1456 3682 1510 di-

2106 1575 2233 1615 cens
2280 1559 2488 1630 (Tract.
2526 1573 2654 1621 xxv,
2704 1570 2854 1610 num.
2904 1554 3032 1620 Il):
3067 1572 3086 1605 ι
3121 1552 3245 1615 Iste,
3291 1549 3485 1619 inquit,
3535 1546 3679 1603 ﬁlius

2107 1652 2341 1706 hominis
2374 1659 2428 1705 et
2473 1649 2643 1703 Filius
2688 1647 2783 1701 Dei
2829 1654 2931 1710 est,
2965 1647 3066 1700 iste
3118 1645 3280 1698 homo
3326 1640 3489 1696 etiam
3541 1640 3684 1696 Deus

2107 1750 2208 1796 est.
2249 1762 2266 1793 ι
2298 1742 2362 1794 Et
2390 1739 2552 1809 paulo
2581 1747 2699 1808 post
2732 1755 2744 1791 :
2792 1755 2810 1787 ι
2844 1736 2969 1790 Ideo
2999 1736 3135 1789 [tunc
3162 1733 3307 1788 enim
3354 1730 3490 1784 Dens
3522 1728 3683 1784 Pater

421 1851 778 1920 gaudentibus
805 1849 1054 1902 audiatur
1085 1865 1099 1901 :
1133 1846 1276 1900 Dixit
1310 1844 1562 1898 Dominus
1602 1843 1828 1896 Domino
1865 1856 2000 1904 meo,
2038 1814 2081 1873 Β
2106 1836 2350 1905 signavit.
2406 1833 2634 1903 Signare
2685 1831 2816 1900 quid
2862 1838 2967 1895 est,
3010 1828 3113 1883 nisi
3162 1826 3437 1896 proprium
3481 1824 3685 1893 aliquid

418 1940 538 1994 sede
562 1958 593 1993 a
630 1939 824 1993 dextris
852 1940 999 1993 meis.
1044 1957 1063 1989 ι
1097 1936 1251 1992 Unde
1280 1944 1361 1991 cst
1399 1933 1649 1988 frivolosa
1679 1931 2005 2000 nuncupatio

418 2030 735 2096 divinitatis,
780 2028 870 2083 ubi
925 2037 1034 2082 tam
1077 2027 1183 2080 alta
1233 2035 1315 2080 est
1355 2025 1648 2080 dominatio
1684 2024 2007 2095 potestatis?

420 2121 574 2177 Unde
596 2129 679 2177 est
701 2121 923 2190 aequalis
947 2119 1224 2175 nobiscum
1250 2119 1466 2188 adoptio
1491 2119 1543 2172 in
1568 2117 1677 2171 ﬁlio
1703 2117 1890 2181 David,
1916 2116 2005 2172 ubi

418 2221 501 2267 cst
531 2220 640 2267 tam
666 2212 935 2267 excellens
966 2226 1129 2281 supra
1156 2225 1346 2264 omnes
1376 2208 1624 2265 caelestes
1656 2208 1883 2262 virtutes
1911 2207 2007 2262 do-

419 2304 697 2359 minatus?
724 2303 847 2357 Hmc
870 2303 1010 2367 dico,
1031 2302 1155 2371 quia
1182 2301 1400 2355 memini
1422 2314 1508 2355 me
1527 2300 1785 2370 scriptum
1814 2299 2007 2368 legisse

417 2391 560 2448 inter
597 2394 732 2448 alias
775 2392 932 2461 hujus
960 2408 1110 2447 novae
1147 2401 1308 2446 secta
1341 2391 1569 2461 ineptias
1591 2432 1604 2456 ,
1645 2390 1915 2445 Christum
1952 2389 2004 2443 in

419 2487 598 2540 divina
625 2487 991 2540 tantummodo
1015 2492 1204 2539 natura
1236 2484 1519 2537 Dominum
1546 2496 1665 2535 esse
1686 2480 1873 2543 David,
1900 2494 2006 2533 non

418 2589 487 2629 ex
517 2577 773 2638 humana,
805 2590 910 2644 qua
939 2576 1003 2628 de
1027 2573 1233 2627 semine
1268 2570 1436 2624 David
1458 2570 1685 2637 sumpsit
1712 2569 2001 2637 originem;

420 2680 484 2719 ac
522 2665 641 2719 ideo
676 2664 902 2734 longiori
946 2671 1093 2717 textu
1140 2677 1416 2716 sermones
1461 2661 1513 2714 in
1555 2661 1658 2714 hoc
1695 2660 1810 2714 loco
1852 2659 2006 2728 posui

419 2753 593 2807 sancti
621 2753 923 2823 Augustini.
962 2752 1041 2805 lta
1067 2752 1206 2805 idem
1254 2752 1306 2805 in
1347 2750 1555 2821 psalmo
1594 2768 1667 2805 ιιι
1700 2749 1871 2822 (num.
1900 2748 1954 2820 5)
1991 2766 2002 2801 :

426 2862 446 2895 ‹
480 2842 612 2897 Cum
644 2843 695 2896 itt
734 2841 904 2896 forma
934 2843 1072 2897 servi
1104 2850 1388 2911 appareret
1415 2842 1470 2895 in
1509 2850 1651 2896 terra
1673 2882 1687 2906 ,
1729 2840 2004 2903 dixerunt,

421 2935 509 3001 qui
534 2950 657 2988 eum
678 2935 1062 2988 crueiﬁxerunt
1087 2958 1100 2989 ;
1128 2933 1242 2988 Non
1274 2942 1357 2988 est
1379 2934 1537 2987 Deus.
1563 2932 1699 2999 Quia
1725 2931 1894 2985 Filius
1911 2929 2006 2985 Dei

422 3034 557 3085 erat,
587 3026 770 3094 utique
796 3025 939 3079 Deus
962 3035 1109 3089 erat,
1138 3025 1387 3095 proprius
1423 3024 1591 3079 Filius
1619 3023 1713 3078 Dei
1735 3031 1789 3077 ct
1815 3038 2004 3090 verus;

421 3116 514 3169 sed
540 3115 615 3170 illi
646 3116 882 3184 corrupti
911 3124 1055 3180 sunt,
1085 3123 1139 3169 et
1168 3114 1555 3170 abominabiles
1587 3113 1711 3169 facti
1735 3125 1888 3181 sunt,
1913 3118 2003 3188 qui
2035 3154 2080 3217 c

422 3207 675 3260 dixerunt
705 3206 887 3277 [Aug.,
915 3206 1043 3275 quid
1072 3203 1375 3277 dixerunt?]
1407 3223 1419 3257 :
1456 3203 1571 3257 Non
1598 3212 1682 3260 est
1709 3205 1852 3261 Deus
1873 3249 1887 3272 ,
1917 3223 2006 3263 oc-

421 3298 662 3350 cidamtts
682 3312 825 3349 cum.
859 3317 876 3347 ι
906 3296 1044 3350 Ecce
1071 3297 1348 3365 proprium
1378 3303 1431 3350 et
1454 3312 1640 3350 verum
1667 3296 1761 3350 Dei
1789 3296 2007 3364 Filium,

423 3389 512 3455 qui
542 3387 832 3441 cruciﬁxus
859 3395 942 3440 est
971 3403 999 3439 a
1023 3386 1239 3448 Judaeis,
1272 3385 1491 3452 fatetur,
1520 3387 1659 3440 sicut
1689 3401 1903 3457 semper
1930 3386 2010 3442 fa-

425 3479 527 3531 teri
570 3478 919 3547 dignoscitur.
972 3477 1103 3531 Item
1148 3480 1211 3533 de
1249 3479 1457 3532 unitate
1490 3478 1773 3547 potestatis
1816 3480 1869 3533 in
1912 3478 2008 3535 Dei

424 3567 561 3623 Filio
586 3569 774 3621 beatus
799 3567 905 3621 Leo
932 3583 1067 3637 papa
1102 3569 1410 3637 expressius
1450 3567 1503 3620 in
1532 3568 1762 3637 quadam
1789 3568 2008 3623 homilia

425 3656 783 3726 Theophaniae
812 3656 897 3711 die
931 3656 1151 3727 legenda
1181 3658 1401 3726 protulit
1429 3655 1628 3728 (Serm.
1659 3657 1746 3722 3i,
1779 3673 1897 3727 cap.
1926 3658 2005 3728 2),

430 3768 450 3801 ι
480 3751 732 3813 scienter,
771 3750 1038 3819 inquiens,
1073 3749 1307 3804 divinam
1334 3749 1731 3819 humanamque
1756 3759 2007 3804 naturam

427 3840 480 3896 in
511 3842 714 3895 unitate
752 3848 1091 3904 venerantes,
1116 3840 1241 3909 quia
1269 3840 1415 3909 quod
1451 3847 1570 3894 erat
1607 3841 1659 3895 in
1691 3841 2008 3897 substantiis

426 3931 720 4000 proprium,
754 3946 857 3984 non
890 3937 1007 3983 erat
1036 3930 1087 3983 in
1113 3938 1378 3999 potestate
1405 3930 1697 3985 diversum.
1735 3951 1754 3984 ι

495 4018 678 4075 XVIII.
733 4019 839 4074 Sed
876 4029 1213 4075 transeamus
1250 4021 1410 4075 modo
1443 4021 1510 4075 ad
1555 4020 1765 4090 praefati
1819 4021 2003 4077 Patris

426 4111 849 4180 pulcherrimum
900 4127 1079 4181 Opus,
1142 4110 1496 4166 Homiliarum
1551 4111 1815 4181 siquidem
1866 4110 2005 4187 [in]

428 4201 772 4273 Evangelium
799 4203 938 4255 bcati
963 4201 1185 4256 Joannis
1210 4203 1570 4272 evangelistm,
1593 4204 2003 4275 perspicientes,

427 4292 552 4359 quid
582 4293 633 4344 in
663 4291 741 4344 eis
791 4289 955 4360 905
994 4291 1192 4344 stintiat
1223 4292 1287 4344 de
1316 4291 1554 4345 Christo.
1590 4292 1731 4347 Dicit
1762 4294 1827 4348 de
1856 4296 2007 4350 testi—

336 4440 357 4455 ,
429 4382 610 4436 monio
665 4380 885 4435 Joannis
946 4381 1198 4449 Baptista:
1256 4381 1398 4436 inter
1446 4382 1550 4436 alia
1609 4384 1826 4454 (Tract.
1885 4403 2003 4453 vn,

2109 1925 2370 1997 [ponere?
2398 1923 2508 1978 lloc
2529 1932 2611 1978 est
2640 1922 2784 1977 enim
2832 1920 3061 1990 signare,
3113 1918 3387 1987 imponere
3432 1914 3680 1984 aliquid],

2106 2032 2213 2085 quo
2249 2030 2354 2069 non
2393 2014 2753 2070 confundatur
2781 2025 2903 2066 cum
2930 2009 3158 2064 eteteris.
3213 2006 3441 2077 Signare
3475 2015 3557 2060 est
3609 2005 3686 2059 si—

2105 2124 2269 2179 gnum
2296 2107 2375 2161 rei
2398 2120 2618 2176 ponere.
2659 2102 2971 2172 Cuicunque
2995 2099 3072 2154 rei
3104 2099 3258 2169 ponis
3284 2097 3516 2168 signum,
3562 2095 3685 2148 ideo

2106 2199 2263 2269 ponis
2288 2198 2518 2268 signum,
2550 2210 2616 2249 ne
2637 2192 2858 2250 confusa
2880 2208 3001 2246 cum
3033 2189 3176 2253 aliis,
3217 2203 3245 2241 a
3292 2196 3343 2241 te
3381 2202 3485 2240 non
3511 2185 3687 2255 possit

2108 2289 2346 2360 agnosci.
2379 2284 2543 2340 Pater
2563 2300 2691 2355 ergo
2708 2300 2823 2338 eum
2844 2282 3087 2353 signavit.
3115 2278 3253 2346 Qttid
3274 2284 3358 2331 est
3372 2319 3385 2340 ,
3421 2276 3639 2346 signavit
3660 2276 3689 2327 .’

2107 2381 2391 2450 Proprium
2406 2377 2657 2448 quiddam
2681 2377 2757 2431 illi
2772 2376 2935 2438 dedit,
2963 2390 3027 2427 nc
3050 2371 3260 2426 eietcris
3276 2376 3687 2435 compararetur

2109 2470 2436 2526 hominibus.
2466 2470 2589 2523 Ideo
2618 2467 2707 2539 [dc
2741 2464 2852 2537 illo]
2880 2466 3082 2520 dictum
3111 2470 3227 2518 est:
3268 2459 3425 2513 Una‘it
3448 2469 3494 2511 te
3520 2459 3682 2518 Deus,

2107 2564 2248 2618 Deus
2276 2573 2394 2617 tuus
2424 2561 2536 2617 oleo
2586 2560 2782 2615 lwtitim
2809 2575 2918 2629 pra:
2955 2555 3290 2627 participibus
3320 2553 3421 2605 tuis
3452 2570 3469 2603 ι
3507 2546 3685 2618 (l’sal.

2106 2671 2254 2719 κων,
2295 2654 2372 2726 8).
2425 2652 2788 2708 Excellentius
2831 2648 3034 2718 aliquid
3090 2648 3281 2702 beatus
3321 2644 3534 2713 quidem
3573 2638 3690 2693 An-

2108 2746 2355 2819 gustinus
2385 2760 2505 2799 cum
2532 2742 2800 2811 Propheta
2831 2738 3093 2794 intellexit
3112 2737 3163 2790 in
3188 2735 3439 2790 unctione
3458 2730 3685 2793 Christi,

2108 2852 2269 2907 quam
2292 2836 2380 2891 isti
2404 2834 2527 2889 novi
2559 2833 2861 2887 divinarum
2886 2836 3217 2885 scrutatores
3241 2840 3419 2880 rerum
3448 2824 3688 2877 obscuro

2109 2928 2439 2985 inﬁdelitatis
2472 2926 2635 2983 corde
2661 2923 2957 2994 intelligere
2995 2928 3228 2991 queunt;
3265 2925 3469 2985 utpote
3494 2912 3688 2967 eodem

2110 3023 2400 3093 inspiratus
2420 3021 2609 3092 spiritu
2637 3035 2691 3073 ιιι
2719 3016 2963 3072 veritatis
2986 3010 3381 3073 testiﬁcatione,
3407 3020 3513 3076 quo
3531 3003 3691 3058 Chri—

2109 3091 2225 3171 stus
2252 3091 2556 3168 unctusest
2583 3110 2636 3164 in
2668 3118 2823 3163 utero
2863 3102 3128 3176 virginali.
3182 3100 3301 3153 Prae
3329 3091 3689 3166 participibus

2109 3207 2306 3278 quippe
2330 3212 2525 3260 unctus
2559 3209 2643 3257 est
2691 3199 2940 3255 Salvator
2967 3203 3169 3257 noster,
3214 3190 3337 3259 quia
3369 3199 3557 3242 omnes
3589 3200 3693 3238 nos

2109 3275 2259 3367 prius
2297 3302 2610 3366 peccatores
2637 3290 2885 3346 homines
2923 3287 3229 3345 existimas,
3261 3289 3311 3336 ct
3343 3275 3688 3349 postmodum

2108 3365 2204 3459 per
2258 3365 2565 3441 unctionem
2612 3381 2785 3437 sancti
2817 3378 3051 3449 Spiritus
3101 3371 3540 3430 sanctiﬁcamnr;
3571 3365 3691 3432 ipse

2108 3486 2288 3532 autem
2325 3477 2565 3531 existens
2597 3474 2737 3527 Deus
2762 3480 2888 3526 ante
2914 3467 3134 3530 saecula,
3164 3479 3260 3535 per
3286 3468 3530 3516 sanctum
3559 3454 3691 3523 Spi-

2107 3567 2268 3621 ritum
2303 3566 2355 3619 in
2384 3575 2539 3619 utero
2579 3562 2815 3633 Virginis
2853 3560 3015 3613 homo
3044 3561 3335 3623 conceptus
3362 3558 3445 3604 est
3480 3548 3532 3601 in
3581 3545 3691 3599 ﬁne

2108 3656 2446 3712 smculorum.
2505 3654 2581 3708 Ibi
2622 3653 2692 3708 ab
2744 3650 2933 3707 eodem
2978 3647 3183 3717 Spiritu
3218 3650 3411 3698 unctus
3438 3646 3539 3703 est,
3593 3635 3689 3690 ubi

2106 3757 2425 3818 conceptus;
2456 3763 2553 3802 nec
2578 3754 2701 3801 ante
2723 3750 3031 3812 conceptus,
3054 3749 3107 3793 et
3130 3733 3468 3807 postmodum
3493 3736 3692 3784 unctus

2106 3850 2206 3897 est.
2237 3839 2343 3895 Sed
2384 3840 2487 3894 hoc
2515 3839 2687 3907 ipsum
2717 3835 2783 3889 de
2811 3832 3014 3903 Spiritu
3049 3836 3256 3889 sancto,
3288 3835 3342 3879 et
3379 3836 3542 3876 carne
3562 3818 3693 3872 V'ir-

2106 3934 2245 4004 ginis
2260 3931 2467 4000 concipi
2487 3945 2517 3983 a
2545 3928 2746 3999 Spiritu
2769 3934 2975 3988 sancto,
3008 3923 3134 3993 ungi
3160 3920 3281 3974 fuit.
3308 3913 3695 3971 Abundantius

2106 4024 2249 4079 enim
2279 4038 2402 4077 cum
2440 4020 2689 4076 omnibus
2713 4016 2912 4072 sanctis
2939 4021 3155 4068 unctum
3177 4022 3296 4064 esse
3319 4007 3437 4061 oleo
3459 4001 3687 4064 lLUllllte,

2108 4114 2161 4169 id
2186 4122 2293 4179 est,
2341 4112 2546 4182 Spiritu
2576 4116 2783 4172 sancto,
2817 4103 3080 4161 intellexit
3122 4113 3335 4169 quoque
3377 4091 3692 4164 Apostolus.

2109 4203 2316 4260 Unetus
2341 4209 2425 4257 est
2451 4200 2660 4272 Moyses
2679 4240 2693 4264 ,
2723 4198 2861 4252 sicut
2892 4193 3072 4250 czeteri
3099 4189 3268 4245 sancti
3299 4188 3350 4241 in
3375 4184 3693 4253 adoptivum

2108 4296 2277 4351 ﬁlium
2307 4314 2319 4349 :
2352 4303 2544 4350 unctus
2573 4302 2654 4347 est
2682 4290 2931 4345 Christus
2958 4285 3011 4339 in
3042 4292 3197 4337 utero
3221 4275 3466 4349 virginali
3494 4274 3545 4327 in
3564 4287 3694 4341 pro-

2106 4386 2283 4457 prium
2312 4384 2504 4439 Filium
2528 4381 2644 4436 Dei.
2677 4379 2772 4434 llis
2796 4377 2972 4433 verbis
3011 4382 3065 4429 et
3089 4373 3280 4427 beatus
3332 4366 3524 4420 Petrus
3553 4377 3685 4457 Eon.

427 4488 577 4526 num.
620 4472 674 4539 4)
717 4489 729 4522 :
769 4488 788 4521 ι
825 4469 981 4524 ΝιιΙΙο
1025 4470 1185 4524 modo
1226 4478 1404 4525 autem
1449 4452 1669 4540 possunt
1717 4475 1919 4531 dicere.
1948 4452 2006 4531 se
2036 4452 2272 4560 Dsentit
2298 4476 2548 4545 princeps
2568 4470 2930 4543 apostolorum
2952 4467 3171 4520 dicens:
3211 4458 3369 4515 Unxit
3400 4472 3515 4511 eum
3546 4452 3693 4505 Dens

430 4564 628 4618 habere
674 4563 1019 4627 charitatem,
1047 4562 1137 4631 qui
1166 4562 1410 4617 dividunt
1457 4562 1777 4619 Trinitatem
1810 4565 1967 4638 [Aug].
1987 4609 2002 4634 ,

429 4655 522 4723 qui
555 4654 799 4708 dividunt
845 4650 1153 4725 unitatem].
1187 4652 1313 4707 llaec
1355 4653 1495 4707 dicta
1539 4662 1682 4719 sunt,
1727 4658 2006 4724 sequentia

430 4746 727 4801 videamus.
766 4749 1043 4803 Perhihnit
1080 4746 1314 4802 Joannes
1343 4748 1708 4802 testimonium
1730 4790 1745 4815 ,
1779 4751 1903 4819 quia
1930 4751 2009 4806 vi-

430 4838 529 4891 dit.
584 4837 751 4903 Quale
811 4840 1177 4894 testimoninm
1229 4839 1536 4907 perhibuit?
1584 4838 1722 4904 Quia
1772 4841 1881 4911 ipse
1932 4851 2009 4896 est

430 4928 607 4985 Filius
639 4928 752 4983 Dei.
786 4928 1079 4999 Oportebat
1106 4948 1234 5002 ergo
1266 4941 1323 4987 ut
1347 4934 1435 4988 ille
1462 4933 1778 5003 haptizaret,
1811 4934 1901 5003 qtti
1929 4945 2012 4991 est

431 5020 601 5076 Filius
639 5020 731 5074 Dei
784 5021 994 5083 unicus,
1034 5038 1138 5077 non
1166 5024 1471 5092 adoptatus.
1502 5024 1752 5094 Atloptati
1783 5025 1875 5079 ﬁlii
1904 5026 2007 5079 mi-

431 5114 585 5168 nistri
614 5122 738 5168 sunt
769 5112 932 5166 unici.
976 5113 1175 5168 Unicus
1213 5114 1376 5169 habet
1400 5124 1740 5185 potestatem,
1773 5117 2008 5187 adaptati

432 5203 811 5258 ministerium.
853 5223 871 5255 ι
916 5203 1008 5256 llis
1037 5204 1219 5258 verbis
1255 5206 1492 5259 ostendit
1539 5208 1816 5276 perspicue
1850 5206 2011 5261 Chri-

433 5299 573 5345 stum
598 5295 813 5349 unicum
841 5309 961 5350 esse
994 5293 1184 5359 ﬁlium,
1216 5308 1315 5348 nos
1336 5309 1463 5349 vero
1506 5295 1809 5365 adoptatus.
1839 5297 2009 5363 Quam

433 5395 563 5435 vero
592 5385 850 5439 unitatem
881 5384 973 5439 ﬁlii
1031 5386 1121 5456 qui
1149 5384 1387 5440 dividere
1434 5387 1641 5453 volunt,
1674 5404 2012 5459 nequaquam

434 5471 754 5528 charitatem
785 5476 986 5530 habere
1008 5476 1279 5541 videntur,
1304 5476 1443 5532 sicut
1482 5478 1584 5531 iste
1614 5479 1873 5548 praifatus
1900 5495 2014 5533 ma-

435 5559 604 5631 gister
633 5570 896 5629 testatur;
928 5566 1021 5620 sed
1071 5566 1125 5619 in
1155 5582 1220 5621 eo
1245 5569 1387 5635 quod
1417 5567 1690 5622 Christum
1742 5568 1932 5624 dividit
1960 5569 2012 5622 in

434 5651 712 5723 proprium
756 5663 812 5709 et
853 5656 1160 5725 adoptivum
1208 5656 1397 5723 ﬁlium,
1435 5658 1671 5726 seipsum
1722 5659 1908 5714 dividit
1946 5659 2013 5713 ab

438 5744 642 5800 unitate
667 5746 945 5803 catholica!
973 5747 1139 5816 pacis.
1175 5747 1304 5801 Item
1334 5750 1419 5801 ulti
1448 5746 1680 5803 Joannes
1707 5751 1769 5804 de
1797 5752 2012 5806 Christo

2112 4570 2315 4641 Spiritu
2362 4577 2542 4623 sancto
2586 4575 2633 4620 et
2684 4564 2886 4618 virtute.
2941 4559 3073 4614 Item
3102 4555 3173 4609 ibi
3221 4554 3275 4607 in
3306 4551 3515 4607 eodem,
3546 4545 3694 4599 Deus

2111 4659 2333 4714 Patrum
2382 4667 2677 4712 nostrorum
2706 4650 3015 4724 glori/icavit
3062 4646 3262 4700 Filium
3293 4657 3445 4697 suum
3476 4637 3691 4700 Jcsum,

2108 4766 2259 4821 quem
2285 4766 2369 4802 vos
2394 4749 2603 4818 quidem
2648 4744 2962 4806 tradidistis,
2999 4748 3045 4794 et
3091 4737 3318 4807 negastis
3349 4742 3468 4786 ante
3496 4729 3691 4798 [aciem

2112 4838 2564 4909 l’ilatijudicante
2585 4835 2675 4889 illo
2696 4833 2887 4888 dimitti
2919 4830 3054 4902 (Act.
3079 4845 3137 4892 Χ,
3164 4825 3274 4890 '58).
3303 4822 3496 4877 Filium
3528 4832 3693 4873 suum

2110 4929 2242 4986 dicit
2263 4945 2366 4983 non
2396 4926 2724 4996 adoptivum,
2753 4923 2845 4978 sed
2875 4918 3124 4976 familiari
3143 4913 3477 4987 pronomine,
3507 4923 3691 4970 suum,

2111 5021 2164 5076 id
2221 5028 2304 5076 est
2353 5018 2649 5089 proprium,
2714 5016 2805 5085 qui
2853 5012 3079 5067 traditus
3114 5017 3198 5063 est
3232 5023 3259 5061 a
3290 5002 3508 5059 Judaeis.
3548 4996 3696 5065 Quid

2111 5127 2239 5166 vero
2294 5111 2358 5165 de
2402 5125 2466 5164 eo
2516 5108 2649 5163 dicit
2703 5105 2895 5160 beatus
2918 5101 3267 5173 Augustinus,
3299 5097 3385 5152 cui
3438 5093 3490 5148 in
3524 5104 3695 5147 cruce

2111 5203 2360 5273 pendenti
2408 5216 2439 5255 a
2484 5197 2683 5255 Judmis
2744 5197 3055 5251 insultatum
3105 5192 3224 5249 est?
3271 5188 3701 5246 Consideremus.

2112 5314 2179 5352 an
2210 5298 2458 5352 eumdem
2502 5310 2689 5350 verum
2720 5293 2812 5347 Dei
2838 5292 3033 5346 Filiqu
3065 5282 3272 5357 credat,
3302 5290 3387 5344 cui
3418 5288 3491 5343 illi
3536 5287 3698 5342 dixe-

2113 5395 2238 5441 runt
2263 5402 2277 5441 :
2312 5385 2483 5439 Filius
2507 5384 2603 5439 Dei
2631 5400 2707 5449 es,
2735 5384 3016 5437 descendas
3039 5382 3260 5435 nuuc‘de
3283 5396 3435 5433 cruce
3466 5376 3691 5446 (Matth.

2114 5491 2284 5541 xxvn,
2309 5477 2421 5543 40).
2458 5494 2476 5527 ι
2515 5478 2692 5541 Quare
2729 5490 2877 5545 ergo,
2912 5474 3105 5543 inquit,
3127 5488 3234 5527 non
3261 5470 3496 5525 ostendit
3522 5468 3701 5524 insul-

2114 5569 2375 5631 tantibus,
2401 5568 2524 5637 quia
2556 5568 2669 5637 ipse
2693 5575 2811 5621 erat
2834 5566 3003 5620 Filius
3026 5565 3138 5628 Dei,
3171 5571 3230 5617 ut
3267 5563 3312 5617 si
3339 5578 3396 5616 se
3430 5562 3703 5630 permise-

2113 5658 2185 5711 rit
2228 5658 2278 5713 in
2318 5673 2479 5712 cruce
2507 5657 2703 5721 levari,
2756 5657 2947 5711 saltem
2995 5671 3115 5710 cum
3165 5654 3243 5709 illi
3294 5653 3594 5708 dixerunt:
3631 5649 3704 5706 Si

2114 5747 2162 5802 F
2166 5749 2286 5805 ilius
2313 5749 2408 5803 Dei
2442 5758 2537 5815 est,
2571 5748 2849 5803 descendat
2874 5749 2937 5803 de
2963 5766 3133 5815 cruce,
3164 5758 3290 5804 tunc
3321 5748 3698 5812 descenderet,
