3964 6186
348 366 435 422 £85
748 320 755 331 δ
987 360 1406 416 DOGMATICA.
1448 392 1518 401 ——
1550 360 1709 415 ADV.
1750 361 2145 416 ELIPANDIEII
2186 362 2362 417 LIBRI
2401 364 2489 419 IV.
2531 397 2599 404 ——
2626 365 2754 420 LIB.
2797 368 2882 423 IV.
3468 367 3536 419 28

345 495 389 535 et
411 478 705 533 ostenderet
743 476 825 530 eis
857 490 1043 529 verum
1072 490 1130 529 se
1158 490 1278 530 esse
1338 474 1536 528 Filium
1576 474 1693 539 Dei,
1741 488 1901 542 quem
1935 482 1975 536 Α
2007 474 2223 535 nobilis.
2273 475 2532 545 dignitate
2583 477 2844 538 sublimis,
2887 476 3047 546 imple
3083 478 3225 545 quod
3260 479 3577 545 promisisti.

344 572 406 625 illi
432 567 538 624 ausi
558 574 685 621 sunt
708 566 972 621 irridere?
996 565 1196 620 Noluit.
1223 565 1399 631 Quare
1423 564 1625 619 noluit?
1653 564 1906 634 Nunquid

342 664 450 732 quia
493 673 599 732 non
646 658 857 729 potuit?
886 657 1066 711 Potuit
1107 656 1285 725 plane.
1331 655 1469 722 Quid
1503 664 1585 710 est
1613 656 1757 709 enim
1787 671 1899 709 ama

342 730 462 824 plius
474 730 541 805 de
556 764 719 805 cruce
741 748 1085 811 descendere,
1103 764 1170 802 an
1194 749 1259 803 de
1287 748 1533 817 sepulcro
1554 750 1836 819 resurgere
1849 751 1899 802 ⁸3»

400 839 530 895 XIX.
566 838 662 892 His
688 837 939 892 omnibus
968 837 1294 907 supradictis
1324 837 1575 892 Patribus
1600 839 1790 893 beatus
1812 838 1908 892 Isi-
1934 872 1937 875 ν

344 932 504 994 dorus,
538 930 722 983 lumen
761 928 1063 997 HiSpanim,
1100 928 1153 981 in
1199 928 1406 982 unitate
1431 943 1677 997 personae
1704 937 1759 983 et
1784 944 1908 997 pro-

342 1029 550 1098 prietate
599 1032 920 1078 naturarum
960 1022 1337 1091 Redemptoris
1380 1023 1550 1077 nostri
1601 1022 1909 1078 consentire

341 1116 634 1188 agnoscitur
655 1126 680 1155 α
712 1129 727 1167 :
766 1133 784 1164 ι
822 1113 1012 1177 Homo,
1042 1114 1231 1183 inquit,
1259 1112 1507 1167 Christus
1527 1111 1701 1179 Jesus,
1726 1129 1911 1183 quam-

343 1209 410 1261 vis
432 1206 575 1260 aliud
623 1205 694 1259 sit
743 1220 811 1258 ex
840 1203 1020 1269 Patre,
1053 1203 1194 1257 aliud
1222 1203 1384 1273 905
1412 1220 1475 1257 ex
1508 1203 1759 1274 Virgine;
1802 1218 1909 1257 non

341 1306 500 1351 tamen
561 1294 699 1349 alius
728 1309 794 1347 ex
845 1293 1028 1357 Patre,
1075 1293 1211 1347 alius
1260 1309 1327 1346 ex
1362 1291 1740 1364 Virginezsed
1796 1293 1909 1361 ipse

341 1396 559 1441 azternus
589 1402 657 1439 ex
687 1385 868 1448 Patre,
922 1384 1036 1454 ipse
1084 1384 1395 1453 temporalis
1446 1399 1509 1437 ex
1541 1392 1733 1438 matre.
1772 1404 1789 1435 ι
1845 1384 1911 1437 Et

341 1474 480 1545 paulo
516 1482 642 1543 post
670 1492 682 1526 :
721 1491 739 1523 ι
783 1471 1004 1526 Manens
1034 1487 1172 1525 unus
1197 1472 1261 1525 de
1288 1480 1546 1540 utroque,
1585 1481 1639 1527 et
1679 1473 1730 1526 in
1762 1481 1911 1526 utra-

342 1583 431 1639 que
465 1576 685 1631 natura,
742 1579 841 1620 nec
888 1572 1203 1619 naturarum
1244 1564 1582 1634 c0pulatioue
1631 1564 1907 1628 confusus,

342 1676 427 1715 uec
446 1667 767 1713 naturarum
791 1655 1136 1710 distinctione
1165 1656 1490 1724 geminatus.
1533 1675 1550 1707 ι
1587 1654 1767 1722 Quare
1815 1670 1910 1709 vos

340 1759 511 1805 contra
541 1748 733 1817 optimi
762 1746 996 1802 doctoris
1027 1746 1193 1801 vestri
1222 1745 1616 1801 confessionem
1668 1746 1910 1815 gemina-

341 1840 402 1896 tis
424 1839 697 1894 Christum
738 1838 793 1892 in
832 1853 1022 1892 verum
1052 1845 1106 1891 et
1140 1853 1247 1891 non
1293 1852 1479 1891 verum
1523 1836 1718 1891 Filium
1771 1836 1909 1891 Dei?
1942 1826 1984 1884 Β

342 1928 477 1985 Sicut
506 1929 578 1984 de
598 1944 729 1983 vero
753 1927 890 1982 Filio
926 1942 1035 1981 non
1064 1934 1243 1997 potest
1278 1926 1384 1981 dici
1414 1927 1721 1997 adoptivus,
1756 1926 1828 1980 ita
1856 1934 1911 1980 et

341 2023 398 2077 de
417 2024 673 2094 adoptivo
700 2038 808 2078 non
836 2030 1015 2092 potest
1043 2021 1148 2077 dici
1174 2037 1335 2077 verus
1363 2021 1505 2077 filius
1534 2022 1582 2074 δ.
1614 2022 1680 2076 Ει
1700 2038 1768 2077 ex
1807 2023 1912 2077 hac

342 2115 757 2183 reciprocatione
806 2114 1113 2168 necessario
1162 2113 1385 2183 intelligi
1411 2113 1588 2178 datur,
1624 2114 1758 2170 duas
1792 2128 1914 2170 esse

342 2222 610 2277 personas,
636 2207 916 2277 proprium
936 2214 992 2260 et
1017 2206 1327 2276 adoptivum
1361 2206 1553 2261 tilium.
1890 2216 1897 2223 °

404 2294 518 2350 XX.
573 2296 686 2360 Eia,
740 2296 986 2365 Elipante
1010 2296 1095 2350 vir
1125 2303 1401 2351 senectute
1437 2295 1639 2365 gravis,
1671 2296 1913 2351 moribus

401 2441 505 2514 3S.
540 2441 800 2514 Isidorus,
837 2442 961 2514 libr.
994 2460 1007 2496 ι
1043 2443 1288 2497 Sentent.
1322 2460 1440 2514 cap.
1473 2444 1559 2498 16.

402 2510 427 2549 δ
449 2511 530 2565 Ita
562 2527 747 2566 veram
790 2512 1076 2567 lectionem
1106 2510 1443 2569 restituimns
1481 2529 1548 2568 ex
1585 2514 1718 2572 Cod.
1749 2516 1907 2571 Pari-

341 2581 515 2637 siensi.
538 2581 599 2636 In
626 2582 787 2637 editis
825 2582 970 2637 enim
1000 2583 1075 2637 ita
1106 2585 1364 2640 mendose
1397 2584 1713 2654 legebatur:
1760 2586 1911 2642 Sicut

2006 565 2092 618 fac
2130 573 2190 618 ut
2229 565 2432 620 dixisti.
2475 565 2639 621 Decet
2667 567 2823 636 plane
2855 576 2999 621 tuam
3046 583 3309 621 annosam
3351 569 3583 637 pruden—

2008 656 2148 710 tianr
2164 657 2458 711 veridicam
2488 672 2626 711 esse.
2668 658 2864 714 Recole
2899 668 2948 713 te
2988 658 3163 727 ipsum
3195 658 3301 712 tuis
3353 659 3587 712 constri-

2007 755 2152 801 ctum
2174 762 2293 801 esse
2314 747 2532 812 verbis;
2564 748 2607 801 si
2640 748 2832 802 horum
2859 748 2974 813 tibi,
3000 763 3137 816 quos
3165 748 3582 812 nominavimus,

2007 837 2225 892 Patrum
2255 839 2567 892 testimonia
2592 837 2889 907 proferrem
2922 838 2987 891 de
3017 839 3245 893 veritate
3269 838 3324 892 in
3345 837 3582 902 Christo,

2010 932 2062 983 in
2091 930 2285 995 nostri,
2315 947 2422 985 non
2452 940 2511 983 ut
2552 930 2688 985 dicis
2727 931 2930 984 erroris
2977 939 3204 995 sectam,
3251 930 3347 985 sed
3395 939 3456 984 ut
3487 946 3586 987 nos

2010 1022 2312 1077 certissime
2358 1022 2581 1087 scimus,
2623 1031 2679 1076 et
2708 1023 2994 1077 verissime
3038 1025 3350 1093 probamus,
3401 1023 3588 1076 catho~

2010 1113 2126 1166 liene
2155 1112 2279 1166 fidei
2313 1113 2595 1167 veritatem
2632 1122 2682 1167 te
2726 1114 2958 1167 transire
2995 1114 3149 1167 velle.
3194 1113 3339 1179 Quos
3372 1120 3427 1166 tu
3475 1111 3580 1166 ele-

2010 1203 2133 1274 gisti
2182 1210 2368 1267 testes,
2416 1204 2608 1257 horum
2655 1203 2751 1256 tibi
2804 1203 3059 1272 proposui
3112 1203 3476 1266 abundanter,
3529 1210 3590 1256 ut

2011 1311 2154 1360 reor,
2211 1306 2599 1350 consentaneas
2662 1296 2715 1348 in
2783 1296 2885 1349 tlde
2943 1294 3208 1349 catholica
3267 1294 3585 1348 sententias.

2009 1388 2131 1442 Noli
2159 1387 2226 1442 ab
2252 1402 2440 1441 eorum
2470 1388 2726 1440 recedere
2753 1387 2978 1449 unitate,
3011 1386 3062 1438 in
3091 1400 3321 1453 quorum
3354 1384 3446 1436 tibi
3473 1384 3589 1452 pla-

2011 1482 2122 1536 cuit
2164 1480 2506 1535 auetoritate.
2561 1477 2907 1532 Proferamus
2959 1484 3013 1530 et
3064 1478 3180 1538 tibi,
3222 1475 3489 1544 quamvis,
3532 1483 3590 1527 ut

2014 1571 2195 1633 timeo,
2223 1570 2433 1638 ingrato
2458 1568 2711 1632 auditori,
2746 1567 2921 1620 adhuc
2942 1575 2996 1619 et
3020 1566 3246 1619 aliorum
3275 1565 3453 1632 magni
3495 1578 3592 1617 no-

2012 1659 2175 1713 minis
2218 1658 2503 1714 doctorum
2550 1658 2936 1728 acceptabilem
2989 1656 3283 1710 universali
3336 1654 3592 1709 Ecclesia:

2013 1752 2066 1809 in
2109 1762 2297 1809 sancta
2345 1753 2450 1807 fide
2503 1751 3239 1821 confcssionem:qnatenus
3271 1747 3351 1802 vel
3401 1748 3593 1801 erube-

2016 1862 2193 1912 scens,
2222 1854 2274 1901 te
2306 1846 2478 1902 solum
2497 1845 2598 1901 his
2630 1845 2883 1899 omnibus
2907 1859 3026 1899 esse
3055 1841 3410 1905 contrarium,
3444 1848 3591 1893 tuam

2017 1940 2259 2008 corrigas
2291 1938 2611 1994 sententiam
2640 1954 2653 2002 ;
2688 1937 2793 2000 vel,
2832 1935 2976 2005 quod
3005 1934 3171 1999 absit,
3205 1933 3249 1988 si
3276 1945 3594 2001 permaneas

2017 2031 2072 2085 in
2098 2030 2494 2094 incredulitate,
2530 2030 2598 2083 ab
2636 2028 2721 2082 his
2748 2027 3000 2082 omnibus
3042 2023 3335 2095 apostolico
3379 2021 3595 2077 feriaris

2018 2138 2295 2177 mucrone.
2348 2120 2454 2176 Sed
2482 2121 2584 2175 hoc
2620 2120 2687 2173 ab
2715 2118 2937 2173 alterius
2968 2117 3236 2173 sermonis
3262 2113 3487 2169 exordio
3511 2113 3596 2166 in-

2018 2212 2325 2282 cipiendum
2348 2226 2468 2266 esse
2494 2218 2671 2264 ratum
2694 2209 2949 2263 arbitror.

2020 2459 2087 2510 de
2128 2460 2274 2504 utero
2303 2448 2447 2519 ﬁlius
2489 2464 2593 2501 non
2622 2444 2951 2519 ipotestidici
2987 2443 3258 2519 adoptiuus
3279 2458 3298 2506 ;
3325 2440 3399 2493 ita
3447 2447 3493 2494 et
3533 2437 3598 2490 de

2016 2522 2184 2592 optivo
2211 2512 2314 2574 non
2342 2528 2501 2591 potest
2523 2512 2921 2586 dici'adoptivus
2944 2512 3095 2568 verus
3115 2512 3277 2579 (ﬂius.

747 2816 980 2876 LIBER
1024 2815 1444 2889 SECUNDUS,
1488 2815 1626 2890 QUI
1667 2818 1769 2877 ET
1813 2816 2181 2890 QUARTUS
2224 2815 2640 2878 ADVERSUS
2682 2815 3173 2877 ELIPANDUM.

398 3047 435 3104 I.
459 3046 722 3114 Quamvis
746 3045 961 3102 diverso
986 3047 1145 3102 modo
1160 3048 1264 3103 viri
1286 3047 1494 3117 injusti,
1529 3049 1621 3117 qui
1647 3048 1716 3103 ab
1741 3047 1916 3104 eccle-

339 3140 550 3194 siastica
584 3145 928 3192 recesserunt
948 3151 1100 3205 pace,
1130 3152 1344 3193 errasse
1386 3147 1699 3203 noscantur,
1728 3146 1909 3193 tamen

339 3244 397 3283 ex
440 3244 554 3283 uno
595 3228 845 3296 superba:
894 3226 1142 3281 elationis
1191 3226 1340 3281 fonte
1389 3242 1524 3297 pene
1577 3227 1914 3282 diversarum

337 3315 478 3385 origo
506 3324 784 3370 sectarum
812 3313 1091 3379 ebullivit;
1123 3314 1251 3368 dum
1284 3313 1512 3382 quisque
1542 3313 1752 3368 illorum
1783 3329 1913 3383 pro-

338 3405 459 3475 pria:
505 3405 685 3475 magis
732 3403 900 3459 voluit
944 3419 1063 3458 esse
1103 3402 1358 3459 defensor
1402 3405 1704 3469 sentcntiae,
1751 3420 1914 3474 quam

338 3496 579 3550 veritatis
634 3503 904 3561 sectator;
954 3501 1010 3550 et
1059 3497 1200 3549 unde
1241 3510 1340 3550 suo
1386 3497 1591 3551 nomini
1635 3498 1915 3566 satagebat

338 3584 562 3653 gloriam
624 3586 930 3655 acquirere,
989 3585 1116 3641 inde
1165 3586 1608 3655 reprehensibilis
1659 3587 1915 3657 justeque

337 3676 584 3731 omnibus
624 3675 846 3729 odiosus
879 3673 1103 3730 effectus
1130 3682 1232 3730 est.
1276 3674 1453 3730 Cardo
1478 3677 1621 3731 enim
1647 3679 1915 3747 pessimus

336 3774 385 3820 et
408 3769 563 3838 origo
592 3766 883 3833 malorum,
908 3782 1027 3836 qua:
1068 3781 1137 3820 ex
1170 3782 1289 3822 sese
1315 3775 1637 3823 cunctarum
1663 3769 1913 3838 impieta-

338 3866 441 3910 tum
482 3858 805 3913 occasiones
849 3860 1077 3928 peperit,
1121 3860 1237 3915 hac
1263 3868 1379 3927 .est,
1433 3860 1563 3916 dum
1616 3861 1916 3917 caelestium

335 3948 615 4005 doctorum
654 3951 938 4020 sapientia,
981 3952 1116 4007 vitio
1153 3953 1295 4008 male
1322 3952 1754 4024 intelligentium,
1786 3969 1917 4022 pro-

336 4040 565 4095 raritate
593 4048 880 4106 temerata,
931 4056 1037 4095 non
1090 4042 1388 4097 secundum
1418 4043 1502 4098 sui
1554 4058 1746 4098 sensus
1790 4059 1918 4113 pro-

335 4128 619 4194 prietateni
673 4130 1042 4199 perpenditur,
1097 4133 1190 4187 sed
1243 4132 1297 4187 in
1350 4132 1553 4188 alienos
1597 4149 1786 4189 sensus
1818 4150 1917 4204 pro

335 4220 560 4274 arbitrio
585 4228 642 4274 ct
666 4221 947 4287 voluntate
973 4223 1222 4292 legentis,
1267 4240 1426 4280 secus
1462 4241 1624 4294 quam
1672 4227 1917 4282 veritatis

334 4310 473 4366 ratio
496 4311 681 4375 habet,
712 4311 1009 4366 derivatur.
1038 4313 1105 4367 Et
1133 4314 1238 4368 hoc
1260 4328 1328 4368 ex
1352 4315 1594 4369 omnium
1625 4315 1915 4371 haeretico-

335 4415 449 4454 rum
493 4402 821 4456 commentis
864 4404 1082 4473 cuique,
1138 4412 1354 4460 sanctas
1405 4406 1541 4460 bene
1590 4406 1915 4475 intelligenti

333 4491 663 4563 Scripturas,
714 4495 1117 4564 deprehendere
1160 4497 1415 4565 perfacile
1465 4507 1570 4563 est,
1613 4500 1755 4567 quod
1800 4514 1909 4553 non

329 4584 504 4637 solum
538 4584 828 4653 impiorum
854 4586 1199 4655 perversitas,
1250 4588 1576 4656 spiritalium
1620 4588 1908 4644 doctorum

329 4672 627 4729 catholicas
686 4675 744 4728 in
800 4673 1098 4746 Scripturis
1162 4678 1364 4733 sanctis
1436 4680 1910 4749 interpretationes

329 4760 469 4815 male
518 4762 920 4829 iutcllexerunt,
962 4781 1149 4820 verum
1189 4768 1353 4821 etiam
1401 4768 1563 4837 impia
1608 4769 1911 4824 temeritate

327 4850 409 4903 vel
452 4867 623 4921 prava
651 4853 895 4909 caecitate
925 4855 1229 4910 divinorum
1260 4857 1520 4912 librorum
1570 4859 1910 4914 sanctissima

330 4943 495 4998 verba
538 4944 607 4998 ad
638 4943 723 5000 sui
749 4946 953 5001 erroris
989 4947 1396 5002 similitudinem
1430 4949 1645 5004 trahere
1670 4964 1776 5004 non
1802 4949 1913 5004 for—

328 5034 695 5104 midavernnt,
749 5044 805 5092 et
844 5038 1025 5094 adhuc
1054 5038 1418 5095 infelicissime
1457 5041 1524 5096 de
1567 5055 1633 5095 eo
1677 5042 1912 5097 maxime

327 5132 675 5189 erraverunt,
724 5125 779 5180 id
817 5135 920 5191 est,
958 5127 1026 5213 de
1049 5127 1279 5184 Domino
1306 5137 1492 5183 nostro
1519 5128 1645 5185 Jesu
1672 5131 1909 5197 Christo,

328 5209 380 5263 in
406 5224 523 5280 quo
545 5212 662 5267 solo
690 5209 1025 5285 singulorum
1055 5217 1202 5272 salus
1237 5226 1293 5272 et
1327 5218 1435 5272 vita
1469 5220 1736 5284 consistit,
1773 5221 1913 5276 sicut

326 5302 524 5358 beatus
563 5303 761 5387 Petrus
803 5307 1055 5378 princeps
1109 5307 1487 5379 Apostolorum
1535 5318 1783 5378 testatur,
1832 5312 1914 5368 di-

321 5406 460 5448 cens
484 5407 503 5446 :
534 5392 648 5450 Nec
675 5393 822 5450 aliud
851 5413 1041 5452 nomen
1063 5398 1245 5454 datum
1282 5410 1358 5455 est
1382 5402 1477 5456 sub
1518 5401 1667 5468 caelo,
1715 5404 1768 5458 in
1810 5420 1911 5475 quo

323 5491 569 5549 oporteat
592 5500 686 5539 nos
714 5484 885 5541 salvos
911 5486 1050 5555 ﬁeri.
1084 5488 1221 5561 (Act.
1254 5508 1327 5557 tv,
1356 5490 1453 5563 {2)

393 5568 463 5625 Il.
492 5569 626 5637 Quid
655 5575 1020 5632 miserabilius
1043 5586 1145 5645 est,
1178 5595 1338 5651 quam
1368 5581 1419 5636 id
1441 5583 1581 5653 quod
1595 5584 1663 5639 ad
1683 5585 1911 5641 salutem

321 5662 585 5719 nantibus
606 5665 791 5721 datum
817 5675 923 5735 est,
948 5670 1016 5725 ad
1042 5674 1336 5741 perniciem
1360 5684 1632 5747 perpetua:
1653 5678 1912 5747 perditio-

329 5752 414 5805 nis
468 5768 564 5806 sua
600 5755 879 5812 voluntate
920 5758 1211 5829 quemlibet
1257 5764 1356 5819 sibi
1402 5766 1502 5834 ipsi
1552 5768 1913 5824 convertere?

2018 3046 2173 3113 Quod
2213 3061 2381 3117 genus
2411 3044 2705 3115 impietatis
2736 3053 2793 3098 et
2819 3046 3050 3099 miserize
3090 3045 3133 3097 si
3167 3045 3386 3113 provida
3418 3054 3599 3100 mente

1939 3119 1986 3180 C
2017 3135 2099 3189 vel
2140 3135 2328 3189 humili
2360 3136 2726 3206 indagatione,
2761 3152 2795 3189 ο
2834 3130 2996 3190 Pater
3041 3135 3308 3203 Elipante,
3347 3134 3597 3190 conside—

2016 3241 2140 3280 rare
2169 3240 2410 3290 curares,
2446 3240 2717 3294 nunquam
2764 3227 2816 3280 in
2850 3227 3007 3296 hujus
3042 3228 3248 3281 erroris
3290 3225 3500 3283 foveam
3532 3229 3601 3282 ab

2014 3316 2219 3370 unitate
2249 3315 2528 3370 catholica:
2557 3315 2706 3384 pacis
2731 3316 2987 3370 recedens
3026 3318 3345 3371 corruisses.
3379 3318 3479 3373 Uti
3524 3318 3602 3372 la-

2015 3408 2137 3474 tuit,
2168 3408 2257 3461 ubi
2288 3407 2548 3461 dormivit
2577 3408 2679 3462 hoc
2712 3422 2906 3462 nomen
2943 3408 3246 3476 adoptionis
3274 3410 3357 3464 vel
3388 3424 3598 3464 nuncu—

2012 3496 2247 3565 pationis
2270 3495 2335 3550 de
2358 3494 2598 3560 Christo,
2626 3511 2748 3550 cum
2776 3497 2829 3549 in
2861 3496 3038 3551 Nicaea
3069 3497 3290 3552 civitate
3314 3499 3447 3554 tides
3471 3514 3601 3554 con-

2015 3589 2229 3641 firmata
2273 3592 2356 3641 est
2400 3586 2671 3641 catholica
2706 3600 2802 3654 per
2843 3594 3116 3642 trecentos
3161 3588 3345 3642 decem
3375 3598 3428 3643 et
3478 3596 3603 3644 octo

2015 3677 2314 3747 episcopos,
2362 3691 2551 3731 omnes
2590 3677 2782 3746 impias
2819 3685 2996 3732 sectas
3041 3677 3353 3743 excludens,
3394 3678 3599 3747 Spiritu

2016 3784 2204 3830 sancto
2231 3774 2285 3827 in
2311 3772 2566 3829 cordibus
2592 3772 2809 3826 illorum
2834 3772 3126 3841 loquente?
3150 3772 3314 3826 Forte
3337 3773 3443 3827 tuis
3462 3781 3599 3826 tem-

2014 3866 2235 3935 poribus
2287 3852 2401 3918 hzec
2423 3863 2590 3932 gloria
2614 3863 2778 3933 908
2808 3878 2959 3917 nova:
2980 3864 3240 3917 doctrinze
3264 3870 3474 3916 servata
3496 3873 3582 3916 est

2015 3962 2075 4009 ut
2106 3953 2307 4023 aliquid
2335 3951 2457 4006 novi
2492 3951 2781 4014 invenires,
2814 3966 2920 4019 quo
2966 3958 3116 4003 tuum
3159 3965 3353 4003 nomen
3399 3951 3585 4005 exalta-

2019 4062 2106 4102 res
2133 4046 2186 4099 in
2213 4044 2363 4097 orbe.
2396 4041 2536 4096 Ecce
2572 4040 2775 4095 factum
2812 4048 2915 4105 est,
2943 4040 3171 4093 celebris
3210 4047 3294 4093 est
3319 4039 3474 4093 valde
3504 4056 3574 4095 ne
3596 4071 3605 4080 ο
3630 4074 3633 4079 ι

2017 4137 2177 4190 minis
2200 4134 2275 4189 tui
2303 4133 2513 4196 notitia,
2544 4130 2639 4185 sed
2666 4146 2772 4184 non
2798 4145 2920 4183 cum
2950 4129 3233 4183 charitatis
3261 4128 3467 4200 [Fortc,
3493 4130 3601 4185 cla-

2018 4224 2218 4297 ritatis]
2252 4224 2427 4289 laude,
2467 4222 2561 4277 sed
2599 4238 2720 4277 cum
2750 4221 3137 4277 exsecrationis
3173 4222 3470 4291 despectu;
3499 4238 3599 4277 nec

2016 4330 2138 4371 cum
2168 4330 2231 4369 ea
2261 4314 2637 4369 benedictione
2678 4329 2781 4381 qua
2834 4312 3092 4367 Salomon
3127 4312 3237 4366 ait:
3266 4311 3471 4366 Nomen
3509 4312 3605 4380 ju-

2016 4416 2217 4460 storum
2254 4406 2586 4460 benedicatur
2625 4403 2807 4477 (Prov.
2842 4423 2897 4471 χ,
2945 4404 3017 4476 7).
3062 4404 3204 4460 Cave
3244 4405 3387 4474 quod
3423 4404 3604 4472 sequi-

1943 4479 1990 4537 ί)
2018 4506 2125 4563 tur,
2160 4511 2227 4552 ne
2253 4499 2426 4569 magis
2455 4508 2549 4554 tuo
2577 4498 2781 4553 nomini
2812 4498 2986 4567 aptari
3018 4498 3225 4566 possit:
3259 4495 3464 4549 Nomen
3505 4511 3601 4547 au-

2019 4595 2141 4652 tem,
2187 4587 2381 4659 inquit,
2427 4590 2708 4660 impiorum
2743 4589 3009 4658 putrescit.
3065 4588 3304 4640 Fuerunt
3348 4586 3509 4641 etiam
3548 4594 3604 4641 et

2019 4677 2201 4733 multae
2241 4686 2363 4747 post
2404 4677 2563 4746 hujus
2608 4677 2809 4732 Nic-aeni
2851 4677 3232 4731 auctoritatem
3265 4676 3479 4731 concilii
3509 4692 3595 4746 sy-

2006 4769 2240 4825 .nodales
2277 4771 2743 4839 congregationes,
2790 4784 2888 4837 per
2926 4768 3166 4823 diversas
3199 4769 3383 4838 mundi
3418 4777 3603 4838 partes

2020 4860 2386 4928 imperialibus
2433 4860 2851 4915 Christianorum
2891 4861 3192 4930 principum
3230 4862 3423 4918 edictis
3471 4879 3603 4919 con-

2020 4958 2246 5013 vocatas,
2289 4957 2447 5018 prout
2494 4964 2652 5004 causa
2692 4950 2778 5005 vel
2847 4949 3089 5007 defensio
3141 4954 3421 5009 catholica:
3477 4954 3600 5011 fidei

2021 5049 2208 5093 contra
2261 5041 2542 5097 haereticas
2585 5042 2889 5112 impietates
2941 5043 3254 5116 ﬂagitabat:
3306 5046 3358 5099 in
3403 5047 3602 5115 quibus

2020 5130 2184 5183 etiam
2223 5131 2355 5188 nihil
2388 5132 2492 5187 tale
2521 5149 2755 5203 unquam
2787 5136 3030 5192 auditum
3066 5146 3168 5202 est,
3200 5136 3279 5191 vel
3310 5137 3505 5193 litteris
3536 5139 3601 5193 de

2020 5219 2236 5277 Christo
2287 5223 2597 5279 mandatum
2649 5226 2947 5290 invenitur,
2988 5226 3146 5295 quale
3194 5236 3375 5282 vestra
3428 5243 3603 5298 nuper

2021 5312 2304 5381 sagacitas,
2335 5312 2420 5368 vel
2468 5316 2638 5385 magis
2679 5316 2984 5386 procacitas
3014 5324 3233 5386 repente
3263 5317 3482 5372 auribus
3517 5318 3602 5372 in-

2022 5400 2140 5455 tulit
2187 5401 2526 5460 Christianis.
2564 5405 2693 5472 Quae
2730 5416 2813 5462 est
2862 5407 3076 5461 insolita
3112 5416 3165 5462 et
3210 5408 3358 5463 omni
3391 5408 3602 5464 ratione

2020 5498 2280 5548 extranea
2327 5494 2492 5549 elatio
2530 5497 2724 5551 mentis
2764 5508 2889 5563 tuas,
2930 5506 2989 5552 ut
3027 5499 3124 5554 tibi
3171 5499 3269 5555 soli
3313 5517 3436 5558 cum
3489 5502 3599 5557 tuis

2021 5582 2209 5649 paucis
2254 5584 2717 5651 mussitatoribus,
2763 5602 2870 5642 non
2907 5587 3238 5657 doctoribus,
3280 5590 3599 5647 universalis

2023 5673 2278 5729 Ecclesia:
2304 5674 2436 5730 fides
2471 5692 2578 5731 non
2624 5677 2835 5747 placeat
2859 5697 2874 5747 ;
2898 5690 2954 5737 et
2990 5683 3241 5740 omnibus
3276 5685 3472 5753 ubique
3494 5699 3595 5735 una

2024 5785 2156 5825 voce
2188 5770 2543 5829 clamantibus
2586 5773 2861 5832 Christum
2905 5777 3070 5833 Deum
3094 5793 3279 5834 verum
3326 5788 3377 5830 et
3410 5789 3598 5829 verum
