  <div class='ocr_page' id='page_1' title='image "/cluster/home/n/w/nwhite01/storage/ocr_20150623/101/hvd.32044054759683/149.png"; bbox 0 0 3964 6186; ppageno 0'>
   <div class='ocr_carea' id='block_1_1' title="bbox 314 379 414 433">
    <p class='ocr_par' dir='ltr' id='par_1_1' title="bbox 314 379 414 433">
     <span class='ocr_line' id='line_1_1' title="bbox 314 379 414 433; baseline -0.03 0"><span class='ocrx_word' id='word_1_1' title='bbox 314 379 414 433; x_wconf 76' lang='lat'><strong>9.87</strong></span> 
     </span>
    </p>
   </div>
   <div class='ocr_carea' id='block_1_2' title="bbox 1130 371 3563 433">
    <p class='ocr_par' dir='ltr' id='par_1_2' title="bbox 1130 371 3563 433">
     <span class='ocr_line' id='line_1_2' title="bbox 1130 371 3563 433; baseline 0.001 -2"><span class='ocrx_word' id='word_1_2' title='bbox 1130 378 1190 431; x_wconf 92' lang='lat' dir='ltr'><strong>B.</strong></span> <span class='ocrx_word' id='word_1_3' title='bbox 1232 376 1292 432; x_wconf 82' lang='lat' dir='ltr'><strong>F.</strong></span> <span class='ocrx_word' id='word_1_4' title='bbox 1329 374 1555 431; x_wconf 82' lang='lat' dir='ltr'><strong>ALBlNl</strong></span> <span class='ocrx_word' id='word_1_5' title='bbox 1594 374 1723 429; x_wconf 82' lang='lat' dir='ltr'><strong>SEU</strong></span> <span class='ocrx_word' id='word_1_6' title='bbox 1760 372 2032 429; x_wconf 67' lang='lat' dir='ltr'><strong>ALCUINI</strong></span> <span class='ocrx_word' id='word_1_7' title='bbox 2081 371 2359 427; x_wconf 74' lang='lat' dir='ltr'><strong>OPERUM</strong></span> <span class='ocrx_word' id='word_1_8' title='bbox 2396 371 2574 427; x_wconf 69' lang='lat' dir='ltr'><strong>PARS</strong></span> <span class='ocrx_word' id='word_1_9' title='bbox 2608 373 2697 427; x_wconf 56' lang='lat' dir='ltr'><strong>ibt.</strong></span> <span class='ocrx_word' id='word_1_10' title='bbox 3459 379 3563 433; x_wconf 69' lang='lat'><strong>288</strong></span> 
     </span>
    </p>
   </div>
   <div class='ocr_carea' id='block_1_3' title="bbox 314 483 3564 553">
    <p class='ocr_par' dir='ltr' id='par_1_3' title="bbox 314 483 3564 553">
     <span class='ocr_line' id='line_1_3' title="bbox 314 483 3564 553; baseline 0.002 -10"><span class='ocrx_word' id='word_1_11' title='bbox 314 489 407 543; x_wconf 86' lang='lat' dir='ltr'><strong>Dei</strong></span> <span class='ocrx_word' id='word_1_12' title='bbox 442 488 655 553; x_wconf 86' lang='lat' dir='ltr'><strong>Filium,</strong></span> <span class='ocrx_word' id='word_1_13' title='bbox 693 497 749 542; x_wconf 81' lang='lat' dir='ltr'><strong>tu</strong></span> <span class='ocrx_word' id='word_1_14' title='bbox 782 487 925 543; x_wconf 81' lang='lat' dir='ltr'><strong>solus</strong></span> <span class='ocrx_word' id='word_1_15' title='bbox 971 503 1094 541; x_wconf 91' lang='lat' dir='ltr'><strong>cum</strong></span> <span class='ocrx_word' id='word_1_16' title='bbox 1124 487 1323 543; x_wconf 62' lang='lat' dir='ltr'><strong>Judaeis</strong></span> <span class='ocrx_word' id='word_1_17' title='bbox 1370 487 1669 542; x_wconf 78' lang='lat' dir='ltr'><strong>reclamans</strong></span> <span class='ocrx_word' id='word_1_18' title='bbox 1714 485 1846 538; x_wconf 85' lang='lat' dir='ltr'><strong>dicis</strong></span> <span class='ocrx_word' id='word_1_19' title='bbox 1874 503 1884 536; x_wconf 92' lang='lat'>:</span> <span class='ocrx_word' id='word_1_20' title='bbox 1908 486 1964 547; x_wconf 76' lang='grc' dir='ltr'>Ἀ</span> <span class='ocrx_word' id='word_1_21' title='bbox 1993 499 2097 537; x_wconf 90' lang='lat' dir='ltr'><strong>non</strong></span> <span class='ocrx_word' id='word_1_22' title='bbox 2121 492 2177 537; x_wconf 92' lang='lat' dir='ltr'><strong>ut</strong></span> <span class='ocrx_word' id='word_1_23' title='bbox 2204 483 2428 539; x_wconf 60' lang='lat' dir='ltr'><strong>eieteros</strong></span> <span class='ocrx_word' id='word_1_24' title='bbox 2458 486 2694 553; x_wconf 93' lang='lat' dir='ltr'><strong>adoptio,</strong></span> <span class='ocrx_word' id='word_1_25' title='bbox 2734 487 2826 540; x_wconf 87' lang='lat' dir='ltr'><strong>sed</strong></span> <span class='ocrx_word' id='word_1_26' title='bbox 2863 496 3056 541; x_wconf 88' lang='lat' dir='ltr'><strong>natura</strong></span> <span class='ocrx_word' id='word_1_27' title='bbox 3086 490 3234 543; x_wconf 92' lang='lat' dir='ltr'><strong>illum</strong></span> <span class='ocrx_word' id='word_1_28' title='bbox 3263 492 3564 552; x_wconf 84' lang='lat' dir='ltr'><strong>divinitatis</strong></span> 
     </span>
    </p>
   </div>
   <div class='ocr_carea' id='block_1_4' title="bbox 313 574 3567 648">
    <p class='ocr_par' dir='ltr' id='par_1_4' title="bbox 313 574 3567 648">
     <span class='ocr_line' id='line_1_4' title="bbox 313 574 3567 648; baseline 0.003 -15"><span class='ocrx_word' id='word_1_29' title='bbox 313 578 517 648; x_wconf 80' lang='lat' dir='ltr'><strong>Dignus</strong></span> <span class='ocrx_word' id='word_1_30' title='bbox 565 588 639 633; x_wconf 81' lang='lat' dir='ltr'><strong>est</strong></span> <span class='ocrx_word' id='word_1_31' title='bbox 680 579 833 642; x_wconf 82' lang='lat' dir='ltr'><strong>mori,</strong></span> <span class='ocrx_word' id='word_1_32' title='bbox 864 579 986 648; x_wconf 83' lang='lat' dir='ltr'><strong>quia</strong></span> <span class='ocrx_word' id='word_1_33' title='bbox 1019 576 1215 631; x_wconf 82' lang='lat' dir='ltr'><strong>Filium</strong></span> <span class='ocrx_word' id='word_1_34' title='bbox 1262 579 1357 631; x_wconf 79' lang='lat' dir='ltr'><strong>Dei</strong></span> <span class='ocrx_word' id='word_1_35' title='bbox 1402 596 1455 631; x_wconf 84' lang='lat' dir='ltr'><strong>se</strong></span> <span class='ocrx_word' id='word_1_36' title='bbox 1504 577 1625 645; x_wconf 77' lang='lat' dir='ltr'><strong>[erit</strong></span> <span class='ocrx_word' id='word_1_37' title='bbox 1674 576 1886 648; x_wconf 73' lang='lat' dir='ltr'><strong>(Matth.</strong></span> <span class='ocrx_word' id='word_1_38' title='bbox 1989 575 2210 628; x_wconf 74' lang='lat' dir='ltr'><strong>exaltat.</strong></span> <span class='ocrx_word' id='word_1_39' title='bbox 2246 598 2264 627; x_wconf 72' lang='grc' dir='ltr'><strong><em>ι</em></strong></span> <span class='ocrx_word' id='word_1_40' title='bbox 2320 574 2416 630; x_wconf 84' lang='lat' dir='ltr'><strong>Hic</strong></span> <span class='ocrx_word' id='word_1_41' title='bbox 2466 578 2694 646; x_wconf 88' lang='lat' dir='ltr'><strong>denique</strong></span> <span class='ocrx_word' id='word_1_42' title='bbox 2746 578 2950 647; x_wconf 87' lang='lat' dir='ltr'><strong>absque</strong></span> <span class='ocrx_word' id='word_1_43' title='bbox 3004 582 3164 636; x_wconf 78' lang='lat' dir='ltr'><strong>dul-io</strong></span> <span class='ocrx_word' id='word_1_44' title='bbox 3211 584 3294 637; x_wconf 91' lang='lat' dir='ltr'><strong>vir</strong></span> <span class='ocrx_word' id='word_1_45' title='bbox 3348 596 3567 642; x_wconf 86' lang='lat' dir='ltr'><strong>sanctus</strong></span> 
     </span>
    </p>
   </div>
   <div class='ocr_carea' id='block_1_5' title="bbox 312 664 3561 744">
    <p class='ocr_par' dir='ltr' id='par_1_5' title="bbox 312 664 3561 744">
     <span class='ocr_line' id='line_1_5' title="bbox 312 664 3561 744; baseline 0.002 -20"><span class='ocrx_word' id='word_1_46' title='bbox 312 686 465 735; x_wconf 73' lang='lat' dir='ltr'><strong>xxvi,</strong></span> <span class='ocrx_word' id='word_1_47' title='bbox 495 670 584 735; x_wconf 64' lang='lat'><strong>64,</strong></span> <span class='ocrx_word' id='word_1_48' title='bbox 614 670 701 742; x_wconf 81' lang='grc'><strong>66)</strong></span> <span class='ocrx_word' id='word_1_49' title='bbox 729 688 741 722; x_wconf 89' lang='lat'><strong>:</strong></span> <span class='ocrx_word' id='word_1_50' title='bbox 775 685 965 739; x_wconf 85' lang='lat' dir='ltr'><strong>meque</strong></span> <span class='ocrx_word' id='word_1_51' title='bbox 1009 669 1280 723; x_wconf 76' lang='lat' dir='ltr'><strong>servulum</strong></span> <span class='ocrx_word' id='word_1_52' title='bbox 1311 668 1452 722; x_wconf 91' lang='lat' dir='ltr'><strong>illius</strong></span> <span class='ocrx_word' id='word_1_53' title='bbox 1504 667 1889 721; x_wconf 89' lang='lat' dir='ltr'><strong>maledictioni-</strong></span> <span class='ocrx_word' id='word_1_54' title='bbox 1989 664 2202 735; x_wconf 83' lang='lat' dir='ltr'><strong>Deoque</strong></span> <span class='ocrx_word' id='word_1_55' title='bbox 2222 667 2408 735; x_wconf 88' lang='lat' dir='ltr'><strong>plenus</strong></span> <span class='ocrx_word' id='word_1_56' title='bbox 2434 668 2703 721; x_wconf 91' lang='lat' dir='ltr'><strong>hominem</strong></span> <span class='ocrx_word' id='word_1_57' title='bbox 2725 668 3001 724; x_wconf 89' lang='lat' dir='ltr'><strong>Christum</strong></span> <span class='ocrx_word' id='word_1_58' title='bbox 3023 674 3086 727; x_wconf 89' lang='lat' dir='ltr'><strong>de</strong></span> <span class='ocrx_word' id='word_1_59' title='bbox 3110 673 3561 744; x_wconf 79' lang='lat' dir='ltr'><strong>Virginenatum,</strong></span> 
     </span>
    </p>
   </div>
   <div class='ocr_carea' id='block_1_6' title="bbox 314 760 3570 840">
    <p class='ocr_par' dir='ltr' id='par_1_6' title="bbox 314 760 3570 840">
     <span class='ocr_line' id='line_1_6' title="bbox 314 760 3570 840; baseline 0.003 -25"><span class='ocrx_word' id='word_1_60' title='bbox 314 762 415 816; x_wconf 91' lang='lat' dir='ltr'><strong>bus</strong></span> <span class='ocrx_word' id='word_1_61' title='bbox 448 762 815 830; x_wconf 85' lang='lat' dir='ltr'><strong>prosequeris,</strong></span> <span class='ocrx_word' id='word_1_62' title='bbox 851 761 978 814; x_wconf 90' lang='lat' dir='ltr'><strong>dum</strong></span> <span class='ocrx_word' id='word_1_63' title='bbox 1008 776 1106 830; x_wconf 81' lang='lat' dir='ltr'><strong>ego</strong></span> <span class='ocrx_word' id='word_1_64' title='bbox 1154 760 1395 812; x_wconf 85' lang='lat' dir='ltr'><strong>omnium</strong></span> <span class='ocrx_word' id='word_1_65' title='bbox 1440 770 1747 812; x_wconf 81' lang='lat' dir='ltr'><strong>sanctarum</strong></span> <span class='ocrx_word' id='word_1_66' title='bbox 1794 762 1885 813; x_wconf 89' lang='lat' dir='ltr'><strong>do-</strong></span> <span class='ocrx_word' id='word_1_67' title='bbox 1986 772 2091 811; x_wconf 87' lang='lat' dir='ltr'><strong>non</strong></span> <span class='ocrx_word' id='word_1_68' title='bbox 2120 766 2179 811; x_wconf 88' lang='lat' dir='ltr'><strong>ut</strong></span> <span class='ocrx_word' id='word_1_69' title='bbox 2217 768 2443 813; x_wconf 65' lang='lat' dir='ltr'><strong>exeteros</strong></span> <span class='ocrx_word' id='word_1_70' title='bbox 2474 760 2566 813; x_wconf 86' lang='lat' dir='ltr'><strong>Dei</strong></span> <span class='ocrx_word' id='word_1_71' title='bbox 2600 760 2738 815; x_wconf 91' lang='lat' dir='ltr'><strong>ﬁlios</strong></span> <span class='ocrx_word' id='word_1_72' title='bbox 2767 762 2969 817; x_wconf 77' lang='lat' dir='ltr'><strong>indulta</strong></span> <span class='ocrx_word' id='word_1_73' title='bbox 2999 765 3303 834; x_wconf 79' lang='lat' dir='ltr'><strong>adoptione,</strong></span> <span class='ocrx_word' id='word_1_74' title='bbox 3338 770 3432 823; x_wconf 89' lang='lat' dir='ltr'><strong>sed</strong></span> <span class='ocrx_word' id='word_1_75' title='bbox 3470 785 3570 840; x_wconf 89' lang='lat' dir='ltr'><strong>per</strong></span> 
     </span>
    </p>
   </div>
   <div class='ocr_carea' id='block_1_7' title="bbox 314 850 3567 928">
    <p class='ocr_par' dir='ltr' id='par_1_7' title="bbox 314 850 3567 928">
     <span class='ocr_line' id='line_1_7' title="bbox 314 850 3567 928; baseline 0.003 -24"><span class='ocrx_word' id='word_1_76' title='bbox 314 859 437 905; x_wconf 74' lang='lat' dir='ltr'><strong>eius</strong></span> <span class='ocrx_word' id='word_1_77' title='bbox 466 853 787 905; x_wconf 73' lang='lat' dir='ltr'><strong>auctoritate</strong></span> <span class='ocrx_word' id='word_1_78' title='bbox 816 850 1236 919; x_wconf 87' lang='lat' dir='ltr'><strong>Scripturarum,</strong></span> <span class='ocrx_word' id='word_1_79' title='bbox 1271 859 1324 904; x_wconf 92' lang='lat' dir='ltr'><strong>et</strong></span> <span class='ocrx_word' id='word_1_80' title='bbox 1344 851 1637 919; x_wconf 74' lang='lat' dir='ltr'><strong>apostolica</strong></span> <span class='ocrx_word' id='word_1_81' title='bbox 1668 853 1886 906; x_wconf 84' lang='lat' dir='ltr'><strong>robora-</strong></span> <span class='ocrx_word' id='word_1_82' title='bbox 1986 860 2231 904; x_wconf 89' lang='lat' dir='ltr'><strong>naturam</strong></span> <span class='ocrx_word' id='word_1_83' title='bbox 2270 852 2419 906; x_wconf 90' lang='lat' dir='ltr'><strong>illum</strong></span> <span class='ocrx_word' id='word_1_84' title='bbox 2462 853 2754 907; x_wconf 83' lang='lat' dir='ltr'><strong>divinitatis</strong></span> <span class='ocrx_word' id='word_1_85' title='bbox 2796 854 2848 907; x_wconf 89' lang='lat' dir='ltr'><strong>in</strong></span> <span class='ocrx_word' id='word_1_86' title='bbox 2886 855 2982 910; x_wconf 88' lang='lat' dir='ltr'><strong>Dei</strong></span> <span class='ocrx_word' id='word_1_87' title='bbox 3031 856 3224 911; x_wconf 89' lang='lat' dir='ltr'><strong>Filium</strong></span> <span class='ocrx_word' id='word_1_88' title='bbox 3270 871 3567 928; x_wconf 71' lang='lat' dir='ltr'><strong>przemonet</strong></span> 
     </span>
    </p>
   </div>
   <div class='ocr_carea' id='block_1_8' title="bbox 315 940 3563 1023">
    <p class='ocr_par' dir='ltr' id='par_1_8' title="bbox 315 940 3563 1023">
     <span class='ocr_line' id='line_1_8' title="bbox 315 940 3563 1023; baseline 0.004 -29"><span class='ocrx_word' id='word_1_89' title='bbox 315 949 402 995; x_wconf 91' lang='lat' dir='ltr'><strong>tus</strong></span> <span class='ocrx_word' id='word_1_90' title='bbox 441 942 844 1010; x_wconf 65' lang='lat' dir='ltr'><strong>prazdieatione,</strong></span> <span class='ocrx_word' id='word_1_91' title='bbox 903 957 1117 994; x_wconf 88' lang='lat' dir='ltr'><strong>omnem</strong></span> <span class='ocrx_word' id='word_1_92' title='bbox 1162 941 1214 993; x_wconf 87' lang='lat' dir='ltr'><strong>in</strong></span> <span class='ocrx_word' id='word_1_93' title='bbox 1265 940 1480 995; x_wconf 82' lang='lat' dir='ltr'><strong>Christo</strong></span> <span class='ocrx_word' id='word_1_94' title='bbox 1532 941 1795 996; x_wconf 75' lang='lat' dir='ltr'><strong>conﬁteor</strong></span> <span class='ocrx_word' id='word_1_95' title='bbox 1834 952 1889 996; x_wconf 90' lang='lat' dir='ltr'><strong>et</strong></span> <span class='ocrx_word' id='word_1_96' title='bbox 1985 942 2296 996; x_wconf 75' lang='lat' dir='ltr'><strong>exaltatum.</strong></span> <span class='ocrx_word' id='word_1_97' title='bbox 2344 943 2484 996; x_wconf 87' lang='lat' dir='ltr'><strong>Idem</strong></span> <span class='ocrx_word' id='word_1_98' title='bbox 2515 945 2567 997; x_wconf 88' lang='lat' dir='ltr'><strong>in</strong></span> <span class='ocrx_word' id='word_1_99' title='bbox 2592 944 2731 999; x_wconf 90' lang='lat' dir='ltr'><strong>libro</strong></span> <span class='ocrx_word' id='word_1_100' title='bbox 2771 962 2897 999; x_wconf 78' lang='lat' dir='ltr'><strong>xxvi</strong></span> <span class='ocrx_word' id='word_1_101' title='bbox 2934 946 3071 1017; x_wconf 87' lang='lat' dir='ltr'><strong>(Lib.</strong></span> <span class='ocrx_word' id='word_1_102' title='bbox 3105 964 3275 1012; x_wconf 74' lang='lat' dir='ltr'><strong>xxvii,</strong></span> <span class='ocrx_word' id='word_1_103' title='bbox 3305 966 3422 1021; x_wconf 87' lang='lat' dir='ltr'><strong>cap.</strong></span> <span class='ocrx_word' id='word_1_104' title='bbox 3463 952 3563 1023; x_wconf 75' lang='lat'><strong>‘2):</strong></span> 
     </span>
    </p>
   </div>
   <div class='ocr_carea' id='block_1_9' title="bbox 315 1030 3565 1113">
    <p class='ocr_par' dir='ltr' id='par_1_9' title="bbox 315 1030 3565 1113">
     <span class='ocr_line' id='line_1_9' title="bbox 315 1030 3565 1113; baseline 0.005 -29"><span class='ocrx_word' id='word_1_105' title='bbox 315 1032 576 1086; x_wconf 86' lang='lat' dir='ltr'><strong>testiﬁcor</strong></span> <span class='ocrx_word' id='word_1_106' title='bbox 618 1033 921 1095; x_wconf 71' lang='lat' dir='ltr'><strong>veritatem,</strong></span> <span class='ocrx_word' id='word_1_107' title='bbox 965 1033 1104 1085; x_wconf 81' lang='lat' dir='ltr'><strong>sicut</strong></span> <span class='ocrx_word' id='word_1_108' title='bbox 1160 1033 1450 1100; x_wconf 88' lang='lat' dir='ltr'><strong>apostolica</strong></span> <span class='ocrx_word' id='word_1_109' title='bbox 1497 1034 1739 1087; x_wconf 87' lang='lat' dir='ltr'><strong>doctrina</strong></span> <span class='ocrx_word' id='word_1_110' title='bbox 1791 1034 1886 1087; x_wconf 90' lang='lat' dir='ltr'><strong>toti</strong></span> <span class='ocrx_word' id='word_1_111' title='bbox 1992 1050 2008 1081; x_wconf 76' lang='grc' dir='ltr'>ι</span> <span class='ocrx_word' id='word_1_112' title='bbox 2056 1030 2386 1101; x_wconf 76' lang='lat' dir='ltr'><strong>Redemptor</strong></span> <span class='ocrx_word' id='word_1_113' title='bbox 2434 1033 2697 1101; x_wconf 84' lang='lat' dir='ltr'><strong>siquidem</strong></span> <span class='ocrx_word' id='word_1_114' title='bbox 2748 1043 2930 1090; x_wconf 87' lang='lat' dir='ltr'><strong>noster</strong></span> <span class='ocrx_word' id='word_1_115' title='bbox 2975 1036 3137 1091; x_wconf 86' lang='lat' dir='ltr'><strong>homo</strong></span> <span class='ocrx_word' id='word_1_116' title='bbox 3184 1039 3300 1113; x_wconf 77' lang='lat' dir='ltr'><strong>sine</strong></span> <span class='ocrx_word' id='word_1_117' title='bbox 3338 1053 3565 1109; x_wconf 69' lang='lat' dir='ltr'><strong>peccato</strong></span> 
     </span>
    </p>
   </div>
   <div class='ocr_carea' id='block_1_10' title="bbox 316 1121 3567 1196">
    <p class='ocr_par' dir='ltr' id='par_1_10' title="bbox 316 1121 3567 1196">
     <span class='ocr_line' id='line_1_10' title="bbox 316 1121 3567 1196; baseline 0.004 -21"><span class='ocrx_word' id='word_1_118' title='bbox 316 1121 536 1175; x_wconf 86' lang='lat' dir='ltr'><strong>tradidit</strong></span> <span class='ocrx_word' id='word_1_119' title='bbox 577 1122 795 1186; x_wconf 75' lang='lat' dir='ltr'><strong>mundo,</strong></span> <span class='ocrx_word' id='word_1_120' title='bbox 850 1132 903 1174; x_wconf 88' lang='lat' dir='ltr'><strong>et</strong></span> <span class='ocrx_word' id='word_1_121' title='bbox 934 1121 1130 1188; x_wconf 87' lang='lat' dir='ltr'><strong>ubique</strong></span> <span class='ocrx_word' id='word_1_122' title='bbox 1156 1130 1338 1175; x_wconf 85' lang='lat' dir='ltr'><strong>sancta</strong></span> <span class='ocrx_word' id='word_1_123' title='bbox 1370 1122 1542 1176; x_wconf 88' lang='lat' dir='ltr'><strong>credit</strong></span> <span class='ocrx_word' id='word_1_124' title='bbox 1568 1123 1803 1178; x_wconf 79' lang='lat' dir='ltr'><strong>Ecclesia</strong></span> <span class='ocrx_word' id='word_1_125' title='bbox 1833 1132 1888 1177; x_wconf 91' lang='lat' dir='ltr'><strong>et</strong></span> <span class='ocrx_word' id='word_1_126' title='bbox 1984 1129 2086 1186; x_wconf 87' lang='lat' dir='ltr'><strong>est,</strong></span> <span class='ocrx_word' id='word_1_127' title='bbox 2132 1121 2271 1176; x_wconf 88' lang='lat' dir='ltr'><strong>ﬁlius</strong></span> <span class='ocrx_word' id='word_1_128' title='bbox 2306 1124 2423 1177; x_wconf 88' lang='lat' dir='ltr'><strong>sine</strong></span> <span class='ocrx_word' id='word_1_129' title='bbox 2463 1123 2768 1192; x_wconf 82' lang='lat' dir='ltr'><strong>adoptione.</strong></span> <span class='ocrx_word' id='word_1_130' title='bbox 2811 1147 2826 1176; x_wconf 82' lang='grc'>›</span> <span class='ocrx_word' id='word_1_131' title='bbox 2864 1126 3016 1180; x_wconf 87' lang='lat' dir='ltr'><strong>Sicut</strong></span> <span class='ocrx_word' id='word_1_132' title='bbox 3048 1131 3331 1196; x_wconf 87' lang='lat' dir='ltr'><strong>potestatis</strong></span> <span class='ocrx_word' id='word_1_133' title='bbox 3371 1132 3567 1188; x_wconf 72' lang='lat' dir='ltr'><strong>divina:</strong></span> 
     </span>
    </p>
   </div>
   <div class='ocr_carea' id='block_1_11' title="bbox 314 1210 3569 1289">
    <p class='ocr_par' dir='ltr' id='par_1_11' title="bbox 314 1210 3569 1289">
     <span class='ocr_line' id='line_1_11' title="bbox 314 1210 3569 1289; baseline 0.005 -27"><span class='ocrx_word' id='word_1_134' title='bbox 314 1210 615 1280; x_wconf 78' lang='lat' dir='ltr'><strong>praedicat?</strong></span> <span class='ocrx_word' id='word_1_135' title='bbox 661 1211 737 1263; x_wconf 75' lang='lat' dir='ltr'><strong>&#39;l‘u</strong></span> <span class='ocrx_word' id='word_1_136' title='bbox 768 1225 892 1264; x_wconf 86' lang='lat' dir='ltr'><strong>vero</strong></span> <span class='ocrx_word' id='word_1_137' title='bbox 943 1211 1087 1266; x_wconf 88' lang='lat' dir='ltr'><strong>solus</strong></span> <span class='ocrx_word' id='word_1_138' title='bbox 1133 1213 1217 1266; x_wconf 88' lang='lat' dir='ltr'><strong>his</strong></span> <span class='ocrx_word' id='word_1_139' title='bbox 1267 1213 1515 1267; x_wconf 84' lang='lat' dir='ltr'><strong>omnibus</strong></span> <span class='ocrx_word' id='word_1_140' title='bbox 1562 1213 1883 1277; x_wconf 88' lang='lat' dir='ltr'><strong>contrarius,</strong></span> <span class='ocrx_word' id='word_1_141' title='bbox 1984 1222 2087 1278; x_wconf 87' lang='lat' dir='ltr'><strong>est,</strong></span> <span class='ocrx_word' id='word_1_142' title='bbox 2114 1222 2173 1267; x_wconf 91' lang='lat' dir='ltr'><strong>ut</strong></span> <span class='ocrx_word' id='word_1_143' title='bbox 2205 1215 2367 1268; x_wconf 87' lang='lat' dir='ltr'><strong>homo</strong></span> <span class='ocrx_word' id='word_1_144' title='bbox 2393 1230 2458 1268; x_wconf 79' lang='lat' dir='ltr'><strong>ex</strong></span> <span class='ocrx_word' id='word_1_145' title='bbox 2482 1215 2727 1284; x_wconf 80' lang='lat' dir='ltr'><strong>virginali</strong></span> <span class='ocrx_word' id='word_1_146' title='bbox 2756 1226 2911 1272; x_wconf 88' lang='lat' dir='ltr'><strong>utero</strong></span> <span class='ocrx_word' id='word_1_147' title='bbox 2935 1218 3050 1272; x_wconf 89' lang='lat' dir='ltr'><strong>sine</strong></span> <span class='ocrx_word' id='word_1_148' title='bbox 3067 1231 3290 1289; x_wconf 88' lang='lat' dir='ltr'><strong>peccato</strong></span> <span class='ocrx_word' id='word_1_149' title='bbox 3317 1240 3569 1279; x_wconf 89' lang='lat' dir='ltr'><strong>nascere—</strong></span> 
     </span>
    </p>
   </div>
   <div class='ocr_carea' id='block_1_12' title="bbox 315 1300 3567 1383">
    <p class='ocr_par' dir='ltr' id='par_1_12' title="bbox 315 1300 3567 1383">
     <span class='ocr_line' id='line_1_12' title="bbox 315 1300 3567 1383; baseline 0.004 -29"><span class='ocrx_word' id='word_1_150' title='bbox 315 1300 458 1354; x_wconf 88' lang='lat' dir='ltr'><strong>solus</strong></span> <span class='ocrx_word' id='word_1_151' title='bbox 508 1301 599 1353; x_wconf 81' lang='lat' dir='ltr'><strong>tili</strong></span> <span class='ocrx_word' id='word_1_152' title='bbox 643 1301 913 1370; x_wconf 73' lang='lat' dir='ltr'><strong>singulare</strong></span> <span class='ocrx_word' id='word_1_153' title='bbox 966 1304 1265 1373; x_wconf 80' lang='lat' dir='ltr'><strong>magisterii</strong></span> <span class='ocrx_word' id='word_1_154' title='bbox 1320 1319 1516 1358; x_wconf 88' lang='lat' dir='ltr'><strong>nomen</strong></span> <span class='ocrx_word' id='word_1_155' title='bbox 1573 1305 1881 1373; x_wconf 88' lang='lat' dir='ltr'><strong>usurpasti;</strong></span> <span class='ocrx_word' id='word_1_156' title='bbox 1987 1312 2093 1368; x_wconf 91' lang='lat' dir='ltr'><strong>tur,</strong></span> <span class='ocrx_word' id='word_1_157' title='bbox 2139 1304 2215 1358; x_wconf 90' lang='lat' dir='ltr'><strong>ita</strong></span> <span class='ocrx_word' id='word_1_158' title='bbox 2262 1305 2453 1359; x_wconf 66' lang='lat' dir='ltr'><strong>divinae</strong></span> <span class='ocrx_word' id='word_1_159' title='bbox 2482 1315 2563 1360; x_wconf 84' lang='lat' dir='ltr'><strong>est</strong></span> <span class='ocrx_word' id='word_1_160' title='bbox 2597 1306 2757 1376; x_wconf 82' lang='lat'><strong>907</strong></span> <span class='ocrx_word' id='word_1_161' title='bbox 2796 1309 3031 1375; x_wconf 88' lang='lat' dir='ltr'><strong>virtutis,</strong></span> <span class='ocrx_word' id='word_1_162' title='bbox 3057 1319 3117 1364; x_wconf 87' lang='lat' dir='ltr'><strong>ut</strong></span> <span class='ocrx_word' id='word_1_163' title='bbox 3144 1313 3305 1367; x_wconf 88' lang='lat' dir='ltr'><strong>homo</strong></span> <span class='ocrx_word' id='word_1_164' title='bbox 3334 1313 3439 1378; x_wconf 88' lang='lat' dir='ltr'><strong>ille,</strong></span> <span class='ocrx_word' id='word_1_165' title='bbox 3476 1314 3567 1383; x_wconf 86' lang='lat' dir='ltr'><strong>qui</strong></span> 
     </span>
    </p>
   </div>
   <div class='ocr_carea' id='block_1_13' title="bbox 318 1392 3569 1473">
    <p class='ocr_par' dir='ltr' id='par_1_13' title="bbox 318 1392 3569 1473">
     <span class='ocr_line' id='line_1_13' title="bbox 318 1392 3569 1473; baseline 0.004 -28"><span class='ocrx_word' id='word_1_166' title='bbox 318 1392 444 1445; x_wconf 87' lang='lat' dir='ltr'><strong>dum</strong></span> <span class='ocrx_word' id='word_1_167' title='bbox 479 1393 626 1445; x_wconf 85' lang='lat' dir='ltr'><strong>solus</strong></span> <span class='ocrx_word' id='word_1_168' title='bbox 658 1402 902 1447; x_wconf 87' lang='lat' dir='ltr'><strong>sanctum</strong></span> <span class='ocrx_word' id='word_1_169' title='bbox 943 1403 996 1446; x_wconf 88' lang='lat' dir='ltr'><strong>et</strong></span> <span class='ocrx_word' id='word_1_170' title='bbox 1022 1394 1269 1463; x_wconf 77' lang='lat' dir='ltr'><strong>generale</strong></span> <span class='ocrx_word' id='word_1_171' title='bbox 1297 1396 1579 1465; x_wconf 88' lang='lat' dir='ltr'><strong>perdidisti</strong></span> <span class='ocrx_word' id='word_1_172' title='bbox 1607 1395 1887 1449; x_wconf 70' lang='lat' dir='ltr'><strong>catholica:</strong></span> <span class='ocrx_word' id='word_1_173' title='bbox 1985 1396 2101 1448; x_wconf 88' lang='lat' dir='ltr'><strong>sine</strong></span> <span class='ocrx_word' id='word_1_174' title='bbox 2130 1403 2352 1464; x_wconf 89' lang='lat' dir='ltr'><strong>peccato</strong></span> <span class='ocrx_word' id='word_1_175' title='bbox 2373 1396 2520 1449; x_wconf 92' lang='lat' dir='ltr'><strong>nasci</strong></span> <span class='ocrx_word' id='word_1_176' title='bbox 2547 1399 2739 1464; x_wconf 89' lang='lat' dir='ltr'><strong>potuit,</strong></span> <span class='ocrx_word' id='word_1_177' title='bbox 2769 1398 3114 1468; x_wconf 85' lang='lat' dir='ltr'><strong>singulariter</strong></span> <span class='ocrx_word' id='word_1_178' title='bbox 3137 1402 3253 1455; x_wconf 83' lang='lat' dir='ltr'><strong>sine</strong></span> <span class='ocrx_word' id='word_1_179' title='bbox 3284 1404 3569 1473; x_wconf 86' lang='lat' dir='ltr'><strong>adoptione</strong></span> 
     </span>
    </p>
   </div>
   <div class='ocr_carea' id='block_1_14' title="bbox 316 1484 3570 1555">
    <p class='ocr_par' dir='ltr' id='par_1_14' title="bbox 316 1484 3570 1555">
     <span class='ocr_line' id='line_1_14' title="bbox 316 1484 3570 1555; baseline 0.005 -19"><span class='ocrx_word' id='word_1_180' title='bbox 316 1484 437 1536; x_wconf 73' lang='lat' dir='ltr'><strong>ﬁdei</strong></span> <span class='ocrx_word' id='word_1_181' title='bbox 468 1485 788 1553; x_wconf 77' lang='lat' dir='ltr'><strong>symbolum.</strong></span> <span class='ocrx_word' id='word_1_182' title='bbox 815 1485 1008 1539; x_wconf 85' lang='lat' dir='ltr'><strong>Fertur</strong></span> <span class='ocrx_word' id='word_1_183' title='bbox 1035 1486 1087 1539; x_wconf 92' lang='lat' dir='ltr'><strong>in</strong></span> <span class='ocrx_word' id='word_1_184' title='bbox 1118 1485 1390 1540; x_wconf 74' lang='lat' dir='ltr'><strong>smcularis</strong></span> <span class='ocrx_word' id='word_1_185' title='bbox 1461 1485 1777 1540; x_wconf 63' lang='lat' dir='ltr'><strong>litteraturae</strong></span> <span class='ocrx_word' id='word_1_186' title='bbox 1803 1486 1886 1539; x_wconf 90' lang='lat' dir='ltr'><strong>hi-</strong></span> <span class='ocrx_word' id='word_1_187' title='bbox 1986 1486 2082 1539; x_wconf 86' lang='lat' dir='ltr'><strong>Dei</strong></span> <span class='ocrx_word' id='word_1_188' title='bbox 2124 1494 2268 1541; x_wconf 89' lang='lat' dir='ltr'><strong>esset</strong></span> <span class='ocrx_word' id='word_1_189' title='bbox 2291 1487 2478 1542; x_wconf 89' lang='lat' dir='ltr'><strong>Filius.</strong></span> <span class='ocrx_word' id='word_1_190' title='bbox 2505 1486 2655 1553; x_wconf 85' lang='lat' dir='ltr'><strong>Quod</strong></span> <span class='ocrx_word' id='word_1_191' title='bbox 2686 1489 2739 1542; x_wconf 89' lang='lat' dir='ltr'><strong>in</strong></span> <span class='ocrx_word' id='word_1_192' title='bbox 2774 1488 2913 1544; x_wconf 86' lang='lat' dir='ltr'><strong>libro</strong></span> <span class='ocrx_word' id='word_1_193' title='bbox 2940 1506 3072 1545; x_wconf 82' lang='lat' dir='ltr'><strong>xvm</strong></span> <span class='ocrx_word' id='word_1_194' title='bbox 3108 1493 3248 1547; x_wconf 88' lang='lat' dir='ltr'><strong>idem</strong></span> <span class='ocrx_word' id='word_1_195' title='bbox 3290 1498 3570 1555; x_wconf 82' lang='lat' dir='ltr'><strong>sanctissi-</strong></span> 
     </span>
    </p>
   </div>
   <div class='ocr_carea' id='block_1_15' title="bbox 315 1576 3569 1653">
    <p class='ocr_par' dir='ltr' id='par_1_15' title="bbox 315 1576 3569 1653">
     <span class='ocr_line' id='line_1_15' title="bbox 315 1576 3569 1653; baseline 0.005 -25"><span class='ocrx_word' id='word_1_196' title='bbox 315 1576 497 1629; x_wconf 78' lang='lat' dir='ltr'><strong>storiis</strong></span> <span class='ocrx_word' id='word_1_197' title='bbox 514 1576 794 1644; x_wconf 83' lang='lat' dir='ltr'><strong>profanum</strong></span> <span class='ocrx_word' id='word_1_198' title='bbox 811 1579 1093 1646; x_wconf 84' lang='lat' dir='ltr'><strong>quemdam</strong></span> <span class='ocrx_word' id='word_1_199' title='bbox 1110 1578 1362 1648; x_wconf 87' lang='lat' dir='ltr'><strong>juvenem</strong></span> <span class='ocrx_word' id='word_1_200' title='bbox 1386 1578 1889 1633; x_wconf 74' lang='lat' dir='ltr'><strong>Diauzeincendisse</strong></span> <span class='ocrx_word' id='word_1_201' title='bbox 1987 1591 2107 1630; x_wconf 84' lang='lat' dir='ltr'><strong>IllllS</strong></span> <span class='ocrx_word' id='word_1_202' title='bbox 2141 1576 2304 1630; x_wconf 87' lang='lat' dir='ltr'><strong>Pater</strong></span> <span class='ocrx_word' id='word_1_203' title='bbox 2340 1578 2573 1631; x_wconf 80' lang='lat' dir='ltr'><strong>ostendit</strong></span> <span class='ocrx_word' id='word_1_204' title='bbox 2620 1577 2806 1633; x_wconf 88' lang='lat' dir='ltr'><strong>dicens</strong></span> <span class='ocrx_word' id='word_1_205' title='bbox 2859 1578 3010 1651; x_wconf 87' lang='lat' dir='ltr'><strong>(Cap.</strong></span> <span class='ocrx_word' id='word_1_206' title='bbox 3062 1582 3193 1653; x_wconf 71' lang='lat'><strong>5:2):</strong></span> <span class='ocrx_word' id='word_1_207' title='bbox 3227 1602 3244 1634; x_wconf 71' lang='grc' dir='ltr'>ί</span> <span class='ocrx_word' id='word_1_208' title='bbox 3275 1585 3437 1642; x_wconf 85' lang='lat' dir='ltr'><strong>Aliud</strong></span> <span class='ocrx_word' id='word_1_209' title='bbox 3484 1600 3569 1646; x_wconf 56' lang='lat' dir='ltr'><strong>est</strong></span> 
     </span>
    </p>
   </div>
   <div class='ocr_carea' id='block_1_16' title="bbox 314 1665 3562 1746">
    <p class='ocr_par' dir='ltr' id='par_1_16' title="bbox 314 1665 3562 1746">
     <span class='ocr_line' id='line_1_16' title="bbox 314 1665 3562 1746; baseline 0.005 -29"><span class='ocrx_word' id='word_1_210' title='bbox 314 1665 592 1734; x_wconf 88' lang='lat' dir='ltr'><strong>templum,</strong></span> <span class='ocrx_word' id='word_1_211' title='bbox 631 1682 749 1735; x_wconf 74' lang='lat' dir='ltr'><strong>quae</strong></span> <span class='ocrx_word' id='word_1_212' title='bbox 778 1668 955 1737; x_wconf 81' lang='lat' dir='ltr'><strong>magni</strong></span> <span class='ocrx_word' id='word_1_213' title='bbox 999 1670 1234 1723; x_wconf 88' lang='lat' dir='ltr'><strong>nominis</strong></span> <span class='ocrx_word' id='word_1_214' title='bbox 1269 1669 1413 1738; x_wconf 88' lang='lat' dir='ltr'><strong>apud</strong></span> <span class='ocrx_word' id='word_1_215' title='bbox 1435 1668 1696 1738; x_wconf 87' lang='lat' dir='ltr'><strong>Ephesios</strong></span> <span class='ocrx_word' id='word_1_216' title='bbox 1724 1669 1890 1723; x_wconf 87' lang='lat' dir='ltr'><strong>habe-</strong></span> <span class='ocrx_word' id='word_1_217' title='bbox 1987 1666 2131 1720; x_wconf 89' lang='lat' dir='ltr'><strong>enim</strong></span> <span class='ocrx_word' id='word_1_218' title='bbox 2178 1676 2332 1721; x_wconf 89' lang='lat' dir='ltr'><strong>natos</strong></span> <span class='ocrx_word' id='word_1_219' title='bbox 2381 1667 2626 1722; x_wconf 89' lang='lat' dir='ltr'><strong>homines</strong></span> <span class='ocrx_word' id='word_1_220' title='bbox 2665 1670 2891 1739; x_wconf 78' lang='lat' dir='ltr'><strong>gratiam</strong></span> <span class='ocrx_word' id='word_1_221' title='bbox 2950 1670 3255 1741; x_wconf 65' lang='lat' dir='ltr'><strong>adoptionis</strong></span> <span class='ocrx_word' id='word_1_222' title='bbox 3297 1677 3562 1746; x_wconf 85' lang='lat' dir='ltr'><strong>accipere,</strong></span> 
     </span>
    </p>
   </div>
   <div class='ocr_carea' id='block_1_17' title="bbox 315 1756 3564 1836">
    <p class='ocr_par' dir='ltr' id='par_1_17' title="bbox 315 1756 3564 1836">
     <span class='ocr_line' id='line_1_17' title="bbox 315 1756 3564 1836; baseline 0.005 -27"><span class='ocrx_word' id='word_1_223' title='bbox 315 1756 511 1821; x_wconf 87' lang='lat' dir='ltr'><strong>batur;</strong></span> <span class='ocrx_word' id='word_1_224' title='bbox 563 1757 1029 1827; x_wconf 73' lang='lat' dir='ltr'><strong>interrogatusque</strong></span> <span class='ocrx_word' id='word_1_225' title='bbox 1076 1760 1203 1829; x_wconf 85' lang='lat' dir='ltr'><strong>quid</strong></span> <span class='ocrx_word' id='word_1_226' title='bbox 1243 1760 1344 1813; x_wconf 91' lang='lat' dir='ltr'><strong>hoc</strong></span> <span class='ocrx_word' id='word_1_227' title='bbox 1389 1758 1566 1813; x_wconf 82' lang='lat' dir='ltr'><strong>facere</strong></span> <span class='ocrx_word' id='word_1_228' title='bbox 1607 1759 1882 1822; x_wconf 88' lang='lat' dir='ltr'><strong>voluisset,</strong></span> <span class='ocrx_word' id='word_1_229' title='bbox 1991 1757 2135 1810; x_wconf 89' lang='lat' dir='ltr'><strong>aliud</strong></span> <span class='ocrx_word' id='word_1_230' title='bbox 2184 1773 2350 1811; x_wconf 90' lang='lat' dir='ltr'><strong>unum</strong></span> <span class='ocrx_word' id='word_1_231' title='bbox 2398 1758 2740 1828; x_wconf 80' lang='lat' dir='ltr'><strong>singulariter</strong></span> <span class='ocrx_word' id='word_1_232' title='bbox 2793 1776 2889 1829; x_wconf 89' lang='lat' dir='ltr'><strong>per</strong></span> <span class='ocrx_word' id='word_1_233' title='bbox 2920 1762 3215 1819; x_wconf 80' lang='lat' dir='ltr'><strong>divinitatis</strong></span> <span class='ocrx_word' id='word_1_234' title='bbox 3270 1771 3564 1836; x_wconf 82' lang='lat' dir='ltr'><strong>potentiam</strong></span> 
     </span>
    </p>
   </div>
   <div class='ocr_carea' id='block_1_18' title="bbox 318 1838 3565 1928">
    <p class='ocr_par' dir='ltr' id='par_1_18' title="bbox 318 1838 3565 1928">
     <span class='ocr_line' id='line_1_18' title="bbox 318 1838 3565 1928; baseline 0.004 -28"><span class='ocrx_word' id='word_1_235' title='bbox 318 1849 592 1915; x_wconf 82' lang='lat' dir='ltr'><strong>respondit</strong></span> <span class='ocrx_word' id='word_1_236' title='bbox 618 1867 628 1901; x_wconf 92' lang='lat'><strong>:</strong></span> <span class='ocrx_word' id='word_1_237' title='bbox 656 1849 789 1901; x_wconf 88' lang='lat' dir='ltr'><strong>Dum</strong></span> <span class='ocrx_word' id='word_1_238' title='bbox 819 1864 915 1917; x_wconf 89' lang='lat' dir='ltr'><strong>per</strong></span> <span class='ocrx_word' id='word_1_239' title='bbox 936 1850 1132 1903; x_wconf 86' lang='lat' dir='ltr'><strong>bonum</strong></span> <span class='ocrx_word' id='word_1_240' title='bbox 1161 1861 1380 1920; x_wconf 81' lang='lat' dir='ltr'><strong>propter</strong></span> <span class='ocrx_word' id='word_1_241' title='bbox 1399 1851 1717 1905; x_wconf 82' lang='lat' dir='ltr'><strong>excellentia</strong></span> <span class='ocrx_word' id='word_1_242' title='bbox 1745 1850 1887 1904; x_wconf 82' lang='lat' dir='ltr'><strong>facta</strong></span> <span class='ocrx_word' id='word_1_243' title='bbox 1923 1840 1964 1898; x_wconf 80' lang='grc' dir='ltr'>Β</span> <span class='ocrx_word' id='word_1_244' title='bbox 1992 1845 2158 1899; x_wconf 82' lang='lat' dir='ltr'><strong>Deum</strong></span> <span class='ocrx_word' id='word_1_245' title='bbox 2193 1861 2259 1899; x_wconf 80' lang='lat' dir='ltr'><strong>ex</strong></span> <span class='ocrx_word' id='word_1_246' title='bbox 2285 1846 2401 1916; x_wconf 90' lang='lat' dir='ltr'><strong>ipso</strong></span> <span class='ocrx_word' id='word_1_247' title='bbox 2435 1838 2696 1916; x_wconf 79' lang='lat' dir='ltr'><strong>cunceptu</strong></span> <span class='ocrx_word' id='word_1_248' title='bbox 2728 1850 2993 1918; x_wconf 89' lang='lat' dir='ltr'><strong>prodisse.</strong></span> <span class='ocrx_word' id='word_1_249' title='bbox 3024 1852 3133 1907; x_wconf 82' lang='lat' dir='ltr'><strong>Nec</strong></span> <span class='ocrx_word' id='word_1_250' title='bbox 3164 1857 3363 1925; x_wconf 68' lang='lat' dir='ltr'><strong>aequari</strong></span> <span class='ocrx_word' id='word_1_251' title='bbox 3391 1868 3565 1928; x_wconf 85' lang='lat' dir='ltr'><strong>potest</strong></span> 
     </span>
    </p>
   </div>
   <div class='ocr_carea' id='block_1_19' title="bbox 315 1934 3566 2016">
    <p class='ocr_par' dir='ltr' id='par_1_19' title="bbox 315 1934 3566 2016">
     <span class='ocr_line' id='line_1_19' title="bbox 315 1934 3566 2016; baseline 0.007 -28"><span class='ocrx_word' id='word_1_252' title='bbox 315 1938 555 1991; x_wconf 86' lang='lat' dir='ltr'><strong>vivorum</strong></span> <span class='ocrx_word' id='word_1_253' title='bbox 581 1947 738 1993; x_wconf 89' lang='lat' dir='ltr'><strong>notus</strong></span> <span class='ocrx_word' id='word_1_254' title='bbox 766 1954 883 1993; x_wconf 83' lang='lat' dir='ltr'><strong>esse</strong></span> <span class='ocrx_word' id='word_1_255' title='bbox 914 1955 1017 1992; x_wconf 86' lang='lat' dir='ltr'><strong>non</strong></span> <span class='ocrx_word' id='word_1_256' title='bbox 1044 1942 1213 2008; x_wconf 88' lang='lat' dir='ltr'><strong>potui,</strong></span> <span class='ocrx_word' id='word_1_257' title='bbox 1248 1941 1327 1993; x_wconf 86' lang='lat' dir='ltr'><strong>vel</strong></span> <span class='ocrx_word' id='word_1_258' title='bbox 1356 1957 1452 2010; x_wconf 91' lang='lat' dir='ltr'><strong>per</strong></span> <span class='ocrx_word' id='word_1_259' title='bbox 1478 1941 1886 2011; x_wconf 82' lang='lat' dir='ltr'><strong>quodlibetma—</strong></span> <span class='ocrx_word' id='word_1_260' title='bbox 1991 1934 2161 2003; x_wconf 80' lang='lat' dir='ltr'><strong>gloria</strong></span> <span class='ocrx_word' id='word_1_261' title='bbox 2211 1936 2469 2004; x_wconf 73' lang='lat' dir='ltr'><strong>unigeniti</strong></span> <span class='ocrx_word' id='word_1_262' title='bbox 2511 1937 2691 1991; x_wconf 62' lang='lat' dir='ltr'><strong>habili!</strong></span> <span class='ocrx_word' id='word_1_263' title='bbox 2741 1936 2942 2009; x_wconf 57' lang='lat' dir='ltr'><strong>[Gregu</strong></span> <span class='ocrx_word' id='word_1_264' title='bbox 2977 1940 3159 2009; x_wconf 61' lang='lat' dir='ltr'><strong>gloria:</strong></span> <span class='ocrx_word' id='word_1_265' title='bbox 3204 1942 3419 2016; x_wconf 63' lang='grc' dir='ltr'><strong>Ῑιίὼῖίέε]</strong></span> <span class='ocrx_word' id='word_1_266' title='bbox 3472 1961 3566 2015; x_wconf 69' lang='grc' dir='ltr'><strong>ρετ</strong></span> 
     </span>
    </p>
   </div>
   <div class='ocr_carea' id='block_1_20' title="bbox 315 2024 3562 2103">
    <p class='ocr_par' dir='ltr' id='par_1_20' title="bbox 315 2024 3562 2103">
     <span class='ocr_line' id='line_1_20' title="bbox 315 2024 3562 2103; baseline 0.004 -23"><span class='ocrx_word' id='word_1_267' title='bbox 315 2028 441 2082; x_wconf 68' lang='grc' dir='ltr'><strong>Ιίίίω</strong></span> <span class='ocrx_word' id='word_1_268' title='bbox 476 2045 643 2098; x_wconf 90' lang='lat' dir='ltr'><strong>genus</strong></span> <span class='ocrx_word' id='word_1_269' title='bbox 702 2046 897 2084; x_wconf 87' lang='lat' dir='ltr'><strong>nomen</strong></span> <span class='ocrx_word' id='word_1_270' title='bbox 959 2046 1136 2084; x_wconf 88' lang='lat' dir='ltr'><strong>meum</strong></span> <span class='ocrx_word' id='word_1_271' title='bbox 1184 2032 1520 2085; x_wconf 82' lang='lat' dir='ltr'><strong>innotescere</strong></span> <span class='ocrx_word' id='word_1_272' title='bbox 1568 2032 1732 2084; x_wconf 89' lang='lat' dir='ltr'><strong>volui.</strong></span> <span class='ocrx_word' id='word_1_273' title='bbox 1794 2031 1885 2086; x_wconf 80' lang='lat' dir='ltr'><strong>Sic</strong></span> <span class='ocrx_word' id='word_1_274' title='bbox 1988 2034 2259 2089; x_wconf 62' lang='lat' dir='ltr'><strong>naturam.</strong></span> <span class='ocrx_word' id='word_1_275' title='bbox 2309 2025 2430 2078; x_wconf 68' lang='lat' dir='ltr'><strong>aliis</strong></span> <span class='ocrx_word' id='word_1_276' title='bbox 2462 2024 2660 2096; x_wconf 67' lang='grc' dir='ltr'><strong>[Ῐάεηιν</strong></span> <span class='ocrx_word' id='word_1_277' title='bbox 2691 2027 2817 2100; x_wconf 67' lang='lat' dir='ltr'><strong>alia]</strong></span> <span class='ocrx_word' id='word_1_278' title='bbox 2860 2038 3078 2099; x_wconf 68' lang='lat' dir='ltr'><strong>accepta</strong></span> <span class='ocrx_word' id='word_1_279' title='bbox 3121 2047 3218 2100; x_wconf 75' lang='lat' dir='ltr'><strong>per</strong></span> <span class='ocrx_word' id='word_1_280' title='bbox 3258 2035 3504 2103; x_wconf 72' lang='lat' dir='ltr'><strong>gratiam.</strong></span> <span class='ocrx_word' id='word_1_281' title='bbox 3542 2058 3562 2090; x_wconf 73' lang='grc' dir='ltr'><strong><em>ι</em></strong></span> 
     </span>
    </p>
   </div>
   <div class='ocr_carea' id='block_1_21' title="bbox 314 2114 3563 2194">
    <p class='ocr_par' dir='ltr' id='par_1_21' title="bbox 314 2114 3563 2194">
     <span class='ocr_line' id='line_1_21' title="bbox 314 2114 3563 2194; baseline 0.002 -23"><span class='ocrx_word' id='word_1_282' title='bbox 314 2119 493 2182; x_wconf 84' lang='lat' dir='ltr'><strong>etiam,</strong></span> <span class='ocrx_word' id='word_1_283' title='bbox 524 2120 599 2173; x_wconf 91' lang='lat' dir='ltr'><strong>sic</strong></span> <span class='ocrx_word' id='word_1_284' title='bbox 621 2128 669 2174; x_wconf 90' lang='lat' dir='ltr'><strong>te</strong></span> <span class='ocrx_word' id='word_1_285' title='bbox 687 2121 860 2190; x_wconf 80' lang='lat' dir='ltr'><strong>egisse</strong></span> <span class='ocrx_word' id='word_1_286' title='bbox 888 2122 1252 2189; x_wconf 80' lang='lat' dir='ltr'><strong>cognovimus,</strong></span> <span class='ocrx_word' id='word_1_287' title='bbox 1279 2120 1446 2175; x_wconf 74' lang='lat' dir='ltr'><strong>frater</strong></span> <span class='ocrx_word' id='word_1_288' title='bbox 1467 2122 1729 2189; x_wconf 75' lang='lat' dir='ltr'><strong>Elipante,</strong></span> <span class='ocrx_word' id='word_1_289' title='bbox 1759 2122 1886 2174; x_wconf 86' lang='lat' dir='ltr'><strong>dum</strong></span> <span class='ocrx_word' id='word_1_290' title='bbox 1986 2114 2245 2183; x_wconf 68' lang='lat' dir='ltr'><strong>lttlclligt‘,</strong></span> <span class='ocrx_word' id='word_1_291' title='bbox 2277 2115 2344 2169; x_wconf 85' lang='lat' dir='ltr'><strong>de</strong></span> <span class='ocrx_word' id='word_1_292' title='bbox 2388 2131 2493 2184; x_wconf 76' lang='lat' dir='ltr'><strong>qua</strong></span> <span class='ocrx_word' id='word_1_293' title='bbox 2522 2125 2713 2170; x_wconf 74' lang='lat' dir='ltr'><strong>natura</strong></span> <span class='ocrx_word' id='word_1_294' title='bbox 2756 2117 3016 2173; x_wconf 82' lang='lat' dir='ltr'><strong>dixisset:</strong></span> <span class='ocrx_word' id='word_1_295' title='bbox 3052 2118 3117 2173; x_wconf 84' lang='lat' dir='ltr'><strong>In</strong></span> <span class='ocrx_word' id='word_1_296' title='bbox 3148 2122 3259 2191; x_wconf 83' lang='lat' dir='ltr'><strong>ipso</strong></span> <span class='ocrx_word' id='word_1_297' title='bbox 3310 2135 3563 2194; x_wconf 79' lang='lat' dir='ltr'><strong>conceptu</strong></span> 
     </span>
    </p>
   </div>
   <div class='ocr_carea' id='block_1_22' title="bbox 316 2205 3567 2282">
    <p class='ocr_par' dir='ltr' id='par_1_22' title="bbox 316 2205 3567 2282">
     <span class='ocr_line' id='line_1_22' title="bbox 316 2205 3567 2282; baseline 0.002 -21"><span class='ocrx_word' id='word_1_298' title='bbox 316 2226 420 2262; x_wconf 84' lang='lat' dir='ltr'><strong>non</strong></span> <span class='ocrx_word' id='word_1_299' title='bbox 444 2210 670 2265; x_wconf 67' lang='lat' dir='ltr'><strong>haberes</strong></span> <span class='ocrx_word' id='word_1_300' title='bbox 700 2228 799 2266; x_wconf 67' lang='lat' dir='ltr'><strong>nec</strong></span> <span class='ocrx_word' id='word_1_301' title='bbox 822 2213 1069 2267; x_wconf 77' lang='lat' dir='ltr'><strong>decorem</strong></span> <span class='ocrx_word' id='word_1_302' title='bbox 1098 2212 1436 2282; x_wconf 64' lang='lat' dir='ltr'><strong>eloquentiae,</strong></span> <span class='ocrx_word' id='word_1_303' title='bbox 1473 2230 1571 2267; x_wconf 82' lang='lat' dir='ltr'><strong>nec</strong></span> <span class='ocrx_word' id='word_1_304' title='bbox 1621 2212 1886 2281; x_wconf 79' lang='lat' dir='ltr'><strong>fulgorem</strong></span> <span class='ocrx_word' id='word_1_305' title='bbox 1987 2205 2155 2279; x_wconf 73' lang='lat' dir='ltr'><strong>Deum</strong></span> <span class='ocrx_word' id='word_1_306' title='bbox 2184 2207 2437 2277; x_wconf 68' lang='lat' dir='ltr'><strong>prodisse.</strong></span> <span class='ocrx_word' id='word_1_307' title='bbox 2466 2208 2597 2261; x_wconf 81' lang='lat' dir='ltr'><strong>llem</strong></span> <span class='ocrx_word' id='word_1_308' title='bbox 2631 2210 2695 2263; x_wconf 74' lang='lat' dir='ltr'><strong>de</strong></span> <span class='ocrx_word' id='word_1_309' title='bbox 2718 2226 2801 2276; x_wconf 77' lang='grc' dir='ltr'><strong>ρο,</strong></span> <span class='ocrx_word' id='word_1_310' title='bbox 2833 2213 2976 2281; x_wconf 67' lang='lat' dir='ltr'><strong>Quod</strong></span> <span class='ocrx_word' id='word_1_311' title='bbox 3007 2214 3303 2268; x_wconf 75' lang='lat' dir='ltr'><strong>adversarii</strong></span> <span class='ocrx_word' id='word_1_312' title='bbox 3329 2218 3567 2273; x_wconf 79' lang='lat' dir='ltr'><strong>maxime</strong></span> 
     </span>
    </p>
   </div>
   <div class='ocr_carea' id='block_1_23' title="bbox 316 2297 3568 2373">
    <p class='ocr_par' dir='ltr' id='par_1_23' title="bbox 316 2297 3568 2373">
     <span class='ocr_line' id='line_1_23' title="bbox 316 2297 3568 2373; baseline 0.004 -19"><span class='ocrx_word' id='word_1_313' title='bbox 316 2302 613 2369; x_wconf 69' lang='lat' dir='ltr'><strong>sapienti-.13,</strong></span> <span class='ocrx_word' id='word_1_314' title='bbox 665 2303 744 2356; x_wconf 91' lang='lat' dir='ltr'><strong>vel</strong></span> <span class='ocrx_word' id='word_1_315' title='bbox 772 2304 985 2357; x_wconf 88' lang='lat' dir='ltr'><strong>insolita</strong></span> <span class='ocrx_word' id='word_1_316' title='bbox 1015 2306 1253 2373; x_wconf 80' lang='lat' dir='ltr'><strong>qualibet</strong></span> <span class='ocrx_word' id='word_1_317' title='bbox 1291 2315 1438 2359; x_wconf 88' lang='lat' dir='ltr'><strong>secta</strong></span> <span class='ocrx_word' id='word_1_318' title='bbox 1488 2321 1685 2359; x_wconf 88' lang='lat' dir='ltr'><strong>nomen</strong></span> <span class='ocrx_word' id='word_1_319' title='bbox 1733 2314 1886 2357; x_wconf 90' lang='lat' dir='ltr'><strong>tuum</strong></span> <span class='ocrx_word' id='word_1_320' title='bbox 1994 2297 2097 2350; x_wconf 77' lang='lat' dir='ltr'><strong>sibi</strong></span> <span class='ocrx_word' id='word_1_321' title='bbox 2150 2298 2403 2366; x_wconf 65' lang='lat' dir='ltr'><strong>opitulari</strong></span> <span class='ocrx_word' id='word_1_322' title='bbox 2448 2300 2740 2364; x_wconf 66' lang='grc' dir='ltr'><strong>ωδῑίηιῑιηῐ,</strong></span> <span class='ocrx_word' id='word_1_323' title='bbox 2793 2304 2934 2370; x_wconf 61' lang='grc' dir='ltr'><strong>(11)οά</strong></span> <span class='ocrx_word' id='word_1_324' title='bbox 2978 2301 3225 2359; x_wconf 72' lang='lat' dir='ltr'><strong>Christus</strong></span> <span class='ocrx_word' id='word_1_325' title='bbox 3273 2307 3568 2363; x_wconf 67' lang='lat' dir='ltr'><strong>advocatus</strong></span> 
     </span>
    </p>
   </div>
   <div class='ocr_carea' id='block_1_24' title="bbox 315 2389 3569 2465">
    <p class='ocr_par' dir='ltr' id='par_1_24' title="bbox 315 2389 3569 2465">
     <span class='ocr_line' id='line_1_24' title="bbox 315 2389 3569 2465; baseline 0.002 -18"><span class='ocrx_word' id='word_1_326' title='bbox 315 2394 593 2464; x_wconf 74' lang='lat' dir='ltr'><strong>divulgare</strong></span> <span class='ocrx_word' id='word_1_327' title='bbox 636 2397 876 2461; x_wconf 81' lang='lat' dir='ltr'><strong>curasti;</strong></span> <span class='ocrx_word' id='word_1_328' title='bbox 910 2412 1011 2451; x_wconf 83' lang='lat' dir='ltr'><strong>nec</strong></span> <span class='ocrx_word' id='word_1_329' title='bbox 1048 2397 1145 2451; x_wconf 89' lang='lat' dir='ltr'><strong>tibi</strong></span> <span class='ocrx_word' id='word_1_330' title='bbox 1186 2397 1290 2449; x_wconf 88' lang='lat' dir='ltr'><strong>alia</strong></span> <span class='ocrx_word' id='word_1_331' title='bbox 1346 2396 1535 2450; x_wconf 86' lang='lat' dir='ltr'><strong>salutis</strong></span> <span class='ocrx_word' id='word_1_332' title='bbox 1570 2403 1735 2449; x_wconf 80' lang='lat' dir='ltr'><strong>restat</strong></span> <span class='ocrx_word' id='word_1_333' title='bbox 1777 2394 1885 2460; x_wconf 88' lang='lat' dir='ltr'><strong>via,</strong></span> <span class='ocrx_word' id='word_1_334' title='bbox 1991 2389 2063 2443; x_wconf 84' lang='lat' dir='ltr'><strong>sit</strong></span> <span class='ocrx_word' id='word_1_335' title='bbox 2089 2406 2186 2459; x_wconf 92' lang='lat' dir='ltr'><strong>pro</strong></span> <span class='ocrx_word' id='word_1_336' title='bbox 2208 2390 2362 2445; x_wconf 86' lang='lat' dir='ltr'><strong>nobis</strong></span> <span class='ocrx_word' id='word_1_337' title='bbox 2390 2392 2529 2459; x_wconf 90' lang='lat' dir='ltr'><strong>apud</strong></span> <span class='ocrx_word' id='word_1_338' title='bbox 2549 2391 2785 2458; x_wconf 85' lang='lat' dir='ltr'><strong>Patrem,</strong></span> <span class='ocrx_word' id='word_1_339' title='bbox 2835 2394 3135 2450; x_wconf 89' lang='lat' dir='ltr'><strong>clarissimo</strong></span> <span class='ocrx_word' id='word_1_340' title='bbox 3162 2399 3432 2465; x_wconf 72' lang='lat' dir='ltr'><strong>praeconio</strong></span> <span class='ocrx_word' id='word_1_341' title='bbox 3465 2400 3569 2454; x_wconf 87' lang='lat' dir='ltr'><strong>iste</strong></span> 
     </span>
    </p>
   </div>
   <div class='ocr_carea' id='block_1_25' title="bbox 315 2481 3573 2555">
    <p class='ocr_par' dir='ltr' id='par_1_25' title="bbox 315 2481 3573 2555">
     <span class='ocr_line' id='line_1_25' title="bbox 315 2481 3573 2555; baseline 0.003 -19"><span class='ocrx_word' id='word_1_342' title='bbox 315 2485 419 2537; x_wconf 87' lang='lat' dir='ltr'><strong>nisi</strong></span> <span class='ocrx_word' id='word_1_343' title='bbox 457 2494 701 2553; x_wconf 87' lang='lat' dir='ltr'><strong>prompta</strong></span> <span class='ocrx_word' id='word_1_344' title='bbox 751 2501 908 2538; x_wconf 82' lang='lat' dir='ltr'><strong>manu</strong></span> <span class='ocrx_word' id='word_1_345' title='bbox 945 2485 1124 2540; x_wconf 76' lang='lat' dir='ltr'><strong>deleas</strong></span> <span class='ocrx_word' id='word_1_346' title='bbox 1166 2486 1581 2555; x_wconf 80' lang='lat' dir='ltr'><strong>chirographum</strong></span> <span class='ocrx_word' id='word_1_347' title='bbox 1633 2484 1888 2552; x_wconf 73' lang='lat' dir='ltr'><strong>iniquita-</strong></span> <span class='ocrx_word' id='word_1_348' title='bbox 1989 2481 2151 2535; x_wconf 89' lang='lat' dir='ltr'><strong>Pater</strong></span> <span class='ocrx_word' id='word_1_349' title='bbox 2173 2491 2392 2537; x_wconf 88' lang='lat' dir='ltr'><strong>sanctus</strong></span> <span class='ocrx_word' id='word_1_350' title='bbox 2420 2483 2692 2552; x_wconf 72' lang='lat' dir='ltr'><strong>patefecit,</strong></span> <span class='ocrx_word' id='word_1_351' title='bbox 2723 2486 2992 2554; x_wconf 91' lang='lat' dir='ltr'><strong>quomodo</strong></span> <span class='ocrx_word' id='word_1_352' title='bbox 3024 2487 3094 2541; x_wconf 89' lang='lat' dir='ltr'><strong>sit</strong></span> <span class='ocrx_word' id='word_1_353' title='bbox 3143 2490 3455 2555; x_wconf 77' lang='lat' dir='ltr'><strong>advocatus,</strong></span> <span class='ocrx_word' id='word_1_354' title='bbox 3488 2493 3573 2546; x_wconf 69' lang='grc' dir='ltr'><strong>αἱ·</strong></span> 
     </span>
    </p>
   </div>
   <div class='ocr_carea' id='block_1_26' title="bbox 317 2573 3569 2651">
    <p class='ocr_par' dir='ltr' id='par_1_26' title="bbox 317 2573 3569 2651">
     <span class='ocr_line' id='line_1_26' title="bbox 317 2573 3569 2651; baseline 0.003 -24"><span class='ocrx_word' id='word_1_355' title='bbox 317 2575 404 2636; x_wconf 90' lang='lat' dir='ltr'><strong>tis,</strong></span> <span class='ocrx_word' id='word_1_356' title='bbox 441 2576 662 2642; x_wconf 84' lang='lat' dir='ltr'><strong>quodin</strong></span> <span class='ocrx_word' id='word_1_357' title='bbox 711 2585 919 2629; x_wconf 87' lang='lat' dir='ltr'><strong>secreta</strong></span> <span class='ocrx_word' id='word_1_358' title='bbox 946 2576 1023 2629; x_wconf 91' lang='lat' dir='ltr'><strong>tui</strong></span> <span class='ocrx_word' id='word_1_359' title='bbox 1054 2576 1232 2629; x_wconf 69' lang='lat' dir='ltr'><strong>cordis</strong></span> <span class='ocrx_word' id='word_1_360' title='bbox 1276 2576 1535 2643; x_wconf 78' lang='lat' dir='ltr'><strong>scripsisti</strong></span> <span class='ocrx_word' id='word_1_361' title='bbox 1591 2575 1881 2644; x_wconf 84' lang='lat' dir='ltr'><strong>paginula;</strong></span> <span class='ocrx_word' id='word_1_362' title='bbox 1989 2588 2117 2627; x_wconf 89' lang='lat' dir='ltr'><strong>cens</strong></span> <span class='ocrx_word' id='word_1_363' title='bbox 2144 2574 2196 2626; x_wconf 92' lang='lat' dir='ltr'><strong>in</strong></span> <span class='ocrx_word' id='word_1_364' title='bbox 2222 2573 2478 2628; x_wconf 86' lang='lat' dir='ltr'><strong>vicesimo</strong></span> <span class='ocrx_word' id='word_1_365' title='bbox 2515 2577 2749 2629; x_wconf 90' lang='lat' dir='ltr'><strong>secundo</strong></span> <span class='ocrx_word' id='word_1_366' title='bbox 2773 2576 2910 2631; x_wconf 84' lang='lat' dir='ltr'><strong>libro</strong></span> <span class='ocrx_word' id='word_1_367' title='bbox 2947 2577 3097 2649; x_wconf 87' lang='lat' dir='ltr'><strong>(Cap.</strong></span> <span class='ocrx_word' id='word_1_368' title='bbox 3140 2580 3264 2651; x_wconf 77' lang='lat' dir='ltr'><strong>l7):</strong></span> <span class='ocrx_word' id='word_1_369' title='bbox 3320 2598 3337 2629; x_wconf 68' lang='grc' dir='ltr'><em>ς</em></span> <span class='ocrx_word' id='word_1_370' title='bbox 3369 2581 3569 2651; x_wconf 73' lang='lat' dir='ltr'><strong>Unige—</strong></span> 
     </span>
    </p>
   </div>
   <div class='ocr_carea' id='block_1_27' title="bbox 315 2663 3570 2741">
    <p class='ocr_par' dir='ltr' id='par_1_27' title="bbox 315 2663 3570 2741">
     <span class='ocr_line' id='line_1_27' title="bbox 315 2663 3570 2741; baseline 0.002 -21"><span class='ocrx_word' id='word_1_371' title='bbox 315 2673 372 2720; x_wconf 91' lang='lat' dir='ltr'><strong>et</strong></span> <span class='ocrx_word' id='word_1_372' title='bbox 399 2666 552 2720; x_wconf 89' lang='lat' dir='ltr'><strong>novis</strong></span> <span class='ocrx_word' id='word_1_373' title='bbox 592 2666 868 2721; x_wconf 72' lang='lat' dir='ltr'><strong>catholieze</strong></span> <span class='ocrx_word' id='word_1_374' title='bbox 891 2667 1011 2721; x_wconf 90' lang='lat' dir='ltr'><strong>ﬁdei</strong></span> <span class='ocrx_word' id='word_1_375' title='bbox 1039 2667 1257 2737; x_wconf 71' lang='lat' dir='ltr'><strong>syllabis</strong></span> <span class='ocrx_word' id='word_1_376' title='bbox 1284 2668 1525 2736; x_wconf 71' lang='lat' dir='ltr'><strong>pristina:</strong></span> <span class='ocrx_word' id='word_1_377' title='bbox 1555 2667 1885 2721; x_wconf 81' lang='lat' dir='ltr'><strong>inﬁdelitatis</strong></span> <span class='ocrx_word' id='word_1_378' title='bbox 1988 2663 2101 2718; x_wconf 83' lang='lat' dir='ltr'><strong>nilo</strong></span> <span class='ocrx_word' id='word_1_379' title='bbox 2122 2664 2264 2717; x_wconf 88' lang='lat' dir='ltr'><strong>enim</strong></span> <span class='ocrx_word' id='word_1_380' title='bbox 2286 2664 2380 2719; x_wconf 89' lang='lat' dir='ltr'><strong>Dei</strong></span> <span class='ocrx_word' id='word_1_381' title='bbox 2408 2665 2544 2720; x_wconf 85' lang='lat' dir='ltr'><strong>Filio</strong></span> <span class='ocrx_word' id='word_1_382' title='bbox 2569 2683 2667 2735; x_wconf 88' lang='lat' dir='ltr'><strong>pro</strong></span> <span class='ocrx_word' id='word_1_383' title='bbox 2688 2669 2905 2722; x_wconf 86' lang='lat' dir='ltr'><strong>homine</strong></span> <span class='ocrx_word' id='word_1_384' title='bbox 2922 2669 3283 2738; x_wconf 81' lang='lat' dir='ltr'><strong>interpellare,</strong></span> <span class='ocrx_word' id='word_1_385' title='bbox 3317 2682 3399 2725; x_wconf 89' lang='lat' dir='ltr'><strong>est</strong></span> <span class='ocrx_word' id='word_1_386' title='bbox 3427 2673 3570 2741; x_wconf 88' lang='lat' dir='ltr'><strong>apud</strong></span> 
     </span>
    </p>
   </div>
   <div class='ocr_carea' id='block_1_28' title="bbox 318 2755 3573 2833">
    <p class='ocr_par' dir='ltr' id='par_1_28' title="bbox 318 2755 3573 2833">
     <span class='ocr_line' id='line_1_28' title="bbox 318 2755 3573 2833; baseline 0.002 -25"><span class='ocrx_word' id='word_1_387' title='bbox 318 2755 499 2823; x_wconf 86' lang='lat' dir='ltr'><strong>apices</strong></span> <span class='ocrx_word' id='word_1_388' title='bbox 532 2757 888 2810; x_wconf 85' lang='lat' dir='ltr'><strong>obrumbrare</strong></span> <span class='ocrx_word' id='word_1_389' title='bbox 939 2757 1184 2826; x_wconf 88' lang='lat' dir='ltr'><strong>incipias.</strong></span> <span class='ocrx_word' id='word_1_390' title='bbox 1215 2757 1436 2827; x_wconf 78' lang='lat' dir='ltr'><strong>Legitur</strong></span> <span class='ocrx_word' id='word_1_391' title='bbox 1474 2759 1529 2811; x_wconf 89' lang='lat' dir='ltr'><strong>in</strong></span> <span class='ocrx_word' id='word_1_392' title='bbox 1572 2758 1768 2813; x_wconf 86' lang='lat' dir='ltr'><strong>litteris</strong></span> <span class='ocrx_word' id='word_1_393' title='bbox 1797 2775 1888 2813; x_wconf 85' lang='lat' dir='ltr'><strong>eo-</strong></span> <span class='ocrx_word' id='word_1_394' title='bbox 1988 2767 2317 2811; x_wconf 63' lang='lat' dir='ltr'><strong>coreteruum</strong></span> <span class='ocrx_word' id='word_1_395' title='bbox 2343 2757 2557 2811; x_wconf 90' lang='lat' dir='ltr'><strong>Patrem</strong></span> <span class='ocrx_word' id='word_1_396' title='bbox 2588 2760 2761 2828; x_wconf 89' lang='lat' dir='ltr'><strong>ipsum</strong></span> <span class='ocrx_word' id='word_1_397' title='bbox 2785 2776 2904 2814; x_wconf 89' lang='lat' dir='ltr'><strong>esse</strong></span> <span class='ocrx_word' id='word_1_398' title='bbox 2933 2761 3204 2816; x_wconf 86' lang='lat' dir='ltr'><strong>hominem</strong></span> <span class='ocrx_word' id='word_1_399' title='bbox 3230 2761 3405 2833; x_wconf 77' lang='lat' dir='ltr'><strong>[Greg.</strong></span> <span class='ocrx_word' id='word_1_400' title='bbox 3429 2763 3573 2832; x_wconf 87' lang='lat' dir='ltr'><strong>seip-</strong></span> 
     </span>
    </p>
   </div>
   <div class='ocr_carea' id='block_1_29' title="bbox 319 2844 3568 2921">
    <p class='ocr_par' dir='ltr' id='par_1_29' title="bbox 319 2844 3568 2921">
     <span class='ocr_line' id='line_1_29' title="bbox 319 2844 3568 2921; baseline 0.002 -24"><span class='ocrx_word' id='word_1_401' title='bbox 319 2861 456 2908; x_wconf 90' lang='lat' dir='ltr'><strong>rum,</strong></span> <span class='ocrx_word' id='word_1_402' title='bbox 486 2846 576 2914; x_wconf 87' lang='lat' dir='ltr'><strong>qui</strong></span> <span class='ocrx_word' id='word_1_403' title='bbox 604 2846 669 2899; x_wconf 89' lang='lat' dir='ltr'><strong>de</strong></span> <span class='ocrx_word' id='word_1_404' title='bbox 691 2845 924 2915; x_wconf 81' lang='lat' dir='ltr'><strong>lapidum</strong></span> <span class='ocrx_word' id='word_1_405' title='bbox 960 2855 1150 2900; x_wconf 88' lang='lat' dir='ltr'><strong>natura</strong></span> <span class='ocrx_word' id='word_1_406' title='bbox 1178 2848 1526 2916; x_wconf 87' lang='lat' dir='ltr'><strong>scripserunt,</strong></span> <span class='ocrx_word' id='word_1_407' title='bbox 1556 2848 1887 2902; x_wconf 88' lang='lat' dir='ltr'><strong>adamantini</strong></span> <span class='ocrx_word' id='word_1_408' title='bbox 1988 2859 2104 2898; x_wconf 87' lang='lat' dir='ltr'><strong>sum</strong></span> <span class='ocrx_word' id='word_1_409' title='bbox 2122 2844 2412 2919; x_wconf 87' lang='lat' dir='ltr'><strong>hominem]</strong></span> <span class='ocrx_word' id='word_1_410' title='bbox 2428 2848 3000 2918; x_wconf 63' lang='lat' dir='ltr'><strong>demonstrarewique</strong></span> <span class='ocrx_word' id='word_1_411' title='bbox 3019 2867 3115 2921; x_wconf 84' lang='lat' dir='ltr'><strong>pro</strong></span> <span class='ocrx_word' id='word_1_412' title='bbox 3130 2852 3568 2905; x_wconf 86' lang='lat' dir='ltr'><strong>bumananatura</strong></span> 
     </span>
    </p>
   </div>
   <div class='ocr_carea' id='block_1_30' title="bbox 320 2936 3579 3010">
    <p class='ocr_par' dir='ltr' id='par_1_30' title="bbox 320 2936 3579 3010">
     <span class='ocr_line' id='line_1_30' title="bbox 320 2936 3579 3010; baseline 0.002 -22"><span class='ocrx_word' id='word_1_413' title='bbox 320 2936 511 3005; x_wconf 81' lang='lat' dir='ltr'><strong>lapidis</strong></span> <span class='ocrx_word' id='word_1_414' title='bbox 536 2938 790 2992; x_wconf 87' lang='lat' dir='ltr'><strong>duritiam</strong></span> <span class='ocrx_word' id='word_1_415' title='bbox 815 2939 968 2994; x_wconf 83' lang='lat' dir='ltr'><strong>nullo</strong></span> <span class='ocrx_word' id='word_1_416' title='bbox 999 2940 1314 2995; x_wconf 85' lang='lat' dir='ltr'><strong>malleorum</strong></span> <span class='ocrx_word' id='word_1_417' title='bbox 1362 2941 1470 2994; x_wconf 90' lang='lat' dir='ltr'><strong>ictu</strong></span> <span class='ocrx_word' id='word_1_418' title='bbox 1501 2939 1695 3010; x_wconf 78' lang='lat' dir='ltr'><strong>frangi,</strong></span> <span class='ocrx_word' id='word_1_419' title='bbox 1738 2940 1886 2994; x_wconf 91' lang='lat' dir='ltr'><strong>nullo</strong></span> <span class='ocrx_word' id='word_1_420' title='bbox 1988 2952 2224 3005; x_wconf 83' lang='lat' dir='ltr'><strong>rogasse,</strong></span> <span class='ocrx_word' id='word_1_421' title='bbox 2254 2947 2339 2993; x_wconf 88' lang='lat' dir='ltr'><strong>est</strong></span> <span class='ocrx_word' id='word_1_422' title='bbox 2376 2941 2621 2995; x_wconf 89' lang='lat' dir='ltr'><strong>eamdem</strong></span> <span class='ocrx_word' id='word_1_423' title='bbox 2643 2949 2888 2995; x_wconf 89' lang='lat' dir='ltr'><strong>naturam</strong></span> <span class='ocrx_word' id='word_1_424' title='bbox 2917 2941 2968 2996; x_wconf 90' lang='lat' dir='ltr'><strong>in</strong></span> <span class='ocrx_word' id='word_1_425' title='bbox 2997 2942 3290 2996; x_wconf 87' lang='lat' dir='ltr'><strong>divinitatis</strong></span> <span class='ocrx_word' id='word_1_426' title='bbox 3330 2958 3438 2996; x_wconf 71' lang='lat' dir='ltr'><strong>sure</strong></span> <span class='ocrx_word' id='word_1_427' title='bbox 3463 2941 3579 2996; x_wconf 85' lang='lat' dir='ltr'><strong>cel-</strong></span> 
     </span>
    </p>
   </div>
   <div class='ocr_carea' id='block_1_31' title="bbox 320 3028 3575 3102">
    <p class='ocr_par' dir='ltr' id='par_1_31' title="bbox 320 3028 3575 3102">
     <span class='ocr_line' id='line_1_31' title="bbox 320 3028 3575 3102; baseline 0.002 -21"><span class='ocrx_word' id='word_1_428' title='bbox 320 3028 521 3093; x_wconf 72' lang='lat' dir='ltr'><strong>ignium</strong></span> <span class='ocrx_word' id='word_1_429' title='bbox 561 3029 754 3085; x_wconf 90' lang='lat' dir='ltr'><strong>ardore</strong></span> <span class='ocrx_word' id='word_1_430' title='bbox 794 3031 1011 3085; x_wconf 88' lang='lat' dir='ltr'><strong>dissolvi</strong></span> <span class='ocrx_word' id='word_1_431' title='bbox 1039 3050 1050 3084; x_wconf 90' lang='lat'>:</span> <span class='ocrx_word' id='word_1_432' title='bbox 1083 3032 1176 3086; x_wconf 91' lang='lat' dir='ltr'><strong>sed</strong></span> <span class='ocrx_word' id='word_1_433' title='bbox 1202 3031 1318 3085; x_wconf 82' lang='lat' dir='ltr'><strong>haec</strong></span> <span class='ocrx_word' id='word_1_434' title='bbox 1344 3031 1631 3085; x_wconf 89' lang='lat' dir='ltr'><strong>durissima</strong></span> <span class='ocrx_word' id='word_1_435' title='bbox 1678 3039 1887 3085; x_wconf 70' lang='lat' dir='ltr'><strong>naturze</strong></span> <span class='ocrx_word' id='word_1_436' title='bbox 1989 3029 2223 3083; x_wconf 88' lang='lat' dir='ltr'><strong>situdine</strong></span> <span class='ocrx_word' id='word_1_437' title='bbox 2236 3030 2588 3099; x_wconf 65' lang='lat' dir='ltr'><strong>suscepisse.»</strong></span> <span class='ocrx_word' id='word_1_438' title='bbox 2610 3031 2886 3102; x_wconf 85' lang='lat' dir='ltr'><strong>Cognosce</strong></span> <span class='ocrx_word' id='word_1_439' title='bbox 2901 3033 3041 3101; x_wconf 88' lang='lat' dir='ltr'><strong>quod</strong></span> <span class='ocrx_word' id='word_1_440' title='bbox 3066 3032 3368 3086; x_wconf 88' lang='lat' dir='ltr'><strong>nullatenus</strong></span> <span class='ocrx_word' id='word_1_441' title='bbox 3390 3032 3575 3102; x_wconf 85' lang='lat' dir='ltr'><strong>unige-</strong></span> 
     </span>
    </p>
   </div>
   <div class='ocr_carea' id='block_1_32' title="bbox 320 3118 3575 3191">
    <p class='ocr_par' dir='ltr' id='par_1_32' title="bbox 320 3118 3575 3191">
     <span class='ocr_line' id='line_1_32' title="bbox 320 3118 3575 3191; baseline 0.002 -20"><span class='ocrx_word' id='word_1_442' title='bbox 320 3119 460 3172; x_wconf 89' lang='lat' dir='ltr'><strong>iilius</strong></span> <span class='ocrx_word' id='word_1_443' title='bbox 496 3120 666 3175; x_wconf 90' lang='lat' dir='ltr'><strong>virtus</strong></span> <span class='ocrx_word' id='word_1_444' title='bbox 690 3123 948 3191; x_wconf 80' lang='lat' dir='ltr'><strong>sanguine</strong></span> <span class='ocrx_word' id='word_1_445' title='bbox 990 3122 1360 3176; x_wconf 80' lang='lat' dir='ltr'><strong>tantummolo</strong></span> <span class='ocrx_word' id='word_1_446' title='bbox 1389 3121 1599 3176; x_wconf 86' lang='lat' dir='ltr'><strong>hircino</strong></span> <span class='ocrx_word' id='word_1_447' title='bbox 1627 3121 1788 3175; x_wconf 90' lang='lat' dir='ltr'><strong>cedit.</strong></span> <span class='ocrx_word' id='word_1_448' title='bbox 1827 3120 1885 3175; x_wconf 89' lang='lat' dir='ltr'><strong>Si</strong></span> <span class='ocrx_word' id='word_1_449' title='bbox 1991 3119 2135 3174; x_wconf 86' lang='lat' dir='ltr'><strong>nitus</strong></span> <span class='ocrx_word' id='word_1_450' title='bbox 2155 3118 2473 3189; x_wconf 88' lang='lat' dir='ltr'><strong>dicipotest,</strong></span> <span class='ocrx_word' id='word_1_451' title='bbox 2507 3122 2609 3176; x_wconf 90' lang='lat' dir='ltr'><strong>nisi</strong></span> <span class='ocrx_word' id='word_1_452' title='bbox 2641 3137 2799 3177; x_wconf 87' lang='lat' dir='ltr'><strong>verus</strong></span> <span class='ocrx_word' id='word_1_453' title='bbox 2827 3124 2896 3177; x_wconf 91' lang='lat' dir='ltr'><strong>sit</strong></span> <span class='ocrx_word' id='word_1_454' title='bbox 2924 3123 3108 3178; x_wconf 91' lang='lat' dir='ltr'><strong>Filius.</strong></span> <span class='ocrx_word' id='word_1_455' title='bbox 3139 3122 3215 3177; x_wconf 87' lang='lat' dir='ltr'><strong>De</strong></span> <span class='ocrx_word' id='word_1_456' title='bbox 3240 3122 3389 3177; x_wconf 89' lang='lat' dir='ltr'><strong>nullo</strong></span> <span class='ocrx_word' id='word_1_457' title='bbox 3406 3121 3575 3191; x_wconf 82' lang='lat' dir='ltr'><strong>adop-</strong></span> 
     </span>
    </p>
   </div>
   <div class='ocr_carea' id='block_1_33' title="bbox 319 3203 3574 3285">
    <p class='ocr_par' dir='ltr' id='par_1_33' title="bbox 319 3203 3574 3285">
     <span class='ocr_line' id='line_1_33' title="bbox 319 3203 3574 3285; baseline 0.002 -24"><span class='ocrx_word' id='word_1_458' title='bbox 319 3209 462 3263; x_wconf 91' lang='lat' dir='ltr'><strong>nullo</strong></span> <span class='ocrx_word' id='word_1_459' title='bbox 503 3211 929 3265; x_wconf 87' lang='lat' dir='ltr'><strong>testimoniorum</strong></span> <span class='ocrx_word' id='word_1_460' title='bbox 966 3213 1203 3281; x_wconf 86' lang='lat' dir='ltr'><strong>pondere</strong></span> <span class='ocrx_word' id='word_1_461' title='bbox 1227 3212 1426 3267; x_wconf 88' lang='lat' dir='ltr'><strong>duritia</strong></span> <span class='ocrx_word' id='word_1_462' title='bbox 1457 3212 1637 3267; x_wconf 90' lang='lat' dir='ltr'><strong>cordis</strong></span> <span class='ocrx_word' id='word_1_463' title='bbox 1662 3213 1740 3266; x_wconf 91' lang='lat' dir='ltr'><strong>tui</strong></span> <span class='ocrx_word' id='word_1_464' title='bbox 1763 3228 1893 3268; x_wconf 88' lang='lat' dir='ltr'><strong>con-</strong></span> <span class='ocrx_word' id='word_1_465' title='bbox 1919 3203 1968 3266; x_wconf 87' lang='lat' dir='ltr'><strong>C</strong></span> <span class='ocrx_word' id='word_1_466' title='bbox 1998 3213 2107 3265; x_wconf 83' lang='lat' dir='ltr'><strong>tivo</strong></span> <span class='ocrx_word' id='word_1_467' title='bbox 2145 3220 2322 3282; x_wconf 88' lang='lat' dir='ltr'><strong>potest</strong></span> <span class='ocrx_word' id='word_1_468' title='bbox 2350 3213 2457 3267; x_wconf 91' lang='lat' dir='ltr'><strong>dici</strong></span> <span class='ocrx_word' id='word_1_469' title='bbox 2494 3215 2821 3284; x_wconf 83' lang='lat' dir='ltr'><strong>unigenitus,</strong></span> <span class='ocrx_word' id='word_1_470' title='bbox 2859 3216 2981 3285; x_wconf 89' lang='lat' dir='ltr'><strong>quia</strong></span> <span class='ocrx_word' id='word_1_471' title='bbox 3020 3217 3199 3285; x_wconf 84' lang='lat' dir='ltr'><strong>plures</strong></span> <span class='ocrx_word' id='word_1_472' title='bbox 3238 3223 3367 3269; x_wconf 89' lang='lat' dir='ltr'><strong>sunt</strong></span> <span class='ocrx_word' id='word_1_473' title='bbox 3411 3231 3574 3284; x_wconf 88' lang='lat' dir='ltr'><strong>quam</strong></span> 
     </span>
    </p>
   </div>
   <div class='ocr_carea' id='block_1_34' title="bbox 320 3304 1895 3376">
    <p class='ocr_par' dir='ltr' id='par_1_34' title="bbox 320 3304 1895 3376">
     <span class='ocr_line' id='line_1_34' title="bbox 320 3304 1895 3376; baseline 0.005 -22"><span class='ocrx_word' id='word_1_474' title='bbox 320 3304 420 3356; x_wconf 88' lang='lat' dir='ltr'><strong>teri</strong></span> <span class='ocrx_word' id='word_1_475' title='bbox 452 3304 645 3368; x_wconf 89' lang='lat' dir='ltr'><strong>valeat,</strong></span> <span class='ocrx_word' id='word_1_476' title='bbox 692 3305 970 3360; x_wconf 88' lang='lat' dir='ltr'><strong>mollescat</strong></span> <span class='ocrx_word' id='word_1_477' title='bbox 1012 3314 1067 3360; x_wconf 89' lang='lat' dir='ltr'><strong>et</strong></span> <span class='ocrx_word' id='word_1_478' title='bbox 1095 3307 1420 3361; x_wconf 85' lang='lat' dir='ltr'><strong>dissolvatur</strong></span> <span class='ocrx_word' id='word_1_479' title='bbox 1469 3308 1730 3376; x_wconf 81' lang='lat' dir='ltr'><strong>sanguine</strong></span> <span class='ocrx_word' id='word_1_480' title='bbox 1781 3308 1895 3362; x_wconf 87' lang='lat' dir='ltr'><strong>veri</strong></span> 
     </span>
    </p>
   </div>
   <div class='ocr_carea' id='block_1_35' title="bbox 320 3392 1896 3467">
    <p class='ocr_par' dir='ltr' id='par_1_35' title="bbox 320 3392 1896 3467">
     <span class='ocr_line' id='line_1_35' title="bbox 320 3392 1896 3467; baseline 0.003 -22"><span class='ocrx_word' id='word_1_481' title='bbox 320 3392 413 3446; x_wconf 83' lang='lat' dir='ltr'><strong>Dei</strong></span> <span class='ocrx_word' id='word_1_482' title='bbox 450 3394 658 3447; x_wconf 92' lang='lat' dir='ltr'><strong>Domini</strong></span> <span class='ocrx_word' id='word_1_483' title='bbox 703 3396 876 3449; x_wconf 90' lang='lat' dir='ltr'><strong>nostri</strong></span> <span class='ocrx_word' id='word_1_484' title='bbox 900 3394 1027 3450; x_wconf 86' lang='lat' dir='ltr'><strong>Jesu</strong></span> <span class='ocrx_word' id='word_1_485' title='bbox 1054 3396 1276 3463; x_wconf 87' lang='lat' dir='ltr'><strong>Christi,</strong></span> <span class='ocrx_word' id='word_1_486' title='bbox 1320 3397 1411 3466; x_wconf 91' lang='lat' dir='ltr'><strong>qui</strong></span> <span class='ocrx_word' id='word_1_487' title='bbox 1440 3397 1642 3452; x_wconf 75' lang='lat' dir='ltr'><strong>elfusus</strong></span> <span class='ocrx_word' id='word_1_488' title='bbox 1678 3406 1761 3452; x_wconf 89' lang='lat' dir='ltr'><strong>est</strong></span> <span class='ocrx_word' id='word_1_489' title='bbox 1797 3412 1896 3467; x_wconf 88' lang='lat' dir='ltr'><strong>pro</strong></span> 
     </span>
    </p>
   </div>
   <div class='ocr_carea' id='block_1_36' title="bbox 319 3483 1892 3557">
    <p class='ocr_par' dir='ltr' id='par_1_36' title="bbox 319 3483 1892 3557">
     <span class='ocr_line' id='line_1_36' title="bbox 319 3483 1892 3557; baseline 0.004 -22"><span class='ocrx_word' id='word_1_490' title='bbox 319 3483 489 3536; x_wconf 82' lang='lat' dir='ltr'><strong>salute</strong></span> <span class='ocrx_word' id='word_1_491' title='bbox 518 3491 627 3536; x_wconf 92' lang='lat' dir='ltr'><strong>tua.</strong></span> <span class='ocrx_word' id='word_1_492' title='bbox 658 3484 800 3539; x_wconf 91' lang='lat' dir='ltr'><strong>Deus</strong></span> <span class='ocrx_word' id='word_1_493' title='bbox 838 3493 922 3538; x_wconf 89' lang='lat' dir='ltr'><strong>est</strong></span> <span class='ocrx_word' id='word_1_494' title='bbox 947 3501 1095 3551; x_wconf 85' lang='lat' dir='ltr'><strong>vere,</strong></span> <span class='ocrx_word' id='word_1_495' title='bbox 1127 3488 1219 3555; x_wconf 88' lang='lat' dir='ltr'><strong>qui</strong></span> <span class='ocrx_word' id='word_1_496' title='bbox 1244 3494 1295 3540; x_wconf 91' lang='lat' dir='ltr'><strong>te</strong></span> <span class='ocrx_word' id='word_1_497' title='bbox 1319 3502 1416 3541; x_wconf 91' lang='lat' dir='ltr'><strong>suo</strong></span> <span class='ocrx_word' id='word_1_498' title='bbox 1446 3488 1707 3557; x_wconf 83' lang='lat' dir='ltr'><strong>sanguine</strong></span> <span class='ocrx_word' id='word_1_499' title='bbox 1737 3488 1892 3542; x_wconf 88' lang='lat' dir='ltr'><strong>rede-</strong></span> 
     </span>
    </p>
   </div>
   <div class='ocr_carea' id='block_1_37' title="bbox 320 3576 1890 3648">
    <p class='ocr_par' dir='ltr' id='par_1_37' title="bbox 320 3576 1890 3648">
     <span class='ocr_line' id='line_1_37' title="bbox 320 3576 1890 3648; baseline 0.003 -19"><span class='ocrx_word' id='word_1_500' title='bbox 320 3577 437 3639; x_wconf 86' lang='lat' dir='ltr'><strong>mit,</strong></span> <span class='ocrx_word' id='word_1_501' title='bbox 484 3586 537 3631; x_wconf 91' lang='lat' dir='ltr'><strong>ct</strong></span> <span class='ocrx_word' id='word_1_502' title='bbox 565 3576 657 3630; x_wconf 86' lang='lat' dir='ltr'><strong>Dei</strong></span> <span class='ocrx_word' id='word_1_503' title='bbox 684 3576 853 3632; x_wconf 84' lang='lat' dir='ltr'><strong>Filius</strong></span> <span class='ocrx_word' id='word_1_504' title='bbox 897 3592 1043 3643; x_wconf 87' lang='lat' dir='ltr'><strong>vere,</strong></span> <span class='ocrx_word' id='word_1_505' title='bbox 1074 3580 1165 3648; x_wconf 91' lang='lat' dir='ltr'><strong>qui</strong></span> <span class='ocrx_word' id='word_1_506' title='bbox 1193 3579 1260 3633; x_wconf 90' lang='lat' dir='ltr'><strong>de</strong></span> <span class='ocrx_word' id='word_1_507' title='bbox 1288 3579 1534 3648; x_wconf 86' lang='lat' dir='ltr'><strong>sepulcro</strong></span> <span class='ocrx_word' id='word_1_508' title='bbox 1572 3581 1890 3635; x_wconf 76' lang='lat' dir='ltr'><strong>resurrexit.</strong></span> 
     </span>
    </p>
   </div>
   <div class='ocr_carea' id='block_1_38' title="bbox 319 3665 1896 3740">
    <p class='ocr_par' dir='ltr' id='par_1_38' title="bbox 319 3665 1896 3740">
     <span class='ocr_line' id='line_1_38' title="bbox 319 3665 1896 3740; baseline 0.003 -20"><span class='ocrx_word' id='word_1_509' title='bbox 319 3666 476 3720; x_wconf 68' lang='lat' dir='ltr'><strong>Canio</strong></span> <span class='ocrx_word' id='word_1_510' title='bbox 501 3665 655 3737; x_wconf 86' lang='lat' dir='ltr'><strong>[Cod.</strong></span> <span class='ocrx_word' id='word_1_511' title='bbox 683 3667 887 3733; x_wconf 82' lang='lat' dir='ltr'><strong>Paris.,</strong></span> <span class='ocrx_word' id='word_1_512' title='bbox 921 3666 1085 3740; x_wconf 88' lang='lat' dir='ltr'><strong>Cade]</strong></span> <span class='ocrx_word' id='word_1_513' title='bbox 1113 3684 1275 3739; x_wconf 88' lang='lat' dir='ltr'><strong>super</strong></span> <span class='ocrx_word' id='word_1_514' title='bbox 1300 3668 1553 3739; x_wconf 88' lang='lat' dir='ltr'><strong>lapidem,</strong></span> <span class='ocrx_word' id='word_1_515' title='bbox 1591 3670 1683 3739; x_wconf 91' lang='lat' dir='ltr'><strong>qui</strong></span> <span class='ocrx_word' id='word_1_516' title='bbox 1712 3685 1896 3740; x_wconf 89' lang='lat' dir='ltr'><strong>repro-</strong></span> 
     </span>
    </p>
   </div>
   <div class='ocr_carea' id='block_1_39' title="bbox 322 3759 1896 3833">
    <p class='ocr_par' dir='ltr' id='par_1_39' title="bbox 322 3759 1896 3833">
     <span class='ocr_line' id='line_1_39' title="bbox 322 3759 1896 3833; baseline 0.004 -21"><span class='ocrx_word' id='word_1_517' title='bbox 322 3759 477 3813; x_wconf 86' lang='lat' dir='ltr'><strong>batus</strong></span> <span class='ocrx_word' id='word_1_518' title='bbox 494 3768 577 3813; x_wconf 78' lang='lat' dir='ltr'><strong>est</strong></span> <span class='ocrx_word' id='word_1_519' title='bbox 595 3761 663 3813; x_wconf 89' lang='lat' dir='ltr'><strong>ab</strong></span> <span class='ocrx_word' id='word_1_520' title='bbox 676 3761 1087 3827; x_wconf 65' lang='lat' dir='ltr'><strong>aediﬁcantibus,</strong></span> <span class='ocrx_word' id='word_1_521' title='bbox 1118 3770 1178 3816; x_wconf 90' lang='lat' dir='ltr'><strong>ut</strong></span> <span class='ocrx_word' id='word_1_522' title='bbox 1202 3761 1579 3833; x_wconf 80' lang='lat' dir='ltr'><strong>confringatur</strong></span> <span class='ocrx_word' id='word_1_523' title='bbox 1604 3763 1896 3818; x_wconf 88' lang='lat' dir='ltr'><strong>obstinatio</strong></span> 
     </span>
    </p>
   </div>
   <div class='ocr_carea' id='block_1_40' title="bbox 321 3848 1896 3923">
    <p class='ocr_par' dir='ltr' id='par_1_40' title="bbox 321 3848 1896 3923">
     <span class='ocr_line' id='line_1_40' title="bbox 321 3848 1896 3923; baseline 0.004 -21"><span class='ocrx_word' id='word_1_524' title='bbox 321 3848 499 3902; x_wconf 84' lang='lat' dir='ltr'><strong>cordis</strong></span> <span class='ocrx_word' id='word_1_525' title='bbox 532 3850 605 3904; x_wconf 91' lang='lat' dir='ltr'><strong>tui</strong></span> <span class='ocrx_word' id='word_1_526' title='bbox 647 3849 860 3921; x_wconf 78' lang='lat' dir='ltr'><strong>(Matth.</strong></span> <span class='ocrx_word' id='word_1_527' title='bbox 904 3868 1017 3918; x_wconf 62' lang='grc' dir='ltr'><strong>χει,</strong></span> <span class='ocrx_word' id='word_1_528' title='bbox 1057 3850 1169 3923; x_wconf 72' lang='grc'><strong>44).</strong></span> <span class='ocrx_word' id='word_1_529' title='bbox 1227 3850 1345 3905; x_wconf 84' lang='lat' dir='ltr'><strong>Noli</strong></span> <span class='ocrx_word' id='word_1_530' title='bbox 1378 3860 1641 3923; x_wconf 88' lang='lat' dir='ltr'><strong>spectare,</strong></span> <span class='ocrx_word' id='word_1_531' title='bbox 1683 3855 1896 3922; x_wconf 89' lang='lat' dir='ltr'><strong>quando</strong></span> 
     </span>
    </p>
   </div>
   <div class='ocr_carea' id='block_1_41' title="bbox 320 3940 1893 4015">
    <p class='ocr_par' dir='ltr' id='par_1_41' title="bbox 320 3940 1893 4015">
     <span class='ocr_line' id='line_1_41' title="bbox 320 3940 1893 4015; baseline 0.003 -22"><span class='ocrx_word' id='word_1_532' title='bbox 320 3940 387 3993; x_wconf 89' lang='lat' dir='ltr'><strong>de</strong></span> <span class='ocrx_word' id='word_1_533' title='bbox 425 3940 561 3995; x_wconf 79' lang='lat' dir='ltr'><strong>cmlo</strong></span> <span class='ocrx_word' id='word_1_534' title='bbox 588 3950 804 3996; x_wconf 88' lang='lat' dir='ltr'><strong>corruat</strong></span> <span class='ocrx_word' id='word_1_535' title='bbox 828 3958 992 4013; x_wconf 89' lang='lat' dir='ltr'><strong>super</strong></span> <span class='ocrx_word' id='word_1_536' title='bbox 1018 3951 1090 4009; x_wconf 89' lang='lat' dir='ltr'><strong>te,</strong></span> <span class='ocrx_word' id='word_1_537' title='bbox 1120 3952 1175 3997; x_wconf 88' lang='lat' dir='ltr'><strong>et</strong></span> <span class='ocrx_word' id='word_1_538' title='bbox 1198 3952 1387 3997; x_wconf 90' lang='lat' dir='ltr'><strong>contra</strong></span> <span class='ocrx_word' id='word_1_539' title='bbox 1421 3951 1472 3996; x_wconf 89' lang='lat' dir='ltr'><strong>te</strong></span> <span class='ocrx_word' id='word_1_540' title='bbox 1501 3942 1654 4015; x_wconf 87' lang='lat' dir='ltr'><strong>[Cod.</strong></span> <span class='ocrx_word' id='word_1_541' title='bbox 1692 3941 1893 4009; x_wconf 50' lang='lat' dir='ltr'><strong>Paria,</strong></span> 
     </span>
    </p>
   </div>
   <div class='ocr_carea' id='block_1_42' title="bbox 322 4032 1897 4105">
    <p class='ocr_par' dir='ltr' id='par_1_42' title="bbox 322 4032 1897 4105">
     <span class='ocr_line' id='line_1_42' title="bbox 322 4032 1897 4105; baseline 0.002 -21"><span class='ocrx_word' id='word_1_542' title='bbox 322 4032 608 4105; x_wconf 82' lang='lat' dir='ltr'><strong>conterat].</strong></span> <span class='ocrx_word' id='word_1_543' title='bbox 643 4034 912 4089; x_wconf 84' lang='lat' dir='ltr'><strong>Horribile</strong></span> <span class='ocrx_word' id='word_1_544' title='bbox 939 4044 1020 4090; x_wconf 90' lang='lat' dir='ltr'><strong>est</strong></span> <span class='ocrx_word' id='word_1_545' title='bbox 1051 4037 1195 4090; x_wconf 90' lang='lat' dir='ltr'><strong>enim</strong></span> <span class='ocrx_word' id='word_1_546' title='bbox 1223 4035 1462 4089; x_wconf 86' lang='lat' dir='ltr'><strong>incidere</strong></span> <span class='ocrx_word' id='word_1_547' title='bbox 1487 4033 1539 4087; x_wconf 89' lang='lat' dir='ltr'><strong>in</strong></span> <span class='ocrx_word' id='word_1_548' title='bbox 1568 4050 1760 4088; x_wconf 90' lang='lat' dir='ltr'><strong>manus</strong></span> <span class='ocrx_word' id='word_1_549' title='bbox 1787 4049 1897 4088; x_wconf 92' lang='lat' dir='ltr'><strong>om-</strong></span> 
     </span>
    </p>
   </div>
   <div class='ocr_carea' id='block_1_43' title="bbox 322 4127 1177 4202">
    <p class='ocr_par' dir='ltr' id='par_1_43' title="bbox 322 4127 1177 4202">
     <span class='ocr_line' id='line_1_43' title="bbox 322 4127 1177 4202; baseline 0.007 -25"><span class='ocrx_word' id='word_1_550' title='bbox 322 4127 611 4194; x_wconf 83' lang='lat' dir='ltr'><strong>nipotentis</strong></span> <span class='ocrx_word' id='word_1_551' title='bbox 640 4128 731 4181; x_wconf 88' lang='lat' dir='ltr'><strong>Dei</strong></span> <span class='ocrx_word' id='word_1_552' title='bbox 764 4127 949 4201; x_wconf 82' lang='lat' dir='ltr'><strong>(Hebr.</strong></span> <span class='ocrx_word' id='word_1_553' title='bbox 982 4145 1038 4195; x_wconf 82' lang='lat' dir='ltr'><strong>x,</strong></span> <span class='ocrx_word' id='word_1_554' title='bbox 1066 4129 1177 4202; x_wconf 79' lang='lat'><strong>5|).</strong></span> 
     </span>
    </p>
   </div>
   <div class='ocr_carea' id='block_1_44' title="bbox 390 4217 1892 4290">
    <p class='ocr_par' dir='ltr' id='par_1_44' title="bbox 390 4217 1892 4290">
     <span class='ocr_line' id='line_1_44' title="bbox 390 4217 1892 4290; baseline 0.002 -20"><span class='ocrx_word' id='word_1_555' title='bbox 390 4218 472 4270; x_wconf 91' lang='lat' dir='ltr'><strong>lll.</strong></span> <span class='ocrx_word' id='word_1_556' title='bbox 499 4217 623 4271; x_wconf 86' lang='lat' dir='ltr'><strong>Ideo</strong></span> <span class='ocrx_word' id='word_1_557' title='bbox 663 4227 770 4272; x_wconf 88' lang='lat' dir='ltr'><strong>tam</strong></span> <span class='ocrx_word' id='word_1_558' title='bbox 812 4220 1004 4289; x_wconf 75' lang='lat' dir='ltr'><strong>prolixi</strong></span> <span class='ocrx_word' id='word_1_559' title='bbox 1048 4220 1314 4275; x_wconf 88' lang='lat' dir='ltr'><strong>sermonis</strong></span> <span class='ocrx_word' id='word_1_560' title='bbox 1353 4219 1725 4290; x_wconf 65' lang='lat' dir='ltr'><strong>praefationem</strong></span> <span class='ocrx_word' id='word_1_561' title='bbox 1768 4218 1892 4285; x_wconf 85' lang='lat' dir='ltr'><strong>feci,</strong></span> 
     </span>
    </p>
   </div>
   <div class='ocr_carea' id='block_1_45' title="bbox 321 4309 1895 4385">
    <p class='ocr_par' dir='ltr' id='par_1_45' title="bbox 321 4309 1895 4385">
     <span class='ocr_line' id='line_1_45' title="bbox 321 4309 1895 4385; baseline 0.004 -25"><span class='ocrx_word' id='word_1_562' title='bbox 321 4309 446 4377; x_wconf 88' lang='lat' dir='ltr'><strong>quia</strong></span> <span class='ocrx_word' id='word_1_563' title='bbox 474 4310 753 4381; x_wconf 78' lang='lat' dir='ltr'><strong>segnitiem</strong></span> <span class='ocrx_word' id='word_1_564' title='bbox 779 4320 926 4365; x_wconf 89' lang='lat' dir='ltr'><strong>tuam</strong></span> <span class='ocrx_word' id='word_1_565' title='bbox 953 4312 1219 4366; x_wconf 86' lang='lat' dir='ltr'><strong>suscitare</strong></span> <span class='ocrx_word' id='word_1_566' title='bbox 1251 4313 1563 4377; x_wconf 86' lang='lat' dir='ltr'><strong>voluissem,</strong></span> <span class='ocrx_word' id='word_1_567' title='bbox 1598 4321 1659 4368; x_wconf 90' lang='lat' dir='ltr'><strong>ut</strong></span> <span class='ocrx_word' id='word_1_568' title='bbox 1693 4328 1895 4385; x_wconf 88' lang='lat' dir='ltr'><strong>cogno-</strong></span> 
     </span>
    </p>
   </div>
   <div class='ocr_carea' id='block_1_46' title="bbox 320 4405 1895 4460">
    <p class='ocr_par' dir='ltr' id='par_1_46' title="bbox 320 4405 1895 4460">
     <span class='ocr_line' id='line_1_46' title="bbox 320 4405 1895 4460; baseline 0.003 -4"><span class='ocrx_word' id='word_1_569' title='bbox 320 4416 502 4458; x_wconf 86' lang='lat' dir='ltr'><strong>sceres</strong></span> <span class='ocrx_word' id='word_1_570' title='bbox 538 4412 734 4457; x_wconf 74' lang='lat' dir='ltr'><strong>nostrae</strong></span> <span class='ocrx_word' id='word_1_571' title='bbox 756 4405 1050 4459; x_wconf 89' lang='lat' dir='ltr'><strong>voluntatis</strong></span> <span class='ocrx_word' id='word_1_572' title='bbox 1080 4405 1145 4459; x_wconf 90' lang='lat' dir='ltr'><strong>de</strong></span> <span class='ocrx_word' id='word_1_573' title='bbox 1169 4412 1258 4458; x_wconf 90' lang='lat' dir='ltr'><strong>tua</strong></span> <span class='ocrx_word' id='word_1_574' title='bbox 1287 4405 1459 4459; x_wconf 89' lang='lat' dir='ltr'><strong>salute</strong></span> <span class='ocrx_word' id='word_1_575' title='bbox 1487 4405 1759 4460; x_wconf 78' lang='lat' dir='ltr'><strong>allectum.</strong></span> <span class='ocrx_word' id='word_1_576' title='bbox 1789 4406 1895 4460; x_wconf 90' lang='lat' dir='ltr'><strong>Sed</strong></span> 
     </span>
    </p>
   </div>
   <div class='ocr_carea' id='block_1_47' title="bbox 323 4496 1895 4564">
    <p class='ocr_par' dir='ltr' id='par_1_47' title="bbox 323 4496 1895 4564">
     <span class='ocr_line' id='line_1_47' title="bbox 323 4496 1895 4564; baseline 0.001 -17"><span class='ocrx_word' id='word_1_577' title='bbox 323 4502 531 4564; x_wconf 89' lang='lat' dir='ltr'><strong>tempus</strong></span> <span class='ocrx_word' id='word_1_578' title='bbox 559 4504 662 4561; x_wconf 86' lang='lat' dir='ltr'><strong>cst,</strong></span> <span class='ocrx_word' id='word_1_579' title='bbox 692 4504 751 4549; x_wconf 90' lang='lat' dir='ltr'><strong>ut</strong></span> <span class='ocrx_word' id='word_1_580' title='bbox 779 4504 977 4550; x_wconf 74' lang='lat' dir='ltr'><strong>nostra:</strong></span> <span class='ocrx_word' id='word_1_581' title='bbox 1006 4511 1213 4551; x_wconf 90' lang='lat' dir='ltr'><strong>memor</strong></span> <span class='ocrx_word' id='word_1_582' title='bbox 1241 4496 1613 4564; x_wconf 89' lang='lat' dir='ltr'><strong>promissionis</strong></span> <span class='ocrx_word' id='word_1_583' title='bbox 1635 4496 1771 4550; x_wconf 89' lang='lat' dir='ltr'><strong>alios</strong></span> <span class='ocrx_word' id='word_1_584' title='bbox 1800 4496 1895 4550; x_wconf 83' lang='lat' dir='ltr'><strong>tibi</strong></span> 
     </span>
    </p>
   </div>
   <div class='ocr_carea' id='block_1_48' title="bbox 1995 3305 3575 3377">
    <p class='ocr_par' dir='ltr' id='par_1_48' title="bbox 1995 3305 3575 3377">
     <span class='ocr_line' id='line_1_48' title="bbox 1995 3305 3575 3377; baseline 0.004 -21"><span class='ocrx_word' id='word_1_585' title='bbox 1995 3318 2133 3356; x_wconf 89' lang='lat' dir='ltr'><strong>unus</strong></span> <span class='ocrx_word' id='word_1_586' title='bbox 2151 3319 2271 3367; x_wconf 88' lang='lat' dir='ltr'><strong>;nec</strong></span> <span class='ocrx_word' id='word_1_587' title='bbox 2283 3305 2568 3374; x_wconf 87' lang='lat' dir='ltr'><strong>quisquam</strong></span> <span class='ocrx_word' id='word_1_588' title='bbox 2590 3321 2655 3360; x_wconf 79' lang='lat' dir='ltr'><strong>ex</strong></span> <span class='ocrx_word' id='word_1_589' title='bbox 2680 3308 2945 3377; x_wconf 84' lang='lat' dir='ltr'><strong>adeptivis</strong></span> <span class='ocrx_word' id='word_1_590' title='bbox 2971 3308 3023 3361; x_wconf 90' lang='lat' dir='ltr'><strong>in</strong></span> <span class='ocrx_word' id='word_1_591' title='bbox 3048 3308 3307 3363; x_wconf 91' lang='lat' dir='ltr'><strong>unitatem</strong></span> <span class='ocrx_word' id='word_1_592' title='bbox 3330 3321 3575 3376; x_wconf 74' lang='lat' dir='ltr'><strong>persona:</strong></span> 
     </span>
    </p>
   </div>
   <div class='ocr_carea' id='block_1_49' title="bbox 1994 3393 3572 3467">
    <p class='ocr_par' dir='ltr' id='par_1_49' title="bbox 1994 3393 3572 3467">
     <span class='ocr_line' id='line_1_49' title="bbox 1994 3393 3572 3467; baseline 0.003 -19"><span class='ocrx_word' id='word_1_593' title='bbox 1994 3410 2117 3448; x_wconf 90' lang='lat' dir='ltr'><strong>cum</strong></span> <span class='ocrx_word' id='word_1_594' title='bbox 2166 3393 2260 3448; x_wconf 90' lang='lat' dir='ltr'><strong>Dei</strong></span> <span class='ocrx_word' id='word_1_595' title='bbox 2298 3394 2437 3449; x_wconf 88' lang='lat' dir='ltr'><strong>Filio</strong></span> <span class='ocrx_word' id='word_1_596' title='bbox 2486 3405 2793 3467; x_wconf 87' lang='lat' dir='ltr'><strong>assumptus</strong></span> <span class='ocrx_word' id='word_1_597' title='bbox 2837 3406 2941 3463; x_wconf 84' lang='lat' dir='ltr'><strong>est,</strong></span> <span class='ocrx_word' id='word_1_598' title='bbox 2993 3414 3092 3452; x_wconf 90' lang='lat' dir='ltr'><strong>nec</strong></span> <span class='ocrx_word' id='word_1_599' title='bbox 3147 3399 3215 3453; x_wconf 86' lang='lat' dir='ltr'><strong>ad</strong></span> <span class='ocrx_word' id='word_1_600' title='bbox 3269 3399 3572 3453; x_wconf 80' lang='lat' dir='ltr'><strong>divinitatis</strong></span> 
     </span>
    </p>
   </div>
   <div class='ocr_carea' id='block_1_50' title="bbox 1994 3484 3572 3559">
    <p class='ocr_par' dir='ltr' id='par_1_50' title="bbox 1994 3484 3572 3559">
     <span class='ocr_line' id='line_1_50' title="bbox 1994 3484 3572 3559; baseline 0.004 -21"><span class='ocrx_word' id='word_1_601' title='bbox 1994 3484 2217 3554; x_wconf 83' lang='lat' dir='ltr'><strong>gloriam</strong></span> <span class='ocrx_word' id='word_1_602' title='bbox 2271 3485 2574 3540; x_wconf 73' lang='lat' dir='ltr'><strong>exaltatus:</strong></span> <span class='ocrx_word' id='word_1_603' title='bbox 2619 3488 2785 3542; x_wconf 90' lang='lat' dir='ltr'><strong>etiam</strong></span> <span class='ocrx_word' id='word_1_604' title='bbox 2828 3504 2929 3543; x_wconf 89' lang='lat' dir='ltr'><strong>nec</strong></span> <span class='ocrx_word' id='word_1_605' title='bbox 2974 3489 3165 3543; x_wconf 89' lang='lat' dir='ltr'><strong>unicus</strong></span> <span class='ocrx_word' id='word_1_606' title='bbox 3194 3489 3409 3559; x_wconf 90' lang='lat' dir='ltr'><strong>proprie</strong></span> <span class='ocrx_word' id='word_1_607' title='bbox 3463 3490 3572 3544; x_wconf 90' lang='lat' dir='ltr'><strong>diei</strong></span> 
     </span>
    </p>
   </div>
   <div class='ocr_carea' id='block_1_51' title="bbox 1994 3578 3571 3650">
    <p class='ocr_par' dir='ltr' id='par_1_51' title="bbox 1994 3578 3571 3650">
     <span class='ocr_line' id='line_1_51' title="bbox 1994 3578 3571 3650; baseline 0.003 -21"><span class='ocrx_word' id='word_1_608' title='bbox 1994 3583 2192 3645; x_wconf 91' lang='lat' dir='ltr'><strong>potest,</strong></span> <span class='ocrx_word' id='word_1_609' title='bbox 2225 3578 2365 3633; x_wconf 90' lang='lat' dir='ltr'><strong>sicut</strong></span> <span class='ocrx_word' id='word_1_610' title='bbox 2391 3579 2791 3648; x_wconf 89' lang='lat' dir='ltr'><strong>probatissimis</strong></span> <span class='ocrx_word' id='word_1_611' title='bbox 2823 3581 2984 3650; x_wconf 92' lang='lat' dir='ltr'><strong>paulo</strong></span> <span class='ocrx_word' id='word_1_612' title='bbox 3028 3588 3153 3634; x_wconf 87' lang='lat' dir='ltr'><strong>ante</strong></span> <span class='ocrx_word' id='word_1_613' title='bbox 3202 3581 3345 3635; x_wconf 90' lang='lat' dir='ltr'><strong>beati</strong></span> <span class='ocrx_word' id='word_1_614' title='bbox 3386 3580 3571 3649; x_wconf 84' lang='lat' dir='ltr'><strong>Augu-</strong></span> 
     </span>
    </p>
   </div>
   <div class='ocr_carea' id='block_1_52' title="bbox 1996 3667 3571 3736">
    <p class='ocr_par' dir='ltr' id='par_1_52' title="bbox 1996 3667 3571 3736">
     <span class='ocr_line' id='line_1_52' title="bbox 1996 3667 3571 3736; baseline 0.001 -13"><span class='ocrx_word' id='word_1_615' title='bbox 1996 3669 2123 3727; x_wconf 87' lang='lat' dir='ltr'><strong>stini</strong></span> <span class='ocrx_word' id='word_1_616' title='bbox 2151 3670 2474 3724; x_wconf 89' lang='lat' dir='ltr'><strong>testimoniis</strong></span> <span class='ocrx_word' id='word_1_617' title='bbox 2487 3667 2760 3723; x_wconf 87' lang='lat' dir='ltr'><strong>Christum</strong></span> <span class='ocrx_word' id='word_1_618' title='bbox 2783 3670 2983 3725; x_wconf 89' lang='lat' dir='ltr'><strong>dictum</strong></span> <span class='ocrx_word' id='word_1_619' title='bbox 3008 3686 3129 3725; x_wconf 90' lang='lat' dir='ltr'><strong>esse</strong></span> <span class='ocrx_word' id='word_1_620' title='bbox 3152 3670 3571 3736; x_wconf 86' lang='lat' dir='ltr'><strong>declaravimus;</strong></span> 
     </span>
    </p>
   </div>
   <div class='ocr_carea' id='block_1_53' title="bbox 1997 3761 3578 3830">
    <p class='ocr_par' dir='ltr' id='par_1_53' title="bbox 1997 3761 3578 3830">
     <span class='ocr_line' id='line_1_53' title="bbox 1997 3761 3578 3830; baseline 0.001 -16"><span class='ocrx_word' id='word_1_621' title='bbox 1997 3770 2051 3815; x_wconf 90' lang='lat' dir='ltr'><strong>et</strong></span> <span class='ocrx_word' id='word_1_622' title='bbox 2076 3761 2281 3815; x_wconf 90' lang='lat' dir='ltr'><strong>sanctis</strong></span> <span class='ocrx_word' id='word_1_623' title='bbox 2307 3776 2522 3830; x_wconf 85' lang='lat' dir='ltr'><strong>quoque</strong></span> <span class='ocrx_word' id='word_1_624' title='bbox 2556 3761 2843 3815; x_wconf 88' lang='lat' dir='ltr'><strong>missarum</strong></span> <span class='ocrx_word' id='word_1_625' title='bbox 2873 3777 2937 3815; x_wconf 88' lang='lat' dir='ltr'><strong>ac</strong></span> <span class='ocrx_word' id='word_1_626' title='bbox 2984 3762 3285 3816; x_wconf 87' lang='lat' dir='ltr'><strong>orationum</strong></span> <span class='ocrx_word' id='word_1_627' title='bbox 3324 3762 3578 3830; x_wconf 88' lang='lat' dir='ltr'><strong>precibus</strong></span> 
     </span>
    </p>
   </div>
   <div class='ocr_carea' id='block_1_54' title="bbox 1996 3851 3486 3921">
    <p class='ocr_par' dir='ltr' id='par_1_54' title="bbox 1996 3851 3486 3921">
     <span class='ocr_line' id='line_1_54' title="bbox 1996 3851 3486 3921; baseline -0.001 -16"><span class='ocrx_word' id='word_1_628' title='bbox 1996 3851 2215 3905; x_wconf 85' lang='lat' dir='ltr'><strong>beatum</strong></span> <span class='ocrx_word' id='word_1_629' title='bbox 2243 3851 2562 3921; x_wconf 81' lang='lat' dir='ltr'><strong>Gregorium</strong></span> <span class='ocrx_word' id='word_1_630' title='bbox 2586 3852 2830 3921; x_wconf 89' lang='lat' dir='ltr'><strong>posuisse</strong></span> <span class='ocrx_word' id='word_1_631' title='bbox 2858 3852 3108 3921; x_wconf 86' lang='lat' dir='ltr'><strong>superius</strong></span> <span class='ocrx_word' id='word_1_632' title='bbox 3135 3853 3486 3906; x_wconf 86' lang='lat' dir='ltr'><strong>ostendimus.</strong></span> 
     </span>
    </p>
   </div>
   <div class='ocr_carea' id='block_1_55' title="bbox 2065 3940 3578 4013">
    <p class='ocr_par' dir='ltr' id='par_1_55' title="bbox 2065 3940 3578 4013">
     <span class='ocr_line' id='line_1_55' title="bbox 2065 3940 3578 4013; baseline 0.001 -19"><span class='ocrx_word' id='word_1_633' title='bbox 2065 3941 2154 3996; x_wconf 77' lang='grc' dir='ltr'><strong>Ν.</strong></span> <span class='ocrx_word' id='word_1_634' title='bbox 2196 3942 2336 4011; x_wconf 89' lang='lat' dir='ltr'><strong>Ergo</strong></span> <span class='ocrx_word' id='word_1_635' title='bbox 2362 3949 2417 3995; x_wconf 90' lang='lat' dir='ltr'><strong>et</strong></span> <span class='ocrx_word' id='word_1_636' title='bbox 2448 3941 2636 3996; x_wconf 85' lang='lat' dir='ltr'><strong>beatus</strong></span> <span class='ocrx_word' id='word_1_637' title='bbox 2675 3941 3031 4013; x_wconf 82' lang='lat' dir='ltr'><strong>Hieronymus</strong></span> <span class='ocrx_word' id='word_1_638' title='bbox 3078 3943 3131 3995; x_wconf 91' lang='lat' dir='ltr'><strong>in</strong></span> <span class='ocrx_word' id='word_1_639' title='bbox 3175 3940 3291 4010; x_wconf 85' lang='lat' dir='ltr'><strong>ejus</strong></span> <span class='ocrx_word' id='word_1_640' title='bbox 3324 3942 3578 3996; x_wconf 84' lang='lat' dir='ltr'><strong>versiculi</strong></span> 
     </span>
    </p>
   </div>
   <div class='ocr_carea' id='block_1_56' title="bbox 1998 4032 3581 4104">
    <p class='ocr_par' dir='ltr' id='par_1_56' title="bbox 1998 4032 3581 4104">
     <span class='ocr_line' id='line_1_56' title="bbox 1998 4032 3581 4104; baseline 0.002 -19"><span class='ocrx_word' id='word_1_641' title='bbox 1998 4032 2447 4102; x_wconf 87' lang='lat' dir='ltr'><strong>interpretatione</strong></span> <span class='ocrx_word' id='word_1_642' title='bbox 2486 4034 2773 4099; x_wconf 87' lang='lat' dir='ltr'><strong>consentit,</strong></span> <span class='ocrx_word' id='word_1_643' title='bbox 2803 4033 2892 4087; x_wconf 89' lang='lat' dir='ltr'><strong>ubi</strong></span> <span class='ocrx_word' id='word_1_644' title='bbox 2917 4034 3182 4104; x_wconf 80' lang='lat' dir='ltr'><strong>PrOpheta</strong></span> <span class='ocrx_word' id='word_1_645' title='bbox 3212 4034 3288 4087; x_wconf 90' lang='lat' dir='ltr'><strong>ait</strong></span> <span class='ocrx_word' id='word_1_646' title='bbox 3317 4052 3331 4088; x_wconf 86' lang='lat'><strong>:</strong></span> <span class='ocrx_word' id='word_1_647' title='bbox 3367 4032 3581 4103; x_wconf 69' lang='lat' dir='ltr'><strong>Respice</strong></span> 
     </span>
    </p>
   </div>
   <div class='ocr_carea' id='block_1_57' title="bbox 1996 4124 3585 4195">
    <p class='ocr_par' dir='ltr' id='par_1_57' title="bbox 1996 4124 3585 4195">
     <span class='ocr_line' id='line_1_57' title="bbox 1996 4124 3585 4195; baseline 0 -19"><span class='ocrx_word' id='word_1_648' title='bbox 1996 4125 2194 4189; x_wconf 82' lang='lat' dir='ltr'><strong>inme,</strong></span> <span class='ocrx_word' id='word_1_649' title='bbox 2239 4134 2286 4177; x_wconf 76' lang='lat' dir='ltr'><strong>et</strong></span> <span class='ocrx_word' id='word_1_650' title='bbox 2329 4124 2572 4177; x_wconf 82' lang='lat' dir='ltr'><strong>miserere</strong></span> <span class='ocrx_word' id='word_1_651' title='bbox 2609 4124 2756 4178; x_wconf 80' lang='lat' dir='ltr'><strong>mei:</strong></span> <span class='ocrx_word' id='word_1_652' title='bbox 2781 4125 3027 4194; x_wconf 74' lang='lat' dir='ltr'><strong>quoniam</strong></span> <span class='ocrx_word' id='word_1_653' title='bbox 3072 4126 3256 4178; x_wconf 82' lang='lat' dir='ltr'><strong>unicus</strong></span> <span class='ocrx_word' id='word_1_654' title='bbox 3295 4135 3340 4177; x_wconf 82' lang='lat' dir='ltr'><strong>et</strong></span> <span class='ocrx_word' id='word_1_655' title='bbox 3383 4141 3585 4195; x_wconf 79' lang='lat' dir='ltr'><strong>pauper</strong></span> 
     </span>
    </p>
   </div>
   <div class='ocr_carea' id='block_1_58' title="bbox 1997 4213 3581 4287">
    <p class='ocr_par' dir='ltr' id='par_1_58' title="bbox 1997 4213 3581 4287">
     <span class='ocr_line' id='line_1_58' title="bbox 1997 4213 3581 4287; baseline 0 -18"><span class='ocrx_word' id='word_1_656' title='bbox 1997 4230 2111 4269; x_wconf 84' lang='lat' dir='ltr'><strong>sum</strong></span> <span class='ocrx_word' id='word_1_657' title='bbox 2156 4232 2248 4285; x_wconf 81' lang='lat' dir='ltr'><strong>ego</strong></span> <span class='ocrx_word' id='word_1_658' title='bbox 2278 4213 2449 4287; x_wconf 83' lang='lat' dir='ltr'><strong>(Psal.</strong></span> <span class='ocrx_word' id='word_1_659' title='bbox 2479 4232 2628 4281; x_wconf 73' lang='lat' dir='ltr'><strong>xxiv,</strong></span> <span class='ocrx_word' id='word_1_660' title='bbox 2658 4216 2767 4287; x_wconf 79' lang='grc'><strong>16).</strong></span> <span class='ocrx_word' id='word_1_661' title='bbox 2795 4229 2821 4257; x_wconf 78' lang='grc' dir='ltr'><strong>ιι</strong></span> <span class='ocrx_word' id='word_1_662' title='bbox 2852 4235 2871 4267; x_wconf 86' lang='grc'><strong>(</strong></span> <span class='ocrx_word' id='word_1_663' title='bbox 2909 4216 3050 4271; x_wconf 88' lang='lat' dir='ltr'><strong>Bene</strong></span> <span class='ocrx_word' id='word_1_664' title='bbox 3080 4233 3137 4270; x_wconf 88' lang='lat' dir='ltr'><strong>se</strong></span> <span class='ocrx_word' id='word_1_665' title='bbox 3162 4218 3378 4271; x_wconf 88' lang='lat' dir='ltr'><strong>unicum</strong></span> <span class='ocrx_word' id='word_1_666' title='bbox 3424 4217 3581 4280; x_wconf 90' lang='lat' dir='ltr'><strong>dicit,</strong></span> 
     </span>
    </p>
   </div>
   <div class='ocr_carea' id='block_1_59' title="bbox 1998 4307 3582 4377">
    <p class='ocr_par' dir='ltr' id='par_1_59' title="bbox 1998 4307 3582 4377">
     <span class='ocr_line' id='line_1_59' title="bbox 1998 4307 3582 4377; baseline 0.001 -17"><span class='ocrx_word' id='word_1_667' title='bbox 1998 4308 2122 4376; x_wconf 87' lang='lat' dir='ltr'><strong>quia</strong></span> <span class='ocrx_word' id='word_1_668' title='bbox 2148 4307 2455 4377; x_wconf 87' lang='lat' dir='ltr'><strong>unigenitus</strong></span> <span class='ocrx_word' id='word_1_669' title='bbox 2476 4316 2558 4363; x_wconf 91' lang='lat' dir='ltr'><strong>est</strong></span> <span class='ocrx_word' id='word_1_670' title='bbox 2584 4308 2760 4362; x_wconf 87' lang='lat' dir='ltr'><strong>Patris</strong></span> <span class='ocrx_word' id='word_1_671' title='bbox 2791 4308 2845 4363; x_wconf 91' lang='lat' dir='ltr'><strong>in</strong></span> <span class='ocrx_word' id='word_1_672' title='bbox 2872 4324 3037 4363; x_wconf 88' lang='lat' dir='ltr'><strong>carne</strong></span> <span class='ocrx_word' id='word_1_673' title='bbox 3068 4318 3242 4363; x_wconf 83' lang='lat' dir='ltr'><strong>natus.</strong></span> <span class='ocrx_word' id='word_1_674' title='bbox 3276 4329 3293 4361; x_wconf 87' lang='grc'>›</span> <span class='ocrx_word' id='word_1_675' title='bbox 3325 4310 3425 4375; x_wconf 89' lang='lat' dir='ltr'><strong>Qui</strong></span> <span class='ocrx_word' id='word_1_676' title='bbox 3453 4324 3582 4362; x_wconf 78' lang='lat' dir='ltr'><strong>vero</strong></span> 
     </span>
    </p>
   </div>
   <div class='ocr_carea' id='block_1_60' title="bbox 1998 4394 3583 4470">
    <p class='ocr_par' dir='ltr' id='par_1_60' title="bbox 1998 4394 3583 4470">
     <span class='ocr_line' id='line_1_60' title="bbox 1998 4394 3583 4470; baseline 0 -18"><span class='ocrx_word' id='word_1_677' title='bbox 1998 4407 2159 4469; x_wconf 85' lang='lat' dir='ltr'><strong>negat</strong></span> <span class='ocrx_word' id='word_1_678' title='bbox 2185 4399 2520 4470; x_wconf 84' lang='lat' dir='ltr'><strong>unigenitum</strong></span> <span class='ocrx_word' id='word_1_679' title='bbox 2550 4400 2644 4455; x_wconf 92' lang='lat' dir='ltr'><strong>Dei</strong></span> <span class='ocrx_word' id='word_1_680' title='bbox 2680 4394 2879 4454; x_wconf 77' lang='lat' dir='ltr'><strong>Filium</strong></span> <span class='ocrx_word' id='word_1_681' title='bbox 2909 4416 3005 4470; x_wconf 91' lang='lat' dir='ltr'><strong>pro</strong></span> <span class='ocrx_word' id='word_1_682' title='bbox 3047 4400 3229 4455; x_wconf 90' lang='lat' dir='ltr'><strong>mundi</strong></span> <span class='ocrx_word' id='word_1_683' title='bbox 3261 4399 3430 4453; x_wconf 87' lang='lat' dir='ltr'><strong>salute</strong></span> <span class='ocrx_word' id='word_1_684' title='bbox 3458 4415 3583 4452; x_wconf 87' lang='lat' dir='ltr'><strong>cru-</strong></span> 
     </span>
    </p>
   </div>
   <div class='ocr_carea' id='block_1_61' title="bbox 1999 4491 3581 4560">
    <p class='ocr_par' dir='ltr' id='par_1_61' title="bbox 1999 4491 3581 4560">
     <span class='ocr_line' id='line_1_61' title="bbox 1999 4491 3581 4560; baseline -0.001 -14"><span class='ocrx_word' id='word_1_685' title='bbox 1999 4492 2217 4546; x_wconf 72' lang='lat' dir='ltr'><strong>ciﬁxum</strong></span> <span class='ocrx_word' id='word_1_686' title='bbox 2251 4506 2389 4556; x_wconf 88' lang='lat' dir='ltr'><strong>esse,</strong></span> <span class='ocrx_word' id='word_1_687' title='bbox 2414 4492 2514 4546; x_wconf 89' lang='lat' dir='ltr'><strong>sub</strong></span> <span class='ocrx_word' id='word_1_688' title='bbox 2536 4491 2729 4546; x_wconf 89' lang='lat' dir='ltr'><strong>Pontio</strong></span> <span class='ocrx_word' id='word_1_689' title='bbox 2753 4492 2925 4546; x_wconf 88' lang='lat' dir='ltr'><strong>Pilato</strong></span> <span class='ocrx_word' id='word_1_690' title='bbox 2955 4507 3171 4560; x_wconf 88' lang='lat' dir='ltr'><strong>passum</strong></span> <span class='ocrx_word' id='word_1_691' title='bbox 3207 4499 3261 4544; x_wconf 88' lang='lat' dir='ltr'><strong>et</strong></span> <span class='ocrx_word' id='word_1_692' title='bbox 3288 4491 3581 4560; x_wconf 84' lang='lat' dir='ltr'><strong>sepultum,</strong></span> 
     </span>
    </p>
   </div>
   <div class='ocr_carea' id='block_1_62' title="bbox 324 4557 3587 4657">
    <p class='ocr_par' dir='ltr' id='par_1_62' title="bbox 324 4557 3587 4657">
     <span class='ocr_line' id='line_1_62' title="bbox 324 4557 3587 4657; baseline -0.001 -18"><span class='ocrx_word' id='word_1_693' title='bbox 324 4585 589 4641; x_wconf 87' lang='lat' dir='ltr'><strong>advocare</strong></span> <span class='ocrx_word' id='word_1_694' title='bbox 602 4595 768 4642; x_wconf 88' lang='lat' dir='ltr'><strong>testes</strong></span> <span class='ocrx_word' id='word_1_695' title='bbox 786 4587 1059 4656; x_wconf 90' lang='lat' dir='ltr'><strong>incipiam.</strong></span> <span class='ocrx_word' id='word_1_696' title='bbox 1087 4586 1383 4657; x_wconf 82' lang='lat' dir='ltr'><strong>Gregorius</strong></span> <span class='ocrx_word' id='word_1_697' title='bbox 1408 4587 1616 4642; x_wconf 87' lang='lat' dir='ltr'><strong>scilicet</strong></span> <span class='ocrx_word' id='word_1_698' title='bbox 1639 4587 1897 4642; x_wconf 72' lang='lat' dir='ltr'><strong>Romamn</strong></span> <span class='ocrx_word' id='word_1_699' title='bbox 1929 4557 1976 4614; x_wconf 74' lang='grc' dir='ltr'>υ</span> <span class='ocrx_word' id='word_1_700' title='bbox 2000 4593 2056 4637; x_wconf 91' lang='lat' dir='ltr'><strong>et</strong></span> <span class='ocrx_word' id='word_1_701' title='bbox 2085 4584 2242 4638; x_wconf 88' lang='lat' dir='ltr'><strong>tertia</strong></span> <span class='ocrx_word' id='word_1_702' title='bbox 2271 4584 2357 4638; x_wconf 88' lang='lat' dir='ltr'><strong>die</strong></span> <span class='ocrx_word' id='word_1_703' title='bbox 2394 4584 2778 4648; x_wconf 78' lang='lat' dir='ltr'><strong>resurrexisse,</strong></span> <span class='ocrx_word' id='word_1_704' title='bbox 2802 4584 3022 4637; x_wconf 90' lang='lat' dir='ltr'><strong>omnino</strong></span> <span class='ocrx_word' id='word_1_705' title='bbox 3048 4584 3351 4638; x_wconf 91' lang='lat' dir='ltr'><strong>contrarius</strong></span> <span class='ocrx_word' id='word_1_706' title='bbox 3378 4592 3459 4638; x_wconf 91' lang='lat' dir='ltr'><strong>est</strong></span> <span class='ocrx_word' id='word_1_707' title='bbox 3492 4599 3587 4638; x_wconf 88' lang='lat' dir='ltr'><strong>ca-</strong></span> 
     </span>
    </p>
   </div>
   <div class='ocr_carea' id='block_1_63' title="bbox 324 4679 1901 4750">
    <p class='ocr_par' dir='ltr' id='par_1_63' title="bbox 324 4679 1901 4750">
     <span class='ocr_line' id='line_1_63' title="bbox 324 4679 1901 4750; baseline 0 -17"><span class='ocrx_word' id='word_1_708' title='bbox 324 4679 469 4733; x_wconf 88' lang='lat' dir='ltr'><strong>sedis</strong></span> <span class='ocrx_word' id='word_1_709' title='bbox 536 4680 840 4749; x_wconf 88' lang='lat' dir='ltr'><strong>episcopus,</strong></span> <span class='ocrx_word' id='word_1_710' title='bbox 894 4680 1090 4734; x_wconf 90' lang='lat' dir='ltr'><strong>nobilis</strong></span> <span class='ocrx_word' id='word_1_711' title='bbox 1133 4679 1578 4750; x_wconf 70' lang='lat' dir='ltr'><strong>eloquentizevir,</strong></span> <span class='ocrx_word' id='word_1_712' title='bbox 1637 4687 1693 4733; x_wconf 90' lang='lat' dir='ltr'><strong>et</strong></span> <span class='ocrx_word' id='word_1_713' title='bbox 1725 4679 1901 4747; x_wconf 88' lang='lat' dir='ltr'><strong>puris-</strong></span> 
     </span>
    </p>
   </div>
   <div class='ocr_carea' id='block_1_64' title="bbox 323 4767 1896 4838">
    <p class='ocr_par' dir='ltr' id='par_1_64' title="bbox 323 4767 1896 4838">
     <span class='ocr_line' id='line_1_64' title="bbox 323 4767 1896 4838; baseline 0.001 -16"><span class='ocrx_word' id='word_1_714' title='bbox 323 4767 496 4822; x_wconf 87' lang='lat' dir='ltr'><strong>simus</strong></span> <span class='ocrx_word' id='word_1_715' title='bbox 519 4769 572 4821; x_wconf 86' lang='lat' dir='ltr'><strong>in</strong></span> <span class='ocrx_word' id='word_1_716' title='bbox 607 4769 870 4825; x_wconf 87' lang='lat' dir='ltr'><strong>catholica</strong></span> <span class='ocrx_word' id='word_1_717' title='bbox 911 4770 1015 4824; x_wconf 88' lang='lat' dir='ltr'><strong>ﬁde</strong></span> <span class='ocrx_word' id='word_1_718' title='bbox 1054 4770 1262 4838; x_wconf 90' lang='lat' dir='ltr'><strong>doctor,</strong></span> <span class='ocrx_word' id='word_1_719' title='bbox 1286 4769 1471 4825; x_wconf 91' lang='lat' dir='ltr'><strong>multis</strong></span> <span class='ocrx_word' id='word_1_720' title='bbox 1510 4770 1563 4825; x_wconf 90' lang='lat' dir='ltr'><strong>in</strong></span> <span class='ocrx_word' id='word_1_721' title='bbox 1594 4770 1728 4825; x_wconf 90' lang='lat' dir='ltr'><strong>locis</strong></span> <span class='ocrx_word' id='word_1_722' title='bbox 1755 4770 1896 4824; x_wconf 86' lang='lat' dir='ltr'><strong>litte-</strong></span> 
     </span>
    </p>
   </div>
   <div class='ocr_carea' id='block_1_65' title="bbox 323 4861 1897 4931">
    <p class='ocr_par' dir='ltr' id='par_1_65' title="bbox 323 4861 1897 4931">
     <span class='ocr_line' id='line_1_65' title="bbox 323 4861 1897 4931; baseline 0.002 -19"><span class='ocrx_word' id='word_1_723' title='bbox 323 4874 509 4914; x_wconf 86' lang='lat' dir='ltr'><strong>rarum</strong></span> <span class='ocrx_word' id='word_1_724' title='bbox 533 4875 753 4914; x_wconf 89' lang='lat' dir='ltr'><strong>suarum</strong></span> <span class='ocrx_word' id='word_1_725' title='bbox 782 4862 1112 4931; x_wconf 82' lang='lat' dir='ltr'><strong>unigenitum</strong></span> <span class='ocrx_word' id='word_1_726' title='bbox 1137 4877 1432 4931; x_wconf 89' lang='lat' dir='ltr'><strong>verumque</strong></span> <span class='ocrx_word' id='word_1_727' title='bbox 1456 4861 1550 4916; x_wconf 88' lang='lat' dir='ltr'><strong>Dei</strong></span> <span class='ocrx_word' id='word_1_728' title='bbox 1575 4861 1767 4916; x_wconf 85' lang='lat' dir='ltr'><strong>Filium</strong></span> <span class='ocrx_word' id='word_1_729' title='bbox 1794 4862 1897 4915; x_wconf 84' lang='lat' dir='ltr'><strong>Re-</strong></span> 
     </span>
    </p>
   </div>
   <div class='ocr_carea' id='block_1_66' title="bbox 325 4952 1894 5021">
    <p class='ocr_par' dir='ltr' id='par_1_66' title="bbox 325 4952 1894 5021">
     <span class='ocr_line' id='line_1_66' title="bbox 325 4952 1894 5021; baseline 0.001 -17"><span class='ocrx_word' id='word_1_730' title='bbox 325 4952 654 5021; x_wconf 86' lang='lat' dir='ltr'><strong>demptorem</strong></span> <span class='ocrx_word' id='word_1_731' title='bbox 670 4960 910 5006; x_wconf 89' lang='lat' dir='ltr'><strong>nostrum</strong></span> <span class='ocrx_word' id='word_1_732' title='bbox 926 4966 1045 5006; x_wconf 86' lang='lat' dir='ltr'><strong>esse</strong></span> <span class='ocrx_word' id='word_1_733' title='bbox 1062 4961 1305 5006; x_wconf 87' lang='lat' dir='ltr'><strong>testatur.</strong></span> <span class='ocrx_word' id='word_1_734' title='bbox 1332 4952 1474 5007; x_wconf 90' lang='lat' dir='ltr'><strong>Dicit</strong></span> <span class='ocrx_word' id='word_1_735' title='bbox 1486 4953 1629 5007; x_wconf 89' lang='lat' dir='ltr'><strong>enim</strong></span> <span class='ocrx_word' id='word_1_736' title='bbox 1654 4952 1707 5005; x_wconf 92' lang='lat' dir='ltr'><strong>in</strong></span> <span class='ocrx_word' id='word_1_737' title='bbox 1722 4952 1894 5021; x_wconf 92' lang='lat' dir='ltr'><strong>primo</strong></span> 
     </span>
    </p>
   </div>
   <div class='ocr_carea' id='block_1_67' title="bbox 326 5041 1899 5115">
    <p class='ocr_par' dir='ltr' id='par_1_67' title="bbox 326 5041 1899 5115">
     <span class='ocr_line' id='line_1_67' title="bbox 326 5041 1899 5115; baseline 0.001 -21"><span class='ocrx_word' id='word_1_738' title='bbox 326 5042 603 5097; x_wconf 75' lang='lat' dir='ltr'><strong>Moralium</strong></span> <span class='ocrx_word' id='word_1_739' title='bbox 659 5042 797 5097; x_wconf 90' lang='lat' dir='ltr'><strong>libro</strong></span> <span class='ocrx_word' id='word_1_740' title='bbox 854 5043 918 5098; x_wconf 89' lang='lat' dir='ltr'><strong>de</strong></span> <span class='ocrx_word' id='word_1_741' title='bbox 940 5042 1076 5098; x_wconf 91' lang='lat' dir='ltr'><strong>Filio</strong></span> <span class='ocrx_word' id='word_1_742' title='bbox 1122 5043 1214 5096; x_wconf 88' lang='lat' dir='ltr'><strong>Dei</strong></span> <span class='ocrx_word' id='word_1_743' title='bbox 1244 5045 1317 5097; x_wconf 90' lang='lat' dir='ltr'><strong>ita</strong></span> <span class='ocrx_word' id='word_1_744' title='bbox 1358 5042 1509 5115; x_wconf 88' lang='lat' dir='ltr'><strong>(Cap.</strong></span> <span class='ocrx_word' id='word_1_745' title='bbox 1547 5043 1670 5115; x_wconf 72' lang='lat'><strong>25):</strong></span> <span class='ocrx_word' id='word_1_746' title='bbox 1708 5060 1725 5093; x_wconf 77' lang='grc' dir='ltr'>ι</span> <span class='ocrx_word' id='word_1_747' title='bbox 1763 5041 1899 5109; x_wconf 83' lang='lat' dir='ltr'><strong>Quia</strong></span> 
     </span>
    </p>
   </div>
   <div class='ocr_carea' id='block_1_68' title="bbox 324 5134 1905 5206">
    <p class='ocr_par' dir='ltr' id='par_1_68' title="bbox 324 5134 1905 5206">
     <span class='ocr_line' id='line_1_68' title="bbox 324 5134 1905 5206; baseline 0 -17"><span class='ocrx_word' id='word_1_748' title='bbox 324 5136 424 5189; x_wconf 88' lang='lat' dir='ltr'><strong>etsi</strong></span> <span class='ocrx_word' id='word_1_749' title='bbox 457 5137 740 5205; x_wconf 83' lang='lat' dir='ltr'><strong>adoptivus</strong></span> <span class='ocrx_word' id='word_1_750' title='bbox 775 5136 1005 5206; x_wconf 88' lang='lat' dir='ltr'><strong>quisque</strong></span> <span class='ocrx_word' id='word_1_751' title='bbox 1049 5135 1190 5190; x_wconf 90' lang='lat' dir='ltr'><strong>ﬁlius</strong></span> <span class='ocrx_word' id='word_1_752' title='bbox 1222 5137 1289 5191; x_wconf 91' lang='lat' dir='ltr'><strong>ad</strong></span> <span class='ocrx_word' id='word_1_753' title='bbox 1324 5136 1720 5206; x_wconf 88' lang='lat' dir='ltr'><strong>percipiendam</strong></span> <span class='ocrx_word' id='word_1_754' title='bbox 1759 5134 1905 5189; x_wconf 77' lang='lat' dir='ltr'><strong>divi-&#39;</strong></span> 
     </span>
    </p>
   </div>
   <div class='ocr_carea' id='block_1_69' title="bbox 329 5224 1903 5298">
    <p class='ocr_par' dir='ltr' id='par_1_69' title="bbox 329 5224 1903 5298">
     <span class='ocr_line' id='line_1_69' title="bbox 329 5224 1903 5298; baseline 0.001 -20"><span class='ocrx_word' id='word_1_755' title='bbox 329 5225 551 5282; x_wconf 89' lang='lat' dir='ltr'><strong>nitatem</strong></span> <span class='ocrx_word' id='word_1_756' title='bbox 591 5225 839 5295; x_wconf 87' lang='lat' dir='ltr'><strong>proﬁciat</strong></span> <span class='ocrx_word' id='word_1_757' title='bbox 885 5224 1090 5298; x_wconf 85' lang='lat' dir='ltr'><strong>[Greg.,</strong></span> <span class='ocrx_word' id='word_1_758' title='bbox 1139 5226 1397 5298; x_wconf 86' lang='lat' dir='ltr'><strong>prolicit],</strong></span> <span class='ocrx_word' id='word_1_759' title='bbox 1448 5242 1788 5297; x_wconf 85' lang='lat' dir='ltr'><strong>nequaquam</strong></span> <span class='ocrx_word' id='word_1_760' title='bbox 1822 5234 1903 5279; x_wconf 88' lang='lat' dir='ltr'><strong>ta-</strong></span> 
     </span>
    </p>
   </div>
   <div class='ocr_carea' id='block_1_70' title="bbox 328 5322 1902 5394">
    <p class='ocr_par' dir='ltr' id='par_1_70' title="bbox 328 5322 1902 5394">
     <span class='ocr_line' id='line_1_70' title="bbox 328 5322 1902 5394; baseline 0.003 -21"><span class='ocrx_word' id='word_1_761' title='bbox 328 5334 451 5374; x_wconf 88' lang='lat' dir='ltr'><strong>men</strong></span> <span class='ocrx_word' id='word_1_762' title='bbox 491 5329 552 5375; x_wconf 91' lang='lat' dir='ltr'><strong>ut</strong></span> <span class='ocrx_word' id='word_1_763' title='bbox 596 5322 738 5378; x_wconf 90' lang='lat' dir='ltr'><strong>Deus</strong></span> <span class='ocrx_word' id='word_1_764' title='bbox 780 5324 1100 5378; x_wconf 87' lang='lat' dir='ltr'><strong>naturaliter</strong></span> <span class='ocrx_word' id='word_1_765' title='bbox 1148 5332 1309 5389; x_wconf 89' lang='lat' dir='ltr'><strong>esset,</strong></span> <span class='ocrx_word' id='word_1_766' title='bbox 1352 5324 1567 5394; x_wconf 89' lang='lat' dir='ltr'><strong>accipit.</strong></span> <span class='ocrx_word' id='word_1_767' title='bbox 1607 5344 1625 5377; x_wconf 84' lang='grc'><strong>›</strong></span> <span class='ocrx_word' id='word_1_768' title='bbox 1659 5324 1792 5379; x_wconf 90' lang='lat' dir='ltr'><strong>Item</strong></span> <span class='ocrx_word' id='word_1_769' title='bbox 1846 5324 1902 5378; x_wconf 88' lang='lat' dir='ltr'><strong>in</strong></span> 
     </span>
    </p>
   </div>
   <div class='ocr_carea' id='block_1_71' title="bbox 329 5412 1906 5485">
    <p class='ocr_par' dir='ltr' id='par_1_71' title="bbox 329 5412 1906 5485">
     <span class='ocr_line' id='line_1_71' title="bbox 329 5412 1906 5485; baseline 0.003 -20"><span class='ocrx_word' id='word_1_770' title='bbox 329 5412 515 5466; x_wconf 90' lang='lat' dir='ltr'><strong>eodem</strong></span> <span class='ocrx_word' id='word_1_771' title='bbox 551 5413 708 5481; x_wconf 91' lang='lat' dir='ltr'><strong>libro,</strong></span> <span class='ocrx_word' id='word_1_772' title='bbox 741 5418 883 5485; x_wconf 89' lang='lat' dir='ltr'><strong>quod</strong></span> <span class='ocrx_word' id='word_1_773' title='bbox 911 5416 1161 5471; x_wconf 88' lang='lat' dir='ltr'><strong>Christus</strong></span> <span class='ocrx_word' id='word_1_774' title='bbox 1185 5415 1340 5471; x_wconf 84' lang='lat' dir='ltr'><strong>Jesus</strong></span> <span class='ocrx_word' id='word_1_775' title='bbox 1385 5430 1491 5469; x_wconf 92' lang='lat' dir='ltr'><strong>non</strong></span> <span class='ocrx_word' id='word_1_776' title='bbox 1522 5415 1590 5470; x_wconf 86' lang='lat' dir='ltr'><strong>sit</strong></span> <span class='ocrx_word' id='word_1_777' title='bbox 1618 5430 1715 5485; x_wconf 92' lang='lat' dir='ltr'><strong>per</strong></span> <span class='ocrx_word' id='word_1_778' title='bbox 1742 5416 1906 5485; x_wconf 84' lang='lat' dir='ltr'><strong>adep-</strong></span> 
     </span>
    </p>
   </div>
   <div class='ocr_carea' id='block_1_72' title="bbox 331 5504 1902 5581">
    <p class='ocr_par' dir='ltr' id='par_1_72' title="bbox 331 5504 1902 5581">
     <span class='ocr_line' id='line_1_72' title="bbox 331 5504 1902 5581; baseline 0.004 -24"><span class='ocrx_word' id='word_1_779' title='bbox 331 5504 533 5558; x_wconf 87' lang='lat' dir='ltr'><strong>tionem</strong></span> <span class='ocrx_word' id='word_1_780' title='bbox 561 5506 724 5572; x_wconf 90' lang='lat' dir='ltr'><strong>ﬁlius,</strong></span> <span class='ocrx_word' id='word_1_781' title='bbox 750 5508 892 5564; x_wconf 89' lang='lat' dir='ltr'><strong>inter</strong></span> <span class='ocrx_word' id='word_1_782' title='bbox 928 5509 1033 5563; x_wconf 89' lang='lat' dir='ltr'><strong>alia</strong></span> <span class='ocrx_word' id='word_1_783' title='bbox 1064 5510 1143 5563; x_wconf 90' lang='lat' dir='ltr'><strong>sic</strong></span> <span class='ocrx_word' id='word_1_784' title='bbox 1170 5510 1245 5563; x_wconf 87' lang='lat' dir='ltr'><strong>ait</strong></span> <span class='ocrx_word' id='word_1_785' title='bbox 1271 5506 1425 5581; x_wconf 89' lang='lat' dir='ltr'><strong>(Cap.</strong></span> <span class='ocrx_word' id='word_1_786' title='bbox 1459 5508 1548 5579; x_wconf 72' lang='lat'><strong>28)</strong></span> <span class='ocrx_word' id='word_1_787' title='bbox 1580 5526 1592 5562; x_wconf 88' lang='lat'><strong>:</strong></span> <span class='ocrx_word' id='word_1_788' title='bbox 1628 5527 1647 5561; x_wconf 74' lang='grc' dir='ltr'>ι</span> <span class='ocrx_word' id='word_1_789' title='bbox 1683 5507 1902 5573; x_wconf 90' lang='lat' dir='ltr'><strong>Omnes,</strong></span> 
     </span>
    </p>
   </div>
   <div class='ocr_carea' id='block_1_73' title="bbox 333 5592 1906 5678">
    <p class='ocr_par' dir='ltr' id='par_1_73' title="bbox 333 5592 1906 5678">
     <span class='ocr_line' id='line_1_73' title="bbox 333 5592 1906 5678; baseline 0.003 -29"><span class='ocrx_word' id='word_1_790' title='bbox 333 5592 603 5662; x_wconf 86' lang='lat' dir='ltr'><strong>inquiens,</strong></span> <span class='ocrx_word' id='word_1_791' title='bbox 655 5596 744 5664; x_wconf 88' lang='lat' dir='ltr'><strong>qui</strong></span> <span class='ocrx_word' id='word_1_792' title='bbox 774 5596 827 5650; x_wconf 90' lang='lat' dir='ltr'><strong>in</strong></span> <span class='ocrx_word' id='word_1_793' title='bbox 857 5597 962 5678; x_wconf 87' lang='lat' dir='ltr'><strong>ﬁde</strong></span> <span class='ocrx_word' id='word_1_794' title='bbox 986 5597 1099 5653; x_wconf 90' lang='lat' dir='ltr'><strong>Deo</strong></span> <span class='ocrx_word' id='word_1_795' title='bbox 1128 5608 1445 5664; x_wconf 88' lang='lat' dir='ltr'><strong>nascuntur,</strong></span> <span class='ocrx_word' id='word_1_796' title='bbox 1495 5608 1732 5671; x_wconf 90' lang='lat' dir='ltr'><strong>superat,</strong></span> <span class='ocrx_word' id='word_1_797' title='bbox 1778 5600 1906 5670; x_wconf 89' lang='lat' dir='ltr'><strong>quia</strong></span> 
     </span>
    </p>
   </div>
   <div class='ocr_carea' id='block_1_74' title="bbox 405 5699 1142 5760">
    <p class='ocr_par' dir='ltr' id='par_1_74' title="bbox 405 5699 1142 5760">
     <span class='ocr_line' id='line_1_74' title="bbox 405 5699 1142 5760; baseline -0.001 -3"><span class='ocrx_word' id='word_1_798' title='bbox 405 5714 433 5744; x_wconf 69' lang='grc' dir='ltr'>ι</span> <span class='ocrx_word' id='word_1_799' title='bbox 470 5699 529 5758; x_wconf 86' lang='lat' dir='ltr'><strong>S.</strong></span> <span class='ocrx_word' id='word_1_800' title='bbox 561 5701 704 5756; x_wconf 85' lang='lat' dir='ltr'><strong>llier.</strong></span> <span class='ocrx_word' id='word_1_801' title='bbox 735 5703 889 5759; x_wconf 83' lang='lat' dir='ltr'><strong>Brev.</strong></span> <span class='ocrx_word' id='word_1_802' title='bbox 918 5705 1142 5760; x_wconf 88' lang='lat' dir='ltr'><strong>Psalter.</strong></span> 
     </span>
    </p>
   </div>
   <div class='ocr_carea' id='block_1_75' title="bbox 2004 4673 3586 4746">
    <p class='ocr_par' dir='ltr' id='par_1_75' title="bbox 2004 4673 3586 4746">
     <span class='ocr_line' id='line_1_75' title="bbox 2004 4673 3586 4746; baseline 0.001 -18"><span class='ocrx_word' id='word_1_803' title='bbox 2004 4673 2199 4728; x_wconf 87' lang='lat' dir='ltr'><strong>tholieo</strong></span> <span class='ocrx_word' id='word_1_804' title='bbox 2226 4674 2546 4728; x_wconf 88' lang='lat' dir='ltr'><strong>universalis</strong></span> <span class='ocrx_word' id='word_1_805' title='bbox 2579 4674 2833 4730; x_wconf 85' lang='lat' dir='ltr'><strong>Ecclesiae</strong></span> <span class='ocrx_word' id='word_1_806' title='bbox 2871 4675 3132 4746; x_wconf 83' lang='lat' dir='ltr'><strong>symbolo,</strong></span> <span class='ocrx_word' id='word_1_807' title='bbox 3164 4676 3218 4728; x_wconf 87' lang='lat' dir='ltr'><strong>in</strong></span> <span class='ocrx_word' id='word_1_808' title='bbox 3264 4691 3372 4744; x_wconf 91' lang='lat' dir='ltr'><strong>quo</strong></span> <span class='ocrx_word' id='word_1_809' title='bbox 3415 4676 3586 4730; x_wconf 87' lang='lat' dir='ltr'><strong>veris-</strong></span> 
     </span>
    </p>
   </div>
   <div class='ocr_carea' id='block_1_76' title="bbox 2002 4766 3586 4837">
    <p class='ocr_par' dir='ltr' id='par_1_76' title="bbox 2002 4766 3586 4837">
     <span class='ocr_line' id='line_1_76' title="bbox 2002 4766 3586 4837; baseline 0.001 -15"><span class='ocrx_word' id='word_1_810' title='bbox 2002 4768 2136 4822; x_wconf 89' lang='lat' dir='ltr'><strong>sime</strong></span> <span class='ocrx_word' id='word_1_811' title='bbox 2165 4768 2484 4822; x_wconf 88' lang='lat' dir='ltr'><strong>decantatur</strong></span> <span class='ocrx_word' id='word_1_812' title='bbox 2531 4768 2647 4823; x_wconf 67' lang='lat' dir='ltr'><strong>haze</strong></span> <span class='ocrx_word' id='word_1_813' title='bbox 2690 4769 2870 4822; x_wconf 90' lang='lat' dir='ltr'><strong>omnia</strong></span> <span class='ocrx_word' id='word_1_814' title='bbox 2912 4769 2964 4821; x_wconf 92' lang='lat' dir='ltr'><strong>in</strong></span> <span class='ocrx_word' id='word_1_815' title='bbox 2993 4768 3269 4837; x_wconf 77' lang='lat' dir='ltr'><strong>unigenito</strong></span> <span class='ocrx_word' id='word_1_816' title='bbox 3309 4767 3406 4824; x_wconf 89' lang='lat' dir='ltr'><strong>Dei</strong></span> <span class='ocrx_word' id='word_1_817' title='bbox 3444 4766 3586 4824; x_wconf 85' lang='lat' dir='ltr'><strong>Filio</strong></span> 
     </span>
    </p>
   </div>
   <div class='ocr_carea' id='block_1_77' title="bbox 2001 4858 3589 4931">
    <p class='ocr_par' dir='ltr' id='par_1_77' title="bbox 2001 4858 3589 4931">
     <span class='ocr_line' id='line_1_77' title="bbox 2001 4858 3589 4931; baseline 0.001 -18"><span class='ocrx_word' id='word_1_818' title='bbox 2001 4858 2144 4915; x_wconf 81' lang='lat' dir='ltr'><strong>facta</strong></span> <span class='ocrx_word' id='word_1_819' title='bbox 2167 4875 2315 4926; x_wconf 90' lang='lat' dir='ltr'><strong>esse,</strong></span> <span class='ocrx_word' id='word_1_820' title='bbox 2341 4860 2480 4914; x_wconf 90' lang='lat' dir='ltr'><strong>sicut</strong></span> <span class='ocrx_word' id='word_1_821' title='bbox 2506 4860 2695 4914; x_wconf 85' lang='lat' dir='ltr'><strong>beatus</strong></span> <span class='ocrx_word' id='word_1_822' title='bbox 2723 4859 3037 4931; x_wconf 82' lang='lat' dir='ltr'><strong>Fulgentius</strong></span> <span class='ocrx_word' id='word_1_823' title='bbox 3059 4860 3360 4917; x_wconf 90' lang='lat' dir='ltr'><strong>luculentus</strong></span> <span class='ocrx_word' id='word_1_824' title='bbox 3399 4862 3589 4916; x_wconf 88' lang='lat' dir='ltr'><strong>catho-</strong></span> 
     </span>
    </p>
   </div>
   <div class='ocr_carea' id='block_1_78' title="bbox 1999 4949 3590 5021">
    <p class='ocr_par' dir='ltr' id='par_1_78' title="bbox 1999 4949 3590 5021">
     <span class='ocr_line' id='line_1_78' title="bbox 1999 4949 3590 5021; baseline 0.001 -17"><span class='ocrx_word' id='word_1_825' title='bbox 1999 4950 2121 5007; x_wconf 76' lang='lat' dir='ltr'><strong>licze</strong></span> <span class='ocrx_word' id='word_1_826' title='bbox 2149 4950 2271 5007; x_wconf 86' lang='lat' dir='ltr'><strong>ﬁdei</strong></span> <span class='ocrx_word' id='word_1_827' title='bbox 2308 4952 2540 5021; x_wconf 90' lang='lat' dir='ltr'><strong>scriptor</strong></span> <span class='ocrx_word' id='word_1_828' title='bbox 2572 4949 2624 5004; x_wconf 89' lang='lat' dir='ltr'><strong>in</strong></span> <span class='ocrx_word' id='word_1_829' title='bbox 2655 4951 2880 5021; x_wconf 85' lang='lat' dir='ltr'><strong>epistola</strong></span> <span class='ocrx_word' id='word_1_830' title='bbox 2918 4967 3081 5021; x_wconf 88' lang='lat' dir='ltr'><strong>quam</strong></span> <span class='ocrx_word' id='word_1_831' title='bbox 3108 4953 3176 5006; x_wconf 86' lang='lat' dir='ltr'><strong>ad</strong></span> <span class='ocrx_word' id='word_1_832' title='bbox 3212 4952 3430 5006; x_wconf 89' lang='lat' dir='ltr'><strong>Petrum</strong></span> <span class='ocrx_word' id='word_1_833' title='bbox 3458 4951 3590 5006; x_wconf 84' lang='lat' dir='ltr'><strong>Dia-</strong></span> 
     </span>
    </p>
   </div>
   <div class='ocr_carea' id='block_1_79' title="bbox 2001 5041 3588 5105">
    <p class='ocr_par' dir='ltr' id='par_1_79' title="bbox 2001 5041 3588 5105">
     <span class='ocr_line' id='line_1_79' title="bbox 2001 5041 3588 5105; baseline 0.001 -9"><span class='ocrx_word' id='word_1_834' title='bbox 2001 5056 2192 5096; x_wconf 85' lang='lat' dir='ltr'><strong>cenem</strong></span> <span class='ocrx_word' id='word_1_835' title='bbox 2234 5042 2530 5105; x_wconf 82' lang='lat' dir='ltr'><strong>direxerat,</strong></span> <span class='ocrx_word' id='word_1_836' title='bbox 2574 5043 2808 5096; x_wconf 88' lang='lat' dir='ltr'><strong>ostendit</strong></span> <span class='ocrx_word' id='word_1_837' title='bbox 2854 5057 2973 5097; x_wconf 88' lang='lat' dir='ltr'><strong>esse</strong></span> <span class='ocrx_word' id='word_1_838' title='bbox 3021 5058 3204 5097; x_wconf 87' lang='lat' dir='ltr'><strong>verum</strong></span> <span class='ocrx_word' id='word_1_839' title='bbox 3249 5042 3344 5096; x_wconf 91' lang='lat' dir='ltr'><strong>Dei</strong></span> <span class='ocrx_word' id='word_1_840' title='bbox 3388 5041 3588 5097; x_wconf 86' lang='lat' dir='ltr'><strong>Filium</strong></span> 
     </span>
    </p>
   </div>
   <div class='ocr_carea' id='block_1_80' title="bbox 2000 5131 3584 5201">
    <p class='ocr_par' dir='ltr' id='par_1_80' title="bbox 2000 5131 3584 5201">
     <span class='ocr_line' id='line_1_80' title="bbox 2000 5131 3584 5201; baseline 0 -17"><span class='ocrx_word' id='word_1_841' title='bbox 2000 5131 2269 5195; x_wconf 91' lang='lat' dir='ltr'><strong>eumdem,</strong></span> <span class='ocrx_word' id='word_1_842' title='bbox 2301 5131 2393 5200; x_wconf 90' lang='lat' dir='ltr'><strong>qui</strong></span> <span class='ocrx_word' id='word_1_843' title='bbox 2419 5146 2610 5201; x_wconf 88' lang='lat' dir='ltr'><strong>passus</strong></span> <span class='ocrx_word' id='word_1_844' title='bbox 2658 5140 2762 5190; x_wconf 83' lang='lat' dir='ltr'><strong>est.</strong></span> <span class='ocrx_word' id='word_1_845' title='bbox 2786 5141 3035 5186; x_wconf 85' lang='lat' dir='ltr'><strong>mortuus</strong></span> <span class='ocrx_word' id='word_1_846' title='bbox 3074 5139 3232 5201; x_wconf 85' lang='lat' dir='ltr'><strong>atque</strong></span> <span class='ocrx_word' id='word_1_847' title='bbox 3265 5132 3584 5186; x_wconf 78' lang='lat' dir='ltr'><strong>resurrexit.</strong></span> 
     </span>
    </p>
   </div>
   <div class='ocr_carea' id='block_1_81' title="bbox 2003 5220 3590 5291">
    <p class='ocr_par' dir='ltr' id='par_1_81' title="bbox 2003 5220 3590 5291">
     <span class='ocr_line' id='line_1_81' title="bbox 2003 5220 3590 5291; baseline 0.001 -17"><span class='ocrx_word' id='word_1_848' title='bbox 2003 5221 2105 5289; x_wconf 91' lang='lat' dir='ltr'><strong>Qui</strong></span> <span class='ocrx_word' id='word_1_849' title='bbox 2147 5230 2268 5291; x_wconf 85' lang='lat' dir='ltr'><strong>post</strong></span> <span class='ocrx_word' id='word_1_850' title='bbox 2308 5220 2536 5290; x_wconf 91' lang='lat' dir='ltr'><strong>plurima</strong></span> <span class='ocrx_word' id='word_1_851' title='bbox 2566 5221 2847 5276; x_wconf 75' lang='lat' dir='ltr'><strong>catholica:</strong></span> <span class='ocrx_word' id='word_1_852' title='bbox 2887 5220 3009 5275; x_wconf 87' lang='lat' dir='ltr'><strong>ﬁdei</strong></span> <span class='ocrx_word' id='word_1_853' title='bbox 3054 5222 3374 5276; x_wconf 88' lang='lat' dir='ltr'><strong>documenta</strong></span> <span class='ocrx_word' id='word_1_854' title='bbox 3400 5220 3590 5290; x_wconf 85' lang='lat' dir='ltr'><strong>hujus-</strong></span> 
     </span>
    </p>
   </div>
   <div class='ocr_carea' id='block_1_82' title="bbox 2003 5310 3593 5380">
    <p class='ocr_par' dir='ltr' id='par_1_82' title="bbox 2003 5310 3593 5380">
     <span class='ocr_line' id='line_1_82' title="bbox 2003 5310 3593 5380; baseline 0.001 -15"><span class='ocrx_word' id='word_1_855' title='bbox 2003 5312 2146 5367; x_wconf 91' lang='lat' dir='ltr'><strong>modi</strong></span> <span class='ocrx_word' id='word_1_856' title='bbox 2191 5312 2257 5365; x_wconf 88' lang='lat' dir='ltr'><strong>de</strong></span> <span class='ocrx_word' id='word_1_857' title='bbox 2295 5310 2511 5366; x_wconf 89' lang='lat' dir='ltr'><strong>Christo</strong></span> <span class='ocrx_word' id='word_1_858' title='bbox 2550 5312 2773 5380; x_wconf 89' lang='lat' dir='ltr'><strong>protulit</strong></span> <span class='ocrx_word' id='word_1_859' title='bbox 2803 5313 3127 5367; x_wconf 84' lang='lat' dir='ltr'><strong>sententiam</strong></span> <span class='ocrx_word' id='word_1_860' title='bbox 3150 5312 3175 5349; x_wconf 71' lang='grc' dir='ltr'>δ</span> <span class='ocrx_word' id='word_1_861' title='bbox 3207 5330 3221 5367; x_wconf 86' lang='lat'>:</span> <span class='ocrx_word' id='word_1_862' title='bbox 3253 5332 3271 5363; x_wconf 72' lang='grc' dir='ltr'><strong><em>ι</em></strong></span> <span class='ocrx_word' id='word_1_863' title='bbox 3300 5312 3468 5367; x_wconf 76' lang='lat' dir='ltr'><strong>Natus</strong></span> <span class='ocrx_word' id='word_1_864' title='bbox 3506 5322 3593 5367; x_wconf 84' lang='lat' dir='ltr'><strong>est</strong></span> 
     </span>
    </p>
   </div>
   <div class='ocr_carea' id='block_1_83' title="bbox 2004 5403 3592 5474">
    <p class='ocr_par' dir='ltr' id='par_1_83' title="bbox 2004 5403 3592 5474">
     <span class='ocr_line' id='line_1_83' title="bbox 2004 5403 3592 5474; baseline -0.001 -16"><span class='ocrx_word' id='word_1_865' title='bbox 2004 5405 2170 5469; x_wconf 91' lang='lat' dir='ltr'><strong>enim,</strong></span> <span class='ocrx_word' id='word_1_866' title='bbox 2199 5405 2391 5474; x_wconf 88' lang='lat' dir='ltr'><strong>inquit,</strong></span> <span class='ocrx_word' id='word_1_867' title='bbox 2432 5406 2497 5458; x_wconf 87' lang='lat' dir='ltr'><strong>de</strong></span> <span class='ocrx_word' id='word_1_868' title='bbox 2522 5404 2705 5468; x_wconf 87' lang='lat' dir='ltr'><strong>Patre,</strong></span> <span class='ocrx_word' id='word_1_869' title='bbox 2740 5404 2882 5459; x_wconf 89' lang='lat' dir='ltr'><strong>Deus</strong></span> <span class='ocrx_word' id='word_1_870' title='bbox 2918 5404 3187 5470; x_wconf 77' lang='lat' dir='ltr'><strong>Verbum;</strong></span> <span class='ocrx_word' id='word_1_871' title='bbox 3228 5412 3385 5458; x_wconf 90' lang='lat' dir='ltr'><strong>natus</strong></span> <span class='ocrx_word' id='word_1_872' title='bbox 3414 5403 3592 5458; x_wconf 83' lang='lat' dir='ltr'><strong>estde</strong></span> 
     </span>
    </p>
   </div>
   <div class='ocr_carea' id='block_1_84' title="bbox 2007 5494 3592 5566">
    <p class='ocr_par' dir='ltr' id='par_1_84' title="bbox 2007 5494 3592 5566">
     <span class='ocr_line' id='line_1_84' title="bbox 2007 5494 3592 5566; baseline 0 -17"><span class='ocrx_word' id='word_1_873' title='bbox 2007 5504 2196 5559; x_wconf 90' lang='lat' dir='ltr'><strong>matre,</strong></span> <span class='ocrx_word' id='word_1_874' title='bbox 2231 5496 2465 5550; x_wconf 85' lang='lat' dir='ltr'><strong>Verbum</strong></span> <span class='ocrx_word' id='word_1_875' title='bbox 2491 5511 2619 5551; x_wconf 88' lang='lat' dir='ltr'><strong>caro</strong></span> <span class='ocrx_word' id='word_1_876' title='bbox 2645 5494 2867 5551; x_wconf 81' lang='lat' dir='ltr'><strong>factum.</strong></span> <span class='ocrx_word' id='word_1_877' title='bbox 2901 5497 3051 5552; x_wconf 87' lang='lat' dir='ltr'><strong>Unus</strong></span> <span class='ocrx_word' id='word_1_878' title='bbox 3076 5498 3239 5566; x_wconf 83' lang='lat' dir='ltr'><strong>igitur</strong></span> <span class='ocrx_word' id='word_1_879' title='bbox 3260 5506 3422 5566; x_wconf 88' lang='lat' dir='ltr'><strong>atque</strong></span> <span class='ocrx_word' id='word_1_880' title='bbox 3446 5497 3592 5551; x_wconf 86' lang='lat' dir='ltr'><strong>idem</strong></span> 
     </span>
    </p>
   </div>
   <div class='ocr_carea' id='block_1_85' title="bbox 2006 5587 3595 5656">
    <p class='ocr_par' dir='ltr' id='par_1_85' title="bbox 2006 5587 3595 5656">
     <span class='ocr_line' id='line_1_85' title="bbox 2006 5587 3595 5656; baseline 0.001 -13"><span class='ocrx_word' id='word_1_881' title='bbox 2006 5587 2150 5643; x_wconf 90' lang='lat' dir='ltr'><strong>Deus</strong></span> <span class='ocrx_word' id='word_1_882' title='bbox 2182 5587 2278 5642; x_wconf 91' lang='lat' dir='ltr'><strong>Dei</strong></span> <span class='ocrx_word' id='word_1_883' title='bbox 2304 5587 2473 5642; x_wconf 87' lang='lat' dir='ltr'><strong>Filius</strong></span> <span class='ocrx_word' id='word_1_884' title='bbox 2499 5595 2657 5644; x_wconf 88' lang='lat' dir='ltr'><strong>natus</strong></span> <span class='ocrx_word' id='word_1_885' title='bbox 2678 5598 2803 5644; x_wconf 88' lang='lat' dir='ltr'><strong>ante</strong></span> <span class='ocrx_word' id='word_1_886' title='bbox 2832 5589 3050 5656; x_wconf 67' lang='lat' dir='ltr'><strong>saecula,</strong></span> <span class='ocrx_word' id='word_1_887' title='bbox 3072 5596 3127 5644; x_wconf 89' lang='lat' dir='ltr'><strong>et</strong></span> <span class='ocrx_word' id='word_1_888' title='bbox 3154 5597 3315 5645; x_wconf 87' lang='lat' dir='ltr'><strong>natus</strong></span> <span class='ocrx_word' id='word_1_889' title='bbox 3344 5588 3397 5643; x_wconf 90' lang='lat' dir='ltr'><strong>in</strong></span> <span class='ocrx_word' id='word_1_890' title='bbox 3418 5604 3595 5645; x_wconf 65' lang='lat' dir='ltr'><strong>saecu-</strong></span> 
     </span>
    </p>
   </div>
   <div class='ocr_carea' id='block_1_86' title="bbox 2083 5698 3589 5773">
    <p class='ocr_par' dir='ltr' id='par_1_86' title="bbox 2083 5698 3589 5773">
     <span class='ocr_line' id='line_1_86' title="bbox 2083 5698 3589 5773; baseline 0.003 -22"><span class='ocrx_word' id='word_1_891' title='bbox 2083 5700 2111 5739; x_wconf 76' lang='lat' dir='ltr'><strong>b</strong></span> <span class='ocrx_word' id='word_1_892' title='bbox 2145 5699 2208 5773; x_wconf 81' lang='lat' dir='ltr'><strong>_S_.</strong></span> <span class='ocrx_word' id='word_1_893' title='bbox 2243 5698 2492 5773; x_wconf 81' lang='lat' dir='ltr'><strong>Fulgent.</strong></span> <span class='ocrx_word' id='word_1_894' title='bbox 2524 5700 2609 5773; x_wconf 83' lang='lat' dir='ltr'><strong>De</strong></span> <span class='ocrx_word' id='word_1_895' title='bbox 2646 5701 2777 5773; x_wconf 80' lang='lat' dir='ltr'><strong>Fide</strong></span> <span class='ocrx_word' id='word_1_896' title='bbox 2810 5702 2876 5773; x_wconf 83' lang='lat' dir='ltr'><strong>ad</strong></span> <span class='ocrx_word' id='word_1_897' title='bbox 2920 5701 3136 5758; x_wconf 88' lang='lat' dir='ltr'><strong>Petrum</strong></span> <span class='ocrx_word' id='word_1_898' title='bbox 3185 5718 3302 5773; x_wconf 89' lang='lat' dir='ltr'><strong>cap.</strong></span> <span class='ocrx_word' id='word_1_899' title='bbox 3350 5701 3406 5767; x_wconf 81' lang='lat'><strong>‘2,</strong></span> <span class='ocrx_word' id='word_1_900' title='bbox 3436 5718 3589 5757; x_wconf 83' lang='lat' dir='ltr'><strong>num.</strong></span> 
     </span>
    </p>
   </div>
   <div class='ocr_carea' id='block_1_87' title="bbox 2018 5770 2912 5838">
    <p class='ocr_par' dir='ltr' id='par_1_87' title="bbox 2018 5770 2912 5838">
     <span class='ocr_line' id='line_1_87' title="bbox 2018 5770 2912 5838; baseline 0.002 -15"><span class='ocrx_word' id='word_1_901' title='bbox 2018 5770 2101 5836; x_wconf 71' lang='lat'><strong>10,</strong></span> <span class='ocrx_word' id='word_1_902' title='bbox 2140 5770 2220 5831; x_wconf 86' lang='lat' dir='ltr'><strong>ll,</strong></span> <span class='ocrx_word' id='word_1_903' title='bbox 2249 5780 2302 5821; x_wconf 82' lang='lat' dir='ltr'><strong>et</strong></span> <span class='ocrx_word' id='word_1_904' title='bbox 2334 5771 2492 5838; x_wconf 88' lang='lat' dir='ltr'><strong>paulo</strong></span> <span class='ocrx_word' id='word_1_905' title='bbox 2520 5770 2678 5837; x_wconf 74' lang='lat' dir='ltr'><strong>intra,</strong></span> <span class='ocrx_word' id='word_1_906' title='bbox 2711 5771 2797 5837; x_wconf 80' lang='grc'><strong>16,</strong></span> <span class='ocrx_word' id='word_1_907' title='bbox 2828 5772 2912 5825; x_wconf 79' lang='grc' dir='ltr'><strong>Π.</strong></span> 
     </span>
    </p>
   </div>
  </div>
