3964 6186
298 341 398 399 939

968 333 1380 392 DOGMATICA.
1422 364 1488 373 -
1518 333 1676 388 ADV.
1715 328 2107 385 ELII’ANDUM
2147 331 2324 385 LIBRI
2360 333 2446 386 IV.
2488 362 2554 369 —
2581 331 2705 385 LIB.
2746 331 2830 387 IV.

3428 325 3534 381 290

299 460 366 517 to,
393 462 448 507 et
474 460 708 519 utraque
736 447 990 502 naliVil-as
1014 446 1172 500 unius
1197 452 1299 508 est.
1330 443 1497 498 Filius
1528 442 1656 507 Dei;
1685 456 1870 495 Verum
1901 448 1946 503 A
1975 457 2147 505 utero.
2176 449 2269 503 Ille
2295 449 2527 503 hominis
2557 453 2765 502 tantum
2794 454 3019 500 matrem
3048 454 3287 500 sanetam
3318 445 3537 498 Mariam

297 547 458 600 etiam
483 543 550 598 de
588 541 778 596 eodem
807 538 997 593 matris
1022 546 1187 607 utero
1204 536 1345 591 idem
1371 534 1515 589 Deus
1541 535 1703 589 homo
1730 532 1867 604 [exi-

295 639 386 699 vit,
429 642 487 691 et
529 634 587 688 in
626 630 874 701 sepulcro
905 629 1043 682 idem
1088 628 1232 681 Deus
1270 627 1430 681 homo
1480 623 1652 679 factus
1679 623 1868 690 jacuit,

295 734 347 780 et
369 725 440 780 ab
468 721 660 777 inferis
702 721 844 774 idem
874 719 1017 773 Deus
1051 716 1234 787 homo]
1280 715 1452 770 factus
1477 715 1562 768 die
1593 714 1746 767 tertia
1788 728 1874 766 re—

296 816 553 871 surrexit.
586 835 604 866 ι
633 813 765 867 Item
796 812 1057 865 in'eadem
1086 809 1309 879 cpistola
1337 823 1350 861 :
1378 826 1396 857 ‹
1425 807 1649 874 Quibus,
1678 806 1869 874 inquit,

298 907 477 963 verbis
518 905 883 976 explicabitur
917 903 1098 956 carnis
1128 902 1270 955 illius
1298 900 1611 953 excellentia
1641 898 1875 967 singula-

298 1000 389 1065 ris,
434 997 594 1068 cujus
638 998 816 1051 divina
853 1003 936 1047 est
982 1009 1046 1047 ex
1085 993 1195 1061 ipsa
1227 992 1307 1045 sui
1356 991 1709 1060 conceptione
1753 1004 1876 1058 per-

298 1092 459 1147 sona?
494 1080 529 1142 r‘
553 1088 786 1143 Attende
833 1085 961 1154 quid
1002 1084 1174 1137 dicit:
1208 1101 1227 1133 ‹
1262 1082 1427 1151 Cujus
1471 1091 1543 1134 cst
1592 1081 1767 1132 divina
1813 1095 1875 1131 er.

298 1184 403 1249 ipsa
424 1180 511 1233 sui
537 1176 871 1247 conceptione
896 1190 1135 1243 persona.
1165 1171 1245 1225 An
1282 1172 1474 1239 aliquis
1503 1170 1664 1224 audet
1694 1168 1875 1223 dicere

298 1270 641 1340 adoptionem
671 1282 792 1321 esse
826 1266 878 1318 in
909 1263 1090 1317 divina
1122 1278 1351 1338 persoua
1376 1261 1495 1315 Filii
1528 1261 1657 1314 Dei?
1682 1260 1872 1314 Totam

300 1364 476 1430 itaque
502 1357 891 1429 proprietatem
915 1369 1086 1418 suam,
1116 1367 1274 1420 quam
1300 1351 1487 1404 habuit
1515 1357 1639 1403 ante
1659 1348 1872 1411 saacula,

298 1453 475 1506 divina
504 1448 744 1505 servavit
771 1461 1000 1516 persona
1032 1445 1085 1498 in
1128 1457 1186 1497 se
1230 1443 1363 1510 ipsa,
1394 1441 1521 1495 licet
1570 1441 1876 1494 humanitas

297 1544 718 1613 ronjungeretur
750 1538 943 1593 divina:
971 1550 1216 1605 personae
1246 1533 1368 1587 Filii
1396 1532 1510 1586 Dei.
1544 1552 1561 1584 ›
1613 1532 1680 1585 Et
1717 1528 1877 1600 paulo

296 1641 411 1702 post
440 1650 456 1685 :
488 1651 507 1683 ς
542 1630 686 1685 Deus
710 1627 1040 1697 unigenitus,
1068 1626 1159 1695 qui
1192 1626 1316 1679 dum
1362 1624 1754 1691 conciperetur,
1784 1633 1878 1675 ve-

297 1724 515 1776 ritatem
562 1718 744 1775 carnis
789 1717 996 1786 accepit
1038 1731 1104 1769 ex
1145 1715 1382 1784 Virgine.
1431 1714 1536 1768 Ista
1582 1728 1742 1767 causa
1773 1719 1873 1775 est,

1970 540 2195 610 putabat
2240 540 2377 603 ﬁeri,
2422 540 2648 593 alterum
2696 553 2992 609 agnoscens
3039 538 3129 607 qui
3194 544 3318 590 ante
3362 535 3540 590 omnia

1972 641 2215 701 tempora
2240 646 2303 684 ex
2345 617 2504 683 Patre
2532 639 2688 683 natus
2713 637 2824 692 est;
2859 629 3082 682 alterum
3124 643 3355 696 namque
3397 642 3540 687 eum,

1972 722 2062 790 qui
2110 722 2162 775 in
2205 721 2536 789 plenitudine
2584 728 2881 788 temporum
2925 720 3217 774 carnaliter
3237 735 3302 773 ex
3326 720 3545 785 Virgine

1974 812 2134 865 homo
2165 811 2336 864 factus
2365 818 2464 864 est.
2494 812 2601 863 Vos
2634 811 2880 878 equidem
2913 827 3016 863 non
3047 811 3239 864 minori
3274 812 3547 878 impietate

1974 901 2179 969 decepti
2227 916 2414 954 verum
2446 900 2536 952 Dei
2570 900 2759 953 Filium
2793 899 2950 953 vultis
2979 915 3119 963 esse,
3157 900 3247 969 qui
3295 908 3420 953 ante
3446 915 3546 952 sm-

1975 990 2090 1045 cula
2115 998 2271 1043 natus
2294 997 2379 1042 est
2408 1004 2471 1043 ex
2500 989 2689 1052 Patre;
2724 989 2871 1042 illum
2909 1004 3059 1052 vero,
3101 990 3191 1057 qui
3230 1004 3298 1042 ex
3325 988 3547 1057 Virgine

1976 1092 2134 1136 natus
2164 1091 2267 1146 est,
2301 1083 2605 1150 adoptivum
2640 1081 2803 1135 ﬁlium
2832 1078 2925 1135 Dei
2956 1100 2969 1135 :
3002 1081 3258 1136 addentes
3287 1090 3341 1136 et
3372 1082 3548 1135 adhue

1974 1174 2102 1228 huic
2130 1173 2487 1227 incredulitati
2516 1181 2709 1226 vestrce
2746 1172 2887 1225 aliud
2927 1172 3217 1241 impietatis
3246 1188 3433 1243 genus,
3467 1172 3540 1225 di-

1976 1274 2160 1319 centes
2203 1264 2368 1317 Deum
2412 1280 2528 1318 esse
2578 1279 2763 1316 verum
2802 1264 2890 1332 qui
2924 1279 2991 1316 ex
3028 1263 3136 1316 Deo
3176 1272 3333 1317 natus
3364 1270 3463 1325 est,
3497 1270 3545 1316 et

1977 1357 2141 1411 Deum
2185 1355 2601 1425 nuncupativum
2633 1395 2647 1416 ,
2694 1355 2966 1408 hominem
3011 1355 3157 1408 illum
3208 1356 3297 1425 qui
3338 1356 3402 1408 de
3434 1354 3545 1407 \‘ir-

1976 1448 2099 1513 gine
2127 1446 2299 1501 factus
2332 1453 2411 1499 est
2443 1463 2454 1497 :
2494 1454 2655 1514 atque
2690 1460 2849 1514 super
2872 1446 2984 1499 hmc
3016 1444 3285 1498 dualitatis
3313 1446 3548 1509 nomina,

1978 1539 2029 1594 id
2071 1548 2175 1603 est,
2218 1538 2464 1592 veritatis
2502 1548 2556 1591 et
2594 1538 3029 1606 uuncupationis,
3076 1538 3419 1607 proprietatis
3450 1537 3551 1609 [et]

1978 1627 2311 1698 adoptionis;
2375 1627 2538 1681 nimia
2590 1627 2831 1681 cmeilate
2891 1627 3235 1680 obscuratum
3296 1628 3556 1682 habentes

1978 1735 2096 1785 cor,
2120 1719 2297 1774 dicitis
2320 1735 2484 1773 unum
2530 1719 2697 1773 Deum
2738 1734 2855 1773 esse
2881 1726 2935 1771 et
2958 1735 3122 1772 unum
3148 1719 3364 1784 Filium,
3394 1735 3554 1789 quem

296 1831 399 1884 qua
431 1814 579 1868 Dens
621 1810 797 1865 factus
825 1817 909 1865 est
952 1808 1094 1863 ﬁlius
1129 1808 1353 1877 virginis
1397 1806 1600 1871 Marim,
1628 1813 1683 1858 et
1712 1804 1895 1858 Marin'
1913 1802 1953 1859 Β
1981 1828 2077 1866 vos
2106 1826 2293 1865 verum
2320 1810 2488 1864 Deum
2524 1817 2578 1862 et
2605 1810 3046 1879 nuncupativum,
3071 1810 3347 1879 proprium
3388 1809 3556 1865 ﬁlium

294 1906 449 1976 virgo
477 1912 655 1958 mater
698 1900 840 1956 facta
882 1908 964 1955 est
1005 1901 1267 1969 unigeniti
1302 1901 1415 1954 Dei.
1452 1920 1470 1952 ι
1509 1900 1682 1955 Unum
1713 1899 1880 1968 siqui-

296 1998 417 2051 dcm
450 2003 509 2049 ct
534 1993 684 2048 illum
726 1992 1058 2062 unigenitum
1082 1991 1240 2045 beata
1272 1992 1434 2061 Virgo
1464 1992 1646 2060 genuit
1673 1991 1877 2055 Deum;

294 2102 398 2140 non
432 2085 594 2147 duos,
621 2097 789 2136 unum
820 2097 1004 2136 verum
1030 2081 1220 2146 Deum,
1249 2089 1304 2134 et
1331 2081 1559 2134 alterum
1599 2097 1879 2151 nuncupa-

298 2177 491 2237 tivum,
520 2174 663 2228 sicut
692 2183 872 2227 vestra
912 2170 1049 2226 solet
1074 2169 1343 2224 afﬁrmare
1370 2172 1718 2239 perversitas.
1748 2171 1879 2224 Item

298 2271 347 2322 in
376 2269 574 2322 eadem
602 2279 625 2306 ιι
656 2284 669 2319 :
700 2284 717 2316 ι
748 2264 973 2332 Quando
1002 2264 1056 2317 in
1089 2261 1321 2317 Jordanc
1344 2264 1636 2316 secundum
1664 2277 1879 2316 carnem

299 2361 605 2429 baptizatus
655 2366 739 2413 cst
778 2357 1087 2425 unigenitus
1121 2355 1264 2409 Deus
1294 2375 1312 2407 ι
1347 2355 1485 2409 Ecce
1515 2349 1705 2409 beatus
1754 2355 1882 2408 Ful-

300 2451 514 2516 gentius
564 2448 738 2512 illum,
789 2448 878 2517 qui
928 2447 982 2500 in
1033 2445 1266 2500 Jordanc
1316 2446 1607 2499 secundum
1664 2461 1883 2499 carnem

296 2542 606 2611 baptizatus
646 2547 750 2605 est,
782 2552 943 2607 super
974 2554 1131 2608 quem
1161 2544 1383 2607 paterna
1413 2536 1642 2589 intonuit
1675 2552 1796 2599 vox,
1831 2544 1886 2590 et

298 2632 538 2701 Spiritus
566 2636 788 2684 sanctus
827 2630 877 2682 in
908 2628 1085 2697 specie
1130 2626 1388 2681 columbae
1427 2626 1721 2690 descendit,
1764 2626 1886 2679 uui-

299 2723 541 2791 genitum
590 2721 760 2774 Deum
808 2720 1114 2774 conﬁtetur.
1157 2719 1290 2773 Item
1338 2717 1427 2787 qui
1471 2733 1630 2787 supra
1660 2719 1713 2771 in
1745 2717 1885 2771 libro

300 2815 494 2877 tertio,
542 2813 636 2883 qui
692 2820 1034 2881 nuncupatur
1082 2811 1146 2865 de
1194 2809 1545 2865 Sacramento
1595 2810 1885 2864 Dominicte

297 2903 600 2972 passionis;
650 2904 776 2971 quia
829 2902 1154 2972 Redemptor
1200 2911 1407 2965 noster,
1450 2903 1647 2972 inquit,
1696 2910 1888 2955 auctor

299 2995 446 3059 vitm,
490 2994 613 3048 ideo
663 3009 693 3046 a
738 2993 899 3047 Petro
950 2992 1190 3061 apostolo
1237 2993 1580 3061 perdocetur,
1632 2993 1883 3061 quoniam

302 3085 448 3139 Deus
490 3101 654 3140 verus
699 3085 1093 3147 incunctanter,
1140 3100 1245 3138 non
1291 3093 1471 3139 autem
1493 3084 1658 3155 908
1682 3099 1886 3155 nuncu-

1981 1912 2035 1958 ct
2065 1903 2374 1972 adoptivum
2415 1900 2585 1955 multa
2629 1914 2942 1955 sermonum
2980 1902 3239 1955 varietate
3277 1902 3471 1971 smpius
3500 1902 3554 1957 in

1982 1995 2116 2048 duos
2153 1994 2281 2047 deos
2314 2000 2369 2046 et
2394 1992 2446 2046 in
2478 1993 2610 2047 duos
2651 1991 2789 2047 ﬁlios
2816 1992 3067 2047 dividatis
3109 1992 3389 2065 [diriditis]
3421 2014 3433 2047 :
3463 2010 3559 2049 no-

1980 2100 2102 2139 men
2124 2083 2400 2137 dualitatis
2431 2083 2802 2137 tantummodo
2842 2084 2893 2137 in
2922 2082 3168 2152 personis
3196 2093 3557 2147 exsecrantes,

1982 2175 2073 2229 sed
2103 2175 2155 2228 in
2189 2173 2289 2228 ﬁde
2316 2174 2533 2242 propria
2566 2173 2793 2227 ﬁrmiter
2822 2189 2935 2227 rem
2963 2173 3237 2228 dualitatis
3276 2176 3563 2229 ostenden-

1984 2272 2082 2318 tes.
2123 2262 2228 2318 Sed
2272 2264 2434 2332 lcgite
2481 2262 2789 2331 diligentius
2833 2264 3116 2333 synodales
3162 2263 3371 2319 lil'ellos
3417 2265 3557 2318 beati

1982 2355 2165 2425 Cyrilli
2193 2354 2471 2418 antistitis,
2496 2362 2558 2407 ut
2593 2355 2929 2424 cognoscatis
2966 2356 3132 2409 vestri
3172 2356 3373 2409 erroris
3399 2356 3563 2423 origi-

1983 2462 2105 2501 nem
2140 2461 2205 2500 ex
2234 2460 2504 2500 venenosa
2538 2444 2770 2499 Nestorii
2807 2445 3027 2498 ciuillire
3052 2446 3326 2516 voragine,
3353 2461 3415 2499 ac
3442 2461 3563 2498 vos-

1984 2538 2243 2605 metipsos
2276 2550 2339 2591 ex
2372 2535 2516 2589 illius
2550 2536 2874 2589 sanctissimi
2905 2534 3102 2597 Patris,
3131 2535 3271 2588 beati
3301 2536 3563 2603 siquidem

1984 2626 2190 2695 Cyrilli,
2237 2626 2434 2679 litteris
2479 2626 2763 2695 corrigite;
2803 2634 3089 2695 sequentes
3132 2625 3433 2679 eharissimi
3464 2641 3557 2677 ve-

1986 2718 2081 2772 stri
2111 2717 2380 2787 quondam
2403 2716 2617 2781 Felicis,
2646 2732 2787 2770 nunc
2817 2724 2992 2770 autem
3025 2717 3192 2769 nostri
3218 2716 3519 2784 exemplum
3546 2732 3561 2769 :

1987 2810 2078 2879 qui
2105 2810 2246 2863 viam
2291 2809 2534 2864 veritatis
2578 2824 2927 2877 cognoscens,
2960 2823 3064 2861 non
3103 2807 3321 2861 erubuit
3358 2806 3560 2861 erroris

1988 2904 2068 2956 sui
2112 2901 2357 2957 conﬁteri
2396 2900 2778 2971 ignorantiam,
2826 2908 2879 2953 et
2918 2915 3015 2970 per
3044 2898 3201 2953 ﬁdem
3251 2898 3567 2954 catholicam

1987 2996 2179 3051 unitati
2212 2995 2464 3049 Ecclesia!
2493 2993 2692 3049 Christi
2720 2994 2954 3063 seipsum
2983 2992 3369 3061 compaginari.
3400 2992 3569 3057 Bona-

1989 3105 2110 3144 mus
2138 3096 2316 3142 tamen
2345 3102 2516 3156 pauca
2545 3065 2792 3139 ex'illius
2837 3092 2962 3137 ante
2992 3084 3253 3137 nominati
3291 3083 3469 3139 Patris
3510 3084 3571 3137 li-

300 3176 518 3244 palinIS
547 3174 850 3229 credendus
893 3175 984 3240 sit,
1018 3175 1092 3229 ila
1117 3183 1240 3243 post
1264 3174 1490 3244 plurima
1522 3173 1787 3229 Subinfcrl
1812 3176 1839 3215 δ
1867 3193 1880 3228 τ
1914 3168 1957 3227 (ἶ
1989 3181 2129 3235 bello
2159 3178 2485 3240 testimonia,
2516 3184 2783 3245 quatenus
2827 3190 2895 3229 ex
2927 3174 3136 3227 illorum
3167 3174 3394 3228 lectione
3420 3175 3571 3230 intel-

306 3288 324 3319 ε
354 3269 437 3323 Ex
467 3284 576 3339 quo
604 3268 773 3336 igitur
800 3266 942 3323 Deus
969 3267 1091 3322 vitm
1118 3266 1307 3323 auctor
1336 3268 1608 3322 hominem
1639 3267 1691 3321 in
1715 3268 1889 3321 unita-

301 3370 409 3416 tem
432 3375 684 3431 persona:
713 3359 967 3427 suscepit,
1000 3374 1067 3413 ex
1090 3374 1197 3427 quo
1229 3357 1360 3430 [ΑΙ.,
1393 3374 1458 3412 ex
1485 3356 1571 3428 eo]
1605 3357 1694 3412 ille
1728 3357 1890 3412 homo

300 3467 502 3507 nomen
525 3451 652 3504 vita!
673 3451 913 3505 auctoris
934 3449 1185 3503 obtinuit.
1216 3468 1236 3501 ›
1263 3448 1396 3515 Quis
1416 3431 1595 3518 potest
1620 3448 1744 3501 vita:
1774 3459 1892 3501 esse

300 3550 518 3606 auctor,
563 3541 665 3595 nisi
707 3555 867 3595 verus
911 3538 1089 3594 Deus?
1115 3538 1270 3605 Quod
1300 3539 1492 3592 beatus
1534 3537 1727 3592 Petrus
1771 3552 1893 3607 per-

301 3634 492 3700 spicue
519 3638 750 3685 testatur
776 3630 828 3684 in
859 3644 1129 3693 sermone,
1159 3641 1318 3698 quem
1346 3627 1534 3681 habuit
1554 3628 1621 3681 ad
1644 3626 1887 3690 Iudaeos;

300 3734 427 3793 post
452 3725 555 3778 aiia
581 3723 909 3778 excellenter
929 3721 1157 3792 prolata.
1188 3722 1293 3775 hoc
1324 3734 1535 3788 quoque
1562 3719 1851 3773 subnexuit
1875 3736 1889 3771 :

314 3810 417 3865 Vos
446 3828 583 3873 tero,
618 3811 810 3880 inquit.
836 3820 1075 3864 sanctum
1098 3819 1146 3863 et
1165 3810 1371 3878 justum
1400 3807 1626 3876 negastis
1658 3816 1778 3860 ante
1806 3806 1892 3875 fa-

300 3904 434 3955 ciem
486 3900 672 3965 Pilati,
699 3901 977 3970 judicante
1020 3898 1112 3952 illo
1156 3898 1373 3961 dimitti,
1413 3906 1460 3950 et
1496 3897 1697 3967 petistis
1727 3898 1894 3949 rirum

301 3992 630 4044 homicidam
675 3991 863 4045 donari
892 3992 1051 4045 vobis.
1101 3991 1377 4043 Auctorem
1407 4005 1524 4042 vero
1555 3989 1673 4042 rita?
1700 3989 1894 4042 intere-

300 4084 499 4145 mistis,
529 4084 894 4152 suspendentes
918 4084 972 4137 in
1000 4082 1140 4149 ligno
1166 4081 1302 4152 (Act.
1335 4098 1418 4145 ιιι,
1449 4082 1557 4150 Μ).
1589 4081 1742 4148 Quod
1767 4081 1933 4135 olim‘

304 4170 524 4241 Moyses
560 4171 743 4226 divino
772 4172 964 4243 dignus
1016 4171 1229 4239 eloquio
1284 4171 1599 4239 prophetico
1648 4171 1900 4240 prtedixit

302 4263 500 4331 Spiritu
524 4259 788 4325 futurum,
820 4260 906 4314 ubi
938 4261 1014 4314 ait
1043 4276 1056 4313 :
1098 4259 1304 4314 I’idebis
1327 4261 1481 4314 vitam
1507 4270 1649 4314 tuam
1670 4260 1900 4330 penden-

306 4364 411 4407 tem
437 4364 558 4407 ante
580 4363 649 4417 te,
665 4363 712 4407 et
736 4351 885 4424 [non]
916 4352 1091 4407 credes
1114 4353 1230 4408 rita’
1253 4363 1356 4407 tua:
1380 4351 1556 4425 (Deut.
1574 4369 1765 4417 xxvm,
1785 4351 1897 4424 66).

382 4464 450 4517 γ.
494 4462 609 4518 Hoc
649 4464 810 4518 velim
851 4464 1151 4519 certissime
1190 4480 1286 4519 vos
1325 4480 1672 4536 cognoscere,
1722 4480 1756 4519 o
1793 4465 1894 4518 viri

306 4551 514 4606 fratres
542 4553 705 4622 hujus
745 4554 1045 4623 adoptionis
1069 4555 1122 4608 in
1168 4554 1383 4610 Christo
1414 4564 1730 4617 assertores,
1758 4556 1899 4625 quod

306 4640 579 4708 quidquid
611 4641 803 4696 beatus
831 4641 1063 4711 Cyrillus
1082 4642 1467 4699 Alexandrina:
1484 4646 1738 4700 Ecclesiae
1767 4662 1900 4715 pou-
1944 4646 1952 4655 ’

306 4730 446 4784 ure:
483 4731 729 4802 synodali
763 4733 1082 4787 auctoritate
1108 4734 1273 4803 impio
1315 4736 1595 4804 respondit
1627 4736 1899 4798 Nestorio,

306 4822 473 4876 vobis
527 4837 846 4891 responsum
895 4837 1014 4877 esse
1062 4824 1265 4892 absque
1311 4824 1473 4878 dubio
1518 4826 1701 4880 sciatis
1732 4840 1746 4878 :
1775 4826 1901 4894 quia

308 4912 559 4980 ejusdem
594 4914 798 4969 erroris
828 4914 1079 4984 impietas
1106 4913 1346 4983 ejusdem
1395 4916 1635 4971 veritatis
1681 4932 1903 4986 respon-

306 5004 562 5059 sionibus
588 5004 797 5059 destrui
844 5004 1020 5060 debet.
1049 5004 1191 5060 Nihil
1214 5011 1453 5076 ‘prorsus
1499 5013 1668 5061 restat
1696 5005 1902 5078 [Forte,

305 5092 506 5165 distat]
541 5103 739 5149 vestra:
764 5094 1004 5164 perﬁdiae
1034 5103 1180 5152 secta
1211 5098 1280 5151 ab
1306 5096 1621 5151 inﬁdelitate
1650 5096 1902 5160 Nestorii,

308 5186 421 5240 τιτεί
463 5188 603 5256 quod
630 5187 720 5243 ille
750 5190 805 5242 in
835 5197 1009 5245 matre
1036 5189 1258 5260 Virgine
1287 5190 1507 5255 erravit,
1549 5205 1646 5244 vos
1684 5189 1739 5243 in
1767 5189 1905 5244 Filio

305 5278 557 5333 Christo.
600 5279 695 5335 Ille
739 5282 970 5336 asseruit
1009 5281 1221 5336 beatam
1258 5282 1532 5352 Virginem
1560 5281 1653 5334 Dei
1685 5281 1906 5352 genitri-

306 5385 439 5424 cem
468 5384 571 5426 non
598 5386 742 5431 esse.
771 5388 869 5427 vos
892 5388 1021 5427 vero
1045 5371 1346 5438 aliirmatis,
1375 5388 1475 5428 nec
1497 5370 1668 5428 Deum
1693 5387 1904 5436 verum,

306 5478 418 5515 nec
453 5459 544 5516 Dei
572 5478 701 5518 vere
728 5462 923 5517 Filium
962 5480 1101 5530 esse,
1132 5466 1222 5535 qui
1255 5474 1415 5521 natus
1440 5475 1521 5520 est
1549 5481 1613 5521 ex
1656 5465 1904 5536 virginali

389 5626 418 5651 τι
447 5612 517 5686 λε..
547 5613 797 5681 Fulgent.
847 5613 922 5686 De
967 5614 1098 5667 Fide
1119 5584 1205 5669 'ad
1242 5615 1480 5677 Petrum,
1512 5632 1631 5686 cap.
1676 5617 1728 5673 9.
1757 5631 1903 5669 num.
1932 5594 1957 5609 ”

306 5683 413 5741 39.,
445 5683 651 5753 integer
680 5691 879 5745 textus,
902 5685 971 5737 ita
1005 5693 1160 5738 sonat
1188 5700 1201 5737 :
1232 5686 1427 5741 «Filius
1453 5683 1598 5742 solus
1623 5695 1722 5741 est.
1751 5702 1911 5750 super

309 5767 485 5823 quem
514 5770 613 5810 vos
647 5755 739 5808 illa
767 5753 932 5809 solius
964 5754 1141 5809 Patris
1167 5756 1420 5821 insonuit,
1465 5757 1678 5827 quando
1716 5757 1767 5809 in
1794 5755 1913 5811 Jor—

1990 3270 2188 3341 ligatis,
2222 3268 2348 3339 quid
2377 3284 2473 3337 per
2516 3267 2809 3328 hominem,
2858 3265 2997 3319 serie
3038 3262 3191 3334 [Cod.
3224 3264 3422 3328 Puris.,
3448 3265 3575 3333 quid

1988 3380 2087 3433 per
2118 3375 2333 3417 omnem
2363 3358 2581 3430 seriem]
2616 3359 2918 3413 litterarum
2948 3373 3191 3422 suarum,
3226 3358 3396 3412 astrui
3428 3357 3575 3410 velit.

2060 3474 2147 3529 VI.
2188 3473 2329 3528 Dicit
2361 3473 2540 3542 itaque
2580 3471 2635 3526 in
2679 3486 2740 3525 ea
2786 3470 3034 3541 epistola,
3078 3485 3238 3539 quam
3287 3470 3353 3523 ad
3401 3470 3572 3538 ipsum

1992 3565 2188 3618 direxit
2221 3563 2527 3617 Nestorium
2558 3562 2700 3616 inter
2734 3570 2927 3616 caetera
2955 3561 3035 3616 sic
3066 3579 3078 3614 :
3110 3581 3127 3612 ι
3164 3560 3264 3623 Ita,
3306 3560 3577 3629 inquiens,

1993 3655 2265 3709 Christum
2294 3669 2460 3707 unum
2502 3662 2557 3707 et
2606 3652 2887 3705 Dominum
2935 3650 3271 3713 conﬁtemur,
3306 3668 3411 3705 non
3459 3659 3577 3704 tan-

1992 3762 2153 3816 quam
2187 3744 2457 3798 hominem
2479 3758 2601 3797 cum
2633 3743 2810 3797 Verbo
2841 3744 3130 3798 adorantes
3151 3784 3165 3805 ,
3199 3758 3266 3796 ne
3295 3742 3575 3797 divisionis

1994 3836 2239 3907 qmedam
2274 3833 2483 3903 species
2523 3834 2838 3897 inducatur;
2878 3835 2969 3889 sed
3000 3851 3165 3888 unum
3200 3834 3389 3888 Filium
3421 3849 3575 3887 eum-

1995 3928 2223 3994 demque
2265 3924 2572 3978 adorantes.
2622 3943 2638 3975 ι
2688 3924 2819 3977 Item
2868 3924 2920 3977 in
2969 3924 3174 3993 synodo
3214 3924 3578 3979 celeberrimae

1996 4015 2376 4077 auctoritatis,
2422 4030 2541 4082 qua:
2586 4022 2912 4082 congregata
2955 4023 3035 4068 cst
3089 4015 3141 4068 in
3191 4015 3457 4083 Ephesina
3502 4016 3578 4070 ci-

1996 4109 2164 4162 vitate
2204 4116 2392 4161 coutra
2424 4106 2599 4175 ipsum
2640 4105 2970 4169 Nestorium,
3014 4106 3091 4159 sic
3130 4106 3195 4160 de
3222 4105 3438 4161 Christo
3468 4107 3584 4177 ipse

1997 4196 2229 4266 Cyrillus
2277 4203 2509 4251 testatur
2551 4194 2756 4267 (Epist.
2802 4196 2823 4249 1
2858 4195 2922 4250 ad
2953 4196 3249 4251 monachos
3285 4195 3537 4267 Ᾰῖᾳγιιῑὶ)
3567 4215 3581 4251 :

2005 4302 2023 4333 ‹
2062 4283 2177 4338 Non
2227 4286 2537 4349 hominem,
2592 4286 2706 4349 ait,
2752 4294 2805 4339 et
2857 4287 3091 4340 Verbum
3144 4287 3276 4341 duos
3316 4286 3583 4346 Christus.

2001 4376 2230 4429 alterum
2277 4376 2584 4441 sublimem,
2619 4385 2674 4431 ct
2699 4377 2925 4448 alterum
2954 4378 3256 4443 subditum;
3297 4377 3387 4433 sed
3419 4378 3585 4431 Deum

2001 4474 2056 4520 et
2102 4466 2375 4520 hominem
2430 4483 2595 4522 unum
2650 4469 3006 4538 eumdemquc
3064 4468 3386 4523 conﬁtemur
3431 4467 3586 4521 tibii-

2006 4568 2169 4613 stum.
2225 4577 2243 4610 ι
2301 4559 2551 4629 Nunquid
2608 4577 2713 4615 non
2769 4562 2904 4616 duos
2958 4560 3205 4615 Christus
3266 4559 3585 4623 conﬁtetur,

2003 4662 2167 4703 unum
2215 4650 2521 4715 sublimem,
2569 4660 2622 4705 et
2662 4652 2891 4705 alterum
2938 4650 3258 4718 su‘:jectum,
3312 4654 3401 4721 qui
3457 4653 3587 4706 dicit

2002 4755 2169 4793 unum
2213 4740 2488 4795 Christum
2524 4756 2712 4795 verum
2745 4741 2933 4802 Deum,
2972 4748 3028 4794 et
3057 4740 3284 4795 alterum
3315 4758 3587 4811 nuncupa-

2002 4830 2203 4893 tivum;
2236 4830 2319 4884 vel
2350 4846 2515 4884 unum
2546 4829 2855 4894 Dominum,
2884 4837 2937 4883 et
2968 4830 3198 4884 alterum
3241 4832 3495 4886 servum?
3522 4832 3587 4885 Et

2001 4921 2162 4990 paulo
2188 4928 2343 4989 post:
2381 4939 2399 4970 ‹
2434 4918 2820 4989 Nuncapamur
2849 4921 3048 4975 etenim
3079 4937 3177 4976 nos
3219 4922 3319 4991 ipsi
3344 4938 3441 4992 per
3468 4936 3589 4991 gra-

2009 5012 2136 5064 tiam
2163 5010 2276 5071 Dei,
2305 5017 2673 5063 verumtamen
2713 5026 2817 5063 non
2851 5010 2923 5065 ita
2954 5011 3097 5065 Deus
3130 5010 3320 5075 Filius,
3362 5010 3454 5064 sed
3495 5026 3588 5063 na-

2010 5112 2130 5157 tura
2166 5103 2339 5171 magis
2375 5109 2430 5155 et
2457 5102 2707 5167 veritate,
2737 5103 2864 5158 licet
2899 5119 3028 5158 caro
3066 5103 3137 5159 sit
3165 5102 3357 5159 factus.
3393 5123 3411 5155 ›
3440 5102 3509 5157 Et
3536 5104 3587 5158 in

2009 5195 2355 5266 sequentibus
2387 5192 2541 5247 inﬁt:
2574 5212 2591 5243 ‹
2622 5193 2730 5248 Nos
2753 5195 2967 5263 quidem
2998 5204 3051 5248 et
3088 5202 3274 5249 sancto
3314 5194 3459 5248 uncti
3501 5208 3590 5247 su-

2010 5302 2130 5341 mus
2154 5284 2320 5355 909
2347 5282 2572 5354 Spiritu,
2598 5285 2902 5355 adoptionis
2928 5285 3190 5353 siquidem
3216 5285 3448 5338 ditamur
3471 5298 3591 5354 gia-

2013 5376 2110 5441 tia,
2133 5389 2497 5445 vocamurun
2517 5374 2677 5428 etiam
2700 5375 2801 5438 dii;
2830 5382 3028 5429 nostra:
3054 5390 3181 5428 vero
3209 5383 3419 5430 natura:
3443 5389 3593 5429 men-

2016 5480 2200 5520 suram
2257 5464 2727 5543 non‘iguorcmus.
2781 5462 2979 5518 Sumus
3018 5464 3159 5517 enim
3207 5479 3272 5518 ex
3322 5472 3490 5529 terra,
3537 5472 3594 5519 et

2018 5621 2152 5743 «ripae
2204 5619 2494 5674 secundum
2543 5634 2758 5673 carnem
2798 5620 3099 5691 baptizatus
3153 5631 3235 5675 est
3288 5621 3595 5689 unigenitus

2069 5708 2178 5743 eus.
2214 5710 2231 5739 ι

2069 5708 2178 5743 (ηις.
2214 5710 2231 5739 ι

2096 5762 2120 5800 ι»
2159 5760 2300 5815 Idem
2330 5763 2395 5816 ad
2418 5759 2830 5815 Trasimundmn
2864 5777 3062 5831 regem,
3092 5778 3209 5834 cap.
3244 5762 3325 5818 12.
