3964 6186
328 317 425 371 9.91

1155 309 1214 364 B.
1254 309 1315 363 F.
1353 306 1579 363 ALBlNl
1618 304 1746 360 SEU
1788 299 2058 356 ALCUINI
2109 296 2387 351 OIA’ERL'M
2431 295 2605 350 PARS
2644 293 2726 347 lil.

3507 287 3572 313 ΑΒ

3512 315 3577 340 αφ

329 426 633 483 habitamus
656 427 792 482 inter
814 441 1015 482 servos.
1038 426 1105 480 Et
1126 425 1211 479 ille
1230 434 1334 488 est,
1359 440 1463 478 non
1488 423 1540 475 in
1564 419 1760 491 quibus
1783 432 1895 479 nos,
1928 420 1976 475 Α
2004 411 2173 481 ipsum
2198 409 2479 462 exinanirit
2508 407 2733 476 formam
2761 405 2892 458 servi
2919 403 3205 473 suscipiens
3253 398 3487 471 (Philip.
3515 415 3577 461 ιι.

330 520 423 574 sed
465 526 653 572 natura
700 532 826 571 vere
869 516 1057 583 Filius,
1087 525 1143 569 et
1177 516 1417 569 omnium
1444 512 1720 567 Dominus.
1754 529 1772 559 ι
1804 507 1902 561 Λι-

334 608 492 663 tende
536 608 843 677 diligentius
892 607 1162 677 quomodo
1213 606 1466 660 discrevit
1511 604 1650 656 inter
1710 610 1905 654 nostra:

332 702 632 770 adoptionis
657 678 991 771 dignitatem,
1021 708 1075 753 et
1101 700 1397 752 naturalem
1436 699 1487 751 in
1515 696 1730 751 Christo
1768 696 1904 749 Filio

333 791 449 859 Dei,
505 792 595 861 qui
648 808 713 844 ex
755 791 969 860 Virgine
1018 798 1176 843 natus
1228 797 1350 853 εει,
1404 789 1727 842 veritatem:
1762 788 1904 856 quod

334 884 507 938 adhuc
548 884 911 953 perspicacius
955 883 1008 936 in
1056 882 1403 951 sequentibus
1455 897 1580 935 mox
1620 881 1903 935 ostendere

334 972 586 1037 curavit:
627 990 645 1021 ι
680 970 967 1037 Quocirca,
1014 971 1284 1039 inquiens,
1336 986 1401 1024 ex
1442 971 1646 1025 duabus
1685 970 1900 1039 quidem

332 1063 492 1114 rebus
519 1060 900 1121 indubitanter,
927 1060 1204 1114 divinitate
1225 1068 1279 1114 ει
1306 1061 1660 1125 humanitate,
1688 1062 1904 1115 Emma-

331 1147 455 1200 nuel
498 1156 598 1201 est.
648 1148 1030 1201 Verumtamen
1066 1163 1203 1201 unus
1244 1148 1502 1202 Dominus
1547 1146 1703 1201 Jesus
1744 1146 1900 1201 Chri-

335 1245 470 1299 stus,
501 1251 747 1303 unusque
785 1244 840 1289 et
876 1251 1002 1290 vere
1040 1235 1227 1300 Filius,
1258 1236 1400 1290 Deus
1438 1236 1599 1289 simul
1629 1244 1684 1290 et
1711 1236 1897 1299 homo;

330 1331 385 1380 cl
406 1341 509 1380 non
533 1328 694 1380 homo
720 1327 861 1380 Deus
887 1326 1081 1391 factus,
1109 1326 1209 1381 sub
1230 1327 1538 1395 mqualitate
1567 1327 1775 1389 horum,
1806 1328 1900 1396 qui

328 1433 425 1486 per
444 1418 703 1488 gratiam;
744 1417 836 1471 sed
864 1418 1005 1472 Deus
1030 1418 1210 1486 potius
1251 1432 1429 1471 verus.
1467 1437 1484 1469 ι
1521 1417 1673 1482 Vide,
1712 1417 1899 1481 lector,

329 1516 384 1560 et
410 1506 646 1575 intellige
673 1522 835 1576 quam
858 1508 1174 1561 ﬁducialiter
1192 1507 1466 1562 Christum
1500 1508 1552 1562 in
1578 1508 1785 1563 duabus
1807 1523 1904 1561 na-

330 1600 466 1653 turis
491 1599 742 1663 atlirmat,
772 1599 915 1668 quod
943 1600 1016 1653 sit
1044 1616 1181 1655 unus
1214 1608 1270 1653 et
1294 1599 1463 1655 Filius
1492 1602 1657 1655 etiam
1696 1611 1752 1654 et
1777 1615 1902 1654 vere

331 1690 493 1753 Deus,
541 1706 648 1743 nou
696 1691 990 1745 secundum
1029 1692 1256 1760 gratiam
1302 1692 1443 1746 sicut
1484 1708 1602 1747 nos.
1649 1691 1898 1756 Attende,

2009 501 2082 570 6).
2129 501 2260 554 ltem
2298 507 2356 553 ut
2398 512 2561 551 unam
2592 494 2902 549 ostenderet
2944 493 2997 546 in
3024 492 3241 547 Christo
3269 506 3579 561 personam,

2006 592 2112 646 alio
2162 590 2279 644 loco
2308 590 2422 641 ait:
2452 587 2517 639 Et
2563 603 2654 655 ego
2697 576 2744 637 si
2780 584 2906 654 quid
2948 583 3157 647 donavi,
3204 585 3258 636 in
3304 598 3579 652 personam

2006 683 2200 737 Christi
2232 680 2423 735 donavi
2453 678 2536 749 (II
2570 675 2693 731 Cor.
2730 692 2792 741 ιι,
2836 676 2943 746 10).
2976 688 3001 716 ιι
3038 694 3056 724 ι
3088 676 3208 745 Egit
3247 674 3390 728 enim
3433 682 3582 728 utra-

2005 790 2108 843 que
2138 774 2308 826 forma
2341 786 2463 825 cum
2494 768 2719 823 alterius
2747 767 3141 827 communione,
3172 774 3232 820 ut
3257 765 3447 819 beatus
3473 764 3582 821 Leo

2005 865 2103 928 ait,
2148 863 2291 932 quod
2338 859 2618 930 proprium
2660 865 2744 911 est
2771 857 2954 920 Verbi,
2986 856 3163 910 Verbo
3207 855 3416 909 scilicet
3454 869 3583 924 ope-

2005 963 2180 1015 rante,
2222 952 2367 1021 quod
2396 950 2557 1006 Verbi
2589 957 2692 1013 est,
2724 963 2887 1002 carne
2914 954 3264 1015 exsequente,
3294 945 3436 1014 quod
3462 960 3584 998 car-

2004 1046 2090 1099 nis
2113 1052 2216 1099 est.
2245 1043 2422 1097 Unum
2452 1042 2642 1095 horum
2675 1047 2925 1093 coruscat
2953 1036 3250 1101 miraculis,
3283 1036 3426 1095 alivd
3459 1051 3582 1091 suc-

2005 1134 2207 1189 cumbit
2251 1131 2474 1199 injuriis.
2508 1131 2575 1183 Et
2602 1130 2741 1183 sicut
2766 1129 3003 1182 Verbum
3044 1128 3112 1182 ab
3151 1127 3457 1196 aequalitate
3482 1142 3581 1196 pa-

2005 1235 2173 1278 terna:
2220 1222 2402 1292 gloria:
2448 1237 2552 1274 non
2604 1218 2826 1283 recedit,
2881 1220 2955 1273 ita
2999 1217 3173 1290 [caro]
3222 1226 3277 1272 et
3330 1227 3578 1273 naturam

2004 1312 2176 1367 nostri
2204 1313 2416 1381 generis
2446 1326 2548 1364 non
2587 1309 2822 1377 reliquit.
2850 1308 3001 1364 Unus
3028 1308 3171 1363 enim
3202 1308 3448 1377 idemque
3474 1316 3578 1371 est,

2004 1403 2145 1471 quod
2174 1417 2314 1471 smpe
2352 1402 2635 1455 dicendum
2679 1408 2785 1465 εει,
2822 1414 2950 1453 vere
2993 1399 3085 1452 Dei
3127 1398 3316 1462 Filius,
3359 1408 3413 1453 et
3457 1413 3583 1453 vere

2004 1495 2238 1549 hominis
2267 1494 2427 1548 ﬁlius.
2460 1513 2478 1545 ›
2515 1493 2792 1547 Videtisne
2842 1492 2984 1560 quod
3032 1492 3221 1545 beatus
3254 1490 3363 1545 Leo
3388 1490 3576 1559 pratci-

2003 1600 2140 1655 puus
2168 1585 2445 1639 catholicae
2475 1583 2594 1637 ﬁdei
2625 1583 2823 1636 Doctor
2847 1595 3032 1635 verum
3062 1580 3155 1635 Dei
3186 1579 3378 1635 Filium
3423 1580 3581 1635 Citri-

2004 1684 2145 1731 stum
2175 1677 2483 1739 coulitctur,
2512 1682 2566 1728 et
2588 1689 2778 1727 verum
2814 1672 3049 1727 hominis
3070 1670 3273 1725 ﬁlium?
3303 1670 3400 1725 Ubi
3433 1671 3582 1725 iuve-

330 1784 647 1837 subsewws
674 1783 787 1836 an:
822 1802 838 1831 ι
868 1759 1049 1836 palan,
1093 1798 1222 1852 ergo
1261 1792 1368 1847 est,
1408 1784 1534 1855 quia
1564 1785 1786 1839 animus
1816 1800 1903 1839 res
1938 1759 1977 1816 Β
2008 1767 2164 1821 nistis
2198 1767 2250 1820 in
2281 1767 2514 1820 humana
2541 1780 2664 1818 eum
2691 1777 2809 1817 esse
2832 1772 3025 1816 natura
3055 1761 3362 1830 adoptivum
3391 1760 3577 1826 ﬁlium,

331 1883 601 1944 assumpta
630 1875 938 1929 necessario
960 1875 1176 1943 quidem
1203 1877 1477 1945 proprium
1503 1876 1695 1931 Filium
1723 1877 1903 1931 decla—

332 1966 472 2018 ravit
495 1965 612 2031 Dei,
645 1967 735 2034 qui
772 1981 838 2019 ex
886 1974 1073 2020 sancta
1101 1966 1319 2038 Virgine
1345 1976 1446 2022 est.
1473 1988 1491 2019 ι
1526 1968 1679 2032 Item,
1709 1976 1771 2021 ut
1806 1968 1903 2022 ad-

333 2056 557 2110 versarii
593 2056 898 2111 destrueret
928 2058 1092 2121 dicta,
1122 2059 1392 2112 contrario
1411 2059 1591 2127 posuit
1623 2074 1908 2128 argumen—

333 2156 486 2200 tum:
523 2166 541 2197 ι
576 2147 680 2202 Sed
725 2148 770 2201 si
818 2156 902 2201 est
945 2147 1215 2213 Christus,
1264 2149 1466 2218 inquit,
1522 2165 1697 2219 neque
1741 2149 1908 2204 Filius

333 2253 475 2300 vere,
512 2254 685 2308 neque
728 2239 1050 2292 naturaliter
1092 2239 1255 2304 Deus,
1286 2241 1381 2294 sed
1424 2241 1583 2295 homo
1626 2255 1793 2310 purus
1823 2256 1909 2295 se-

333 2330 559 2383 cundum
584 2344 701 2391 nos,
734 2338 788 2383 et
815 2329 1116 2384 divinitatis
1135 2345 1425 2399 organum;
1475 2332 1665 2386 salvati
1691 2332 1907 2401 quidem

332 2435 516 2475 sumus
544 2436 648 2474 non
676 2420 731 2474 in
759 2419 869 2474 Deo
898 2420 1312 2489 quodammodo,
1360 2422 1454 2476 scd
1495 2421 1549 2476 in
1594 2437 1700 2476 uno
1737 2422 1909 2491 magis

334 2511 625 2566 secundum
672 2526 791 2575 nos,
847 2511 1111 2565 moriente
1146 2526 1246 2581 pro
1296 2512 1468 2576 nobis,
1508 2519 1562 2565 et
1614 2512 1906 2565 virtutibus

333 2604 520 2658 alienis
572 2604 912 2658 resuscitato.
948 2622 967 2654 ι
1000 2603 1066 2657 Et
1111 2604 1166 2657 in
1210 2604 1316 2658 ﬁne
1362 2604 1675 2658 eorumdem
1703 2618 1907 2658 sermo-

333 2708 459 2745 num
493 2706 507 2745 :
543 2711 561 2743 ‹
590 2692 827 2748 Colimus
857 2701 1036 2747 autem
1068 2708 1171 2747 non
1198 2709 1394 2763 purum
1420 2694 1715 2759 hominem,
1744 2692 1901 2747 absit!

330 2780 425 2835 sed
468 2782 637 2836 Deum
676 2783 854 2852 potius
901 2784 1241 2852 naturaliter,
1290 2801 1396 2839 non
1445 2785 1753 2856 ignorantes
1792 2786 1907 2856 ejus

332 2870 580 2940 gloriam,
608 2871 733 2926 licet
756 2871 931 2928 factus
957 2875 1045 2928 sit.
1078 2894 1097 2926 ι

405 3000 511 3055 Vll.
553 2999 689 3066 Quid
718 3018 853 3072 opus
886 3012 971 3058 εει
1006 3004 1160 3073 plura
1197 3005 1444 3075 excipere
1472 3007 1709 3078 ejusdem
1740 3008 1906 3064 libelli

332 3090 659 3156 testimonia,
692 3091 817 3145 dum
849 3092 901 3145 in
934 3093 1205 3164 Ephesina
1244 3095 1461 3151 civitate
1504 3097 1573 3151 ad
1602 3098 1703 3152 hoc
1732 3099 1904 3169 ipsum

332 3191 627 3236 conventus
650 3183 988 3238 sacerdotum
1011 3185 1212 3241 Christi
1238 3203 1304 3241 ex
1332 3187 1561 3244 diversis
1584 3192 1766 3245 mundi
1787 3207 1910 3262 par-

335 3276 477 3329 tibus
501 3277 767 3330 adunatus
794 3286 897 3342 est,
927 3284 985 3330 ut
1012 3278 1312 3333 destrueret
1341 3282 1481 3335 hanc
1514 3282 1687 3352 ipsam
1716 3283 1909 3353 iniqui-

334 3365 461 3420 tatis
491 3376 713 3429 scctam,
740 3367 791 3420 in
820 3384 925 3436 qua
951 3384 1047 3423 vos
1076 3385 1198 3424 cum
1222 3371 1475 3426 Nestorio
1504 3374 1741 3428 irrctitos
1767 3390 1905 3441 esse,

332 3454 475 3508 nulla
496 3464 580 3509 est
610 3455 874 3511 dubitatio
904 3472 918 3510 :
946 3460 1087 3526 quod
1117 3461 1419 3515 certissime
1451 3460 1690 3529 ejusdem
1720 3465 1909 3535 synodi

333 3546 544 3600 litteras
564 3545 805 3614 legentes
828 3564 1119 3618 agnoscere
1146 3551 1394 3618 potestis,
1416 3553 1461 3606 si
1487 3552 1664 3621 aliqua
1689 3554 1743 3607 in
1759 3554 1910 3609 vobis

333 3639 614 3693 rationalis
640 3650 903 3695 creatura:
935 3643 1198 3712 particula
1222 3646 1561 3700 remanserit.
1591 3647 1704 3703 lloe
1736 3649 1907 3704 solum

331 3731 487 3785 vobis
518 3740 687 3785 restat
716 3734 961 3799 remedii,
994 3743 1052 3789 ut
1080 3744 1190 3790 tota
1216 3738 1411 3792 mentis
1437 3739 1716 3796 alacritate
1742 3743 1908 3797 relin-

333 3824 512 3894 quatis
560 3824 929 3881 inﬁdelitatem
980 3828 1121 3884 illius
1162 3829 1395 3885 Nestorii
1437 3842 1597 3902 atque
1641 3843 1907 3903 vestram,

333 3928 453 3982 qum
496 3915 681 3983 procul
723 3915 886 3969 dubio
928 3930 994 3970 ex
1041 3916 1203 3972 unius
1240 3921 1437 3975 radicis
1481 3922 1754 3992 impietate
1782 3940 1910 3995 pro-

333 4005 518 4058 cessit.
547 4004 653 4059 Aut
692 4005 738 4059 si
779 4007 881 4062 hoc
923 4022 1032 4061 non
1074 4008 1336 4078 placuerit
1365 4012 1673 4081 pertinacia:
1695 4023 1907 4080 vestne,

333 4097 524 4151 scitote
556 4097 855 4153 certissime
900 4101 1277 4157 ecclesiastica:
1318 4107 1654 4160 auctoritatis
1681 4124 1910 4163 censura

334 4204 433 4244 vos
459 4205 578 4244 cum
607 4189 698 4245 illo
727 4191 889 4245 etiam
920 4194 1250 4248 :eternaliter
1290 4196 1623 4253 damnandos
1654 4214 1793 4266 esse,
1818 4201 1910 4270 qui

334 4283 681 4337 serenitatem
731 4284 1008 4339 catholicae
1059 4285 1179 4339 ﬁdei
1229 4303 1325 4356 per
1374 4290 1569 4345 multas
1621 4293 1912 4348 orientales

337 4371 522 4429 mundi
557 4383 738 4442 partes
767 4388 876 4427 sure
912 4375 1151 4443 perﬁdia:
1182 4379 1391 4434 nebulis
1435 4382 1797 4447 obumbravit,
1826 4393 1910 4439 at-

336 4478 440 4532 que
482 4463 602 4518 ideo
620 4461 771 4531 justo
803 4463 1008 4532 judicio
1041 4466 1110 4520 ab
1136 4469 1323 4523 eadem
1353 4472 1642 4527 universali
1673 4474 1911 4531 Ecclesia

338 4554 553 4608 Satanae
583 4553 809 4608 traditus
833 4553 888 4607 in
917 4564 1229 4624 perpetuam
1259 4559 1632 4625 perditionem.

415 4667 541 4721 Vlll.
581 4666 686 4721 Sed
716 4674 775 4720 ut
802 4667 987 4722 sciatis
1025 4684 1121 4722 nos
1151 4684 1322 4738 neque
1358 4686 1478 4724 eum
1522 4671 1786 4737 Nestorio,
1815 4691 1910 4729 ne-

338 4773 444 4828 que
474 4773 596 4812 cuna
640 4767 817 4812 vestra
850 4759 1163 4815 inﬁdelitate
1194 4761 1468 4815 Christum
1512 4762 1564 4816 in
1604 4762 1740 4817 duas
1780 4765 1915 4823 divi-

341 4848 469 4903 dere
509 4861 795 4916 personas;
846 4863 1018 4918 neque
1068 4866 1189 4905 cum
1246 4850 1487 4923 Eutyche
1532 4851 1806 4909 Christum
1858 4855 1912 4908 in

340 4957 502 4995 unam
543 4940 870 4996 confundere
906 4952 1181 5010 naturam;
1212 4946 1306 5000 sed
1344 4962 1471 5002 vere
1512 4948 1644 5002 duas
1690 4958 1912 5004 naturas

338 5033 586 5104 proprias
610 5042 665 5086 et
683 5030 972 5102 perfectas,
995 5043 1050 5087 et
1069 5052 1229 5090 unam
1255 5053 1539 5107 personam
1565 5054 1660 5095 ore
1679 5048 1729 5094 et
1752 5042 1913 5096 corde

339 5124 605 5179 catholico
653 5124 991 5179 conﬁtemur.
1044 5126 1101 5179 ιη
1151 5127 1244 5180 illo
1293 5145 1451 5194 unus,
1482 5130 1534 5184 id
1582 5139 1665 5185 est
1707 5130 1911 5203 [Fui-te,

339 5213 527 5287 idem],
575 5215 717 5270 Deus
764 5224 819 5269 et
852 5217 1013 5272 homo
1061 5225 1145 5271 est
1174 5216 1440 5273 Christus.
1495 5221 1639 5277 Duas
1684 5238 1913 5293 namque

340 5314 584 5366 naturas,
633 5323 751 5376 qua:
796 5318 920 5363 sunt
962 5309 1015 5363 in
1059 5324 1146 5374 eo,
1191 5310 1323 5365 duas
1371 5308 1571 5367 formas
1618 5314 1914 5367 nominavit

343 5395 655 5465 Apostolus,
681 5400 770 5454 ubi
801 5401 876 5455 ait
904 5418 917 5454 :
948 5399 1052 5466 Qui
1077 5417 1195 5456 cum
1228 5404 1282 5455 in
1322 5401 1492 5472 forma
1516 5402 1610 5456 Dei
1637 5414 1787 5468 esset,
1817 5420 1919 5457 non

346 5485 586 5555 rapinam
607 5488 890 5545 arbitratus
905 5502 977 5546 est
993 5508 1169 5547 essese
1193 5492 1447 5563 a'qualem
1474 5493 1603 5558 Deo,
1627 5496 1717 5549 sed
1740 5504 1923 5549 semct-

416 5602 444 5632 ι
489 5592 547 5650 S.
574 5594 701 5660 Leo,
733 5599 886 5667 epist.
916 5601 984 5657 9.8
1016 5604 1081 5656 ad
1098 5604 1431 5667 Flavianum,
1467 5622 1584 5675 cap.
1619 5607 1668 5661 4.

1934 3114 1980 3178 C

1946 4470 1993 4529 D

2007 1868 2061 1915 et
2084 1876 2191 1914 non
2222 1875 2430 1924 verum,
2461 1860 2564 1913 nisi
2597 1874 2665 1913 ex
2695 1857 3034 1922 Nestoriana,
3063 1857 3147 1912 vel
3177 1867 3367 1911 vestrm
3394 1857 3583 1927 impie-

2007 1951 2134 2006 tatis
2179 1950 2515 2005 temeritate?
2562 1950 2691 2003 ltem
2724 1950 2837 2020 ipse
2868 1949 2975 2003 Leo
3023 1950 3077 2003 in
3120 1950 3306 2003 eadem
3355 1949 3581 2019 epistola

2007 2044 2074 2097 ad
2101 2041 2414 2095 Flavianum
2441 2041 2755 2111 episcopum
2786 2040 3012 2104 directa,
3045 2040 3112 2093 de
3140 2055 3246 2109 qua
3275 2041 3584 2109 superiores

2006 2134 2123 2202 ejus
2163 2148 2441 2187 sermones
2466 2131 2729 2185 traximus
2762 2150 2774 2183 :
2813 2150 2831 2181 ι
2868 2131 2967 2197 Qui
3006 2132 3147 2185 enim
3174 2146 3334 2185 verus
3361 2141 3467 2195 est,
3494 2133 3583 2187 in-

2006 2222 2220 2291 quiens,
2249 2223 2412 2286 Deus,
2442 2222 2581 2277 idem
2618 2237 2781 2276 veras
2824 2229 2906 2274 est
2954 2223 3134 2285 homo,
3162 2229 3217 2275 et
3266 2223 3467 2277 nullum
3501 2231 3587 2278 est

2008 2311 2061 2364 in
2090 2311 2192 2365 hac
2220 2311 2425 2364 unitate
2458 2310 2818 2373 mendacium,
2852 2311 2978 2364 dum
3006 2311 3169 2380 910
3198 2312 3424 2367 invicem
3459 2321 3587 2367 sunt

2007 2410 2062 2455 et
2091 2402 2366 2456 humilitas
2396 2402 2627 2456 hominis
2655 2411 2709 2455 et
2738 2402 2958 2455 altitudo
2979 2402 3220 2457 Deitatis.
3250 2423 3268 2455 ›
3290 2403 3423 2458 Item
3449 2419 3584 2472 quo-

2007 2507 2111 2560 que
2133 2492 2186 2545 in
2215 2492 2402 2545 eadem
2427 2492 2648 2547 homilia
2679 2493 2743 2548 de
2764 2492 2951 2548 Natale
2974 2493 3184 2548 Domini
3209 2496 3283 2548 ait
3312 2495 3463 2567 (Cap.
3490 2498 3545 2567 8)
3568 2515 3581 2550 ε

2014 2600 2032 2631 ‹
2070 2581 2297 2647 Quidam
2327 2598 2474 2646 vero,
2511 2583 2778 2652 inquiens,
2818 2593 2964 2638 tanta
2991 2584 3216 2653 perﬁdia
3252 2587 3493 2650 involuti,
3524 2597 3589 2642 ut

2007 2673 2281 2729 Christum
2314 2675 2479 2729 Deum
2512 2673 2794 2742 majorem,
2824 2685 2877 2730 et
2904 2676 3072 2731 Deum
3117 2678 3381 2733 minorem
3425 2689 3585 2749 puta-

2007 2766 2183 2819 veriut
2215 2766 2540 2820 credendum
2570 2782 2709 2821 esse.
2742 2787 2759 2819 ›
2790 2767 2977 2823 Nonne
3004 2770 3119 2824 llth
3146 2779 3324 2825 vestra
3356 2772 3588 2827 inﬁdeli-

2008 2863 2090 2910 tas
2127 2872 2263 2911 nova
2290 2857 2425 2910 duos
2454 2857 2583 2911 deos
2607 2858 2778 2927 ﬁngit,
2812 2875 2976 2912 unum
3008 2861 3292 2929 majorem,
3324 2869 3378 2916 et
3415 2862 3579 2917 alium

2008 2947 2296 3013 minorem,
2326 2947 2451 3000 dum
2497 2948 2774 3003 Christum
2802 2951 2994 3004 asserit
3020 2953 3310 3007 secundum
3341 2954 3589 3010 divinita-

2010 3043 2116 3089 tem
2138 3050 2324 3090 verum
2351 3051 2468 3091 esse
2493 3037 2684 3101 Deum,
2713 3038 2765 3092 id
2790 3048 2873 3093 est
2896 3039 3184 3108 majorem;
3207 3050 3262 3096 et
3290 3046 3585 3102 secundum

2011 3127 2398 3183 humanitatem
2443 3132 2863 3201 nuncupativum
2904 3132 3096 3199 Deum,
3135 3135 3187 3188 id
3211 3146 3296 3190 est
3322 3138 3586 3193 minorem

2009 3215 2214 3271 Deum?
2236 3217 2344 3273 Nec
2374 3219 2444 3273 ibi
2469 3236 2596 3274 vera
2624 3222 2801 3276 unitas
2826 3237 2946 3277 esse
2975 3226 3175 3293 poterit
3195 3242 3457 3296 personae,
3497 3231 3587 3285 ubi

2011 3315 2121 3362 tam
2151 3309 2323 3365 divisa
2346 3319 2431 3365 est
2457 3314 2740 3380 potestatis
2763 3315 3114 3384 inaequalitas.

2083 3418 2170 3473 IX.
2213 3418 2349 3474 Huic
2396 3437 2609 3491 quoque
2654 3425 3000 3480 sanctissimo
3038 3441 3190 3496 papae
3231 3428 3397 3484 Leoni
3442 3432 3590 3503 Vigi-

2009 3511 2114 3566 lius
2158 3512 2309 3580 paria
2351 3514 2418 3567 de
2464 3515 2672 3570 duabus
2703 3518 2755 3571 in
2803 3518 3020 3575 Christo
3057 3524 3265 3577 naturis
3298 3533 3353 3578 et
3381 3526 3591 3583 unitate

2007 3617 2252 3672 persona:
2286 3605 2450 3660 sentit
2496 3605 2551 3659 in
2594 3608 2710 3662 suis
2756 3608 3062 3678 Opusculis,
3108 3628 3228 3683 quae
3253 3624 3442 3669 contra
3482 3614 3590 3673 Ne.-

2009 3694 2161 3748 storii
2200 3695 2529 3766 impietatem
2568 3698 2653 3751 vel
2694 3699 2949 3770 Eutychis
2974 3704 3210 3759 veridico
3238 3706 3375 3775 ston
3397 3721 3592 3763 exara-

2009 3787 2115 3851 vit;
2144 3787 2235 3841 ubi
2272 3788 2503 3857 plurima
2533 3806 2768 3859 namque
2801 3793 2867 3846 de
2906 3795 3234 3863 proprietate
3274 3806 3590 3853 naturarum

2011 3879 2065 3933 in
2095 3880 2335 3946 Christo,
2362 3890 2417 3937 et
2446 3884 2819 3953 singularitate
2864 3890 3023 3941 unius
3052 3906 3295 3959 personae
3327 3892 3583 3946 mirabili-

2013 3978 2097 4025 ter
2132 3973 2402 4041 exposuit.
2445 3972 2611 4042 Cujus
2658 3976 2939 4031 catholieze
2981 3978 3101 4032 ﬁdei
3150 3980 3358 4034 litteras
3405 3981 3448 4037 si
3499 3981 3589 4050 pia

2010 4070 2191 4116 mente
2210 4062 2391 4133 legere
2419 4064 2732 4133 dignemini,
2763 4065 2899 4121 forte
2923 4069 3215 4125 miserante
3236 4071 3345 4125 Deo
3368 4073 3419 4125 in
3445 4071 3591 4127 viam

2010 4151 2391 4207 ecclesiastica:
2420 4155 2568 4222 pacis
2596 4158 2941 4223 pervenietis.
2971 4158 3110 4213 Dicit
3150 4162 3292 4215 enim
3324 4162 3463 4216 inter
3485 4176 3594 4218 ete-

2014 4250 2150 4307 tera,
2184 4259 2304 4312 quae
2336 4243 2510 4299 lucide
2552 4246 2617 4299 de
2650 4246 2865 4302 Christo
2889 4259 3176 4305 exsecutus
3206 4260 3287 4306 est
3318 4254 3345 4292 ιι
3376 4271 3389 4305 :
3426 4271 3447 4303 c
3481 4248 3591 4309 Sed

2018 4332 2250 4387 Verbum
2270 4374 2283 4397 ,
2307 4334 2501 4403 inquit,
2526 4344 2745 4405 propter
2784 4353 3001 4393 carnem
3036 4356 3186 4394 suam
3225 4343 3387 4396 homo
3415 4344 3504 4409 sit,
3535 4354 3587 4399 et

2017 4439 2144 4478 caro
2173 4433 2391 4495 propter
2414 4426 2649 4481 Verbum
2678 4428 2820 4483 Deus
2852 4431 2950 4495 sit;
2989 4441 3044 4485 et
3073 4433 3330 4501 quidquid
3356 4444 3435 4488 est
3467 4451 3595 4505 pro-

2015 4516 2193 4585 prium
2221 4516 2403 4581 Verbi,
2440 4517 2509 4571 sit
2532 4533 2815 4574 commune
2845 4518 2989 4591 [cum
3020 4537 3209 4586 carne;
3240 4534 3297 4579 et
3330 4526 3593 4594 quidquid

2016 4614 2100 4660 est
2117 4608 2393 4677 proprium
2417 4609 2619 4674 carnis,
2642 4626 2927 4666 commune
2948 4611 3041 4684 sit]
3067 4628 3188 4668 cum
3216 4616 3395 4670 Verbo
3420 4635 3432 4669 :
3457 4633 3595 4685 quo-

2017 4697 2163 4750 niam
2180 4698 2413 4752 Vcrhum
2439 4709 2494 4754 et
2512 4716 2638 4756 caro
2662 4718 2800 4758 unus
2822 4714 2905 4758 est
2928 4704 3175 4761 Christus
3202 4717 3257 4761 et
3283 4724 3386 4762 una
3411 4724 3597 4778 perso-

2015 4804 2137 4843 na.»
2170 4790 2233 4844 Et
2252 4791 2419 4846 multa
2443 4793 2544 4847 alia
2569 4794 2824 4865 legentes,
2856 4807 2909 4853 et
2930 4799 3017 4869 pie
3042 4800 3397 4870 intelligentes
3418 4804 3484 4858 de
3498 4817 3594 4858 ve-

2018 4880 2199 4946 ritate,
2219 4897 2338 4952 qure
2367 4883 2419 4938 in
2440 4883 2659 4942 Christo
2687 4896 2791 4954 est,
2809 4904 2906 4945 seu
2934 4892 3000 4946 de
3027 4893 3249 4947 duarum
3273 4907 3593 4952 naturarum

2019 4973 2455 5041 proprietatibus,
2472 4991 2565 5030 seu
2587 4977 2653 5032 de
2675 4979 3047 5047 singularitate
3069 4985 3229 5039 unius
3254 5001 3520 5056 personae,
3537 4986 3598 5042 in

2027 5057 2268 5127 ejusdem
2292 5061 2471 5117 Patris
2489 5064 2685 5120 litteris
2711 5066 2940 5123 inveniri
2960 5081 3230 5139 poterunt.
3249 5074 3356 5131 Nec
3370 5092 3481 5132 non
3507 5078 3599 5133 his

2020 5150 2259 5220 praztatis
2289 5152 2536 5210 Patribus
2569 5158 2875 5227 praecipuus
2893 5160 3078 5216 rhetor
3108 5164 3414 5222 Victorinus
3437 5167 3599 5225 valde

2019 5241 2215 5295 similia
2235 5244 2348 5299 suis
2374 5245 2618 5300 innexuit
2643 5247 3117 5319 disputationibus,
3143 5257 3235 5325 qui
3259 5255 3326 5309 de
3346 5258 3597 5314 Tulliana

2020 5332 2205 5387 schola
2228 5334 2293 5387 ad
2315 5333 2453 5388 bella
2480 5337 2743 5406 processit
2762 5341 3152 5409 ecelesiast'ea,
3175 5354 3283 5400 tam
3302 5347 3454 5403 fortis
3471 5349 3600 5405 ﬁdei

2021 5420 2270 5477 defensor
2281 5422 2473 5491 factus,
2489 5442 2650 5496 quam
2673 5428 2850 5485 clarus
2863 5433 3005 5489 inter
3017 5436 3260 5492 rhetores
3272 5438 3598 5496 habebatur.

2022 5511 2247 5581 Scripsit
2277 5516 2419 5570 enim
2438 5518 2489 5572 in
2524 5518 2663 5575 libro
2692 5521 2969 5580 catholicae
2996 5526 3118 5582 ﬁdei
3155 5532 3328 5598 primo
3348 5530 3413 5585 de
3433 5531 3604 5588 Chri-

2092 5628 2118 5665 θ’
2160 5629 2383 5683 Υἱσίιίιιε
2425 5631 2712 5700 Tapsensis
2772 5635 2894 5692 lihr.
2956 5657 2993 5694 ιι
3052 5651 3235 5696 contra
3295 5645 3335 5698 Ισί

2096 5714 2150 5750 ιι.
2186 5671 2294 5750 VT"
2324 5701 2424 5750 BR.
2459 5701 2585 5750 ΙΨ.-
2615 5721 2761 5750 num-
2785 5708 2836 5750 '1-

2218 5649 2712 5711 .g-I'tIl-I‘il-QRSPIGSIS
2774 5649 2894 5711 libr.
2956 5657 2993 5694 ιι
3052 5651 3235 5696 contra
3295 5649 3607 5711 Iintxclmn,

2022 5706 2150 5750 tom.
2186 5699 2294 5752 Vill
2324 5701 2424 5753 BR.
2459 5699 2585 5768 ΗΚ,
2615 5721 2761 5758 num.
2785 5708 2836 5760 7.
3404 5710 3417 5721 ’
