3964 6186
299 272 402 325 293

988 262 1401 319 DOGMATICA.
1442 291 1511 300 ——-
1548 259 1705 313 ADV.
1748 256 2144 313 ELII’ANDUM
2181 257 2356 312 LIBRI
2397 257 2482 311 iV.
2512 287 2582 296 --
2607 256 2734 311 LIB.
2780 257 2866 313 IV.

3451 257 3557 311 291

299 393 381 439 sto
427 382 501 435 ita
539 392 563 419 ι
604 395 618 433 :
657 398 674 429 ι
727 377 855 441 Nos,
906 376 1099 445 inquit,
1138 374 1368 429 dicimus
1413 388 1532 428 esse
1570 372 1725 426 nobis
1773 369 1872 423 Pa-
1899 368 1948 425 Α
1977 361 2136 424 sibilc'
2150 378 2230 422 est
2259 369 2403 422 enim
2429 369 2545 423 sine
2569 368 2672 422 fide
2694 368 2908 437 placere
2931 367 3062 439 [Deo
3094 385 3105 420 :
3149 368 3417 422 credendo
3460 380 3557 421 vc"

301 485 436 530 trem
476 472 664 535 Deum,
696 479 753 526 et
782 468 1035 524 maxime.
1066 467 1183 533 Qua
1212 467 1278 521 de
1303 481 1465 521 causa
1492 474 1548 519 et
1571 464 1723 535 juxta
1751 463 1880 534 quid

302 563 441 619 Deus
468 557 636 633 [νὴ-ι.
669 573 791 628 qua:
819 571 981 611 causa
1003 564 1059 611 et
1077 556 1229 626 juxta
1251 555 1410 624 quid?
1436 554 1687 624 quoniam
1713 551 1879 623 Deus]

301 650 573 709 charitate
601 646 1009 718 prmdestinavit
1035 661 1134 700 nos
1164 645 1216 699 in
1244 646 1583 713 adoptionem
1606 658 1702 712 per
1728 642 1883 697 Chri-

300 752 465 795 stum.
496 736 749 805 Nunquid
790 744 845 789 et
881 733 1157 788 Christum
1192 748 1288 802 per
1318 733 1659 803 adoptionem
1687 731 1882 785 Filium

304 830 443 883 Deus
470 827 667 883 habet?
695 824 883 879 Nullus
913 838 1076 878 ausus
1098 822 1402 877 estdicere.
1438 842 1455 874 ι
1493 823 1558 876 Et
1581 823 1631 875 in
1657 836 1884 890 sequen-

305 922 447 974 tibus
472 920 500 958 ι)
526 936 541 970 :
584 936 600 968 ι
633 916 731 970 Dei
763 915 923 986 igitur
942 913 1115 967 Filius
1139 911 1406 977 Christus,
1436 910 1529 965 ﬁlii
1557 918 1610 964 et
1637 926 1764 975 nos;
1792 910 1885 964 sed

305 1029 402 1066 nos
446 1026 547 1081 per
592 1008 958 1077 adoptionem,
994 1021 1092 1060 nos
1125 1020 1220 1075 per
1246 1002 1431 1059 Jcsum
1464 1003 1760 1067 Christum,
1791 1016 1887 1055 nos

308 1101 471 1175 (Vict.
512 1099 635 1172 vos]
660 1108 720 1153 ut
745 1099 840 1153 ﬁlii
869 1097 1114 1167 dispersi.
1155 1094 1291 1149 Num
1320 1104 1374 1149 et
1414 1093 1659 1149 Christus
1693 1094 1771 1147 sic
1797 1092 1885 1145 Fi-

306 1192 441 1246 lius?
468 1188 671 1243 Natura
700 1189 864 1258 igitur
888 1187 1044 1242 Jesus
1081 1185 1269 1250 Filius,
1300 1200 1397 1239 nos
1425 1200 1520 1254 per
1545 1184 1887 1252 adoptionem

309 1284 421 1338 filii.
466 1281 622 1348 Quod
668 1288 860 1333 natura
892 1277 963 1332 sit
999 1275 1164 1338 ﬁlius,
1196 1275 1309 1345 ipse
1334 1274 1464 1327 dicit
1490 1288 1630 1342 szepc
1659 1290 1671 1325 ε
1706 1272 1886 1337 Pater,

307 1375 507 1443 gratias
536 1371 631 1425 tibi
675 1386 794 1439 ago,
839 1366 979 1438 quod
1022 1382 1102 1420 me
1144 1365 1339 1418 audisti
1366 1363 1547 1435 (Joan.
1573 1379 1647 1426 ιιι,
1678 1362 1786 1434 il),
1812 1371 1883 1425 et,

314 1462 492 1524 Pater,
524 1459 670 1514 salva
702 1475 784 1513 me
809 1474 873 1512 ex
897 1458 997 1511 ista
1025 1456 1155 1510 hora
1174 1476 1193 1508 ›
1224 1454 1405 1527 (Joan.
1434 1470 1535 1518 xu,
1563 1453 1674 1525 27).

376 1550 446 1604 Χ.
489 1547 714 1612 Horum,
762 1547 1000 1617 inquam,
1052 1545 1314 1608 omnium,
1360 1558 1496 1613 quos
1547 1541 1887 1597 enumeravi-

316 1657 450 1705 mus,
477 1640 802 1694 auctoritate
827 1637 1044 1691 testium
1072 1635 1401 1691 conﬁdentes
1432 1640 1621 1697 estote,
1650 1631 1753 1685 viri
1780 1630 1888 1684 fra-

1981 474 2041 512 ro
2063 466 2273 527 oportet
2299 473 2396 513 nos
2425 457 2702 529 accedere]
2753 458 2819 512 ad
2849 459 3016 511 Deum
3056 455 3207 528 (Cod.
3261 457 3438 521 Paris,
3493 461 3558 513 ad

1982 550 2311 622 Dominum].
2342 550 2532 604 Omnia
2560 559 2727 604 vestra
2780 550 3014 613 honesta,
3070 548 3200 603 dicit
3250 547 3556 618 Apostolus,

1982 656 2100 692 cum
2126 640 2307 693 ordine
2337 639 2493 707 facite
2529 638 2579 709 (1
2611 636 2734 692 Cor.
2781 653 2889 701 xxv,
2928 637 3038 701 40).
3087 638 3155 691 Et
3202 637 3253 690 in
3295 637 3400 691 alio
3445 638 3562 691 loco

1984 737 2182 783 sancta:
2214 728 2506 796 Scriptura:
2544 727 2741 781 dicitur
2779 746 2789 780 :
2825 726 3078 779 Ordinote
3116 727 3170 780 in
3203 743 3284 780 mc
3331 727 3562 780 charita-

1984 828 2084 872 tem
2114 817 2289 889 (Cum.
2332 835 2391 881 ιι,
2430 818 2504 889 αἱ).
2528 817 2787 872 Ordinata
2819 817 3059 871 charitas
3075 816 3429 884 esl,primum
3446 832 3560 870 cre-

1978 908 2114 967 dere
2148 909 2212 962 de
2237 909 2345 962 Deo
2375 924 2493 978 quae
2522 908 2575 961 in
2604 907 2800 961 divinis
2833 907 3090 976 leguntur
3112 907 3286 971 libris,
3350 915 3405 961 et
3441 915 3563 965 nost

1987 1001 2163 1063 ﬁdem,
2195 1003 2561 1072 intelligentia:
2586 1003 2925 1058 devotionem
2961 1003 3239 1057 adbibere.
3287 1001 3393 1057 Sed
3444 1019 3559 1067 vos,
3612 1038 3619 1045 ι

1986 1104 2045 1149 ut
2071 1095 2397 1163 patefactum
2429 1105 2531 1159 est,
2562 1095 2751 1149 ordine
2791 1102 3117 1165 praepostero
3159 1095 3417 1150 accedere
3443 1095 3562 1147 vul-

1989 1187 2058 1240 tis
2097 1187 2165 1240 ad
2192 1187 2380 1252 Deum,
2408 1194 2779 1255 praeponentes
2805 1188 3053 1240 humanae
3102 1186 3424 1255 conjectura:
3462 1187 3560 1239 fri-

1988 1276 2203 1330 bulosas
2221 1275 2427 1348 ]Forle,
2456 1275 2694 1347 frivolas]
2745 1276 3072 1330 ratiunculas
3122 1276 3398 1331 catholicae
3440 1274 3562 1329 ﬁdei

1989 1351 2265 1430 soliditati,
2306 1366 2544 1420 volentes
2570 1367 2719 1436 prius
2745 1365 3064 1435 intelligere,
3096 1374 3151 1420 et
3182 1367 3414 1421 secundo
3446 1366 3563 1420 loco

1989 1460 2230 1514 credere.
2253 1461 2406 1526 Quod
2437 1459 2695 1529 propheta
2723 1459 3016 1527 prohibuit,
3043 1458 3131 1513 ubi
3157 1459 3232 1511 ait
3259 1476 3271 1511 :
3306 1458 3426 1511 Nisi
3453 1474 3563 1510 cre-

1989 1551 2252 1615 dideritis,
2313 1568 2419 1604 non
2464 1548 2766 1619 intelligetis
2811 1547 2965 1612 (Isai.
3013 1564 3108 1612 vn,
3162 1548 3221 1610 9,
3274 1547 3564 1602 secundum

1988 1642 2188 1715 LXX];
2220 1643 2531 1713 significans
2559 1641 2837 1695 miraculis
2863 1640 3059 1694 divinis
3084 1640 3258 1709 primo
3296 1640 3454 1693 ﬁdem
3485 1653 3566 1693 es-

314 1744 441 1797 tres,
472 1740 527 1785 et
556 1730 915 1799 vosmetipsos
937 1744 1003 1783 ex
1035 1726 1416 1782 sacratissimis
1446 1724 1658 1779 illorum
1679 1725 1887 1794 paginis
1921 1702 1964 1760 Β
1991 1747 2049 1786 se
2089 1702 2472 1800 prmstandam,
2500 1738 2552 1783 et
2580 1739 2766 1798 postea
2817 1728 3184 1798 intelligentiae
3222 1729 3359 1783 dona
3388 1743 3419 1781 a
3457 1726 3566 1781 Deo

309 1822 584 1892 corrigite,
636 1828 799 1888 atque
843 1819 1077 1873 adunate
1119 1818 1173 1871 in
1217 1815 1553 1872 confessione
1608 1815 1890 1871 catholica:

310 1910 432 1965 ﬁdei
486 1908 779 1963 universali
826 1909 1080 1964 Ecclesiae
1142 1908 1371 1973 Christi,
1418 1910 1718 1965 recolentes
1761 1908 1890 1979 quid

310 2000 540 2055 eximius
589 1999 909 2069 prtedicator
948 2000 1186 2069 gentium
1225 1999 1489 2057 Hebraico
1524 2001 1766 2055 scribens
1791 2015 1889 2069 po-

313 2091 454 2160 pulo,
488 2097 810 2144 enumerata
856 2105 1052 2159 magna
1093 2096 1401 2144 sanctorum
1436 2089 1780 2144 multitudine
1808 2097 1890 2141 tc-

314 2182 497 2244 stium,
530 2176 818 2245 adjunxit:
852 2177 1111 2232 Habentes
1156 2188 1330 2231 autem
1364 2187 1565 2232 tantam
1607 2178 1791 2233 nubem
1819 2186 1893 2229 te—

312 2273 487 2329 stium.
543 2268 856 2338 deponentcs
900 2285 1047 2322 omne
1088 2269 1293 2338 pondus
1324 2278 1373 2322 et
1415 2270 1759 2322 circumstans
1798 2282 1890 2320 nos

317 2372 605 2433 peccatum,
620 2379 712 2433 per
723 2360 1029 2430 patientiam
1042 2375 1317 2413 curramus
1332 2358 1400 2412 ad
1411 2359 1732 2429 propositum
1745 2357 1891 2411 nobis

316 2467 577 2509 rertamen
614 2454 801 2525 (Hebr.
843 2468 943 2516 xu,
976 2451 1048 2523 i).
1080 2450 1360 2521 Deponitc,
1393 2450 1611 2515 fratres,
1643 2448 1893 2519 deponite

317 2550 415 2603 hoc
444 2547 693 2617 pessimae
714 2543 1046 2598 Iﬂﬁdl'lilﬂlIS
1069 2542 1298 2612 pondus,
1326 2549 1380 2595 et
1406 2554 1673 2611 perversae
1700 2539 1895 2594 doctri—

320 2655 398 2693 ntc
440 2635 764 2699 sarcinulas,
793 2642 849 2689 et
886 2633 1244 2687 circumstans
1287 2631 1467 2684 cordis
1494 2630 1659 2684 vestri
1699 2629 1891 2683 ostiola

317 2728 709 2785 incredulitatis
734 2733 1041 2797 peccatum.
1092 2722 1444 2776 Rcvcrtentes
1469 2719 1803 2775 revertimini
1837 2719 1891 2772 in

318 2823 484 2876 lucem
515 2835 722 2875 serenae
747 2817 1015 2880 veritatis,
1043 2824 1098 2868 et
1123 2815 1385 2867 unitatem
1416 2812 1695 2866 catholiem
1718 2810 1888 2881 pacis.

315 2915 509 2967 lterum
546 2914 853 2980 iterumque
883 2914 1258 2971 rememorate,
1284 2922 1419 2977 quos
1449 2905 1720 2974 posuerim
1741 2904 1893 2958 vobis

318 3013 499 3068 testes,
524 3011 581 3057 et
615 3001 828 3056 illorum
871 2999 1040 3069 magis
1075 2996 1469 3069 probatissimis
1505 2994 1707 3049 credite
1743 2993 1893 3048 testi-

317 3095 531 3157 moniis,
552 3109 716 3164 quam
750 3090 1078 3145 inauissimis
1113 3096 1308 3143 vestrae
1339 3084 1662 3141 temeritatis
1689 3084 1894 3138 ratiun-

315 3184 466 3238 culis.
506 3183 635 3249 Quae
666 3180 837 3250 major
865 3187 1039 3249 potest
1067 3194 1186 3234 esse
1222 3176 1576 3248 blasphemia,
1607 3192 1768 3245 quam
1797 3174 1893 3229 Dei

316 3274 492 3327 Patris
534 3270 844 3326 testimonio
890 3285 995 3323 non
1045 3269 1262 3324 credere
1312 3270 1377 3323 de
1407 3267 1544 3321 Filio
1574 3282 1694 3333 suo,
1732 3281 1893 3336 quem

316 3366 478 3420 semel
507 3374 561 3420 et
590 3363 827 3419 secundo
855 3361 1061 3416 caelesti
1105 3375 1235 3414 voce
1276 3374 1433 3414 suum
1465 3373 1604 3423 esse,
1637 3359 1801 3413 etiam
1841 3367 1896 3412 et

316 3457 591 3519 dilectum,
624 3452 887 3508 testatur?
914 3450 1101 3517 Qualis
1136 3449 1383 3519 impietas
1428 3457 1530 3513 est,
1573 3448 1894 3518 evangelica:

319 3564 420 3602 non
444 3547 666 3602 credere
694 3542 1025 3605 auctoritati,
1054 3540 1267 3595 Veteris
1290 3538 1532 3608 Novique
1563 3538 1895 3593 Testamenti

320 3637 499 3691 divina
540 3649 797 3704 spernere
840 3632 1017 3686 dicta?
1063 3629 1248 3697 Qualis
1274 3630 1602 3700 perversitas
1647 3637 1729 3685 est
1770 3645 1898 3699 pro-

318 3726 548 3795 pbeticis
570 3733 733 3789 atque
748 3722 1057 3793 apostolicis
1078 3719 1452 3775 contradicere
1463 3719 1706 3789 paginis?
1723 3717 1895 3785 Quam

319 3815 547 3870 nefanda
586 3823 640 3869 et
682 3813 845 3883 impia
871 3812 1147 3866 temeritas
1184 3825 1305 3865 esse
1335 3809 1687 3879 dignoscitur,
1730 3811 1895 3866 totius

319 3906 500 3961 mundi
541 3906 825 3959 doctorum
867 3902 1121 3957 resistere
1156 3900 1558 3971 praedicationi?
1587 3901 1683 3955 Vel
1733 3916 1894 3971 quam

320 3996 516 4050 misera
544 3995 831 4050 infelicitas
853 4001 957 4059 est,
988 3994 1227 4064 qualibet
1252 3993 1606 4063 perversitate
1630 3994 1893 4048 unitatem

318 4093 519 4141 sancta:
555 4085 653 4140 Dei
695 4084 949 4139 Ecclesiae
992 4084 1262 4148 scindere,
1302 4091 1359 4137 et
1383 4082 1677 4152 quemlibet
1723 4083 1896 4139 homi-

318 4192 443 4231 num
475 4193 505 4230 a
542 4177 857 4246 compagine
885 4175 1165 4232 charitatis
1203 4174 1437 4244 seipsum
1476 4189 1747 4243 separare,
1779 4175 1896 4230 sine

318 4273 471 4341 cujus
498 4272 756 4329 societate
776 4272 852 4326 nil
881 4272 990 4327 Deo
1017 4271 1228 4342 placere
1250 4272 1537 4342 Apostolus
1558 4281 1802 4328 testatur.

1990 1822 2278 1891 precanda.
2302 1822 2423 1875 Ideo
2456 1818 2655 1873 frustra
2680 1827 2858 1873 vestra
2879 1818 3089 1872 laborat
3115 1818 3360 1882 scicntia,
3383 1816 3569 1871 volen-

1994 1919 2075 1964 tes
2094 1910 2242 1979 prius
2266 1909 2588 1978 intelligere,
2644 1915 2701 1962 et
2719 1915 2905 1977 postea
2954 1908 3203 1971 credere;
3249 1908 3376 1960 dum
3418 1906 3569 1976 prius

1991 2010 2076 2055 est
2100 2002 2337 2064 credere,
2365 2007 2418 2054 et
2454 2008 2639 2067 postea
2672 2000 2988 2069 intelligere.
3021 1999 3172 2066 Quod
3199 2000 3384 2053 beatus
3420 1996 3570 2066 prin-

1992 2108 2119 2163 ceps
2161 2091 2524 2161 apostolorum
2565 2092 2761 2155 sciens,
2812 2091 2939 2145 dum
2979 2088 3295 2160 interrogati
3343 2087 3569 2158 apostoli

1991 2184 2209 2238 fuerunt
2255 2185 2322 2237 ab
2350 2184 2465 2253 ipso
2488 2182 2598 2236 Deo
2626 2182 2860 2246 Christo,
2900 2182 3029 2250 quid
3057 2181 3123 2235 de
3172 2180 3348 2249 seipso
3404 2177 3572 2232 senti-

1994 2283 2132 2337 rent,
2164 2274 2245 2328 vel
2270 2274 2315 2327 si
2347 2273 2498 2327 ahire
2544 2272 2856 2335 voluissent,
2889 2272 3027 2325 sicut
3058 2270 3261 2333 caeteri,
3312 2268 3401 2336 qui
3447 2282 3569 2320 cum

1994 2366 2345 2433 reliquerunt,
2379 2363 2655 2432 respondit
2678 2362 2871 2416 Petrus
2894 2377 3031 2416 unus
3056 2377 3154 2431 pro
3179 2360 3447 2420 omnibus,
3487 2358 3570 2412 vd

1992 2458 2164 2526 magis
2174 2471 2359 2510 omnes
2374 2457 2429 2510 in
2444 2472 2549 2510 uno
2570 2474 2582 2508 :
2602 2456 2839 2520 Domine,
2859 2455 2926 2508 ad
2942 2471 3093 2525 quem
3109 2455 3294 2506 ibimus
3317 2453 3339 2506 .9
3357 2452 3531 2520 inquit
3551 2467 3564 2513 ;

1992 2547 2144 2601 verba
2164 2546 2280 2600 vita:
2300 2557 2509 2601 (eterna?
2532 2544 2708 2598 habes.
2740 2543 2806 2596 Et
2835 2560 2926 2597 nos
2952 2543 3289 2606 credidimus,
3307 2551 3355 2594 et
3385 2556 3573 2610 cogno-

1992 2644 2179 2707 rimus,
2195 2641 2318 2712 quia
2339 2648 2462 2693 tues
2488 2638 2724 2692 Christus
2750 2634 2920 2688 Filius
2938 2634 3032 2688 Dei
3049 2632 3230 2706 (Joan.
3251 2649 3324 2697 γι,
3352 2631 3440 2695 69,
3460 2630 3571 2701 70).

1992 2735 2122 2802 Qua:
2148 2735 2314 2789 verba
2343 2730 2653 2803 apostolicae
2696 2727 3053 2784 confessionis
3091 2728 3163 2780 ita
3208 2735 3426 2781 sanctus
3462 2723 3573 2778 Au-

1992 2826 2239 2897 gustiuus
2283 2837 2555 2893 exponens
2589 2820 2666 2874 ait
2709 2832 2730 2858 ε
2770 2834 2784 2872 :
2828 2838 2846 2870 ι
2887 2818 3138 2881 Domine,
3167 2817 3234 2870 ad
3279 2833 3431 2886 quem
3476 2815 3571 2867 ibi-

1992 2917 2148 2971 mus?
2178 2915 2409 2984 Repellis
2432 2929 2529 2967 nos
2554 2927 2585 2967 a
2616 2921 2687 2975 te,
2715 2912 2778 2966 da
2798 2911 2951 2965 nobis
2979 2909 3203 2963 alterum
3236 2907 3405 2961 te.Ad
3422 2923 3571 2977 quem

1994 3007 2222 3060 ibimus?
2267 3004 2348 3077 [Si
2373 3020 2402 3057 a
2430 3012 2480 3056 te
2502 3003 2821 3064 recedimus,
2846 3000 2914 3053 ad
2939 3013 3096 3067 quem
3137 2998 3334 3052 ibimus
3353 2997 3398 3066 ?|
3446 2995 3570 3048 Ver-

1998 3095 2062 3150 ba
2089 3096 2203 3149 vita
2235 3091 2632 3148 ceterum/tabes.
2661 3089 2849 3144 Videte
2876 3086 3328 3156 quemadmodum
3355 3084 3567 3148 Petrus,

2002 3189 2162 3242 dante
2181 3186 2309 3247 Deo,
2345 3191 2620 3238 rccreante
2636 3181 2840 3251 Spiritu
2855 3186 3060 3243 sancto,
3085 3176 3377 3242 intellexit;
3409 3158 3570 3241 unde,

1996 3279 2100 3333 nisi
2127 3278 2253 3346 quia
2286 3274 2699 3331 crediditverba
2725 3274 2848 3326 vita:
2903 3280 3120 3326 (eterna;
3157 3268 3340 3341 [Aug.,
3396 3269 3565 3330 Unde,

1995 3369 2101 3424 nisi
2127 3368 2253 3439 quia
2282 3366 2545 3422 credidit?
2579 3363 2741 3418 Verba
2763 3365 2880 3417 uiue
2910 3371 3117 3415 (eterna
3146 3360 3366 3432 habes]?
3394 3361 3569 3416 Vitam

1995 3460 2139 3514 enim
2168 3467 2428 3514 :eternam
2467 3456 2635 3510 habes
2674 3454 2728 3507 in
2778 3452 3177 3507 ministratione
3223 3451 3469 3521 corporis
3519 3465 3574 3506 et

1997 3550 2273 3621 sanguinis
2303 3548 2401 3615 tui,
2430 3555 2476 3603 et
2506 3563 2600 3604 nos
2623 3543 2936 3603 credidimus
2967 3552 3014 3602 ct
3050 3542 3431 3620 cognoscimus.
3453 3542 3568 3605 Non

1996 3644 2346 3713 cognovimus
2372 3652 2427 3697 et
2461 3643 2750 3707 credimus,
2784 3640 2877 3696 sed
2920 3642 3248 3696 credidimus
3278 3652 3331 3697 et
3368 3659 3567 3714 cogno-

1997 3734 2198 3790 scimus
2219 3733 2400 3805 [Aug.,
2426 3731 2817 3804 cognovimus].
2849 3731 3187 3787 Credidimus
3210 3735 3374 3797 enim,
3405 3743 3462 3787 ut
3481 3751 3573 3789 co-

1997 3837 2400 3896 gnosccremus.
2433 3821 2570 3875 Nam
2600 3823 2645 3876 si
2671 3823 2823 3890 prius
2883 3836 3227 3893 cognoscere,
3273 3830 3325 3877 et
3378 3824 3571 3879 deinde

1997 3916 2219 3971 credere
2247 3914 2495 3977 velimus,
2525 3928 2626 3967 nec
2645 3927 2971 3983 cognoscere
2995 3929 3095 3967 nec
3151 3916 3373 3969 credere
3424 3917 3567 3970 valc-

1997 4024 2196 4065 remus.
2235 4005 2373 4073 Quid
2394 4006 2741 4069 credidimus,
2770 4013 2824 4058 et
2851 4004 2979 4073 quid
3004 4006 3387 4073 cognovimus?
3428 4008 3566 4074 Quia

1997 4108 2053 4153 tu
2073 4116 2125 4152 es
2151 4095 2389 4151 Christus
2412 4094 2584 4148 Filius
2612 4094 2730 4159 Dei,
2754 4094 2808 4147 id
2828 4102 2930 4157 est,
2957 4094 3083 4164 quia
3114 4094 3230 4163 ipsa
3269 4096 3377 4149 vita
3405 4107 3566 4152 mter-

1997 4207 2065 4245 na
2087 4199 2143 4245 tu
2165 4206 2243 4245 es.
2280 4210 2299 4242 ›
2334 4189 2446 4243 Hac
2474 4188 2688 4257 cognita
2717 4188 3024 4257 apostolicae
3060 4189 3397 4244 auctoritatis
3442 4207 3570 4247 cou-

1996 4282 2247 4347 fessione,
2291 4282 2430 4336 hanc
2477 4280 2715 4350 regulam
2746 4281 3053 4350 sequimini,
3095 4282 3238 4336 hunc
3278 4283 3572 4339 confessio-

386 4363 548 4432 911
589 4362 679 4416 ΧῙ·
697 4363 838 4432 Ergo
862 4362 1090 4432 le‘ima
1104 4363 1169 4417 de
1187 4370 1496 4417 samme
1512 4361 1733 4417 Palmm
1747 4379 1904 4432 OPUS-
1928 4371 1982 4432 D
2008 4377 2092 4431 nis
2119 4374 2366 4429 ordinem
2390 4382 2588 4439 tenete,
2622 4380 2682 4427 ut
2726 4374 2950 4443 possitis
3001 4374 3069 4428 ad
3124 4375 3453 4443 agnitionem
3479 4391 3576 4428 ve—

318 4455 455 4509 culis
498 4454 692 4524 collegi
734 4454 1061 4519 testimonia,
1098 4454 1890 4524 etmultoplurapotuissem,si

317 4562 421 4600 non
437 4545 604 4599 nimis
624 4545 842 4616 longum
858 4554 1002 4600 esset
1023 4562 1036 4597 :
1062 4546 1239 4600 sciens
1257 4561 1471 4616 quoque
1491 4546 1604 4600 haec
1626 4545 1888 4612 sulﬁcere,

314 4637 396 4691 vel
425 4638 603 4707 magis
627 4638 1062 4706 superabundare
1085 4637 1181 4702 illi,
1218 4639 1302 4691 cui
1327 4638 1469 4692 Deus
1496 4653 1589 4692 cor
1619 4639 1793 4709 aperit
1825 4640 1893 4694 ad

314 4729 665 4784 credendum.
688 4728 764 4782 Illi
790 4743 940 4793 vero,
964 4728 1054 4798 qui
1083 4731 1336 4784 obturato
1365 4729 1525 4784 corde
1548 4730 1599 4784 in
1631 4746 1727 4785 sua
1766 4746 1895 4786 con-

315 4821 430 4876 ﬁdit
460 4821 777 4891 pertinacia,
803 4820 879 4875 nil
901 4820 1112 4886 sullicit,
1136 4821 1259 4891 quia
1302 4820 1440 4875 ﬁlius
1463 4822 1719 4890 gchcnme
1746 4821 1892 4877 futuc

315 4926 408 4965 rus
430 4920 536 4966 est.
565 4909 725 4965 Novit
748 4910 1024 4974 Dominus,
1053 4911 1144 4980 qui
1183 4918 1308 4965 sunt
1342 4907 1477 4979 ejus,
1507 4918 1562 4963 et
1616 4911 1734 4965 vias
1771 4910 1864 4966 illo

314 5017 434 5057 rum
482 5003 747 5073 agnoscit.
791 5000 1035 5057 Scientes
1070 5004 1259 5058 scitote
1285 5002 1426 5072 quod
1464 5002 1764 5072 ignorantia
1801 5019 1894 5060 vc—

312 5101 428 5148 stra
478 5109 576 5149 vos
606 5108 869 5148 excusare
919 5108 1025 5147 non
1058 5094 1287 5163 poterit,
1337 5092 1461 5160 quia
1521 5093 1611 5163 qui
1663 5093 1892 5162 ignorat,

309 5185 659 5258 ignorabitur
697 5184 751 5259 (Ι
778 5184 901 5238 Cor.
938 5201 1048 5251 xiv,
1073 5185 1184 5259 58).
1213 5184 1382 5240 Multo
1410 5185 1582 5257 magis
1608 5185 1802 5241 discite
1827 5186 1895 5241 ab

307 5287 397 5339 eo,
430 5276 526 5344 qui
561 5276 635 5330 ait
672 5289 687 5329 :
716 5273 916 5328 Discite
939 5291 971 5327 α
996 5291 1097 5341 me,
1144 5276 1271 5345 quia
1299 5275 1438 5328 mitis
1464 5290 1580 5327 sum
1613 5284 1659 5327 et
1681 5273 1895 5328 humilis

305 5367 474 5421 corde
500 5364 719 5439 (Matth.
754 5382 831 5431 ιι,
852 5364 943 5438 29)
969 5384 982 5421 :
1016 5366 1107 5437 qui
1128 5367 1289 5422 etiam
1309 5367 1564 5421 sanandis
1580 5366 1785 5422 solebat
1811 5367 1894 5422 di-

305 5474 471 5514 cere:
503 5457 663 5514 Fides
683 5469 779 5513 tua
808 5468 859 5512 te
885 5459 1086 5514 salvum
1107 5460 1227 5531 fecit
1256 5457 1449 5532 (Marc.
1474 5475 1528 5523 x,
1556 5457 1667 5531 5‘2).
1688 5458 1893 5530 Impos-

379 5583 406 5609 ι
456 5568 651 5625 Marius
682 5569 993 5626 Victorinus
1018 5569 1147 5624 Afer
1176 5569 1229 5623 in
1257 5569 1623 5641 Responsiouc
1659 5569 1726 5624 ad
1758 5568 1897 5623 Can-

299 5641 497 5694 didum
526 5642 838 5695 Arrianum.

1992 4467 2484 4537 ritatispervenirc.
2500 4466 2780 4521 Ahstinete
2792 4480 2928 4519 vosa
2942 4465 3207 4534 colloquio
3223 4466 3569 4535 nugacitatis,

1991 4560 2157 4615 nolite
2183 4559 2415 4614 scrutari
2463 4557 2745 4620 scrutinia,
2795 4572 2863 4611 ne
2917 4555 3181 4609 deliciatis
3228 4555 3281 4609 in
3332 4554 3570 4611 eﬁicacia

1991 4656 2191 4713 vestra,
2220 4655 2469 4717 putantes
2491 4661 2587 4699 vos
2608 4645 2877 4714 sapientes
2910 4656 3054 4706 esse,
3082 4658 3203 4696 cum
3253 4642 3569 4715 insipientes

1994 4741 2341 4797 inveniamini
2373 4739 2511 4793 fieri.
2548 4736 2726 4790 Nolite
2757 4735 2869 4789 alta
2906 4751 3106 4804 sapere,
3145 4736 3234 4789 sed
3282 4736 3567 4792 humilibus

1936 4890 1963 4900 .,
1993 4834 2369 4888 consentientes
2392 4839 2552 4884 estote
2576 4827 2750 4899 (Rom.
2796 4844 2895 4891 xu,
2926 4827 3033 4899 l6).
3068 4827 3172 4894 Qui
3207 4828 3307 4883 mel
3349 4828 3569 4883 multum
3650 4884 3665 4895 ,

1958 4910 1961 4911 ν
1992 4924 2297 4988 manducet,
2329 4937 2433 4976 non
2448 4928 2520 4974 est
2546 4920 2592 4973 ei
2610 4918 2816 4983 bonum,
2840 4928 2886 4972 et
2913 4920 3002 4991 qui
3025 4930 3289 4974 scrutator
3306 4929 3380 4974 est
3402 4920 3568 4987 maje-

1993 5020 2163 5083 statis,
2211 5016 2586 5088 opprimetura
2619 5013 2791 5085 gloria
2814 5012 2996 5085 (Prov.
3031 5031 3161 5080 xxv,
3204 5015 3316 5086 27).
3359 5015 3554 5070 [ueras

1996 5117 2146 5165 satus
2171 5121 2300 5162 vero
2311 5105 2544 5169 animus,
2572 5103 2842 5159 etcarnali
2857 5105 3244 5160 consuetudine
3268 5104 3562 5172 involutus,

1996 5199 2101 5255 nisi
2130 5197 2333 5268 Spiritu
2364 5196 2460 5253 Dei
2490 5195 2848 5259 illuminante,
2880 5212 3074 5266 purum
3105 5196 3350 5251 veritatis
3378 5196 3561 5252 lumen

1996 5292 2239 5362 aspicere
2265 5288 2570 5344 nullatenus
2593 5287 2753 5342 valet.
2797 5287 2939 5342 Nihil
2965 5288 3133 5357 igitur
3152 5288 3326 5359 magis
3373 5296 3567 5344 vestrm

1995 5384 2210 5441 obsistit
2256 5382 2623 5452 intelligentia:
2683 5395 2867 5435 veram
2921 5394 3246 5450 cognoscere
3284 5380 3441 5437 ﬁdem
3498 5383 3566 5438 de

1996 5476 2209 5531 Christo
2231 5473 2459 5529 Domino
2495 5471 2607 5525 Deo
2627 5476 2834 5533 nostro,
2866 5483 3024 5539 quam
3064 5470 3298 5526 carnalis
3342 5485 3566 5527 consuc-

2067 5567 2094 5605 δ
2131 5565 2275 5619 Idem
2297 5561 2418 5618 libr.
2446 5580 2462 5617 ι
2487 5562 2743 5615 adversus
2767 5559 2949 5614 Arium
2979 5559 3082 5613 BB.
3110 5559 3236 5619 PP..
3266 5568 3393 5617 tom.
3423 5562 3488 5617 IV

2074 5647 2094 5675 ε
2130 5634 2186 5689 S.
2219 5635 2353 5706 Aug.
2379 5633 2561 5686 Tract.
2594 5646 2741 5685 χχι-ιι
2772 5631 2822 5683 in
2846 5630 2997 5683 .Iaan.
3032 5645 3177 5683 num.
3208 5633 3241 5685 9
