3964 6186
372 332 472 385 295

1218 323 1277 377 Β.
1308 324 1369 378 F.
1410 320 1634 377 ALBlNl
1675 319 1809 422 SE13.
1843 316 2117 371 ALCUlNl
2157 312 2434 370 OPEIllZM
2476 309 2653 365 PARS
2690 308 2754 365 lii

3517 308 3619 361 298

370 446 530 507 tudo;
583 441 706 510 quia
747 439 962 508 quodin
1007 438 1285 494 hominum
1355 434 1496 495 ﬁliis,
1557 430 1696 503 [qui]
1758 416 1950 483 earna-
1981 434 2025 489 Α
2054 426 2359 496 cupativum
2389 439 2450 477 ea
2479 432 2652 494 parte.
2682 422 2770 476 ubi
2801 428 3081 491 argentum
3115 416 3489 492 circumcingit
3522 440 3621 479 au-

372 537 405 589 li
430 532 804 601 conjunctione
833 527 1207 603 [generantur]
1229 540 1279 593 ει,
1316 527 1432 579 fieri
1463 540 1566 578 non
1588 520 1945 593 posseintelli-

371 629 515 698 gitis,
544 627 647 680 hoc
676 625 727 678 in
756 624 850 677 Dei
882 621 1015 677 Filio
1050 634 1386 689 nequaquam
1404 617 1521 669 fieri
1542 614 1947 684 possemstima-

374 721 463 772 tis.
481 716 674 771 Procul
702 716 862 769 dubio
875 714 1050 768 omnis
1085 710 1321 765 carnalis
1363 706 1617 777 cogitatio
1640 721 1668 758 a
1696 703 1946 757 cordibus

375 809 566 863 vestris
595 806 834 860 funditus
858 804 1159 874 repellenda
1199 808 1300 864 est,
1338 799 1382 853 si
1422 798 1705 851 veritatem
1752 795 1946 849 divinm

375 900 729 966 humanmquc
752 894 1110 965 generationis
1142 892 1194 944 in
1222 890 1438 944 Christo
1463 888 1557 942 Dei
1590 887 1725 939 Filio
1748 899 1946 955 cogno-

376 1008 526 1048 scere
547 991 726 1044 vultis.
760 989 823 1042 Et
853 988 1044 1041 habete
1072 983 1229 1037 fidem
1245 990 1551 1035 sanctarum
1578 977 1787 1048 paginis
1802 975 1958 1029 Scri-'

377 1093 676 1154 pturarum,
716 1089 768 1133 et
794 1078 956 1132 nolite
995 1074 1294 1142 transgredi
1331 1073 1620 1135 terminos,
1649 1085 1784 1138 quos
1835 1076 1947 1121 sta-

380 1179 598 1227 tuerunt
625 1170 812 1222 Patres
839 1166 1221 1221 eeclesiasticm
1243 1164 1540 1233 dignitatis.
1586 1161 1688 1230 Ipsi
1729 1168 1853 1213 sunt
1882 1159 1948 1211 a:l

378 1277 513 1331 quos
531 1259 836 1313 dulcissima
859 1256 1145 1324 promissio
1158 1254 1250 1307 Dei
1265 1252 1465 1306 Christi
1484 1253 1536 1306 in
1551 1251 1744 1305 cmlum
1764 1265 1949 1301 ascen—

379 1353 555 1407 (lentis
599 1351 742 1404 dic’a
780 1358 897 1401 est:
926 1346 1059 1399 Ecce
1107 1362 1199 1413 ego
1244 1343 1504 1397 vobiscum
1550 1357 1665 1393 sum
1713 1337 1951 1393 omnibus

377 1444 556 1498 diebus
583 1458 743 1511 usque
757 1440 822 1493 ad
838 1438 1332 1492 consummationem
1356 1433 1535 1487 surculi
1552 1431 1764 1502 (Matt/1.
1782 1444 1948 1489 xxv“,

376 1535 490 1599 ΞΟ).
541 1533 675 1602 Ipsis
710 1531 842 1602 [Cod
874 1527 1077 1591 Paris.,
1100 1527 1154 1579 in
1186 1524 1334 1596 ipsis]
1364 1525 1501 1577 idem
1533 1519 1956 1590 quotidieloqui-

379 1635 467 1678 tur
498 1624 754 1693 Spiritus,
783 1621 871 1689 qui
904 1619 1032 1673 olim
1082 1617 1293 1669 locutus
1315 1622 1400 1669 est
1433 1615 1485 1667 in
1515 1611 1813 1681 prophetis,
1860 1607 1951 1677 qui

381 1727 665 1772 venturum
696 1712 891 1767 mundo
913 1709 1185 1763 Christum
1212 1707 1659 1776 prmdicaverunt.
1689 1703 1795 1755 ista
1838 1716 1953 1754 om-

2046 535 2163 573 rum
2186 536 2201 581 ;
2231 518 2338 571 imo
2360 518 2522 571 etiam
2549 531 2688 569 unus
2710 524 2792 568 est
2820 515 3067 584 idemque
3099 515 3235 569 calix
3255 515 3319 568 ad
3339 517 3501 571 unius
3522 519 3625 572 mi-

2044 612 2252 667 nisterii
2282 611 2596 681 dignitatem
2624 608 2849 662 electus.
2878 607 3308 678 Hocexemplum
3328 612 3625 681 accipiatur

2046 702 2246 755 dictum
2273 709 2495 771 propter
2521 700 2781 752 unitatem
2829 714 3074 768 persona:
3101 707 3157 752 et
3200 702 3362 755 unius
3414 703 3626 771 dispen-

2046 793 2271 847 sationis
2302 792 2685 849 ministerium.
2728 791 2870 859 quod
2922 791 2975 844 in
3040 790 3257 845 Christo
3298 792 3626 861 completum

2046 892 2164 948 est;
2190 899 2320 947 non,
2350 890 2409 935 ut
2436 882 2558 951 quis
2586 882 2886 935 divinitatis
2915 882 3297 946 substantiam,
3316 897 3473 951 quam
3494 899 3627 939 auro

2048 973 2344 1043 designavi,
2367 982 2605 1027 creatam
2627 987 2748 1026 esse
2782 974 3078 1027 arbitretur
3103 989 3347 1043 prorsus.
3393 972 3545 1030 Sicut
3572 976 3628 1030 in

2046 1066 2219 1117 vitreo
2244 1062 2458 1117 vasculo
2478 1062 2566 1116 lux
2590 1063 2733 1116 intus
2754 1064 3119 1127 absconditur,
3172 1073 3228 1118 et
3245 1066 3387 1120 foras
3412 1080 3510 1135 per
3550 1067 3632 1119 vi-

2049 1163 2190 1207 trum
2220 1151 2446 1218 refulget
2477 1172 2488 1204 :
2523 1153 2598 1205 ita
2624 1169 2721 1222 per
2748 1168 2966 1206 carnem
2995 1156 3343 1223 purissimam
3376 1159 3630 1212 divinita-

2050 1248 2120 1299 tis
2147 1242 2335 1312 gloria,
2366 1242 2511 1296 foras
2533 1243 2925 1312 aspicientibus
2948 1252 3003 1298 et
3053 1247 3422 1315 credentibus,
3468 1249 3631 1303 mira-

2050 1335 2188 1389 culis
2225 1332 2571 1403 resplenduit.
2599 1333 2739 1388 sicut
2763 1333 2932 1387 voluit
2961 1340 3015 1387 et
3043 1333 3247 1403 placuit
3286 1338 3334 1392 ei
3362 1339 3453 1408 qui
3490 1339 3634 1395 intus

2050 1425 2275 1479 latebat.
2884 1427 2893 1438 '

2122 1516 2254 1569 xm.
2315 1516 2449 1571 Audi
2504 1532 2626 1581 me,
2674 1516 2919 1578 obsecro,
2973 1518 3261 1586 patienter,
3308 1519 3633 1577 scholastica

2053 1606 2326 1675 Hispania:
2344 1606 2711 1676 congregatio,
2728 1606 2822 1659 tibi
2846 1606 3176 1675 loquentem,
3193 1622 3312 1676 qua:
3340 1611 3463 1663 novi
3486 1626 3633 1665 sem-

2054 1710 2152 1763 per
2202 1693 2402 1763 aliquid
2427 1694 2612 1749 audire
2643 1694 2723 1748 vel
2748 1694 3043 1762 praedicare
3065 1694 3364 1764 desideras,
3381 1714 3484 1753 non
3500 1716 3631 1755 con-

382 1808 469 1862 nia
496 1804 713 1874 impleta
738 1818 878 1866 esse,
908 1814 1025 1869 qua:
1054 1773 1329 1867 proplietie
1344 1795 1707 1865 prcedixerunt
1733 1789 1949 1844 ianri-
1982 1778 2028 1837 Β
2060 1796 2206 1841 tenta
2228 1788 2538 1857 apostolicis
2566 1773 2971 1853 traditionibus,
3001 1791 3434 1846 necunivcrsalis
3452 1793 3636 1847 Eccle-

384 1908 439 1952 to
465 1895 703 1966 quotidie
733 1892 1049 1961 praedicant,
1088 1889 1141 1942 in
1192 1887 1272 1941 eis
1326 1896 1509 1944 manet
1561 1897 1686 1936 vera
1745 1896 1849 1950 pax
1905 1887 1960 1933 et

386 1988 625 2041 Charitas
644 2000 740 2054 per
790 1983 1051 2051 Spiritum
1112 1987 1375 2041 sanctum,
1406 1977 1546 2029 sicut
1596 1976 1709 2042 ipsa
1746 1971 1960 2026 Veritas

388 2085 638 2141 testatur,
688 2076 923 2128 dicens:
973 2070 1165 2124 Pacem
1226 2084 1396 2121 meam
1444 2068 1511 2121 do
1560 2066 1733 2125 vobis,
1779 2077 1958 2133 pacem

384 2182 553 2219 meam
580 2164 810 2232 reiinquo
840 2161 975 2214 vobis
1001 2159 1182 2230 (Joan.
1205 2173 1317 2222 XIV,
1369 2157 1482 2228 ΞΤ),
1512 2157 1563 2210 id
1591 2164 1690 2215 est,
1733 2155 1785 2207 in
1827 2167 1960 2221 pace

386 2258 632 2326 relinquo
666 2271 780 2317 vos,
808 2254 858 2305 in
882 2267 1013 2320 pace
1044 2252 1314 2304 inveniam
1330 2265 1444 2302 vos.
1466 2248 1541 2302 De
1558 2248 1641 2301 bis
1668 2247 1773 2299 alio
1798 2245 1962 2314 912

385 2348 504 2401 loco
535 2346 737 2399 dictum
764 2349 842 2397 est
875 2356 889 2394 :
921 2340 1068 2394 Beati
1098 2338 1327 2410 paciﬁci,
1366 2338 1610 2408 quoniam
1633 2335 1731 2405 ﬁlii
1764 2335 1855 2387 Dei
1880 2351 1964 2387 ro-

391 2437 650 2489 cabnntur
675 2433 890 2503 (.llattlt.
921 2448 972 2496 v,
1000 2433 1073 2502 9).
1101 2431 1177 2485 Illi
1205 2430 1366 2485 etiam
1399 2437 1522 2483 sunt
1550 2428 1707 2481 eiecti
1735 2426 1827 2480 filii
1845 2425 1962 2487 Dei,

386 2526 476 2595 qui
505 2527 557 2578 in
581 2540 711 2593 pace
726 2532 779 2575 et
796 2524 1000 2575 unitate
1027 2522 1405 2575 ecclesiasticm
1427 2519 1727 2573 concordizr
1748 2533 1962 2588 perma-

387 2623 536 2677 nent,
567 2622 621 2666 et
649 2613 921 2666 Christum
952 2611 1238 2663 Dominum
1263 2617 1504 2663 nostrum
1542 2623 1726 2661 verum
1772 2607 1960 2671 Deum,

384 2720 681 2772 verumque
704 2704 796 2756 Dei
826 2702 1019 2754 Filium
1045 2701 1207 2754 corde
1256 2702 1482 2754 credunt
1530 2708 1586 2752 et
1628 2714 1722 2752 ore
1772 2696 1967 2766 prmdi-

387 2804 542 2859 cant;
569 2795 692 2862 quia
718 2793 871 2845 corde
898 2792 1130 2844 creditur
1149 2791 1217 2843 ad
1236 2790 1524 2860 justitiam,
1555 2797 1827 2841 orcautcm
1842 2802 1967 2838 con-

386 2884 540 2955 fessio
577 2884 635 2951 [it
664 2885 717 2935 in
748 2882 966 2935 salutem
992 2881 1167 2952 (Rom.
1210 2898 1266 2947 Χ,
1304 2880 1410 2951 10).

459 2973 568 3027 ΧΗ.
601 2972 888 3026 Sciendum
920 2979 1000 3025 est
1020 2971 1342 3034 certissime,
1380 2988 1397 3020 ‹
1434 2969 1578 3038 quod
1617 2969 1845 3023 multum
1875 2983 1969 3022 cx-

388 3065 551 3129 cedit,
581 3073 640 3117 ut
661 3066 852 3117 beatus
879 3062 988 3115 Leo
1038 3078 1171 3132 papa
1189 3062 1318 3115 dicit
1347 3062 1393 3125 b,
1424 3070 1585 3129 atque
1599 3059 1968 3128 supereminet

388 3157 608 3209 humani
629 3155 825 3226 eloquii
861 3154 1193 3219 facultatem,
1214 3154 1381 3208 divini
1412 3154 1590 3222 operis
1632 3152 1962 3222 magnitudo.
1992 3124 2036 3185 θ

388 3248 456 3300 Et
484 3249 607 3302 inde
633 3248 807 3309 oritur
854 3245 1137 3299 difficultas
1172 3244 1339 3310 fandi,
1388 3246 1531 3299 unde
1592 3252 1646 3299 et
1698 3252 1782 3299 est
1827 3244 1967 3298 ratio

389 3354 496 3392 non
550 3339 757 3391 tacendi
787 3351 800 3388 :
830 3338 955 3404 quia
1003 3336 1131 3390 .lcsu
1167 3337 1385 3391 Christo
1412 3336 1549 3390 Filio
1600 3335 1693 3388 Dei
1744 3351 1850 3388 non
1901 3334 1968 3387 ad

390 3428 624 3480 divinam
657 3427 971 3489 essentiam,
999 3427 1092 3479 sed
1129 3427 1292 3481 etiam
1329 3426 1395 3478 ad
1424 3427 1712 3478 humanam
1761 3431 1970 3493 spectat

392 3526 667 3582 naturam,
707 3517 848 3585 quod
872 3517 1075 3569 dictum
1105 3525 1190 3569 est
1215 3531 1311 3584 per
1337 3516 1660 3584 Prophetam
1692 3533 1704 3567 :
1739 3515 1970 3568 Genera-

393 3609 579 3662 tionem
602 3609 716 3677 ejus
739 3609 854 3679 quis
883 3608 1150 3661 enarrabit
1176 3609 1330 3679 (Isai.
1387 3625 1502 3672 Llll,
1531 3608 1625 3679 8)?
1672 3608 1970 3677 Utramque

393 3700 535 3752 enim
567 3700 920 3753 substantiam
950 3700 1001 3753 in
1027 3716 1191 3754 uuam
1217 3701 1510 3755 convenire
1546 3717 1833 3770 personam
1864 3703 1967 3756 nisi

396 3791 575 3865 [fides]
608 3794 811 3857 credat,
847 3809 1027 3847 sermo
1066 3810 1172 3848 non
1202 3793 1463 3863 explicat:
1484 3801 1539 3848 et
1565 3793 1684 3848 ideo
1698 3808 1969 3861 nunquam

395 3884 622 3937 materia
647 3884 826 3938 deficit
857 3885 1051 3949 laudis,
1085 3886 1210 3954 quia
1254 3886 1524 3955 nunquhm
1578 3884 1780 3939 sufficit
1819 3884 1970 3954 copia

394 3973 712 4028 lauzlatoris.
738 3995 754 4026 ι
785 3975 849 4028 Et
871 3985 927 4028 ut
953 3975 1163 4031 facilius
1186 3976 1367 4030 unitas
1387 3992 1633 4045 persona:
1656 3976 1709 4029 in
1723 3975 1961 4041 Christo,

398 4065 729 4134 duarumque
770 4067 1069 4135 proprietas
1117 4076 1431 4122 naturarum
1472 4084 1499 4121 a
1559 4068 1971 4137 simplicioribus

397 4154 620 4223 intelligi
671 4157 847 4210 valeat
878 4157 1157 4224 fratribus,
1197 4175 1462 4229 ponamus
1507 4160 1707 4229 aliquid
1742 4160 1969 4230 exempli

395 4249 589 4315 gratia,
622 4264 767 4303 more
796 4260 1106 4304 sanctorum
1135 4253 1292 4305 solito
1321 4253 1602 4305 doctorum
1634 4268 1698 4305 ex
1729 4252 1959 4306 visibili-

399 4336 518 4397 bus,
556 4336 620 4388 ad
664 4336 1001 4407 intelligenda
1038 4338 1324 4392 invisibilia
1357 4342 1635 4407 :quamvis
1652 4340 1785 4393 nihil
1809 4348 1968 4393 tanta:

397 4425 749 4488 excellentiae,
775 4434 831 4479 et
858 4434 964 4478 tam
1006 4427 1256 4480 ineffabili
1298 4430 1685 4497 conjunctioai,
1741 4447 1859 4499 quae
1913 4431 1964 4483 in

398 4515 613 4568 Christo
639 4513 779 4568 facta
810 4524 911 4576 est,
944 4512 1100 4585 digne
1135 4510 1438 4587 comparari
1481 4530 1664 4587 queat.
1718 4520 1870 4585 Quod
1924 4521 1969 4573 si

398 4605 537 4657 calix
568 4620 632 4658 ex
656 4622 787 4661 auro
829 4616 1160 4677 argentoque
1194 4608 1487 4663 fabricatur
1510 4612 1563 4664 in
1608 4611 1967 4665 ministerium

399 4695 586 4748 altaris
607 4698 801 4761 sancti,
830 4698 884 4751 in
907 4715 1012 4768 quo
1039 4710 1374 4755 sacramenta
1402 4702 1589 4756 salutis
1616 4711 1816 4757 nostrte
1863 4704 1970 4772 spi-

400 4785 582 4839 rituali
604 4788 976 4843 benedictione
1006 4790 1394 4853 conficiuntur;
1431 4793 1504 4847 ita
1544 4801 1722 4847 tamen
1765 4800 1822 4846 ut
1872 4810 1969 4849 au-

402 4887 521 4926 rum
573 4872 622 4925 in
657 4889 766 4928 SILI)
792 4884 996 4931 natura:
1024 4879 1579 4952 permancatfulgore,
1606 4889 1661 4935 et
1682 4891 1965 4953 argentum

401 4964 617 5033 proprio
639 4965 872 5019 candore
898 4965 1030 5020 locis
1056 4972 1371 5037 opportunis
1396 4971 1771 5043 cireumfmgat
1813 4972 1969 5044 [Cod.

410 5053 607 5120 Paris.,
635 5055 1041 5128 circumeingat]
1087 5060 1202 5113 auri
1259 5060 1539 5131 fulgorem.
1579 5064 1765 5118 Nonne
1814 5065 1978 5134 siqui-

404 5146 524 5199 dem
573 5162 709 5200 unus
733 5159 817 5203 est
844 5148 1003 5213 calix,
1030 5153 1276 5218 quamvis
1299 5167 1365 5206 ex
1420 5155 1627 5213 duobus
1658 5156 1976 5210 conﬁciatur

405 5236 634 5291 metallis
664 5255 677 5290 :
702 5239 809 5292 imo
845 5248 900 5294 et
922 5241 989 5293 ad
1018 5241 1176 5295 unius
1212 5243 1498 5299 ministerii
1536 5247 1803 5302 artificiali
1860 5264 1974 5303 ma-

408 5340 477 5407 nu
514 5329 844 5396 compositus
869 5329 1142 5385 ofﬁcium?
1199 5331 1329 5399 Quis
1367 5331 1511 5409 juste
1561 5337 1742 5391 dicere
1795 5348 1974 5407 potest

407 5423 624 5483 propter
654 5419 767 5471 auri
797 5420 1272 5491 incomparabilem
1309 5421 1759 5491 pulchritudinem
1784 5444 1972 5482 verum

406 5516 525 5557 esse
556 5503 808 5561 calicem?
835 5509 1182 5569 Soluznmodo
1203 5529 1392 5568 aurum
1417 5515 1508 5569 tibi
1534 5515 1731 5587 fulget,
1767 5527 1819 5573 et
1844 5535 1977 5572 nun-

479 5627 503 5654 δ
530 5615 720 5669 Verbis
749 5618 888 5674 inter
918 5624 1132 5677 ansalas
1161 5625 1379 5679 inclusis
1400 5642 1523 5680 vcra
1550 5628 1710 5682 lectio
1736 5630 1973 5683 restitui-

409 5694 499 5743 tur
527 5702 590 5743 es
619 5688 734 5741 cel.
769 5688 935 5747 Paris.

2061 1878 2154 1931 siae
2175 1878 2440 1932 catholica
2475 1877 2737 1943 fide;nisi
2761 1887 2816 1932 tu
2844 1878 3044 1947 aliquid
3088 1896 3187 1950 per
3232 1892 3287 1935 te
3343 1883 3633 1947 invenires,

2010 1995 2021 2003 -
2060 1968 2201 2023 unde
2226 1977 2374 2023 tuum
2411 1984 2606 2029 nomen
2635 1969 2937 2023 celebrares
2986 1970 3040 2023 in
3077 1972 3295 2025 mundo.
3351 1972 3466 2034 Die,
3527 1974 3635 2037 die,

2061 2073 2191 2128 gens
2220 2067 2427 2122 sancta,
2458 2059 2688 2128 populus
2718 2060 3112 2128 acquisitionis,
3160 2076 3329 2130 genus
3386 2063 3563 2134 regale
3587 2064 3636 2133 (1

2064 2149 2210 2202 Ρεττ.
2237 2165 2296 2205 n.
2330 2150 2407 2215 9),
2439 2150 2568 2218 quid
2590 2150 2686 2203 tibi
2716 2148 2965 2204 Christus
2989 2151 3153 2205 fecit?
3177 2152 3315 2218 Quid
3342 2153 3396 2206 in
3422 2164 3474 2207 te
3514 2170 3643 2223 pee—

2064 2241 2225 2303 eavit,
2258 2249 2317 2294 ut
2335 2249 2543 2293 tantum
2572 2240 2818 2295 vilulsset
2863 2241 2919 2295 in
2950 2242 3114 2297 corde
3144 2243 3279 2296 tuo?
3331 2243 3507 2310 Quare
3550 2246 3645 2298 sic

2065 2334 2332 2387 minorata
2361 2343 2443 2388 est
2467 2333 2635 2404 gloria
2661 2332 2777 2401 ejus
2813 2334 2865 2387 in
2899 2343 3079 2388 mente
3102 2336 3227 2388 tua?
3258 2334 3367 2388 Cur
3398 2335 3646 2405 indigne-

2066 2426 2142 2479 ris
2172 2424 2478 2479 clariticare
2508 2441 2654 2489 eum,
2681 2442 2842 2494 quem
2868 2435 3093 2496 paterna
3130 2442 3236 2482 vox
3257 2428 3323 2481 de
3350 2427 3505 2482 cadis
3527 2428 3644 2482 cla-

2065 2516 2330 2569 rificavit?
2363 2514 2472 2568 Cur
2498 2516 2798 2570 contemnis
2823 2517 3051 2571 adorare
3078 2531 3202 2570 eum
3230 2531 3419 2570 verum
3471 2516 3645 2570 Deum

2066 2616 2121 2661 et
2148 2623 2336 2662 verum
2360 2608 2454 2661 Dei
2483 2607 2697 2673 Filium,
2728 2624 2886 2678 quem
2919 2609 3091 2679 angeli
3128 2609 3356 2664 adorant
3382 2611 3434 2663 in
3457 2609 3649 2664 etelis?

2067 2698 2317 2769 Nunquid
2342 2714 2446 2752 non
2478 2699 2569 2752 ille
2595 2709 2698 2764 est,
2735 2702 2827 2770 qui
2860 2702 3151 2771 nonaginta
3178 2717 3369 2755 novem
3401 2717 3529 2755 oves
3560 2716 3651 2756 re-

2067 2791 2223 2863 liquit
2248 2793 2300 2846 in
2322 2794 2493 2858 C(elis,
2516 2803 2577 2848 ut
2603 2804 2655 2849 te
2698 2796 2964 2865 perditam
3020 2798 3324 2866 requireret
3381 2799 3432 2852 in
3481 2800 3650 2854 terris

2072 2883 2285 2952 (Matth.
2313 2900 2466 2947 xviii,
2494 2885 2614 2956 ηρ
2642 2885 2891 2956 Nunquid
2922 2904 3026 2941 non
3058 2888 3143 2941 ille
3170 2897 3267 2952 est,
3325 2890 3416 2959 qui
3468 2899 3521 2943 te
3545 2892 3648 2945 sub

2071 2973 2177 3029 ficu
2206 2973 2341 3028 vidit
2360 2974 2649 3043 iacentem,
2677 2986 2962 3045 antequam
3010 2978 3288 3050 Philippus
3317 2991 3537 3036 vocaret
3560 2990 3611 3035 te
3630 3022 3645 3042 .

2070 3073 2125 3119 ct
2154 3065 2447 3129 descendit,
2473 3065 2795 3120 utliberaret
2815 3076 2865 3121 te
2896 3066 3076 3137 (Joan.
3110 3085 3150 3135 ι,
3190 3070 3317 3141 48)Ὶ
3340 3074 3517 3139 Quare
3536 3090 3648 3127 non

2071 3155 2207 3211 dicis
2226 3172 2347 3209 cum
2399 3155 2699 3211 Nathauael
2728 3174 2740 3221 ;
2766 3157 2952 3224 Rabbi,
2985 3169 3039 3213 tu
3066 3176 3117 3214 es
3149 3160 3321 3227 Filius
3361 3164 3479 3227 Dei,
3504 3176 3559 3217 tu
3588 3182 3644 3218 es

2071 3262 2161 3298 rer
2190 3245 2357 3298 Israel
2384 3246 2562 3316 (Joan.
2598 3265 2637 3312 ι,
2670 3248 2757 3320 40)
2789 3268 2799 3302 :
2832 3250 3016 3306 Nonne
3048 3261 3098 3306 te
3154 3255 3472 3310 semivivum
3523 3274 3652 3328 spo-

2071 3334 2291 3401 liatum,
2317 3338 2655 3393 vulneratum
2688 3339 3058 3407 alatronibus,
3109 3360 3233 3398 cum
3279 3345 3653 3402 descendisset

2070 3428 2137 3479 ab
2162 3426 2457 3482 Jerusalem
2482 3430 2533 3482 in
2564 3428 2799 3497 Jericho,
2848 3434 3069 3503 reperit,
3126 3442 3180 3488 et
3226 3436 3515 3491 miseratus
3568 3439 3646 3491 tui

2072 3520 2663 3591 impesuittejumcnto
2703 3540 2821 3590 suo,
2852 3536 2905 3580 et
2936 3527 3083 3581 duxit
3140 3528 3192 3582 in
3246 3529 3531 3591 stabulum,
3592 3539 3653 3584 et

2071 3612 2217 3666 dedit
2243 3630 2340 3684 pro
2373 3622 2426 3668 te
2454 3616 2746 3670 stabulario
2784 3617 2920 3672 duos
2975 3620 3243 3684 denarios,
3307 3621 3647 3691 przecipiens,

2072 3716 2129 3760 ut
2155 3723 2340 3762 curam
2372 3710 2447 3763 tui
2482 3711 2709 3766 haberet
2763 3711 2911 3782 (Luc.
2969 3730 3025 3778 ι,
3084 3714 3153 3769 50
3191 3716 3392 3786 seqq,)?
3452 3715 3647 3769 Annon

2073 3798 2160 3852 ille
2189 3808 2288 3862 est,
2315 3801 2404 3869 qui
2429 3810 2531 3856 tua:
2545 3803 2735 3858 salutis
2757 3820 2940 3868 causa,
2968 3807 3117 3874 quasi
3142 3808 3257 3862 ovis
3271 3809 3463 3862 ductus
3484 3815 3566 3861 est
3580 3808 3649 3861 ad

2072 3890 2368 3958 victimam,
2402 3893 2617 3964 ligatus,
2650 3893 2967 3966 flagellatus,
2992 3908 3306 3967 consputus,
3360 3900 3529 3969 spinis
3555 3912 3651 3952 co—

2074 3994 2316 4049 ronatus,
2349 3988 2639 4042 novissime
2676 3988 2728 4042 in
2754 4004 2969 4043 crucem
2998 3990 3226 4053 levatus,
3283 4001 3525 4045 mortuus
3564 4005 3654 4045 se-

2074 4077 2262 4145 pultus
2281 4094 2295 4139 ;
2314 4079 2406 4132 sed
2434 4080 2590 4133 tertia
2613 4079 2697 4133 die
2734 4094 3022 4150 resurgens
3048 4092 3206 4152 atque
3237 4084 3507 4153 triumpho
3536 4082 3654 4153 glo-

2074 4168 2167 4220 rim
2192 4184 2221 4221 c
2244 4188 2259 4221 λ
2279 4167 2358 4222 los
2379 4170 2637 4233 ascendit,
2664 4185 2693 4223 τι
2719 4171 3027 4241 dextrisque
3058 4174 3148 4228 Dei
3200 4175 3376 4228 Patris
3425 4175 3649 4237 sedens,

2068 4256 2229 4324 juch
2253 4260 2493 4313 vivorum
2534 4272 2588 4314 ct
2614 4270 2948 4316 mortuorum
2977 4274 3234 4318 venturas
3252 4258 3472 4319 ?No'nne
3491 4265 3652 4319 audis

2074 4368 2194 4406 eum
2226 4353 2291 4406 de
2314 4354 2465 4408 emlis
2517 4353 2834 4410 clamantem
2878 4357 2971 4410 tibi
3004 4375 3015 4409 ε
3066 4355 3267 4427 Popnle
3302 4374 3463 4418 meus,
3518 4357 3653 4422 quid

2076 4443 2172 4512 [cci
2198 4443 2287 4496 tibi
2311 4442 2494 4514 (Mica.
2522 4461 2596 4508 vt,
2626 4445 2716 4516 5)?
2748 4445 2995 4514 Nunquid
3024 4447 3181 4500 eduxi
3215 4458 3265 4501 te
3280 4447 3345 4501 de
3362 4447 3518 4501 domo
3534 4460 3657 4500 ser-

2075 4533 2279 4593 vitutis,
2319 4541 2371 4587 et
2397 4534 2621 4588 liberavi
2659 4543 2707 4588 te
2730 4535 2794 4588 de
2817 4537 3064 4591 manibus
3104 4536 3443 4591 inimicorum
3500 4550 3659 4589 meo-

2076 4638 2194 4676 rum
2220 4621 2371 4693 [Cod
2404 4623 2607 4687 Paris.,
2636 4625 2892 4696 tuorum],
2925 4608 3219 4695 omnesque
3249 4629 3482 4681 animam
3497 4641 3654 4694 qua:-

2077 4723 2257 4769 reutes
2275 4724 2419 4769 tuam
2437 4718 2593 4772 undis
2609 4717 2869 4773 salutiferi
2888 4718 3050 4774 fontis
3063 4720 3214 4773 obrui
3232 4718 3434 4791 [ἢκ-ιε,
3454 4715 3653 4790 ablui],

2074 4813 2129 4858 et
2172 4807 2378 4875 protexi
2403 4804 2505 4860 iter
2535 4814 2682 4861 tuum
2713 4808 2937 4863 rorifera
2963 4810 3135 4863 sancti
3165 4810 3386 4877 spiritus
3414 4809 3554 4862 nube
3594 4815 3661 4862 et

2075 4895 2236 4966 913
2265 4896 2465 4951 caelesti
2489 4912 2628 4966 pane
2655 4898 2896 4967 corporis
2931 4899 3033 4953 mei
3076 4900 3197 4969 pavi
3231 4908 3298 4960 te,
3361 4907 3416 4953 ct
3468 4898 3656 4969 potavi

2076 4993 2127 5038 te
2150 5000 2287 5053 aqua
2314 4994 2367 5038 et
2406 4986 2689 5052 sanguine,
2714 5003 2835 5056 quae
2873 4986 3098 5043 feriente
3152 4988 3321 5043 milite
3376 4988 3441 5042 de
3478 4988 3659 5045 latere

2076 5089 2196 5129 meo
2236 5074 2537 5130 fluxerunt?
2591 5076 2764 5147 Super
2827 5078 2941 5133 haec
2979 5080 3159 5132 omnia
3214 5080 3512 5149 pratparavi
3554 5081 3657 5137 tibi

2075 5165 2408 5220 mansionem
2460 5176 2732 5237 perpetua:
2780 5169 3124 5222 beatitudinis
3175 5170 3229 5223 in
3270 5170 3427 5224 domo
3477 5169 3664 5226 Patris

2078 5254 2202 5308 mei.
2243 5255 2325 5324 Tu
2344 5256 2429 5309 his
2449 5257 2700 5311 omnibus
2753 5258 2997 5327 ingratus
3049 5259 3327 5315 beneficiis
3378 5260 3531 5322 meis,
3565 5276 3664 5316 me

2077 5343 2361 5413 ignobilem
2408 5354 2647 5415 paterna:
2693 5347 2991 5416 majestatis
3052 5347 3218 5401 filium
3274 5347 3664 5416 blasphemare

2079 5435 2265 5497 audes.
2296 5436 2750 5507 eonditionalique
2792 5446 2968 5494 tecum
3013 5440 3233 5494 servitio
3282 5454 3367 5494 me
3421 5439 3666 5509 degene-

2078 5543 2198 5580 rare
2227 5528 2435 5583 niteris.
2464 5528 2626 5595 Quasi
2656 5548 2821 5585 unum
2843 5548 2907 5586 ex
2939 5516 3112 5596 vobis,
3150 5540 3205 5586 et
3233 5532 3321 5586 vix
3365 5532 3667 5602 adoptione

2150 5636 2178 5675 b
2212 5635 2269 5690 S.
2308 5637 2417 5693 Leo
2456 5655 2613 5711 papa,
2655 5657 2815 5695 serm.
2854 5643 2904 5706 9,
2940 5642 3004 5696 de
3047 5642 3223 5696 Nativ.
3262 5643 3414 5697 Dom.
3445 5658 3564 5712 cap.
3600 5645 3662 5701 1.
