3964 6186
239 336 333 396 297

1051 342 1463 400 DOGMATICA.
1506 376 1576 386 --
1613 345 1828 403 EPIST.
1874 347 2190 423 ELIPANDI
2228 351 2319 404 AD
2361 351 2674 410 FELICEM.

3382 370 3487 427 298

237 454 445 525 dignum
474 452 531 507 in
555 453 646 507 ﬁlii
677 467 909 524 persona
947 457 1204 534 mstimas.
1246 457 1386 524 Quid
1441 457 1610 519 fuisti.
1652 470 1806 515 ante-
1838 469 1884 523 Α
1915 464 2219 518 necessaria
2249 473 2394 520 esset
2424 466 2539 523 hinc
2561 469 2769 525 novitas
2791 470 3068 530 nominum
3112 481 3308 549 popqu
3333 483 3490 541 Chri-

235 558 386 615 quam
429 552 485 598 te
533 558 655 598 mea
700 547 994 614 respiceret
1038 546 1230 616 pietas,
1295 547 1606 617 priusquam
1664 557 1811 604 tuam

236 645 479 689 naturam
499 634 557 688 in
584 649 872 704 personam
901 634 1246 704 proprietatis
1275 651 1407 691 mea:
1444 652 1806 705 assumerem;

235 736 282 781 te
298 725 632 797 gloriﬁcans,
662 740 772 780 non
794 740 880 780 me
900 725 1185 781 minuens?
1207 725 1394 783 Nonne
1440 736 1492 782 te
1542 728 1719 784 inveni
1757 731 1811 784 in

235 817 484 887 sanguine
510 824 606 873 tuo
621 814 916 885 iacentem,
942 817 994 872 in
1029 817 1310 889 sanguine,
1335 818 1577 890 inquam,
1609 828 1703 875 tuo
1728 837 1811 875 in-

235 906 505 963 volutum?
557 905 848 963 Umbilicus
881 917 1003 963 tuus
1034 926 1138 964 non
1160 919 1234 964 est
1256 910 1529 981 prcecisus,
1576 912 1811 966 membra

235 1010 313 1052 tua
340 1014 448 1054 non
483 997 701 1068 fuerunt
737 998 849 1053 sale
887 997 1043 1054 solita
1071 998 1286 1073 (Ezech.
1340 1016 1451 1066 xvr,
1500 1000 1578 1073 4).
1621 1002 1810 1058 Nonne

237 1091 535 1147 durissimis
570 1091 852 1146 diabolicae
879 1093 1098 1147 saevitiae
1125 1093 1356 1150 vinculis
1381 1103 1435 1150 te
1461 1096 1641 1151 inveni
1672 1097 1808 1168 liga-

237 1190 352 1243 tum,
380 1191 440 1236 et
466 1182 636 1237 modo
664 1197 751 1237 me
781 1181 949 1236 Deum
993 1196 1204 1248 verum,
1231 1184 1317 1239 vel
1345 1183 1543 1241 Filium
1568 1186 1663 1243 Dei
1718 1203 1810 1242 vc-

235 1289 340 1327 rum
368 1271 627 1328 conﬁteri
655 1272 921 1343 despicis?
944 1271 1163 1343 Regem,
1199 1273 1641 1345 Redemptorem,
1691 1276 1808 1333 Sal-

233 1371 577 1433 vatoremque
603 1370 754 1418 tuum
791 1362 981 1418 saltem
1024 1378 1112 1418 me
1138 1364 1418 1421 nominare
1448 1365 1802 1424 reformidas:

231 1454 314 1507 sed
342 1453 684 1523 adoptivum,
736 1453 812 1507 tui
849 1467 948 1524 per
990 1454 1171 1510 omnia
1191 1454 1445 1523 similem,
1485 1471 1808 1529 servumque

229 1544 669 1609 conditionalem,
704 1544 788 1600 vel
823 1545 1156 1614 captivitatis
1176 1547 1399 1604 nomine
1443 1556 1686 1604 notatum
1715 1566 1807 1619 ap-

229 1636 425 1706 pellare
453 1635 540 1690 vel
567 1638 733 1691 etiam
777 1637 1001 1692 credere
1039 1653 1145 1693 non
1185 1640 1420 1696 dubitas.
1446 1639 1694 1697 Recessit
1709 1643 1805 1697 tibi

228 1727 290 1782 ab
320 1728 506 1783 animo
547 1734 787 1798 paterna:
824 1728 972 1783 vocis
1009 1728 1316 1785 testiﬁcatio
1342 1749 1355 1783 ι
1381 1728 1553 1787 Filius
1578 1749 1723 1788 meus
1750 1750 1804 1788 es

1918 553 2114 617 stiano,
2149 569 2317 622 quare
2345 557 2447 611 hoc
2476 560 2706 629 apostoli
2757 577 2863 618 non
2910 568 3360 641 praedicaverunt,
3391 593 3491 635 nec

1916 641 1969 695 in
1996 643 2109 697 suis
2163 643 2360 700 litteris
2384 647 2540 703 nobis
2569 660 2852 707 exaratum
2889 656 3268 729 reliquerunt?
3294 666 3489 724 Procul

1914 730 2076 785 dubio
2104 731 2241 787 alius
2285 736 2507 805 spiritus
2536 753 2634 809 per
2672 749 2727 795 te
2751 744 3011 813 prmdicat
3054 748 3330 810 Christum
3358 758 3484 814 ado-

1911 819 2116 887 ptivum
2164 820 2331 878 ﬁlium
2360 834 2416 879 et
2450 833 2870 899 nuncupativum
2921 835 3089 893 Deum
3122 858 3135 895 :
3185 843 3322 900 alius
3358 863 3491 904 vero

1910 923 2008 1006 per
2028 911 2301 1006 apostolos
2351 912 2629 972 Christum
2658 918 2754 974 Dei
2805 923 3057 982 virtutem
3086 938 3141 984 et
3162 930 3256 988 Dei
3277 937 3490 1006 sapien-

1911 999 2062 1066 tiam,
2104 1000 2275 1101 Deum
2320 1019 2506 1101 verum
2553 1016 2607 1063 et
2632 1012 2912 1082 proprium
2959 1017 3054 1074 Dei
3082 1021 3279 1081 Filium
3304 999 3486 1101 ;-quo-

1911 1104 2032 1145 rum
2066 1092 2437 1162 praedicationi
2487 1111 2586 1152 nos
2632 1107 2746 1155 toto
2793 1104 2956 1159 corde
2999 1092 3387 1184 consentimus,
3411 1118 3488 1174 nil

1908 1184 2130 1242 omnino
2153 1202 2341 1244 eorum
2367 1190 2627 1248 addentes
2663 1195 2749 1248 vel
2776 1196 3079 1257 minuentes
3105 1208 3489 1275 sacratissima:

1909 1272 2186 1343 doctrinae,
2216 1278 2302 1333 vel
2328 1279 2620 1338 universali
2657 1288 2923 1356 symbolo,
2973 1291 3058 1346 vel
3109 1272 3489 1357 ecclesiasticae

1909 1367 2319 1434 consuetudini;
2373 1371 2470 1427 sed
2508 1377 2867 1447 nosmetipsos
2915 1381 3060 1437 intra
3107 1388 3366 1445 terminos
3394 1407 3489 1462 pa-

1908 1464 2077 1513 terna:
2123 1460 2454 1530 traditionis,
2485 1474 2542 1521 et
2580 1467 2860 1526 catholicae
2915 1472 3036 1528 ﬁdei
3082 1477 3364 1534 veritatem
3396 1460 3489 1535 ﬁr-

1907 1548 2069 1605 miter
2121 1559 2443 1622 statuentes,
2484 1558 2744 1628 quidquid
2790 1561 2844 1615 in
2891 1564 3103 1620 illorum
3134 1571 3489 1628 sanctissimis

1906 1638 2103 1711 legitur
2130 1642 2345 1708 litteris,
2371 1646 2488 1700 sine
2515 1647 2849 1707 dubitatione
2879 1654 3149 1713 credimus
3174 1667 3232 1713 et
3267 1659 3488 1717 ﬁducia-

1906 1729 2029 1786 liter
2053 1732 2448 1801 praedicamus;
2493 1737 2723 1794 scientes
2762 1743 3063 1801 certissime
3091 1750 3233 1817 quod
3272 1749 3489 1806 laudan-

228 1831 302 1886 tu,
329 1837 426 1891 ego
452 1819 609 1874 hodie
634 1821 789 1890 genui
813 1828 861 1874 te
884 1820 1056 1891 (Psal.
1101 1837 1161 1885 ιι,
1188 1821 1263 1892 7).
1309 1821 1377 1877 Et
1400 1838 1468 1878 ne
1504 1823 1797 1891 dubitares,
1833 1820 1880 1881 Β
1906 1819 1973 1874 da
2002 1831 2129 1876 sunt
2183 1824 2442 1895 mysteria
2500 1826 2616 1894 Dei,
2669 1844 2775 1884 non
2833 1832 3045 1890 ratione
3100 1837 3436 1895 discutienda
3470 1860 3482 1893 :

226 1913 290 1967 de
308 1927 419 1982 qua
441 1911 671 1967 dixisset
691 1919 902 1976 natura,
924 1928 1048 1969 mox
1073 1914 1350 1986 subjungit
1374 1934 1386 1970 :
1406 1914 1625 1972 Postulo
1652 1935 1685 1973 α
1702 1937 1802 1984 me,

226 2014 270 2057 et
296 2002 438 2055 dabo
465 2002 561 2056 tibi
586 2011 762 2072 gentes
774 2002 1129 2058 lim-editatcm
1156 2014 1303 2059 tuam
1333 2005 1520 2077 (Ibid.,
1546 2008 1621 2078 8).
1660 2008 1806 2065 Olli-

230 2094 366 2147 vioni
394 2092 597 2147 dedisti
618 2109 807 2149 versus
856 2095 1093 2165 ejusdem
1146 2099 1424 2168 prephetae
1482 2101 1536 2154 in
1599 2101 1805 2171 psalmo

228 2201 381 2249 uin,
414 2185 507 2241 ubi
530 2200 617 2240 me
654 2186 940 2257 quinquies
965 2203 1146 2260 regem
1168 2190 1354 2260 gloriae
1375 2193 1669 2261 przedicare
1698 2184 1803 2248 non

230 2278 561 2345 formidavit,
601 2277 922 2350 adjecitque,
969 2290 1030 2336 ut
1077 2282 1246 2339 scires
1289 2282 1356 2340 de
1407 2300 1516 2355 quo
1553 2285 1800 2342 diceret:

228 2369 482 2425 Dominus
512 2371 665 2440 fortis
700 2381 749 2425 et
771 2382 969 2443 potens,
993 2373 1249 2430 Dominus
1264 2385 1444 2446 potens
1494 2376 1549 2431 in
1599 2377 1802 2449 pra'lio.

228 2462 398 2516 Etiam
421 2462 599 2517 ethoc
632 2462 815 2518 addit:
859 2463 1115 2520 Dominus
1165 2466 1412 2521 virtutum
1460 2467 1565 2538 ipse
1609 2478 1683 2524 est
1716 2485 1806 2522 rea:

226 2553 404 2623 gloria:
449 2552 623 2625 (Psal.
649 2556 1006 2629 xxur,8,lﬁ).
1039 2556 1280 2628 Itemque
1303 2560 1355 2613 in
1390 2560 1494 2614 alio
1535 2560 1740 2631 psalmo
1791 2581 1800 2614 :

226 2644 385 2712 Deus,
404 2645 669 2715 judicium
693 2655 840 2700 tuum
864 2649 970 2718 regi
998 2648 1088 2715 da,
1118 2659 1166 2703 et
1199 2650 1466 2719 justitiam
1516 2662 1662 2706 tuam
1696 2652 1806 2722 [ilio

227 2732 547 2806 regis(Psal.
579 2752 726 2800 uxr,
760 2737 847 2808 1);
879 2737 970 2808 qui
995 2738 1161 2793 etiam
1207 2739 1477 2809 Propheta
1531 2742 1807 2797 multotics

224 2827 391 2881 variis
430 2826 839 2898 allegationibus
863 2844 949 2883 me
985 2843 1212 2897 regnare
1256 2840 1504 2887 testatur.
1584 2832 1808 2903 Insuper

226 2928 287 2973 ut
330 2920 633 2975 certissime
650 2920 842 2987 scires,
881 2922 947 2976 de
983 2936 1088 2992 qua
1116 2930 1312 2979 natura
1339 2923 1584 2989 dixisset,
1630 2925 1705 2980 ait
1750 2926 1806 2980 in

224 3011 457 3082 quodam
501 3012 621 3066 loco
642 3005 670 3064 ἐ
697 3011 951 3067 Dominus
974 3015 1203 3084 regnavit
1232 3031 1266 3068 a
1288 3012 1430 3085 ligno
1462 3014 1636 3088 (Psal.
1681 3032 1804 3083 xcv,

226 3104 347 3175 40);
380 3120 449 3158 ne
493 3104 770 3159 dubitares
797 3105 1044 3160 eumdem
1075 3106 1459 3177 perpetualiter
1528 3120 1802 3179 regnasse,

220 3208 381 3263 quem
407 3195 460 3249 in
489 3194 634 3265 ligno
670 3185 990 3266 suspensum
1015 3211 1135 3253 esse
1158 3197 1355 3254 vidisti.

296 3286 431 3341 XIV.
473 3285 580 3342 Sed
608 3293 663 3341 et
687 3295 758 3351 te,
813 3287 1090 3358 Elipande,
1139 3290 1296 3345 video
1323 3297 1375 3346 te
1426 3290 1800 3346 immemorem

222 3390 341 3429 esse
365 3375 752 3432 beneﬁciorum
776 3391 1037 3432 meorum.
1069 3378 1323 3450 Nunquid
1352 3395 1461 3436 non
1487 3395 1588 3453 ego
1616 3389 1671 3438 te
1694 3383 1792 3438 tuli

224 3467 293 3521 de
326 3468 486 3524 domo
511 3468 679 3537 patris
704 3468 804 3533 tui,
828 3476 883 3522 et
915 3470 1067 3539 posui
1098 3477 1151 3526 te
1200 3486 1423 3541 pascere
1455 3486 1675 3545 gregem
1699 3489 1797 3545 po-

224 3558 333 3628 puli
366 3559 471 3613 mei
497 3559 521 3611 ?
557 3557 688 3613 Oleo
712 3567 900 3615 sancto
922 3576 1043 3616 meo
1071 3563 1199 3617 unxi
1228 3570 1297 3627 te,
1330 3572 1389 3619 ut
1439 3579 1590 3621 esses
1616 3566 1724 3622 dua
1747 3566 1802 3621 in

224 3650 385 3703 domo
412 3649 591 3705 Patris
620 3650 746 3704 mei.
780 3650 929 3723 Elegi
963 3660 1037 3717 te,
1066 3661 1126 3708 ut
1151 3668 1299 3709 esses
1333 3653 1506 3711 ﬁdelis
1530 3670 1722 3711 servus
1745 3665 1802 3712 ct

225 3739 497 3809 prudens;
528 3748 582 3795 et
627 3741 879 3797 constitui
919 3751 971 3796 te
992 3758 1155 3814 super
1213 3742 1471 3799 familiam
1511 3761 1711 3811 meam,
1741 3755 1804 3801 ut

226 3829 383 3883 dares
429 3829 480 3884 ei
519 3830 575 3883 in
633 3838 874 3901 tempore
920 3833 1087 3888 tritici
1126 3847 1458 3899 mensuram,
1497 3842 1552 3890 et
1598 3836 1801 3891 cibaria

224 3918 571 3989 dispensares
592 3920 801 3977 ancillis
825 3921 978 3978 meis.
1015 3921 1096 3978 Tu
1133 3937 1264 3979 vero
1309 3923 1581 3994 sprevisti,
1613 3934 1668 3980 et
1705 3926 1799 3980 de-

223 4010 447 4080 spexisti
500 4026 607 4077 me,
637 4019 692 4067 et
732 4012 1011 4069 seminasti
1062 4012 1307 4069 clancula
1354 4029 1518 4069 manu
1562 4014 1804 4085 perﬁdize

227 4103 495 4159 zizaniam
524 4104 578 4158 in
602 4104 780 4159 medio
825 4105 1129 4175 purissimze
1157 4106 1278 4162 ﬁdei
1330 4106 1533 4163 tritico.
1564 4107 1803 4180 Projeci-

224 4193 294 4246 sti
318 4209 409 4247 me
437 4205 560 4263 post
600 4203 807 4267 tergum
854 4205 1025 4261 tuum,
1086 4206 1145 4252 ut
1174 4197 1268 4252 tibi
1314 4196 1539 4253 fecisses
1581 4213 1797 4254 nomen.

225 4282 529 4352 Despexisti
554 4299 713 4340 omne
738 4286 1025 4342 consilium
1050 4302 1228 4342 meum
1252 4304 1267 4354 ;
1298 4288 1429 4358 quid
1456 4287 1642 4353 facies,
1673 4288 1801 4343 dum

1905 1913 2030 1983 quia
2060 1914 2607 1986 incomprehensibilia
2655 1931 2776 1975 sunt
2810 1922 3022 1994 judicia
3059 1927 3195 1997 ejus,
3220 1939 3269 1983 et
3291 1931 3489 1985 ininve-

1903 2002 2291 2071 stigabilesvite
2333 2008 2467 2077 ejus.
2496 2008 2627 2075 Quis
2680 2013 2817 2066 enim
2868 2016 3104 2085 cognouit
3143 2033 3352 2074 sensum
3381 2020 3488 2075 Do-

1903 2093 2159 2184 mini,aut
2186 2096 2302 2166 quis
2328 2098 2662 2158 consiliarius
2683 2102 2801 2174 ejus
2830 2103 2927 2173 fuit
2948 2104 3125 2178 (Rom.
3158 2124 3234 2174 ιι,
3258 2111 3344 2175 53,
3369 2112 3484 2184 54).

1906 2181 2138 2237 Tantum
2184 2185 2362 2241 divina
2389 2188 2560 2243 voluit
2604 2192 2964 2261 providentia,
3004 2205 3066 2251 ut
3098 2181 3490 2258 rescriberetur

1905 2271 1960 2326 in
1998 2275 2320 2347 evangelica:
2344 2278 2679 2338 celsitudinis
2715 2286 3116 2355 auctoritatem,
3145 2299 3487 2347 sanctorum-

1905 2382 2010 2436 que
2031 2367 2252 2424 Patrum
2280 2371 2646 2440 probabilibus
2679 2376 2845 2450 914
2884 2377 3102 2447 litteris,
3132 2391 3394 2452 quantum
3419 2387 3490 2441 ad

1906 2459 2416 2519 nostramsuﬁicere
2464 2463 2691 2519 salutem
2713 2469 2943 2523 censuit.
2991 2469 3101 2527 Illis
3144 2480 3361 2528 utamur
3390 2490 3488 2529 no-

1870 2626 1873 2639 Ρ
1906 2548 2142 2605 minibus
2185 2550 2513 2635 de'Christo,
2545 2570 2665 2625 quae
2688 2556 2743 2610 in
2789 2558 2968 2615 Veteri
2993 2556 3252 2632 Novoque
3295 2562 3483 2619 Testa-

1906 2648 2089 2696 mento
2117 2630 2463 2697 inveniuntur
2482 2644 2704 2714 scripta.
2734 2645 2977 2704 Suﬁiciat
3002 2630 3489 2722 nobis—apostolica:

1907 2733 2250 2788 auctoritatis
2276 2733 2544 2802 doctrina,
2566 2744 2624 2791 et
2643 2737 3034 2795 catholicorum
3064 2740 3285 2799 Patrum
3327 2745 3487 2816 longo

1908 2828 2149 2890 tempore
2170 2822 2449 2891 explorata
2475 2823 2624 2879 ﬁdes.
2672 2824 2944 2897 Quidquid
2965 2826 3040 2883 illi
3071 2830 3135 2886 de
3161 2832 3377 2889 Christo
3407 2837 3487 2891 di-

1907 2919 2123 2976 xerunt,
2165 2911 2407 2968 dicamus
2451 2923 2505 2968 et
2535 2930 2654 2981 nos,
2695 2915 2806 2970 imo
2832 2917 2920 2986 pia
2948 2920 3266 2979 credulitate
3309 2932 3489 2980 tenea-

1908 3018 2049 3069 mus,
2076 3005 2336 3075 quidquid
2362 3006 2431 3060 ab
2464 3006 2585 3062 aliis
2627 3009 2783 3064 nobis
2828 3024 2986 3067 sacro
3029 3014 3279 3084 dogmate
3322 3018 3489 3073 tradi-

1909 3103 2023 3150 tum
2053 3110 2173 3152 esse
2220 3096 2543 3153 inveniatur.
2601 3097 2774 3154 Aliter
2808 3098 3002 3169 Judaei,
3042 3104 3133 3173 qui
3185 3105 3239 3159 in
3295 3107 3486 3161 umbra

1907 3186 2042 3259 legis
2068 3197 2406 3255 erraverunt,
2430 3190 2787 3262 impingentes
2808 3191 2863 3247 in
2891 3191 3125 3264 lapidem
3151 3192 3486 3263 odensionis,

1902 3278 1972 3334 de
1999 3276 2358 3348 Redemptore
2378 3281 2563 3337 mundi
2590 3290 2915 3338 censuerunt
2946 3300 2960 3337 :
2995 3283 3155 3340 aliter
3174 3302 3273 3343 nos
3294 3287 3349 3342 in
3369 3288 3488 3344 luce

1903 3369 2197 3442 evangelici
2211 3370 2511 3441 splendoris
2528 3373 2865 3430 ambulantes
2885 3373 3185 3446 intelligere
3204 3377 3484 3435 debemus.

1903 3463 2010 3519 illis
2029 3463 2285 3534 parvulus
2313 3472 2471 3520 natus
2488 3473 2591 3532 est,
2613 3466 2768 3522 nobis
2788 3465 2930 3525 ﬁlius
2958 3469 3116 3526 datus
3134 3477 3237 3526 est.
3296 3469 3354 3527 Si
3383 3472 3490 3529 illis

1903 3570 2091 3612 servus
2121 3556 2462 3626 zenigmatico
2486 3556 2870 3627 prophetarum
2912 3574 3163 3619 sermone
3188 3562 3489 3633 promissus

1902 3655 2005 3713 est,
2037 3647 2193 3703 nobis
2220 3647 2481 3703 Dominus
2505 3657 2561 3703 et
2586 3647 2683 3703 Dei
2711 3647 2901 3715 Filius,
2949 3651 3085 3706 sicut
3112 3651 3192 3708 sol
3218 3653 3402 3710 oriens
3429 3656 3486 3709 in

1902 3744 2166 3792 :eternum
2184 3745 2336 3792 ortus
2378 3746 2462 3792 est
2490 3737 2652 3792 diem.
2699 3736 2778 3792 llli
2808 3738 3215 3807 cruciﬁxerunt,
3248 3740 3303 3795 in
3328 3756 3488 3811 quem

1903 3844 2010 3883 non
2033 3827 2415 3891 crediderunt;
2458 3841 2558 3882 nos
2611 3826 2995 3899 gloriﬁcemus,
3026 3829 3082 3883 in
3126 3844 3287 3898 quem
3316 3831 3486 3885 credi-

1903 3934 2042 3975 mus.
2075 3916 2184 3973 Nos
2212 3925 2493 3972 cantemus
2548 3916 2622 3971 illi
2662 3933 2785 3973 cum
2810 3919 2959 3973 omni
3007 3918 3213 3974 cmlesti
3251 3919 3484 3975 militia:

1904 4010 2088 4067 Gloria
2136 4011 2193 4064 in
2227 4007 2445 4064 excelsis
2483 4008 2594 4063 Deo
2644 4007 2795 4080 (Luc.
2829 4025 2892 4074 ιι,
2938 4008 3048 4080 li),
3079 4019 3345 4079 quatenus
3373 4011 3488 4082 ejus

1902 4100 2145 4171 piissima
2182 4098 2552 4154 misericordia
2581 4098 2737 4154 nobis
2782 4086 2967 4153 donet
2986 4114 3175 4170 pacem
3203 4109 3259 4156 et
3286 4102 3486 4159 bonam

1904 4190 2234 4246 voluntatem
2262 4189 2317 4244 in
2345 4188 2523 4244 terris.

1975 4288 2089 4345 XV.
2130 4287 2428 4344 Credamus
2470 4302 2600 4359 ergo
2626 4303 2749 4343 eum
2791 4288 2888 4345 Dei
2913 4304 3039 4345 vere
3066 4288 3261 4364 ﬁlium,
3287 4298 3337 4345 et
3361 4305 3489 4346 con-

224 4387 427 4428 venero
482 4374 760 4444 requirere
804 4378 1085 4446 pecuniam
1138 4392 1333 4446 meam,
1364 4394 1527 4449 quam
1556 4378 1654 4434 tibi
1679 4378 1802 4435 dedi
1905 4381 2155 4438 ﬁteamur
2199 4395 2324 4435 eum
2378 4377 2446 4435 de
2492 4379 2713 4451 Virgine
2759 4391 2971 4448 natum,
3018 4397 3208 4437 verum
3238 4382 3406 4437 Deum
3433 4393 3489 4438 ct

226 4465 711 4535 multiplicandam,
732 4482 840 4522 non
870 4466 973 4541 [ut]
1009 4468 1365 4527 absconderes
1392 4470 1538 4524 illam
1564 4470 1666 4526 sub
1684 4468 1802 4539 pal-
1829 4524 1880 4542 ﬁ
1906 4487 2096 4529 verum
2125 4471 2422 4537 hominem,
2452 4486 2618 4526 unum
2640 4470 2737 4527 Dei
2756 4471 2974 4537 Filium,
2997 4472 3275 4542 proprium
3296 4481 3351 4528 et
3370 4487 3488 4542 per-

226 4569 353 4609 vcre
385 4524 599 4609 lci-ne?
627 4556 708 4610 Tu
737 4524 915 4626 itaque
933 4524 1041 4612 rion
1072 4556 1242 4613 solum
1262 4559 1623 4628 multiplicare
1652 4524 1800 4613 illam
1829 4524 1883 4585 D
1905 4563 2128 4630 fectum,
2168 4577 2357 4619 verum
2388 4569 2443 4617 et
2462 4562 2729 4618 viventem
2758 4562 2814 4617 in
2856 4562 3074 4628 smcula,
3116 4570 3172 4616 ct
3208 4562 3488 4618 laudemus

223 4646 408 4716 segnis
434 4644 604 4710 fuisti,
632 4661 739 4701 non
792 4646 927 4704 dans
954 4647 1102 4704 illam
1153 4649 1549 4718 nummulariis,
1592 4658 1652 4706 ut
1678 4666 1802 4707 cum
1907 4651 2284 4709 miserationes
2325 4649 2465 4720 ejus,
2519 4660 2576 4707 et
2626 4665 2946 4706 veneremur
2992 4650 3289 4720 potentiam
3327 4649 3482 4719 ejus;

224 4757 389 4797 usura
440 4742 767 4813 recepissem
813 4743 957 4812 quod
978 4758 1160 4799 meum
1195 4752 1281 4800 est
1307 4763 1321 4799 :
1352 4746 1449 4801 sed
1497 4744 1804 4801 adulterino
1907 4743 2035 4811 quia
2058 4742 2175 4813 ipse
2198 4750 2283 4798 est
2307 4755 2403 4797 rex
2448 4739 2651 4813 gloriae,
2679 4748 2736 4795 et
2758 4755 2855 4795 rex
2897 4754 3106 4810 regum,
3128 4748 3184 4796 et
3228 4740 3488 4797 Dominus

226 4837 555 4891 uumismate
583 4834 684 4890 sub
711 4849 833 4890 meo
856 4836 1071 4891 nomine
1095 4835 1318 4908 signasti
1337 4851 1481 4905 eam,
1505 4846 1561 4892 et
1580 4847 1806 4909 argento

223 4926 652 4999 septempliciter
673 4935 902 4998 purgato
955 4925 1187 4982 scoriam
1215 4926 1521 4982 immiscere
1562 4927 1803 4992 tentasti,

222 5035 399 5091 caupo
425 5019 605 5074 factus
624 5017 863 5089 perﬁdus
886 5035 901 5083 ;
934 5033 1041 5073 non
1059 5031 1250 5074 servus
1267 5017 1504 5088 prudens
1530 5024 1588 5073 et
1606 5016 1801 5083 ﬁdelis,

219 5112 319 5165 sed
338 5126 536 5167 servus
560 5125 794 5180 nequam
823 5117 877 5166 et
911 5109 1139 5165 inﬁdelis
1168 5125 1183 5164 :
1230 5110 1325 5181 qui
1349 5125 1436 5166 me
1456 5125 1565 5166 non
1590 5118 1804 5167 tantum

220 5201 424 5256 durum
448 5200 762 5263 Dominum,
791 5199 888 5255 sed
921 5214 1135 5255 servum
1157 5199 1430 5270 captivum
1456 5213 1653 5255 vocare
1679 5199 1807 5256 soli-

221 5302 311 5348 tus
336 5302 444 5348 est.
477 5291 621 5360 Quid
646 5290 716 5346 ad
743 5291 861 5347 haec
881 5304 1241 5361 responsurus
1274 5289 1405 5355 eris,
1427 5303 1462 5345 o
1485 5289 1808 5359 prmdicator

217 5384 558 5454 adoptionis,
585 5390 640 5438 et
668 5388 905 5438 assertor
929 5380 1340 5452 nuncupationis
1368 5380 1423 5435 in
1449 5378 1666 5436 Christo
1691 5380 1808 5435 Deo

216 5476 316 5532 Dei
340 5475 508 5542 Filio,
535 5474 665 5530 dum
686 5474 801 5529 haec
823 5479 879 5528 et
902 5472 1009 5528 alia
1033 5473 1203 5528 multo
1224 5472 1378 5543 plura
1404 5472 1501 5527 tibi
1528 5472 1583 5527 in
1612 5470 1806 5527 faciem

212 5567 611 5639 objiciuntur?
659 5566 839 5633 Quare
867 5580 974 5620 non
1019 5565 1195 5637 primo
1241 5564 1483 5620 omnium
1533 5563 1804 5635 cogitasti,

212 5680 342 5732 qua:
369 5662 583 5716 utilitas
612 5667 759 5714 esset
783 5656 1037 5713 Ecclesia:
1084 5656 1284 5711 Christi
1328 5657 1379 5710 iu
1408 5657 1511 5711 hac
1551 5655 1809 5726 praedicao

210 5758 373 5811 tione
401 5753 734 5825 adoptionis,
793 5751 875 5805 vcl
927 5751 978 5805 iu
1025 5749 1256 5806 nominis
1281 5748 1721 5819 nuncupatione?
1751 5747 1806 5802 Si

628 5845 906 5905 Parant.
943 5841 1042 5901 Cl.

1908 4832 2322 4898 dominantium,
2352 4838 2407 4886 et
2434 4830 2578 4886 Deus
2602 4830 2846 4896 deorum,
2904 4838 2960 4885 et
2983 4830 3126 4887 Deus
3156 4847 3405 4905 magnus,
3433 4844 3491 4890 et

1910 4922 2052 4979 Deus
2102 4922 2462 4992 omnipotens,
2517 4928 2573 4976 et
2596 4935 2756 4977 verus
2802 4920 2899 4978 Dei
2934 4921 3124 4980 Filius.
3174 4923 3281 4981 Per
3309 4926 3486 4996 ipsum

1905 5012 2160 5067 universa
2182 5019 2367 5067 creata
2387 5017 2552 5078 sunt;
2577 5024 2677 5082 per
2702 5010 2879 5082 ipsum
2905 5014 3158 5070 universa
3185 5022 3487 5071 restaurata

1906 5112 2052 5171 sunt,
2084 5119 2206 5175 qua:
2227 5103 2282 5159 in
2331 5103 2505 5172 caelis,
2529 5111 2586 5160 et
2605 5116 2726 5175 qua:
2768 5104 2825 5159 in
2851 5105 3014 5161 terris
3062 5115 3207 5162 sunt.
3247 5107 3364 5178 Ipse
3392 5108 3489 5164 ho-

1908 5198 2135 5264 minem,
2163 5211 2288 5251 cum
2332 5210 2440 5251 non
2478 5202 2643 5262 esset,
2672 5195 2913 5264 creavit;
2947 5196 3063 5267 ipse
3110 5197 3378 5266 perditum
3404 5212 3489 5251 re-

1908 5286 2182 5343 formavit.
2244 5285 2364 5355 lpse
2407 5292 2494 5342 est
2542 5285 2709 5342 totius
2746 5285 3033 5356 potestatis
3073 5300 3323 5352 summa;
3373 5286 3490 5357 ipse

1910 5391 1995 5436 est
2018 5382 2306 5436 thesaurus
2332 5377 2612 5443 virtutum,
2641 5378 2763 5434 fons
2780 5378 2925 5445 vitai,
2951 5377 3295 5447 pulchritudo
3315 5378 3482 5448 pacis.

1909 5468 2028 5540 Ipse
2053 5478 2138 5525 est
2160 5468 2259 5524 ﬁos
2280 5467 2537 5538 paradisi,
2569 5469 2661 5537 qui
2699 5468 2766 5523 de
2792 5468 2941 5539 virga
2982 5467 3182 5523 radicis
3217 5467 3368 5524 Jessc
3388 5484 3487 5525 no-

1912 5570 2087 5617 strum
2115 5561 2358 5617 ascendit
2396 5560 2451 5614 in
2473 5562 2681 5614 orbem.
2732 5561 2850 5631 Ipse
2876 5568 2961 5616 est
2998 5561 3302 5617 convivium
3326 5578 3488 5634 ange«

1911 5651 2106 5718 lorum,
2131 5651 2397 5707 festivitas
2438 5660 2769 5718 sanctorum,
2794 5651 2939 5708 salus
2984 5652 3337 5709 inﬁrmorum.
3369 5652 3486 5721 lpse

1914 5754 1995 5802 est
2029 5744 2234 5799 amicus
2283 5760 2465 5811 verus,
2508 5742 2847 5799 consiliarius
2900 5744 3088 5799 salutis
3118 5755 3339 5809 nostra),
3372 5743 3486 5796 dia-

2904 5840 2977 5899 10
