3964 6186
278 430 283 435 ,
378 391 485 442 299

1254 383 1312 438 Β.
1343 356 1403 437 F.
1433 379 1657 436 suum
1695 379 1822 435 seu
1866 377 2137 435 ALCUINI
2168 376 2450 435 OPERUM
2484 374 2662 431 mus
2689 375 2771 431 Ill.

3538 362 3645 419 300

377 502 533 556 dema
581 499 729 571 regni
776 497 984 554 mtcrni.
1017 497 1115 552 llic
1144 504 1227 552 est
1254 496 1365 550 vita
1396 494 1754 557 credentium,
1779 507 1960 546 resur-
1987 498 2032 555 Α
2064 506 2287 561 regnum
2315 489 2566 545 omnibus
2616 487 2960 543 credentibus
2999 483 3256 539 ostendit.
3308 480 3463 549 Quod
3500 481 3647 535 enim

379 595 547 650 rectio
568 601 921 656 mortuorum,
955 590 1251 662 redemptio
1280 587 1637 657 captivorum,
1677 584 1765 639 lux
1800 585 1952 639 inde-

379 686 585 742 ﬁciens.
617 685 733 755 Ipse
762 692 847 739 est
897 683 1121 753 angelus
1149 681 1316 752 pacis,
1370 678 1619 733 minister
1662 676 1807 731 vitm.
1839 675 1958 746 Ipse

377 783 463 832 est
489 784 694 831 eterna
723 773 1002 830 beatitudo
1027 790 1042 839 ;
1085 772 1199 843 ipse
1219 780 1303 826 est
1329 771 1488 825 beata
1519 767 1814 823 mternitas.
1840 766 1958 837 Ipse

379 870 618 926 Verbum
658 876 982 923 cozeternum
1017 865 1128 919 Deo
1152 862 1325 927 Patri,
1377 869 1432 916 et
1482 859 1954 922 consubstantiale,

374 974 477 1033 per
503 972 665 1027 quem
691 957 870 1011 omnia
894 953 1035 1009 facta
1064 961 1208 1007 sunt.
1237 952 1354 1023 Ipse
1375 966 1505 1006 caro
1528 949 1723 1015 factus,
1751 950 1817 1004 de
1840 947 1958 1005 Vir-

382 1050 504 1122 gine
532 1055 713 1113 natus,
740 1046 1132 1117 praenuntiatus
1162 1058 1192 1097 a
1230 1042 1509 1114 pmphetis
1534 1057 1550 1108 ;
1605 1055 1635 1094 a
1666 1040 1819 1096 stella
1865 1041 1957 1095 des

381 1145 732 1200 monstratus,
788 1153 817 1191 a
850 1134 1017 1206 Magis
1061 1132 1337 1200 adoratus,
1369 1150 1399 1188 a
1422 1134 1733 1204 pastoribus
1788 1131 1958 1188 mani-

381 1228 630 1293 festatus,
659 1225 972 1281 Emmanuel
1000 1232 1245 1291 vocatus,
1276 1233 1331 1279 et
1360 1223 1455 1279 Dei
1486 1220 1656 1279 Filius
1680 1237 1839 1278 verus
1869 1220 1958 1276 de-

2062 580 2301 651 paradisi
2342 580 2425 635 vel
2466 579 2703 635 cmlestis
2742 576 2893 647 regni
2939 583 3128 646 patent
3168 574 3369 645 januzr,
3419 571 3646 627 victoria

2062 684 2147 729 est
2175 671 2398 729 Christi.
2432 671 2729 727 Credamus
2754 685 2882 740 ergo
2905 684 3121 723 omnem
3164 668 3450 723 veritatem
3472 665 3529 720 in
3558 680 3644 721 eo.

2065 762 2199 818 Nam
2226 772 2283 817 et
2308 760 2424 833 ipsa
2474 762 2636 815 beata
2678 760 2832 831 virgo
2881 758 3048 814 Maria
3083 757 3351 813 credendo
3400 756 3650 827 concepit

2065 852 2363 919 Christum,
2413 861 2469 907 et
2492 867 2591 907 nos
2630 851 2901 907 credendo
2941 849 3321 921 perveniamus
3372 849 3441 905 ad
3469 847 3643 905 illum.

2064 944 2363 999 Credamus
2398 942 2547 999 illum
2575 950 2887 1013 regnantem
2917 942 2971 997 in
3018 941 3190 1008 caelis,
3221 941 3311 1010 qui
3364 955 3465 1011 pro
3490 941 3649 996 nobis

2061 1043 2221 1093 natus
2254 1044 2338 1091 est
2368 1033 2421 1090 in
2455 1033 2655 1101 terris;
2685 1048 2845 1103 quem
2876 1032 3047 1087 solum
3076 1048 3181 1086 non
3202 1029 3426 1086 violavit
3455 1031 3650 1084 nativi-

2064 1136 2147 1182 tas
2174 1127 2370 1198 prima,
2401 1136 2461 1182 ut
2486 1142 2584 1183 nos
2605 1126 2895 1182 mundarct
2920 1127 3174 1182 secunda.
3210 1124 3311 1180 Per
3336 1124 3483 1180 illum
3516 1125 3652 1180 lihe-
3756 1147 3777 1159 -

2064 1219 2168 1274 rati
2200 1235 2387 1274 sumus
2422 1234 2450 1272 a
2477 1218 2755 1273 servitutis
2776 1215 2929 1288 jugo,
2966 1232 3067 1287 per
3114 1217 3268 1271 illum
3316 1217 3652 1271 reconciliati

380 1319 636 1372 claratus.
687 1316 888 1373 Factus
928 1318 1029 1374 sub
1081 1316 1312 1388 imperio
1356 1304 1637 1371 hominum
1679 1315 1733 1369 in
1779 1313 1961 1379 terris,
2065 1325 2251 1366 sumus
2276 1309 2387 1364 Deo
2419 1309 2586 1375 Patri,
2614 1324 2720 1363 non
2752 1309 3070 1363 meritorum
3120 1307 3312 1379 gloria,
3357 1308 3449 1362 sed
3489 1307 3654 1361 mise—

381 1423 503 1463 cum
559 1409 671 1477 ipse
716 1408 786 1463 sit
819 1408 1115 1479 imperator
1171 1407 1484 1477 angelorum
1516 1406 1570 1460 in
1621 1404 1791 1461 cmlis.
1845 1403 1966 1474 ipse

380 1499 611 1571 primam
631 1499 824 1554 stolam
848 1500 1080 1554 reddidit
1100 1499 1225 1555 ﬁliis
1236 1499 1385 1565 Adm,
1411 1498 1719 1570 paradisum
1735 1496 1965 1567 aperuit,

381 1593 507 1647 vita)
560 1593 746 1647 orbem
795 1594 1060 1659 exhibuit,
1112 1592 1381 1649 libertatis
1420 1593 1644 1664 januam
1691 1588 1965 1661 patefecit.

381 1685 610 1755 Insuper
637 1685 825 1753 etiam,
876 1686 1018 1755 quod
1070 1684 1241 1741 Adam
1293 1702 1397 1741 non
1449 1684 1657 1752 habuit,
1703 1684 1967 1740 caelorum

2070 1402 2297 1457 rationis
2342 1401 2538 1473 gratia.
2582 1398 2676 1455 lllc
2741 1400 2900 1455 nobis
2939 1408 3023 1455 est
3069 1398 3338 1454 mediator
3382 1399 3434 1453 in
3463 1399 3655 1459 vitam,

2070 1494 2161 1563 qui
2186 1501 2240 1548 et
2268 1499 2641 1547 remunerator
2670 1490 2724 1545 in
2755 1489 3008 1560 gloriam,
3037 1487 3195 1543 Jesus
3226 1487 3476 1544 Christus
3492 1502 3655 1541 verus

2069 1586 2213 1640 Deus
2263 1594 2319 1640 et
2362 1600 2525 1639 verus
2551 1582 2646 1638 Dei
2678 1582 2865 1648 Filius,
2921 1582 3013 1654 qui
3039 1580 3174 1636 vivit
3199 1589 3253 1634 et
3298 1587 3487 1651 regnat
3529 1593 3657 1632 cum

2071 1677 2182 1733 Deo
2219 1676 2382 1731 Patre
2405 1683 2459 1730 et
2497 1674 2702 1746 Spiritu
2744 1683 2933 1730 sancto
2957 1674 3010 1728 in
3063 1671 3258 1728 saecula
3310 1671 3656 1742 sempiterna.

394 1794 3628 1825 Μ

1278 1906 1932 1969 ADDITAMENTUM
1977 1903 2301 1966 INCERTI
2347 1900 2766 1964 AUCTORIS.

1145 2044 1440 2110 Mirabile
1472 2046 1891 2110 testimonium
1916 2049 2118 2109 sancti
2150 2045 2493 2125 Augustini
2516 2044 2759 2126 psalmo
2798 2064 2918 2108 ων.

460 2226 598 2281 Dum
623 2225 796 2281 lectus
848 2223 952 2280 fuit
992 2223 1124 2280 mihi
1154 2225 1221 2281 ad
1278 2240 1521 2281 mensam
1571 2234 1834 2282 tractatus
1860 2228 1970 2291 ille,
2007 2234 2049 2293 Β
2078 2228 2131 2282 in
2156 2226 2461 2291 divinitate,
2492 2227 2697 2296 absque
2738 2225 2886 2281 omni
2927 2223 3092 2280 dubio
3128 2223 3263 2296 duas
3288 2222 3665 2296 liabct_perso-

389 2298 569 2368 subito
616 2303 885 2368 venerunt
900 2297 966 2368 _in
1004 2309 1165 2368 aures
1192 2295 1307 2368 haec
1347 2300 1511 2368 verba
1543 2314 1556 2351 :
1600 2297 1682 2368 [Si
1709 2298 1762 2351 in
1794 2305 1975 2353 mente

389 2367 488 2422 tibi
522 2382 631 2422 non
685 2366 835 2421 venit
885 2365 1156 2433 Christus,
1214 2366 1434 2433 dormit,
1468 2365 1646 2422 excita
1674 2368 1970 2429 Christum,

388 2438 567 2492 recole
595 2436 775 2491 ﬁdem.
808 2435 961 2492 Tunc
983 2437 1038 2492 iu
1087 2444 1140 2491 te
1164 2437 1365 2493 dormit
1414 2438 1684 2501 Christus,
1715 2440 1759 2494 si
1790 2454 1975 2494 verum

389 2508 544 2562 illum
572 2506 741 2579 ﬁlium
771 2505 866 2579 Dei
892 2506 1128 2579 abnegas
1149 2522 1289 2579 esse,
1320 2508 1365 2562 si
1398 2506 1598 2579 oblitus
1618 2525 1679 2563 es
1708 2510 1978 2579 passionis

390 2578 554 2632 illius.
589 2576 828 2650 Tuncgin
858 2584 911 2650 te
932 2576 1117 2648 vigilat
1154 2577 1422 2645 Christus,
1464 2577 1510 2632 si
1538 2576 1828 2633 meministi
1855 2596 1977 2650 pas-

392 2650 619 2719 sionenr
629 2646 881 2719 Cbristi.]

460 2716 625 2788 915
641 2717 695 2772 ln
717 2716 969 2788 praesenti
988 2716 1350 2787 disputatione
1375 2717 1421 2772 si
1447 2718 1660 2773 eveniat
1675 2734 1836 2774 causa
1855 2734 1981 2774 cum

391 2788 632 2860 quolibet
679 2787 1163 2860 verha_serere'de
1205 2788 1494 2860 adoptione
1535 2798 1591 2860 et
1624 2791 1977 2860 proprietate,

393 2872 554 2927 quam
568 2857 1051 2929 dicuntinAChristo
1061 2872 1201 2924 esse,
1220 2857 1658 2929 interrogandum
1676 2857 1757 2915 est
1771 2876 1892 2929 quze
1911 2862 1983 2914 sit

393 2926 623 3000 persona
664 2926 783 3000 Filii
810 2927 905 2983 Dei
932 2928 983 2982 in
1011 2937 1214 2982 mterna
1249 2926 1527 2983 nativitate
1549 2929 1573 2983 ?
1599 2929 1680 2983 An
1702 2926 1983 3000 sit—unige-

396 2997 542 3052 nitus
586 2998 638 3069 in
664 2997 757 3069 illa
786 3013 1038 3069 persona,
1076 3014 1237 3053 verus
1279 3008 1336 3053 et
1359 3000 1610 3069 proprius
1643 3000 1814 3056 Filius
1844 2997 1983 3056 Dei?

479 3068 764 3152 inquisitor
789 3067 994 3152 [Forte,
1023 3069 1331 3152 inquisitus,
1341 3067 1440 3152 seu
1451 3067 1739 3152 .quzesitus]
1764 3087 1984 3141 respon-

394 3138 473 3192 dit
499 3156 512 3192 :
542 3138 857 3211 Certissima
893 3138 1201 3211 unigenitus
1228 3148 1311 3196 est
1341 3142 1394 3196 in
1428 3138 1517 3195 illa
1545 3138 1798 3211 persona,
1822 3138 1982 3197 verus

395 3209 730 3295 etproprius
760 3208 929 3264 Filius
1074 3226 1088 3275 ;
1140 3211 1325 3295 statim
1361 3208 1563 3295 habes:
1586 3213 1911 3295 respondere
1930 3221 1987 3294 et

396 3289 617 3347 captare
652 3294 775 3335 eum
819 3296 887 3335 ex
917 3282 1031 3337 suis
1081 3282 1301 3354 verbis:
1360 3280 1416 3354 Si
1444 3280 1776 3354 iunigenitus
1821 3284 1984 3354 estin

396 3364 462 3422 ea
491 3365 740 3418 persona,
801 3366 965 3419 quam
1013 3351 1341 3407 aeternalitcr
1368 3351 1585 3418 habuit,
1621 3354 1805 3422 utique
1834 3353 1889 3407 in
1910 3352 1983 3407 il-

397 3417 535 3500 lam_
570 3417 856 3500 personam
910 3422 1203 3500 assumpsit
1251 3417 1884 3500 liuinaiiimtem__v'eram,
1926 3432 1988 3479 ut

398 3496 541 3559 esset
601 3490 931 3558 unigenitus,
987 3491 1238 3559 proprius
1295 3499 1351 3546 et
1372 3507 1533 3548 vcrus
1582 3490 1752 3548 Filius
1782 3493 1900 3558 Dei,
1930 3500 1986 3548 et

400 3557 811 3645 {'E'WPFF‘JO‘E‘WP
840 3557 1027 3645 habre
1074 3557 1395 3645 ἀξὲορςιοέρ
1440 3562 1530 3645 illa
1582 3578 1833 3645 Persians:
1877 3557 1983 3645 N98

400 3643 590 3682 sumus
614 3630 667 3709 in
698 3643 928 3709 persona
960 3630 1286 3709 adoptionis,
1314 3630 1417 3709 ille
1430 3643 1516 3688 est
1555 3630 1698 3690 sicut
1727 3632 1830 3688 fuit
1859 3641 1985 3709 ante

401 3700 824 3775 assumptionem
853 3700 1205 3775 humanitatis
1233 3710 1377 3756 totus
1402 3702 1458 3775 in
1485 3718 1717 3774 persona
1743 3706 1986 3775 proprie-

403 3768 547 3821 tatis.
588 3767 659 3823 Si
690 3767 970 3840 adoptivus
995 3780 1079 3825 est
1109 3769 1162 3825 in
1191 3767 1547 3842 humanitate,
1595 3783 1651 3831 et
1680 3767 1989 3846 unigenitus

2077 2314 2197 2363 nas,
2243 2307 2484 2353 nostram
2516 2293 2740 2361 scilicet,
2773 2297 2864 2365 qui
2912 2310 3100 2350 sumus
3124 2293 3364 2365 adoptivi
3398 2293 3516 2348 Filii
3542 2293 3659 2358 Dei,

2078 2377 2134 2424 et
2162 2385 2336 2434 suam,
2361 2383 2523 2436 quam
2547 2367 2878 2421 reternaliter
2903 2365 3112 2420 habuit.

2148 2438 2287 2510 Item
2330 2434 2777 2510 interrOgandum
2816 2446 2919 2510 est,
2951 2437 2996 2510 si
3022 2434 3334 2510 beatissima
3372 2436 3667 2510 yirgoge-

2080 2509 2242 2563 nitrix
2267 2508 2360 2562 Dei
2384 2522 2511 2563 vere
2532 2504 2785 2561 dicatur?
2818 2507 2907 2563 Vel
2935 2508 2979 2561 si
3003 2506 3252 2576 proprius
3272 2506 3342 2559 sit
3365 2505 3505 2559 ﬁlius
3520 2504 3665 2573 ejus-

2079 2580 2204 2633 dem
2240 2578 2474 2649 Virginis
2493 2577 2743 2633 Christus
2780 2577 2835 2630 in
2861 2577 3042 2649 divina
3086 2586 3141 2631 et
3169 2576 3402 2649 luimana
3428 2583 3621 2649 natura
3642 2576 3669 2627 ?

2082 2649 2140 2704 Si
2171 2646 2508 2720 responderit
2551 2649 2879 2720 inquisitor:
2930 2648 3026 2702 Est
3073 2646 3671 2720 eagrat_ione_propri_us

2080 2730 2135 2774 et
2175 2715 2317 2774 totus
2345 2719 2594 2774 Christus
2626 2715 2696 2773 in
2726 2717 2935 2774 duabus
2980 2718 3189 2772 naturis
3234 2716 3332 2770 Dei
3372 2715 3546 2770 Patris
3571 2716 3669 2770 Fi-

2081 2790 2186 2845 lius
2216 2810 2229 2845 :
2259 2791 2386 2860 quia
2417 2790 2559 2845 sicut
2586 2789 2897 2860 htiiniliavit
2928 2788 3181 2844 divinitas
3205 2787 3458 2860 seipsam,
3491 2794 3553 2840 ut
3579 2801 3673 2860 es-

2082 2870 2165 2915 set
2192 2856 2821 2931 unusquisquelFortc,
2872 2858 3056 2913 ﬁlius:
3110 2856 3297 2931 rerum
3315 2856 3517 2931 videtur
3561 2856 3671 2909 ali-

2080 2932 2205 3002 quid
2228 2928 2725 3002 deessc]h'orninis;
2756 2930 2830 2984 ita
2859 2931 3095 2984 exaltala
3124 2936 3207 2983 est
3227 2928 3589 3002 humanitas,
3611 2935 3675 2980 ut

2082 2996 2229 3056 esset
2253 2996 2525 3056 verus'Dci
2553 3000 2738 3055 Filius.
2771 3002 2826 3055 Si
2850 3001 3099 3068 adoptiva
3121 3007 3205 3054 est
3227 2998 3535 3068 humanitas
3557 2996 3672 3051 Deo

2084 3072 2253 3137 Patri,
2282 3071 2531 3142 adOptiva
2554 3079 2639 3126 est
2664 3072 2920 3126 divinitas
2948 3067 3154 3142 Virgini
3200 3068 3385 3142 matri,
3415 3067 3541 3137 quia
3563 3068 3673 3121 alia

2083 3139 2499 3198 substantia—est
2526 3142 2800 3208 divinitas,
2822 3142 2925 3196 alia
2949 3150 3034 3197 est
3055 3139 3383 3204 humanitas,
3405 3148 3459 3192 et
3480 3153 3511 3191 e
3535 3153 3672 3192 con-

2087 3214 2255 3268 trario
2284 3212 2388 3267 alia
2424 3212 2752 3277 humanitas,
2780 3213 2883 3267 alia
2938 3212 3209 3267 divinitas.
3246 3209 3364 3274 llla,
3398 3209 3451 3263 id
3478 3216 3563 3262 est
3592 3208 3679 3261 di-

2085 3284 2302 3345 vinitas,
2330 3292 2552 3353 propter
2573 3283 2845 3337 hominem
2869 3284 3031 3337 homo
3057 3295 3236 3339 verus.
3258 3289 3319 3353 fl
3342 3294 3504 3333 verus
3529 3277 3678 3333 ﬁlius

2084 3350 2374 3479 impingi
2417 3350 2520 3409 ista
2554 3363 2777 3424 propter
2821 3353 3014 3411 Deum.
3044 3367 3206 3407 verus
3257 3350 3402 3407 Deus
3429 3359 3486 3404 et
3513 3364 3679 3405 verus

2132 3440 2255 3479 nus
2326 3438 2397 3479 ei.

2132 3438 2255 3479 lllllS
2282 3438 2397 3479 υθι.

2156 3494 2289 3550 Item
2318 3494 2363 3548 si
2403 3502 2623 3565 propter
2644 3493 3088 3565 assumptionem,
3119 3491 3259 3565 sicut
3293 3489 3468 3565 solent
3488 3489 3677 3565 illidi-

2012 3596 2058 3657 ο
2089 3560 3680 3657 ἓῗῖεἰςΒὲξξτῖξξξίὶἷίὶἱἓῖἲῗῐέίίθῗὲ,θῗέἑῐζὲίέξνθὲἷᾞῗιὲίὲξ

2090 3644 2176 3692 est
2195 3637 2237 3691 s'
2281 3634 2457 3690 "idem
2491 3634 2594 3689 adn
2635 3630 2797 3698 tivus,
2851 3635 2941 3704 qui
2969 3633 3260 3704 assumpsit
3298 3632 3595 3693 hominem,
3622 3630 3683 3685 id

2093 3714 2199 3760 est.
2224 3650 2375 3760 Kli‘ilii
2412 3705 2530 3760 Dei.
2576 3650 2701 3760 gela
2745 3720 2977 3760 namque
3011 3703 3134 3760 Filii
3188 3718 3417 3760 persona
3467 3717 3683 3757 assum-

2093 3714 2199 3772 est,
2253 3703 2375 3760 Filii
2412 3705 2530 3760 Dei.
2576 3703 2701 3760 Sola
2745 3720 2977 3775 namque
3011 3703 3417 3775 Filii’persoua
3467 3717 3683 3757 assum-

2096 3778 2203 3846 psit
2225 3775 2523 3843 hominem,
2551 3775 2604 3831 id
2625 3786 2731 3843 est,
2764 3773 3022 3830 Filii’Dei.

1634 3999 2025 4062 EPISTOLA
2068 3999 2447 4060 ELIPANDI

1449 4120 1544 4177 AD
1580 4119 1875 4177 FELICEM
1913 4120 2151 4178 NUPER
2188 4119 2633 4178 CONVERSUM.

1069 4228 1249 4302 (Hanc
1294 4229 1569 4301 epistolam
1605 4231 1722 4285 vide
1747 4231 1967 4301 hujusce
2007 4228 2331 4303 Patrologiae
2357 4242 2497 4288 (omo
2527 4230 2622 4287 XC
2639 4229 2733 4301 Vl,
2760 4232 2860 4287 col.
2893 4232 3036 4308 880.)

413 4349 3683 4377 .._..___________________—______________________._______

893 4497 903 4507 .
963 4518 1005 4533 _
1212 4428 1376 4503 917
1448 4427 2014 4526 CONFESSIO
2089 4447 2374 4525 FIDEI
2452 4449 2853 4528 FELICIS

1541 4617 1999 4663 OBGELLITANE
2043 4620 2217 4666 SEDIS
2264 4621 2569 4666 EPISCOPI.

1366 4740 1542 4824 (Vide
1566 4741 1953 4824 Patrologiae
1981 4750 2130 4806 tam.
2156 4742 2265 4805 XC
2271 4744 2359 4809 VI
2361 4790 2377 4819 ,
2403 4743 2523 4807 col.
2561 4746 2730 4827 882.)

1154 4998 1547 5062 EPISTOLA
1592 4998 1915 5062 ALCUINI
1959 4998 2070 5058 AD
2114 4998 2399 5061 FILIAM
2442 4998 2525 5061 IN
2569 4998 2940 5064 CHRISTO.

1840 5139 2052 5220 (Anno
2084 5138 2253 5222 800.)

1248 5289 1527 5354 Instruit
1558 5288 1755 5369 ﬁliam
1780 5288 1848 5350 in
1877 5287 2161 5368 dogmate
2188 5294 2412 5350 contra
2444 5285 2855 5368 Adoptianos.

482 5503 641 5575 921
672 5503 823 5563 Filia:
847 5505 904 5562 in
930 5503 1145 5564 Christo
1169 5501 1510 5563 charissima;
1535 5503 1763 5559 devotus
1802 5501 1857 5556 in
1891 5500 1997 5558 ﬁde
2025 5506 2075 5568 ι)
2101 5500 2347 5572 paciﬁcre
2376 5500 2738 5572 salutationis,
2766 5501 2851 5558 vel
2897 5503 3221 5561 familiarum
3246 5508 3512 5564 suavitate
3541 5509 3696 5567 litte.

416 5595 577 5652 l’atcr
602 5592 850 5651 salutem.

487 5689 697 5760 Schius
721 5698 917 5747 vestrm
960 5688 1359 5761 probatissima!
1388 5685 1640 5740 charitati
1676 5682 1996 5749 scriberem,

416 5800 461 5839 sx
492 5779 833 5840 occasionem
859 5780 994 5837 mihi
1019 5788 1202 5838 vestra
1241 5777 1458 5834 dilectio
1485 5776 1660 5841 daret,
1690 5776 1774 5830 vel
1819 5775 2000 5831 verbis

2105 5611 2307 5651 rarum.
2338 5594 2543 5649 Tamen
2571 5610 2636 5650 ea
2682 5595 2948 5651 charitate
2978 5597 3299 5669 instigante,
3343 5614 3462 5670 quae
3505 5604 3701 5659 omnia

2105 5695 2308 5756 sperat,
2331 5703 2437 5740 non
2462 5702 2617 5743 cesso
2650 5697 2881 5743 vestram
2908 5688 3089 5744 ofﬁcio
3137 5691 3466 5762 syllabarum
3509 5697 3695 5767 appel-

2106 5777 2222 5832 lare
2257 5776 2599 5833 dilectionem
2627 5818 2640 5845 ,
2671 5789 2725 5833 et
2768 5787 2909 5834 nota:
2940 5776 3325 5837 familiaritatis
3351 5782 3700 5840 dulcedinem
