3964 6186
260 289 352 345 501

1080 290 1490 354 DOGMATICA.
1533 322 1606 332 —
1647 290 1980 347 ALCUINUS
2018 289 2218 346 FILIIE
2253 290 2322 346 IN
2358 290 2672 350 CHRISTO.

3414 299 3519 355 50s

254 407 443 478 paucis
468 414 700 479 tangere
728 405 1011 477 apicibus;
1036 399 1106 462 ne
1130 422 1217 463 me
1243 409 1498 478 quislibet
1519 408 1838 463 obliviosum
1870 412 1915 467 Α
1945 416 2121 461 tamen
2154 423 2293 463 unus
2315 407 2460 464 ﬁlius
2501 417 2557 464 et
2594 408 2848 479 proprius
2877 448 2890 473 ,
2936 409 3099 463 homo
3127 408 3269 466 Deus
3302 424 3517 483 propter

252 506 476 555 notaret
502 505 701 554 vestra:
745 498 1004 554 bonitatis
1032 538 1048 565 ,
1101 514 1223 570 qua:
1269 515 1543 571 nunquam
1593 500 1837 556 oblivisci

251 592 475 664 pateﬁt,
500 592 601 646 sed
623 604 843 661 semper
864 590 1025 646 ﬁrma
1054 591 1236 647 radice
1258 599 1691 669 pectorenostro
1716 607 1840 661 per—

253 682 551 754 petualiter
574 672 887 753 perinanet;
913 683 1256 754 assiduisque
1281 683 1617 738 orationibus
1644 692 1839 738 vestrae

251 775 443 831 salutis
475 774 894 846 prosperitatem
922 774 1208 829 Dominum
1231 775 1552 845 deprecans,
1569 783 1838 844 quatenus

251 882 358 923 non
412 875 627 921 tantum
671 863 934 922 felicitate
973 867 1251 937 prmsenti,
1303 868 1398 923 sed
1445 869 1609 923 etiam
1636 876 1838 923 aeterna

250 957 592 1013 beatitudine
618 964 673 1011 te
700 956 936 1027 gaudere
961 957 1261 1012 concedat:
1288 957 1626 1024 desiderans,
1652 965 1715 1012 ut
1737 972 1838 1013 no-

249 1047 435 1123 bilitas
483 1056 576 1102 tua
616 1047 672 1102 in
713 1047 957 1103 moribus
984 1046 1185 1119 fulgeat
1222 1048 1464 1118 optimis,
1502 1058 1559 1105 et
1596 1057 1839 1120 potestas

250 1139 514 1195 clarescat
560 1139 618 1193 in
660 1137 943 1193 dulcedine
996 1137 1216 1208 pietatis
1267 1157 1279 1192 :
1333 1141 1477 1208 quod
1533 1139 1838 1194 sublimitas

249 1238 499 1293 ametur,
530 1238 588 1283 et
615 1228 868 1283 laudetur
894 1228 1152 1299 dignitas.
1195 1228 1325 1284 llmc
1374 1229 1602 1285 obsecro
1642 1229 1837 1284 ﬁducia

250 1318 371 1374 ﬁdei
400 1330 609 1374 nostra:
636 1318 835 1374 vestris
864 1334 970 1374 non
991 1320 1213 1375 recedat
1240 1320 1510 1386 sensibus,
1539 1320 1665 1388 quia
1715 1335 1840 1389 pro-

249 1411 477 1467 verbiali
530 1412 798 1466 sententia
841 1411 911 1466 ab
960 1412 1198 1481 antiquis
1253 1412 1456 1468 dictum
1508 1425 1628 1467 esse
1681 1414 1834 1467 scio:

248 1502 519 1566 Charitas,
546 1518 667 1572 quae
695 1503 870 1559 deseri
899 1511 1097 1573 potest,
1120 1519 1393 1575 nunquam
1419 1520 1545 1560 vera
1573 1505 1694 1560 fuit.
1723 1505 1839 1562 Hoc

250 1610 464 1665 quoque
518 1594 849 1666 Hieronymo
901 1593 1211 1665 proferente
1256 1596 1501 1666 legebam
1555 1613 1569 1649 :
1613 1595 1837 1651 Amicus

251 1687 340 1741 diu
373 1687 662 1756 quaeritur,
692 1687 783 1741 vix
812 1687 1085 1741 invenitur
1106 1726 1121 1751 ,
1158 1686 1373 1742 diﬁicile
1396 1694 1646 1742 servatur
1672 1703 1688 1752 ;
1735 1702 1836 1743 nec

1945 497 2135 564 Deum,
2185 506 2243 554 et
2284 499 2428 555 Deus
2452 501 2615 556 homo
2638 510 2863 570 propter
2882 501 3176 568 hominem,
3207 503 3261 556 in
3289 512 3519 574 utraque

1940 590 2288 659 generatione
2336 593 2588 663 preprius
2613 600 2669 649 et
2695 592 2966 662 perfectus
3012 593 3181 650 Filius
3220 595 3518 651 Dei..lianc

1944 676 2102 732 ﬁdem
2136 687 2314 734 vestra
2341 681 2647 735 veneranda
2673 681 2966 738 credulitas
2992 682 3219 739 ﬁrmiter
3259 692 3442 741 teneat
3463 694 3517 742 et

1943 767 2267 826 ﬁducialiter
2290 772 2568 841 praedicet.

2014 860 2151 927 Quia
2177 860 2303 916 novi
2326 862 2666 930 prudentiam
2693 870 2925 918 vestram
2963 864 3167 933 optime
3189 864 3244 918 in
3275 864 3517 920 dialecti-

1941 950 2022 1005 cis
2048 950 2437 1007 subtilitatibus
2463 953 2729 1007 eruditam
2755 967 2878 1009 esse
2895 993 2910 1018 ,
2934 953 3135 1023 placuit
3184 969 3385 1025 paucas
3431 955 3515 1010 in-

1942 1046 2334 1114 terrogationes
2363 1044 2659 1103 dialecticae
2685 1047 2981 1118 disciplina:
3005 1050 3131 1105 huic
3146 1058 3345 1106 nostrae
3357 1051 3518 1106 char-

1942 1134 2067 1189 tulae
2126 1133 2448 1207 injungere,
2495 1138 2691 1208 quibus
2733 1139 2982 1195 evacuari
3048 1141 3221 1209 possit
3283 1142 3515 1197 assertio

1942 1225 2249 1295 adoptionis
2276 1226 2361 1281 vel
2388 1228 2805 1297 nuncupationis
2826 1229 2881 1283 in
2907 1229 3143 1284 Christo.
3171 1229 3515 1302 Interrogan-

1942 1315 2067 1370 dum
2098 1326 2183 1372 est
2208 1318 2253 1372 si
2280 1318 2455 1373 omnis
2485 1320 2666 1385 homo,
2713 1320 2806 1390 qui
2847 1320 3028 1375 anima
3052 1328 3106 1375 et
3133 1336 3360 1392 corpore
3384 1337 3515 1378 con-

1941 1413 2068 1468 stat,
2092 1407 2343 1476 proprius
2366 1408 2437 1464 sit
2458 1407 2601 1464 ﬁlius
2623 1410 2795 1479 patris
2817 1410 2941 1465 sui?
2966 1410 3026 1465 Si
3050 1412 3200 1476 dicit,
3222 1414 3474 1483 proprius
3501 1434 3512 1467 :

1942 1496 2070 1551 item
2099 1497 2540 1568 interrogandum
2565 1507 2649 1555 est
2670 1500 2717 1555 si
2743 1500 2923 1557 anima
2948 1516 3015 1557 ex
3043 1510 3200 1571 patre
3246 1504 3514 1560 seminata

1941 1589 2013 1643 sit
2042 1590 2184 1644 sicut
2209 1591 2371 1645 caro?
2399 1590 2457 1646 Si
2509 1591 2682 1659 dicit,
2719 1606 2827 1648 non
2861 1610 2874 1646 :
2908 1592 3246 1649 inferendum
3274 1604 3358 1651 est
3382 1611 3518 1666 quo-

1941 1680 2101 1735 modo
2128 1681 2375 1751 proprius
2397 1689 2482 1737 est
2506 1682 2561 1737 in
2584 1683 2761 1738 anima
2798 1682 2959 1750 ﬁlius,
2991 1684 3035 1740 si
3067 1684 3245 1740 anima
3295 1702 3400 1743 non
3432 1695 3517 1742 est

253 1795 382 1844 non,
410 1778 676 1848 Apostolo
703 1786 978 1842 testante,
1021 1778 1255 1833 sollicita
1293 1787 1476 1834 meme
1500 1778 1832 1845 considero,
1867 1759 1911 1817 Β
1940 1785 2007 1823 ex
2036 1778 2211 1838 patre.
2234 1771 2376 1826 sicut
2398 1772 2567 1827 caro?
2594 1772 2937 1830 Infcrendum
2977 1790 3190 1846 quoque
3212 1784 3314 1841 est.
3342 1792 3514 1847 quare

251 1870 345 1938 qui
394 1870 535 1923 dixit
583 1886 597 1922 ε
654 1867 987 1939 Impossibile
1037 1877 1114 1922 est
1158 1868 1270 1923 sine
1318 1868 1426 1937 [ide
1480 1867 1687 1939 placere
1725 1868 1836 1923 Deo

252 1957 441 2029 (Hebr.
470 1975 550 2022 xi,
576 1958 653 2029 6).
683 1958 858 2012 Etiam
886 1958 1063 2013 omnis
1088 1958 1346 2023 amicitia,
1398 1972 1518 2026 quae
1553 1957 1697 2013 inter
1744 1958 1839 2012 ho-

255 2046 429 2101 mines
457 2045 724 2100 custodiri
756 2046 895 2100 solet
920 2046 1036 2101 sine
1063 2045 1187 2111 ﬁde,
1216 2045 1405 2116 procul
1451 2046 1615 2102 dubio
1663 2046 1837 2101 inanis

252 2146 357 2201 est,
388 2137 472 2192 vel
504 2139 681 2208 magis
710 2138 875 2192 nulla.
901 2138 1025 2193 Ideo
1048 2139 1332 2194 charitatis
1354 2137 1530 2193 cilicio
1557 2138 1692 2193 ﬁdes
1711 2135 1838 2205 jun-

254 2229 426 2298 genda
448 2237 555 2293 est,
606 2237 665 2283 ut
716 2228 882 2284 semel
912 2238 1089 2299 empta
1130 2229 1503 2300 germanitatis
1547 2229 1836 2285 concordia

255 2320 483 2376 sollicita
516 2320 874 2376 unanimitate
896 2321 1286 2391 perpetualiter
1311 2320 1610 2375 nutriatur.

320 2410 439 2466 Misi
489 2412 792 2466 Candidum
837 2421 1081 2467 vestrum
1131 2425 1158 2454 α
1194 2410 1419 2480 jubente
1449 2412 1678 2467 Domino
1714 2427 1837 2468 meo

256 2501 418 2555 David
449 2517 573 2555 cum
621 2502 804 2556 libello
850 2511 1038 2557 contra
1087 2511 1389 2558 assertores
1436 2503 1744 2572 adoptionis
1782 2504 1837 2558 in

253 2591 463 2645 Christo
485 2600 734 2656 exarato,
759 2594 1006 2648 nesciens
1032 2606 1099 2646 ne
1126 2592 1268 2648 forte
1290 2594 1420 2663 quid
1445 2593 1569 2648 novi
1600 2608 1667 2648 ex
1694 2594 1841 2665 prio-

1941 1860 1993 1913 in
2020 1860 2237 1917 Christo
2258 1877 2363 1918 non
2390 1864 2612 1929 credat,
2660 1864 2771 1919 ﬁlio
2817 1866 3086 1937 Virginis,
3130 1866 3515 1937 proprietatem

1941 1952 2056 2015 ﬁlii,
2085 1967 2205 2021 qua:
2240 1952 2297 2007 in
2322 1954 2469 2009 omni
2503 1954 2724 2010 homine
2759 1957 3069 2011 necessario
3097 1955 3363 2011 credenda
3410 1964 3514 2010 est.

1940 2045 2385 2115 Interrogandum
2408 2054 2493 2101 est
2520 2062 2590 2101 an
2616 2044 2789 2114 major
2813 2045 3049 2119 dignitas
3076 2047 3149 2102 sit
3186 2047 3390 2118 proprii
3421 2047 3515 2101 ﬁlii

1938 2138 2021 2193 vel
2052 2139 2334 2209 adoptivi?
2359 2138 2416 2194 Si
2441 2139 2602 2204 dicit,
2647 2140 2851 2210 proprii
2886 2156 2899 2193 :
2935 2138 3274 2195 inferendum
3301 2149 3387 2195 est
3418 2157 3517 2196 cur

1938 2227 2215 2283 Christum
2246 2229 2469 2283 secundi
2498 2229 2696 2299 gradus
2727 2228 2895 2283 ﬁlium
2939 2244 3063 2285 esse
3103 2229 3308 2286 credat.
3343 2232 3515 2287 Inter-

1939 2321 2236 2389 rogandum
2278 2328 2364 2375 est
2403 2319 2449 2375 si
2491 2336 2634 2375 unus
2674 2320 2815 2376 ﬁlius
2848 2320 3009 2377 unius
3031 2322 3205 2391 patris
3229 2330 3517 2392 utrumque

1938 2413 2109 2482 possit
2153 2427 2305 2477 esse,
2359 2412 2609 2482 proprius
2655 2420 2712 2467 et
2754 2411 3075 2482 adoptivus?
3123 2411 3181 2467 Si
3212 2413 3373 2479 dicit,
3407 2429 3515 2468 non

1939 2519 2101 2573 posse
2139 2523 2151 2557 :
2182 2502 2520 2558 inferendum
2552 2511 2634 2557 est
2672 2517 2773 2557 nec
2813 2500 3061 2559 Christus
3103 2502 3373 2559 ullatenus
3400 2518 3515 2558 crc-

1940 2593 2168 2654 dendus,
2201 2592 2293 2661 qui
2322 2607 2429 2646 una
2450 2600 2534 2646 est
2559 2591 2862 2647 certissime
2886 2606 3139 2662 persona,
3174 2592 3424 2661 proprius
3463 2602 3519 2647 et

253 2686 403 2739 ribus
427 2686 716 2755 pravitatis
739 2686 1012 2742 radicibus
1033 2686 1228 2742 alicubi
1247 2688 1582 2759 pullulasset.
1610 2688 1692 2743 Tu
1713 2704 1841 2743 vero
1939 2684 2225 2753 adoptivus
2252 2683 2348 2738 Dei
2378 2681 2558 2740 Patris
2605 2681 2795 2738 Filius.
2834 2682 3280 2752 [interrogandum
3330 2692 3414 2738 est
3469 2685 3515 2738 si

249 2777 306 2831 in
335 2776 439 2830 ﬁde
469 2776 738 2831 catholica
764 2778 1016 2831 inviolata
1050 2786 1233 2833 mente
1261 2793 1606 2849 permaneas,
1631 2780 1839 2835 habens

1945 2789 2005 2829 ex
2036 2772 2254 2843 proprio
2288 2772 2372 2827 vel
2412 2773 2586 2828 alieno
2623 2771 2736 2828 ﬁlio
2779 2773 2997 2842 adoptio
3022 2772 3149 2827 ﬁat?
3180 2772 3236 2827 Si
3274 2773 3425 2838 dicit,
3448 2788 3515 2827 ex

251 2880 464 2936 semper
508 2867 892 2937 responsiones
916 2876 1140 2939 paratas
1170 2909 1185 2935 ,
1237 2869 1436 2939 quibus
1486 2870 1835 2927 adversarius
1870 2885 1878 2891 ·
1940 2868 2121 2921 alieno
2150 2884 2164 2920 :
2196 2864 2537 2921 inferendum
2560 2873 2646 2922 est
2663 2866 2877 2935 quando
2904 2866 3151 2922 Christus
3180 2865 3389 2920 alienus
3410 2864 3511 2919 fuit

252 2956 388 3010 vinei
418 2957 614 3024 possit.
648 2956 715 3010 Et
743 2966 803 3011 ut
830 2956 1033 3026 aliquid
1058 2957 1169 3011 ludi
1213 2971 1338 3011 cum
1389 2965 1480 3012 tua
1528 2958 1721 3029 loquar
1748 2974 1835 3014 sa-
1939 2958 2049 3013 Deo
2070 2956 2254 3023 Patri,
2281 2965 2341 3011 ut
2365 2971 2433 3012 ex
2459 2955 2637 3011 alieno
2661 2957 2939 3026 adoptaret
2982 2956 3038 3015 in
3083 2955 3296 3010 ﬁlium?
3329 2954 3516 3010 Nonne

252 3046 450 3115 pientia
493 3046 655 3118 (solet
697 3047 841 3101 enim
887 3048 1119 3118 quisque
1165 3048 1402 3104 maxime
1432 3064 1543 3104 sum
1582 3050 1716 3105 artis
1753 3050 1836 3106 uti
1867 3103 1908 3119 Α
1940 3049 1995 3104 in
2022 3049 2139 3119 ipso
2164 3054 2426 3119 conceptu
2449 3056 2504 3102 et
2524 3046 2806 3102 nativitate
2835 3045 2976 3102 Deus
2999 3059 3160 3101 verus
3182 3054 3236 3101 et
3262 3046 3515 3115 proprius

251 3136 558 3209 exemplis).
588 3136 763 3191 Nauta
790 3138 964 3192 tristia
990 3146 1044 3193 et
1065 3138 1187 3193 laeta
1211 3138 1518 3209 tempestati
1547 3146 1603 3194 et
1630 3139 1835 3194 sereni-
1862 3134 1909 3167 υ
1941 3140 2083 3195 ﬁlius
2120 3147 2415 3209 conceptus
2442 3144 2526 3194 est
2554 3145 2608 3193 et
2647 3136 2849 3191 natus?
2884 3134 3332 3205 interrogandum
3360 3141 3443 3189 est
3467 3135 3514 3187 si

252 3230 347 3282 tati
373 3237 680 3297 comparat,
725 3228 956 3284 bellator
984 3229 1052 3283 de
1076 3229 1242 3283 armis
1267 3229 1524 3299 disputat,
1562 3245 1836 3301 gramma-
1938 3233 2112 3288 Filius
2146 3231 2242 3287 Dei
2277 3246 2437 3286 verus
2469 3231 2541 3287 sit
2578 3230 2719 3286 ﬁlius
2748 3228 3021 3301 Virginis?
3049 3228 3106 3283 Si
3145 3226 3313 3294 dicit,
3356 3242 3519 3283 verus

254 3320 393 3375 tiens
419 3334 535 3375 suae
560 3319 697 3373 artis
720 3319 894 3373 utitur
922 3317 1212 3390 sull‘ragiis.
1249 3317 1328 3374 Tu
1371 3334 1501 3374 vero
1545 3320 1610 3375 de
1660 3336 1834 3391 grani.
1941 3333 1996 3378 et
2030 3323 2320 3396 proprius:
2348 3318 2688 3376 inferendum
2725 3327 2812 3375 est
2837 3319 3105 3392 quomodo
3138 3332 3300 3374 verus
3322 3359 3336 3381 ,
3389 3319 3515 3373 dum

254 3411 453 3464 matiea
507 3418 600 3463 tua
659 3407 846 3479 profer
896 3407 1110 3479 regulas
1171 3409 1483 3477 naturales,
1544 3413 1840 3469 ostendens
1944 3417 2167 3472 alterius
2212 3423 2297 3471 est
2344 3420 2553 3469 natura:
2605 3411 2882 3477 divinitas,
2917 3410 3139 3467 alterius
3168 3409 3518 3467 humanitas?

251 3500 497 3570 quaedam
520 3500 739 3570 prepria
764 3514 870 3554 non
898 3497 1136 3567 ejusdem
1178 3498 1495 3555 substantia:
1520 3515 1663 3569 esse,
1690 3502 1844 3572 cujus

252 3594 468 3664 propria
496 3608 621 3648 esse
644 3590 917 3647 dicuntur.
949 3590 1083 3646 Nam
1106 3592 1324 3661 propria
1348 3592 1579 3648 dicimus
1596 3594 1838 3659 nomina,

254 3701 357 3739 non
407 3700 529 3754 qua:
589 3693 792 3738 nostrae
841 3684 949 3738 sint
1014 3683 1370 3749 substantiae,
1410 3684 1504 3739 sed
1550 3697 1671 3754 qum
1724 3700 1844 3755 spe-

253 3777 445 3830 cialem
496 3783 701 3830 nostra:
740 3774 979 3829 habeant
1025 3773 1343 3829 substantia:
1366 3773 1839 3844 signiﬁcationem.

256 3867 551 3923 Terrarum
582 3881 797 3936 quoque
818 3865 1189 3936 possessiones
1213 3864 1460 3934 proprias
1487 3864 1687 3919 dicere‘
1705 3865 1846 3920 sole—

255 3972 402 4021 mus,
434 3973 556 4026 qua:
585 3956 743 4011 nobis
771 3954 1118 4009 hzercdilario
1161 3952 1485 4022 perveniunt
1526 3950 1648 4021 jure
1680 3968 1694 4005 :
1725 3967 1845 4022 qua:

255 4056 436 4102 tamen
463 4047 623 4118 longe
660 4061 688 4100 a
720 4046 879 4100 nobis
905 4044 1128 4099 alterius
1153 4051 1277 4100 sunt
1304 4043 1643 4099 substantiae.
1690 4044 1843 4111 Quod

255 4149 308 4194 ct
331 4140 644 4210 evangeliea
670 4138 877 4193 ﬁrmari
902 4137 1101 4208 poterit
1123 4136 1390 4206 exemplo,
1421 4136 1637 4192 dicente
1680 4152 1844 4192 evan-

257 4232 445 4301 gelista
474 4231 543 4286 de
570 4231 668 4287 Dei
696 4230 836 4285 Filio
865 4244 880 4283 :
910 4229 976 4283 In
1013 4229 1225 4300 propria
1255 4229 1391 4283 venit
1416 4268 1430 4293 ,
1489 4237 1537 4283 et
1587 4228 1671 4282 sui
1722 4245 1840 4283 eum

260 4341 365 4377 non
396 4331 699 4394 receperunt
731 4321 915 4396 (Joan.
947 4336 963 4375 ι
991 4360 1006 4387 ,
1042 4320 1152 4392 11).
1192 4319 1344 4374 Licet
1372 4317 1620 4390 populus,
1646 4318 1712 4374 de
1735 4334 1841 4390 quo

260 4415 361 4470 hoc
388 4415 593 4470 dictum
620 4422 703 4470 est
726 4454 740 4479 ,
771 4411 1013 4485 ejusdem
1056 4427 1169 4467 non
1195 4411 1265 4467 sit
1289 4419 1529 4477 natum,
1563 4426 1669 4481 qua
1699 4410 1843 4467 Deus

260 4517 363 4572 est,
394 4515 576 4562 tamen
605 4504 955 4576 proprietatis
982 4502 1198 4558 nomine
1235 4502 1303 4557 ab
1342 4501 1671 4574 evangelista
1716 4516 1843 4557 cen-

261 4600 484 4654 sebatur
511 4605 736 4668 propter
763 4597 1013 4652 notitiam
1053 4595 1148 4651 Dei
1174 4635 1189 4662 ,
1217 4610 1336 4666 quae
1375 4595 1566 4651 diebus
1602 4593 1842 4664 antiquis

262 4692 386 4747 huic
431 4690 575 4761 plebi
621 4689 993 4745 tantummodo
1026 4702 1282 4746 concessa
1305 4698 1419 4754 est,
1447 4687 1658 4744 dicente
1685 4685 1839 4743 Psal-

263 4785 423 4838 mista
450 4798 467 4836 :
497 4781 673 4837 Notus
696 4782 753 4836 in
779 4780 971 4836 ludam
999 4779 1164 4845 Deus,
1205 4788 1255 4834 et
1288 4780 1346 4834 in
1394 4778 1565 4834 Israel
1592 4794 1840 4849 magnum

266 4888 451 4927 nomen
479 4872 597 4942 eius
624 4869 796 4943 (Psal.
826 4885 989 4936 Lxxv,
1026 4869 1105 4942 2).
1154 4869 1292 4924 Dum
1322 4869 1375 4924 in
1405 4870 1566 4924 rebus
1590 4867 1844 4923 humanis

266 4972 374 5019 tam
419 4965 591 5020 multa
617 4962 966 5035 proprietatis
1007 4961 1172 5033 922
1217 4960 1434 5017 nomine
1462 4958 1802 5031 appellantur
1825 4999 1841 5027 ,

265 5073 363 5113 cur
391 5059 443 5113 in
455 5058 582 5117 solo
603 5057 743 5112 Filio
769 5055 864 5112 Dei
886 5057 1003 5111 hmo
1029 5054 1332 5125 proprietas
1352 5068 1459 5109 non
1490 5060 1671 5123 potest
1704 5066 1845 5117 esse,

265 5157 325 5202 ut
351 5150 424 5203 sit
445 5149 700 5219 proprius
724 5147 895 5202 Filius
919 5146 1014 5201 Dei
1039 5186 1055 5211 ,
1084 5146 1176 5215 qui
1197 5160 1265 5201 ex
1289 5143 1509 5215 Virgine
1533 5151 1692 5198 natus
1718 5147 1802 5197 est
1829 5182 1846 5208 ,

263 5239 359 5311 qui
405 5238 552 5295 solus
591 5238 735 5293 inter
781 5250 971 5293 omnes
1010 5235 1150 5292 ﬁlios
1208 5233 1306 5290 Dei
1355 5236 1458 5290 hoc
1502 5234 1691 5290 habuit
1723 5249 1850 5304 pro-

260 5332 467 5402 prium,
495 5338 558 5384 ut
580 5344 688 5384 una
718 5327 790 5384 sit
817 5341 1049 5398 persona
1092 5340 1218 5381 eum
1247 5340 1333 5391 eo,
1375 5324 1500 5394 quia
1526 5323 1852 5380 :eternalitor

259 5435 332 5477 ex
364 5420 479 5476 Deo
495 5419 657 5475 Patre
675 5417 891 5489 genitus
911 5424 1018 5483 est,
1038 5432 1148 5472 non
1173 5415 1314 5471 alter
1334 5422 1392 5471 et
1412 5414 1571 5481 alter,
1595 5414 1688 5469 sed
1710 5428 1851 5467 unus

259 5523 319 5570 ct
366 5528 509 5569 unus
533 5554 549 5580 ,
602 5512 731 5569 licet
776 5524 886 5565 non
924 5525 1093 5565 unum
1130 5518 1187 5565 ct
1223 5524 1388 5565 unum
1413 5548 1428 5574 ,
1474 5506 1599 5577 quia
1628 5504 1850 5560 alterius

258 5605 588 5664 substantia:
609 5612 698 5664 est
720 5601 999 5668 divinitas,
1020 5609 1077 5658 et
1095 5600 1317 5658 alterius
1338 5597 1663 5657 humanitas.
1682 5594 1850 5652 Totus

336 5765 367 5793 ι
406 5749 527 5805 ViJ.
560 5745 724 5819 epist.
758 5742 880 5811 129,
907 5749 1022 5799 not.

1942 3508 2387 3580 interrogandum
2415 3515 2520 3572 est,
2544 3506 2672 3562 dum
2697 3506 2792 3561 Dei
2820 3505 2988 3561 Filius
3008 3504 3161 3575 juxta
3190 3504 3516 3560 catholicam

1944 3601 2102 3656 ﬁdem
2123 3614 2283 3654 verus
2304 3608 2387 3655 est
2402 3599 2543 3655 ﬁlius
2556 3599 2812 3670 Virginis,
2828 3598 3098 3669 quomodo
3119 3597 3260 3652 ﬁlius
3276 3597 3514 3668 Virginis

1944 3708 2051 3747 non
2066 3692 2135 3746 sit
2146 3705 2307 3745 verus
2319 3689 2489 3746 Filius
2502 3691 2634 3746 Dei?
2650 3688 2759 3745 Aut
2772 3692 2815 3746 si
2831 3690 2972 3745 ﬁlius
2983 3690 3218 3759 Virginis
3232 3690 3513 3758 adoptivus

1944 3790 2026 3838 est
2039 3780 2133 3834 Dei
2148 3779 2688 3847 Patris,consequens
2710 3793 2830 3834 esse
2850 3778 3059 3833 videtur
3080 3778 3168 3831 illa
3182 3776 3509 3839 absurditas,

1943 3882 2003 3927 ut
2022 3871 2304 3941 adoptivus
2316 3869 2489 3923 sitDei
2504 3868 2673 3923 Filius
2686 3866 2922 3939 Virginis
2948 3868 3108 3922 ﬁlius.
3133 3867 3274 3937 Ergo
3288 3866 3331 3921 si
3346 3866 3516 3921 Filius

1944 3964 2041 4019 Dei
2063 3978 2189 4018 vere
2217 3969 2299 4017 est
2326 3958 2466 4014 ﬁlius
2493 3959 2746 4030 Virginis,
2776 3958 2939 4012 etiam
2970 3957 3110 4013 illius
3130 3957 3365 4027 Virginis
3390 3973 3517 4012 vere.

1943 4054 2114 4111 Filius
2136 4062 2219 4109 est
2242 4052 2336 4108 Dei
2368 4071 2381 4107 :
2408 4059 2462 4107 et
2489 4066 2595 4106 non
2624 4051 2788 4105 habet
2827 4048 3004 4105 locum
3046 4049 3100 4104 in
3141 4050 3393 4107 utralibet
3428 4068 3518 4120 ge-

1942 4145 2226 4200 neratione
2267 4142 2569 4211 adoptionis
2621 4156 2838 4197 nomen.
2882 4139 3325 4211 lnterrogandum
3363 4150 3446 4198 est
3472 4143 3518 4197 si

1941 4234 2337 4305 nuncupativus
2380 4231 2525 4287 Deus
2566 4230 2876 4286 adorandus
2909 4230 3021 4286 sit?
3051 4229 3110 4284 Si
3141 4230 3312 4295 dicit,
3367 4244 3472 4284 non
3504 4248 3515 4284 :

1942 4323 2283 4380 inferendum
2305 4328 2390 4378 est
2410 4319 2679 4391 quomodo
2693 4319 2941 4376 Christus
2953 4318 3207 4374 adoretur
3226 4319 3295 4375 ab
3315 4318 3521 4389 angelis

1946 4415 2013 4469 de
2038 4430 2070 4469 c
2090 4433 2107 4467 ι
2126 4412 2216 4478 lis,
2243 4411 2312 4467 de
2341 4426 2449 4483 quo
2472 4409 2767 4481 Apostolus
2794 4409 2874 4465 ait
2899 4426 2912 4464 :
2939 4408 3069 4464 Cum
3098 4408 3381 4464 introducit
3407 4408 3519 4477 pri~

1950 4506 2267 4577 mogenitum
2293 4504 2349 4559 in
2383 4501 2558 4558 orbem
2585 4511 2761 4565 teme,
2789 4499 3006 4555 adorent
3049 4514 3167 4551 eum
3217 4513 3393 4552 omnes
3421 4513 3502 4550 an-

1948 4595 2050 4667 geli
2077 4594 2176 4650 Dci
2198 4592 2386 4667 (Hebr.
2411 4609 2451 4659 ι,
2477 4590 2556 4661 6).
2586 4587 3033 4660 interrogandum
3075 4594 3159 4642 est
3201 4587 3247 4642 si
3273 4585 3523 4643 Christus

1950 4686 2229 4757 aequaliter
2258 4682 2654 4753 nuncupativus
2689 4687 2775 4735 est
2810 4678 2972 4744 Deus,
3019 4677 3160 4733 sicut
3194 4685 3250 4732 et
3295 4678 3519 4744 Petrus;

1950 4793 2049 4832 cur
2093 4776 2344 4831 Christus
2394 4788 2502 4827 non
2552 4771 2749 4841 legitur
2792 4783 2851 4824 se
2902 4768 3246 4839 prohibuisse
3307 4769 3520 4824 adorari

1950 4869 2141 4933 Deum,
2165 4873 2222 4920 et
2246 4863 2437 4919 Petrus
2463 4860 2737 4931 prohibuit
2761 4856 3012 4914 Cornelio
3048 4871 3106 4913 se
3146 4857 3419 4913 adorare?
3465 4855 3522 4910 Si

1948 4956 2148 5015 dicitur
2167 4996 2182 5021 ,
2214 4954 2341 5023 quia
2371 4952 2564 5007 Petrus
2597 4951 2757 5006 homo
2781 4964 2950 5019 purus
2971 4988 2986 5013 ,
3016 4947 3264 5003 Christus
3302 4947 3445 5001 Deus
3472 4954 3525 5001 et

1948 5050 2111 5104 homo
2152 5064 2165 5098 :
2199 5042 2539 5099 inferendum
2582 5049 2673 5098 est
2707 5040 2756 5097 si
2799 5040 2943 5097 Deus
2990 5045 3046 5095 et
3090 5039 3254 5094 homo
3295 5053 3399 5093 una
3443 5047 3526 5093 est

1946 5152 2197 5209 persona,
2228 5149 2357 5205 ergo
2386 5139 2492 5187 una
2528 5145 2757 5202 persona
2804 5143 2966 5185 verus
3002 5136 3086 5184 est
3112 5128 3254 5182 Deus
3276 5167 3291 5192 ,
3324 5134 3379 5182 et
3415 5141 3520 5181 non

1952 5231 2114 5286 habet
2143 5226 2319 5281 locum
2350 5222 2674 5294 nuncupatio
2714 5220 2771 5276 in
2803 5229 3053 5289 utraque.
3086 5216 3522 5287 lnterroganduni

1953 5326 2038 5374 est
2061 5315 2190 5386 quid
2218 5315 2290 5369 sit
2330 5311 2567 5367 medium
2601 5311 2739 5366 inter
2772 5325 2959 5365 verum
2998 5313 3053 5362 et
3075 5321 3183 5361 non
3211 5305 3444 5360 verum?
3469 5304 3524 5360 Si

1956 5407 2106 5472 dicit,
2137 5402 2271 5459 nihil
2303 5421 2317 5457 :
2350 5399 2686 5457 inferendum
2722 5407 2845 5455 est:
2877 5399 3021 5468 Ergo
3041 5396 3311 5459 Christus,
3333 5410 3517 5451 scena.

1956 5502 2083 5557 dum
2115 5496 2259 5569 quod
2298 5495 2458 5549 homo
2495 5499 2577 5548 est
2600 5532 2615 5557 ,
2657 5498 2750 5545 aut
2793 5504 2955 5545 verus
2984 5488 3127 5545 Deus
3152 5495 3259 5555 est,
3298 5496 3391 5541 aut
3423 5501 3527 5540 non

1955 5607 2135 5650 verus.
2168 5587 2277 5647 Sed
2322 5586 2478 5643 valde
2505 5583 2799 5642 absurdum
2839 5591 2924 5640 est
2966 5582 3146 5641 dicere
3189 5596 3314 5639 eum
3362 5579 3526 5635 Deum
