3964 6186
284 353 387 409 305

1095 342 1151 397 ll.
1187 340 1248 396 F.
1288 338 1511 395 ALBINI
1552 330 2003 394 SEU’ALCUINI
2036 327 2319 388 OPERUM
2354 326 2533 383 PARS
2570 325 2653 381 111.

3439 311 3546 369 ’504

292 482 427 535 esse,
453 465 546 521 sed
572 478 678 518 non
699 475 908 517 verum.
922 460 1027 513 Aut
1042 457 1086 512 si
1109 457 1212 512 hoc
1231 453 1504 510 erubescit
1518 449 1860 507 adversarius
1890 453 1939 511 Α
1966 461 2111 512 cum,
2140 444 2234 516 qui
2273 441 2528 535 clamavit
2554 440 2603 495 ei
2635 454 2650 492 :
2679 430 2807 493 Iesu
2828 436 2908 535 _ﬁli
2936 433 3123 535 Dauid,
3176 432 3418 535 miserat:
3442 430 3547 483 mei

297 559 500 621 iicere,
547 552 789 625 proferat
836 551 964 621 quid
1005 549 1077 604 sit
1112 547 1349 602 medium
1385 545 1529 598 inter
1573 554 1762 594 verum
1807 548 1866 593 et

288 662 395 702 non
436 657 647 699 verum.
694 639 1002 697 Secundum
1050 644 1222 692 artem
1252 632 1591 689 dialecticam
1631 630 1867 684 interro-

288 738 519 812 gandum
544 745 629 793 est
653 736 699 791 si
726 749 833 791 una
860 744 1091 804 persona
1118 727 1291 799 possit
1318 739 1439 780 esse
1486 724 1653 778 homo
1704 734 1869 775 verus

289 839 344 884 et
371 829 532 883 homo
566 826 742 896 pictus
771 864 787 890 ,
817 822 909 892 qui
938 828 1023 876 est
1047 834 1155 873 non
1183 831 1345 872 verus
1369 814 1572 870 homo?
1604 812 1664 867 Si
1692 812 1825 868 dicit
1850 850 1866 876 ,

290 936 396 975 non
422 934 583 989 posse
608 959 621 971 .
656 913 991 971 inferendum
1019 917 1104 965 est
1127 950 1141 972 ,
1172 923 1274 963 nec
1300 906 1356 961 in
1379 905 1627 967 Christo,
1661 902 1757 973 qui
1786 909 1871 957 est

293 1025 398 1064 una
426 1020 656 1078 persona
684 1006 737 1058 in
770 1002 977 1059 duabus
1017 996 1229 1053 naturis
1249 1036 1264 1061 ,
1303 1009 1492 1050 verum
1520 1007 1641 1048 esse
1667 998 1865 1062 potest,

294 1107 347 1153 et
377 1112 483 1151 non
513 1108 732 1158 verum;
763 1092 857 1147 sed
884 1087 1145 1159 quidquid
1185 1087 1241 1141 in
1276 1100 1341 1141 eo
1383 1092 1470 1140 est
1489 1125 1505 1150 ,
1531 1097 1721 1139 verum
1744 1089 1866 1147 est;

193 1177 202 1184 ’
294 1186 421 1255 quia
447 1186 562 1253 ipse
592 1189 736 1236 totus
760 1187 843 1234 est
884 1179 1047 1242 Deus,
1073 1184 1130 1231 et
1156 1182 1305 1230 totus
1335 1188 1497 1228 verus
1534 1172 1702 1227 Filius
1732 1170 1828 1225 Dei
1854 1209 1868 1235 ,

296 1289 350 1333 et
390 1286 503 1332 tota
542 1274 745 1328 veritas
776 1272 830 1325 in
874 1284 940 1325 eo
966 1277 1068 1334 est,
1100 1277 1157 1323 et
1184 1266 1318 1321 nihil
1349 1266 1512 1320 habet
1554 1262 1791 1334 figmenti
1819 1260 1873 1315 in

297 1382 375 1421 se.
404 1361 844 1433 lnterrogandum
886 1368 1002 1423 est,
1034 1358 1081 1411 si
1110 1356 1314 1428 aliquid
1355 1353 1688 1410 adorandum
1718 1351 1875 1408 nobis

298 1456 370 1512 sit
389 1462 483 1510 aut
504 1452 810 1517 colendum,
832 1449 937 1505 nisi
958 1462 1120 1503 verus
1143 1446 1319 1502 Deus?
1340 1445 1396 1499 Si
1418 1444 1569 1509 dicit,
1595 1458 1701 1498 non
1721 1455 1870 1497 esse:

302 1546 640 1603 inferendum
668 1552 752 1599 est
798 1539 1067 1611 quomodo
1111 1537 1362 1594 adorabis
1405 1536 1573 1591 filium
1598 1534 1871 1606 Virginis,

306 1638 355 1694 si
404 1652 512 1692 non
562 1643 647 1690 est
697 1647 860 1687 verus
914 1630 1094 1685 Deus?
1160 1626 1604 1698 lnterrogandnm
1652 1632 1773 1687 est,
1829 1623 1875 1678 si

305 1726 701 1796 nuncupativus
716 1724 860 1784 Deus
884 1720 1190 1775 adorandus
1203 1718 1308 1773 sit?
1332 1717 1390 1772 Si
1417 1716 1566 1782 dicit,
1583 1729 1689 1769 non
1710 1728 1832 1769 esse
1856 1728 1871 1767 :

1968 534 2165 607 (Marc.
2179 550 2237 595 ι,
2251 532 2342 598 47,
2356 530 2474 603 48)ἳ
2492 528 2813 597 Quispotest
2828 525 3008 579 lumen
3024 523 3154 578 dare
3167 537 3234 576 ex
3254 536 3321 575 eo
3337 518 3411 591 [F
3413 530 3545 585 orte,

1969 626 2101 681 dare
2122 621 2288 694 caaco]
2306 662 2327 695 ,_
2348 621 2454 677 nisi
2478 619 2659 674 Deus?
2696 617 2764 673 Et
2784 616 2831 672 si
2856 616 3000 670 Deus
3024 623 3127 678 est,
3155 613 3249 683 qui
3268 611 3546 666 illumina-

1968 720 2048 775 vit
2078 732 2281 775 aecum
2305 754 2322 782 ,
2360 714 2548 783 utique
2587 712 2730 767 Deus
2769 719 2853 766 est
2885 708 3027 763 illius
3067 705 3260 762 David.
3304 704 3551 759 interro-

1970 810 2206 882 gandum
2231 816 2318 863 est
2342 805 2390 861 si
2415 803 2575 860 beata
2600 802 2766 873 Virgo
2803 815 2972 856 unum
3012 798 3292 870 genuisset
3334 797 3505 852 Deum
3530 835 3547 860 ,

1970 898 2057 954 vel
2074 896 2249 953 duos?
2271 894 2330 952 Si
2350 893 2505 959 dicit,
2528 907 2694 948 unum
2718 905 2733 944 :
2757 890 2953 944 iterum
2974 887 3417 958 interrogandum
3429 894 3546 940 cst:

1973 989 2194 1051 Verum,
2217 993 2314 1041 aut
2324 1000 2433 1041 non
2453 982 2679 1039 verum?
2701 980 2760 1036 Si
2782 980 2933 1046 dicit,
2953 993 3143 1036 verum
3168 996 3182 1033 :
3211 976 3554 1033 inferendum

1972 1088 2057 1136 est
2087 1096 2101 1134 :
2134 1078 2276 1148 Ergo
2313 1085 2461 1132 totus
2486 1074 2630 1130 filius
2667 1071 2907 1142 Virginis
2947 1086 3090 1127 unus
3144 1076 3231 1126 est
3263 1070 3405 1125 Deus
3427 1108 3444 1133 ,
3497 1076 3558 1122 ct

1971 1183 2135 1228 verus
2180 1186 2196 1225 :
2242 1170 2369 1241 quia
2422 1169 2469 1223 si
2513 1183 2705 1223 verum
2745 1175 2801 1222 et
2869 1164 3294 1235 nuncupativum
3356 1162 3552 1235 genuit

1973 1263 2143 1318 Deum
2166 1301 2182 1326 ,
2247 1258 2439 1329 procul
2500 1257 2662 1313 dubio
2723 1258 2858 1313 duos
2923 1255 3110 1327 genuit
3170 1253 3329 1319 deos,
3384 1266 3557 1307 unum

1973 1367 2161 1409 verum
2190 1390 2206 1418 ,
2264 1358 2322 1406 et
2372 1349 2603 1405 alterum
2669 1349 3114 1419 uuncupativum.
3178 1346 3312 1401 ltem
3387 1346 3558 1400 inter-

1975 1441 2271 1514 rogandum
2293 1448 2379 1495 est
2400 1439 2447 1495 si
2470 1440 2603 1495 duos
2623 1438 2765 1494 filios
2794 1438 3104 1509 genuisset,
3131 1443 3224 1491 aut
3242 1451 3408 1490 unum
3430 1435 3454 1488 ?
3495 1434 3555 1489 Si

1975 1533 2107 1589 dicit
2130 1546 2298 1586 unum
2327 1547 2340 1584 :
2365 1528 2705 1586 inferendum
2727 1536 2811 1584 est
2841 1546 2854 1582 :
2885 1528 3189 1598 Proprium,
3223 1537 3317 1581 aut
3345 1526 3558 1595 adopti-

1975 1624 2146 1679 vum?
2182 1622 2237 1678 Si
2287 1622 2464 1687 dicit,
2510 1629 2801 1691 utrumque
2847 1637 2862 1674 :
2901 1620 3240 1675 inferendum
3262 1627 3346 1674 est
3373 1635 3385 1671 :
3413 1618 3558 1686 Ergo

1978 1716 2113 1773 duos
2138 1713 2280 1770 filios
2301 1713 2488 1785 genuit
2514 1713 2673 1769 beata
2720 1713 2907 1784 Virgo,
2955 1727 3123 1766 unum
3157 1711 3430 1781 proprium
3462 1709 3561 1764 Dei

307 1791 647 1873 inferendum
695 1821 780 1869 est
824 1830 838 1867 :
890 1812 1032 1882 Ergo
1082 1809 1331 1865 Christus
1356 1848 1371 1873 ,
1429 1808 1521 1878 qui
1567 1821 1635 1861 ex
1659 1804 1879 1876 Virgine
1915 1791 1952 1847 Β
1978 1807 2158 1863 Patris
2184 1846 2199 1872 ,
2243 1813 2298 1860 et
2331 1805 2560 1861 alterum
2584 1804 2924 1874 adoptivum;
2953 1802 3079 1873 quia
3108 1801 3410 1871 proprietas
3432 1812 3561 1855 cunt

305 1916 466 1962 natus
494 1913 599 1969 est,
626 1919 735 1959 non
763 1910 849 1959 est
892 1901 1197 1957 adorandus
1216 1940 1230 1965 ,
1257 1898 1385 1969 quia
1421 1913 1583 1953 verus
1608 1897 1749 1952 Deus
1771 1911 1880 1951 non

303 2007 421 2063 est;
448 2006 504 2052 et
526 2004 654 2051 sunt
682 1996 788 2049 duo
818 1993 926 2056 dii,
957 1991 1207 2047 Christus
1250 1989 1394 2044 Dens
1427 1997 1484 2043 et
1505 1986 1756 2043 Christus
1784 1985 1884 2040 ho-

260 2138 265 2143 .
305 2104 424 2154 tuo;
448 2100 587 2141 unus
631 2083 936 2140 adorandus
969 2121 984 2148 ,
1025 2089 1080 2135 et
1103 2080 1243 2135 alter
1266 2094 1372 2134 non
1396 2077 1723 2135 adorandus.
1774 2074 1884 2130 Sed

306 2188 514 2236 avertat
541 2180 683 2234 Deus
712 2177 858 2232 hunc
885 2189 1102 2230 sensum
1131 2174 1202 2229 ab
1222 2172 1369 2229 omni
1399 2171 1563 2228 corde
1588 2169 1877 2233 catholico,

304 2272 431 2342 quia
460 2278 606 2325 totus
630 2268 879 2324 Christus
900 2280 1040 2321 unus
1063 2272 1148 2319 est
1174 2263 1335 2327 Deus,
1359 2269 1414 2317 et
1441 2276 1546 2316 una
1570 2260 1884 2317 adcretione

305 2359 662 2416 venerandus.
705 2355 1149 2427 lnterrogandum
1176 2362 1282 2418 est,
1328 2352 1374 2408 si
1417 2352 1559 2407 Deus
1600 2366 1707 2406 non
1750 2357 1834 2405 est
1862 2389 1880 2415 ,

307 2454 399 2523 qui
434 2452 577 2507 (ilius
606 2450 775 2506 David
820 2457 926 2514 est,
957 2462 1065 2518 qua
1092 2453 1359 2517 potestate
1391 2444 1749 2500 illuminasset
1777 2458 1884 2499 ca:—

1980 1898 2268 1968 adoptione
2294 1910 2399 1951 non
2427 1895 2699 1951 convenit.
2727 1894 2823 1951 liis
2852 1895 2928 1950 ita
2964 1893 3299 1950 confirmatis
3336 1907 3434 1961 per
3479 1891 3563 1944 iu-

1982 1990 2373 2061 terrogatioues
2401 1997 2457 2044 et
2498 1988 2880 2059 responsiones
2899 2027 2918 2053 ,
2964 1985 3095 2058 quid
3130 1992 3408 2055 superest,
3452 1983 3562 2037 nisi

1982 2090 2044 2136 ut
2068 2078 2316 2136 Christus
2337 2077 2496 2135 Iesus
2523 2094 2684 2135 verus
2709 2079 2959 2134 credatur
2987 2077 3130 2132 Deus
3178 2091 3340 2131 verus
3366 2083 3424 2131 et
3447 2074 3567 2144 plc-

1985 2187 2118 2236 nus;
2147 2180 2203 2226 et
2227 2185 2368 2226 unus
2395 2169 2652 2225 credatur
2687 2169 2858 2224 Filius
2899 2169 3185 2241 proprius,
3229 2175 3285 2221 et
3319 2165 3569 2235 perfecte

1988 2261 2246 2316 adoretur
2266 2267 2323 2314 et
2344 2258 2595 2314 laudetur
2616 2260 2687 2313 ab
2711 2258 2857 2314 omni
2886 2266 3159 2322 creatura,
3183 2256 3394 2312 dicente
3409 2253 3567 2308 Psal-

1987 2352 2148 2406 mista
2180 2364 2195 2403 :
2225 2347 2463 2402 Laudent
2493 2365 2611 2403 eum
2635 2347 2748 2402 caeli
2797 2356 2847 2403 et
2891 2356 3033 2401 terra
3058 2387 3073 2411 ,
3121 2362 3266 2400 mare
3300 2353 3347 2398 et
3390 2342 3571 2396 omnia

1987 2456 2104 2511 qua:
2131 2441 2187 2494 in
2210 2440 2285 2493 eis
2312 2448 2430 2493 sunt
2457 2437 2629 2509 (Psal.
2660 2454 2851 2503 uvtu,
2874 2437 2987 2509 55).

2326 2589 2592 2605 Μ

1989 2600 2005 2608 σ
2012 2593 2149 2608 ο*
2189 2594 2324 2608 ﬁ“

1136 2709 1322 2782 ’9³³
1380 2722 2063 2802 DISSERTATIO
2140 2720 2692 2802 HISTORICA

719 2905 828 2967 DE
869 2904 1183 2968 HERESI
1227 2904 1596 2967 ELIPANDI
1640 2903 2049 2965 TOLETANI
2093 2904 2195 2964 ET
2239 2899 2544 2964 FELICIS
2583 2901 3151 2981 ORGELLITANI,

373 3054 447 3117 1n
476 3069 603 3134 qua
638 3069 785 3135 qum
820 3047 1132 3116 hactenus
1167 3052 1440 3117 obscura
1466 3050 1754 3123 fuerunt,
1787 3066 1870 3113 ex
1901 3048 2137 3113 chartis
2167 3054 2457 3114 recenter
2484 3049 2776 3127 detectis,
2809 3060 2872 3114 et
2902 3047 3109 3131 Ipsius
3138 3057 3208 3114 Β.
3250 3052 3509 3118 Alcuini

1575 3147 1833 3228 scriptis
1868 3147 2295 3212 illustrantur.

386 3341 428 3397 Ι.
455 3339 831 3409 Controversia:
855 3347 1044 3394 status.
1066 3369 1146 3409 7—,
1165 3336 1548 3409 Controversia
1573 3337 1668 3409 illa
1696 3377 1712 3403 ,
1740 3351 1811 3392 an
1833 3344 1890 3409 et
1915 3334 1962 3398 C
1991 3334 2237 3409 obscurae
2263 3333 2353 3409 lux
2382 3332 2604 3409 acceudi
2627 3333 2821 3409 possit.
2840 3332 2981 3409 _H;ec
3000 3345 3348 3409 monumenta
3375 3338 3576 3409 partim

316 3428 423 3482 quo
440 3424 607 3482 sensu
642 3408 890 3482 Christus
920 3409 1014 3482 Dei
1037 3408 1209 3482 filius
1232 3408 1515 3482 adoptivus
1556 3407 1662 3482 d_ici
1718 3406 1891 3482 possit

313 3475 402 3536 vel
422 3478 631 3541 debeat,
657 3479 710 3533 iu
738 3477 978 3533 Ecclesia
1003 3477 1131 3532 olim
1160 3478 1229 3532 ab
1270 3475 1487 3530 Arianis
1510 3516 1525 3542 ,
1569 3475 1893 3531 Bonosianis

316 3548 758 3617 Nestorianisque
784 3558 930 3603 mota
953 3562 1023 3617 ac
1044 3548 1133 3601 diu
1158 3546 1433 3617 ventilata,
1448 3546 1646 3617 sarculo
1671 3547 1891 3617 domum

316 3618 625 3675 Christiano
652 3616 844 3673 octavo
884 3617 938 3672 in
982 3616 1235 3687 Hispania
1266 3616 1584 3671 resuscitata
1627 3625 1792 3687 atque
1832 3616 1893 3687 in

318 3687 566 3743 Francici
610 3703 826 3758 quoque
884 3687 1034 3758 regni
1080 3684 1384 3758 provincias
1427 3684 1722 3758 puopagata
1769 3684 1889 3758 fuit.

315 3758 563 3829 Episcopi
586 3754 824 3829 quidam,
850 3754 1268 3829 quo'rum'duces
1291 3754 1441 3829 fuere
1472 3754 1893 3829 Elipand‘usoTo-

319 3825 551 3898 le'tanze',
578 3825 635 3898 et
656 3826 805 3898 Felix
833 3826 1177 3898 Orgellitante
1202 3825 1571 3898 Ecclesiarum‘
1598 3826 1890 3898 antistites,

319 3897 714 3954 contendebant
741 3896 1017 3954 Christum
1038 3896 1228 3952 saltem
1266 3896 1560 3953 secundum
1601 3897 1895 3950 humanam

320 3979 570 4023 naturam
593 3981 699 4022 non
722 3975 929 4023 tantum
955 3982 1133 4038 posse,
1151 3966 1245 4022 sed
1267 3975 1324 4022 et
1341 3967 1535 4038 debere
1560 3966 1667 4022 dici
1694 3966 1893 4038 Filium

320 4039 413 4094 Dei
444 4037 774 4108 adoptivum,
799 4053 905 4093 non
922 4036 1228 4108 proprium;
1252 4044 1305 4091 et
1325 4037 1619 4091 secundum
1646 4036 1893 4091 eamdem

321 4107 786 4189 naturampeuin
806 4107 1252 4189 nuncupativuut,
1280 4121 1386 4161 non
1413 4120 1620 4161 verum.

390 4178 452 4232 ll.
509 4176 647 4242 Quid
695 4178 750 4231 in
798 4178 897 4232 hac
950 4176 1311 4232 dissertatione
1343 4176 1792 4247 exspectandum?
1824 4207 1897 4247 έ-

321 4247 976 4317 llistoriamhujus,oqu;e
1002 4262 1070 4302 ex
1110 4247 1215 4302 hoc
1255 4262 1395 4301 novo
1423 4246 1671 4317 dogmate
1696 4249 1750 4302 in
1792 4246 1897 4303 Ec-

320 4319 487 4374 clesia
536 4315 762 4371 multum
797 4315 1083 4381 efferbuit,
1116 4315 1535 4380 controversia},
1591 4327 1711 4381 post
1758 4333 1895 4371 nou-

324 4389 497 4443 nullos
542 4385 873 4455 antiquiores
896 4386 1230 4456 “scriptores
1279 4386 1494 4456 egregie
1532 4385 1896 4441 dilucidaruut

322 4459 425 4512 viri
450 4456 551 4514 teri
579 4453 751 4510 nostri
776 4453 1151 4519 eruditissimi,
1186 4455 1248 4508 D.
1288 4453 1525 4510 Joannes
1575 4456 1897 4510 Franciscus

325 4526 622 4607 Madrisius
633 4525 931 4607 ptinensis,
957 4540 1093 4607 co_ng
1102 4525 1400 4607 regationis‘
1412 4523 1661 4607 Oratorii.
1672 4526 1897 4598 presby-

323 4607 409 4651 ter
474 4598 527 4652 in
584 4596 970 4652 Dissertatione
1021 4594 1329 4651 historico-
1354 4594 1729 4664 chronologica
1765 4610 1795 4649 a
1836 4594 1895 4651 se

1992 3405 2048 3460 in
2078 3403 2681 3477 pracedentibus‘beati
2698 3403 2911 3477 Alcuiui
2941 3406 3162 3477 scriptis
3190 3403 3532 3463 exhibuimus
3556 3428 3573 3477 ;

1990 3472 2188 3550 partim
2219 3474 2274 3528 in
2308 3472 2615 3550 Appendiee
2637 3474 2681 3528 ll
2709 3472 3070 3550 proferemus:
3078 3476 3152 3550 _ln
3180 3478 3433 3550 ριδεεεεηιί
3467 3472 3572 3550 igil

1991 3555 2080 3599 tur
2109 3544 2497 3615 Dissertatione
2524 3544 2797 3600 nostra’ca
2817 3561 2937 3615 quae
2963 3546 3091 3602 alibi
3122 3544 3254 3603 satis
3281 3544 3513 3603 dilucida
3520 3559 3579 3605 ta

1991 3622 2118 3697 sunt
2151 3630 2183 3668 a
2209 3614 2453 3696 laudatis.
2479 3614 2849 3697 scriptoribus"
2864 3656 2879 3681 ,
2906 3617 3578 3697 _hrevite_r.attingemus_,

1992 3685 2271 3767 solumque
2314 3684 2373 3767 in
2420 3684 2487 3739 iis
2535 3683 2876 3767 aliquatenus
2903 3687 3314 3767 immorabimur
3483 3683 3581 3744 Al-

1991 3755 2210 3811 cuinum
2258 3762 2527 3822 nostrum,
2556 3755 2649 3825 qui
2668 3757 2915 3829 maxima
2954 3756 3113 3825 hujus
3155 3755 3395 3829 historia:
3444 3775 3580 3829 pars

1994 3833 2099 3899 est,
2141 3833 2476 3899 concernunt
2507 3864 2542 3899 ,_
2569 3833 2626 3879 et
2666 3825 2720 3880 in
2758 3827 2953 3899 quibus
2978 3825 3227 3899 quaedam
3256 3825 3581 3899 argumimta

1992 3895 2447 3966 deprehendimus
2493 3896 2564 3950 ob
2597 3910 2726 3966 quae
2758 3895 2788 3966 a
2816 3896 2949 3953 viris
2974 3895 3080 3954 illis
3105 3895 3345 3954 eruditis
3365 3900 3584 3955 dissen-

1994 3964 2100 4021 tire
2127 3980 2283 4021 amor
2308 3966 2555 4020 veritatis
2581 3964 2681 4020 nos
2708 3964 2883 4033 jubet.

2034 4050 2039 4054 ‘
2063 4034 2148 4110 lll.
2184 4036 2396 4110 Primus
2426 4037 2790 4110 controuersia:
2810 4037 2898 4107 qui
2923 4047 3209 4091 auctor.—
3233 4038 3402 4110 Igitur
3429 4055 3584 4095 com-

1995 4106 2174 4177 munis
2199 4106 2424 4177 quidem!
2445 4105 2831 4177 historicorum
2871 4122 2975 4162 vox
3019 4117 3106 4163 est
3153 4118 3209 4163 et
3255 4105 3523 4165 sententia
3560 4154 3577 4177 ,

1993 4174 2229 4246 primum
2254 4175 2459 4246 erroris
2488 4176 2553 4230 de
2580 4174 2783 4246 Christi
2832 4178 3129 4232 secundum
3167 4188 3416 4233 naturam
3470 4174 3579 4234 hu;

1995 4244 2213 4300 iuanam
2246 4245 2535 4315 adoptione
2564 4245 2617 4300 in
2663 4244 2859 4300 Filium
2896 4248 2993 4302 Dei
3025 4287 3041 4311 ,
3077 4257 3355 4304 auctorem
3406 4249 3582 4306 fuisse

1996 4315 2228 4389 Felicem
2244 4314 2567 4389 epiScopuru
2585 4314 2958 4389 Orgelitanum
2982 4332 2997 4372 :
3020 4317 3137 4389 ejus
3162 4319 3423 4389 siquidem
3445 4337 3585 4376 con-

1996 4385 2473 4457 silioscriptisque
2514 4385 2983 4457 libris‘Elipandus
3025 4385 3299 4444 Toletaute
3321 4389 3582 4445 Ecclesia:

1996 4454 2432 4526 archiepiscopus
2462 4454 2515 4526 in
2545 4470 2731 4511 errore
2769 4454 2864 4511 seu
2911 4456 3209 4523 instructus
3254 4475 3349 4514 seu
3379 4460 3584 4514 contir-

1998 4525 2690 4601 matus'esseperhibetur.
2726 4526 2927 4601 «felix
2971 4526 3067 4601 (ita
3096 4529 3287 4601 scribit
3312 4530 3584 4601 Eginhar—

1997 4593 2099 4669 dus
2125 4595 2180 4649 in
2208 4593 2503 4669 iugalibus
2529 4597 2597 4669 ad
2633 4612 2721 4651 an.
2757 4593 3137 4669 792)_una'tione
3164 4593 3434 4669 Hispanus
3460 4639 3475 4665 ,
3506 4602 3584 4655 ab

325 4667 606 4754 adonia‘ra,
637 4674 693 4748 et
712 4664 1121 4754 [IOVEBAOPCI‘UII‘]
1148 4665 1318 4754 sa'ucti
1345 4662 1552 4754 Daulini
1584 4662 1894 4754 Kqui‘loio‘u-
1921 4691 1974 4754 υ
2000 4664 2260 4754 ξζιίρτωᾱο
2290 4663 2460 4754 '{oléti
2490 4666 2741 4754 episoopo
2765 4662 3581 4754 p‘er'litterasconsliltu‘anuid

326 4737 404 4791 sis
430 4735 669 4798 editioni,
716 4751 769 4805 p.
793 4736 921 4801 212,
938 4733 1147 4790 inserta
1171 4733 1685 4805 (Patrologiwtomo
1700 4733 1895 4805 QLCIX,

325 4807 429 4859 col.
454 4805 580 4873 557)
615 4822 628 4857 :
669 4802 733 4859 ρι’
771 4815 894 4874 post
946 4806 1096 4860 illum
1150 4802 1215 4859 D.
1271 4802 1473 4861 Christ.
1511 4802 1652 4859 Guil.
1696 4804 1893 4861 Frauc.

325 4874 602 4946 Walcbius
625 4873 899 4946 professor
916 4873 1298 4946 Gottingensis,
1329 4874 1383 4929 iu
1412 4874 1669 4946 singulari
1692 4874 1891 4946 libello.

323 4948 389 4999 de
411 4943 645 5000 Historia
684 4943 1156 5015 Adoptianorum':
1197 4946 1392 5014 quibus
1432 4943 1772 5015 addipotest
1812 4944 1898 5000 vir

323 5016 707 5071 celeberrimus
738 5013 947 5084 Diiac.
984 5013 1310 5084 Basnagius,
1365 5023 1494 5069 tom.
1543 5013 1896 5084 ll’Thesauri

324 5092 797 5140 monumentorum
831 5083 1034 5155 Canisii
1054 5123 1070 5149 ,
1116 5083 1239 5153 pag.
1270 5084 1376 5155 284
1408 5098 1523 5155 seq.
1557 5083 1897 5155 Quapropter

326 5169 781 5225 supervacaneum
810 5153 978 5209 videri
1006 5154 1443 5225 possit‘eamdem
1470 5153 1752 5225 historiam
1780 5153 1899 5209 rur-

326 5222 420 5294 sus
470 5225 538 5279 ad
582 5224 831 5279 incudem
873 5222 1163 5294 revocare.
1182 5222 1561 5294 Verumtamen
1600 5223 1897 5294 peritorum

327 5290 527 5363 iudicio
548 5307 1006 5364 supervacaneum
1026 5293 1167 5364 haud
1191 5293 1403 5364 censeri
1431 5290 1618 5357 debet,
1641 5294 1686 5347 si
1714 5293 1898 5362 plures

328 5362 457 5418 Suas
484 5362 752 5433 symbolas
776 5363 1061 5420 conferant
1102 5363 1170 5417 ad
1199 5362 1573 5433 elucidandam
1616 5364 1898 5419 historiam

329 5433 490 5487 medii
514 5431 635 5497 aevi,
666 5435 810 5501 quod
837 5434 1017 5489 multis
1040 5433 1217 5489 adhuc
1239 5431 1474 5488 tenebris
1497 5433 1731 5488 obsitum
1763 5441 1846 5489 est
1876 5473 1895 5501 ,

328 5513 386 5558 et
411 5502 562 5570 cujus
587 5502 755 5558 multa
784 5505 958 5560 adhuc
981 5504 1302 5560 documenta
1330 5502 1517 5569 latent,
1547 5518 1774 5572 quchue
1799 5505 1895 5559 de-

330 5573 544 5645 tegendi
565 5588 827 5645 spesnon
859 5575 1035 5630 omnis
1070 5574 1250 5645 periit.
1279 5573 1345 5628 Et
1371 5572 1425 5645 id
1451 5572 1693 5645 profecto
1720 5572 1894 5629 felici-

332 5643 459 5697 tatis
505 5643 636 5697 tnihi
664 5643 891 5713 obtigit,
924 5651 983 5697 ut
1010 5643 1239 5713 repertis
1265 5650 1320 5697 et
1346 5643 1581 5698 obtentis
1612 5643 1679 5697 iis
1703 5684 1718 5709 ,
1774 5658 1895 5713 quae

1999 4736 2066 4790 de
2090 4734 2425 4790 humanitate
2452 4734 2745 4791 servatoris
2766 4734 2865 4792 Dei
2890 4745 2945 4792 et
2971 4738 3181 4793 Domini
3219 4738 3345 4793 Iesu
3371 4734 3585 4794 Christi

1997 4806 2199 4879 sentire
2218 4805 2470 4879 deberet;
2494 4808 3001 4879 utrum_secun_dum
3025 4809 3081 4863 id
3108 4812 3251 4879 quod
3278 4811 3439 4864 homo
3467 4820 3581 4875 est,

1995 4875 2249 4947 proprius
2272 4892 2342 4930 an
2369 4876 2651 4947 adoptivus
2679 4876 2775 4935 Dei
2803 4877 2971 4933 Filius
3008 4875 3310 4936 credendus
3337 4889 3481 4936 esset
3508 4897 3585 4936 ac

1998 4945 2278 5009 dicendus,
2306 4945 2711 5015 valde’ineaute
2746 4955 2801 5002 et
2826 4947 3259 5015 inconsiderate,
3291 4960 3347 5006 et
3387 4959 3584 5005 contra

1998 5016 2275 5091 antiquam
2305 5014 2559 5071 Ecclesia:
2575 5086 2585 5091 Α
2599 5017 2877 5091 catholica;
2926 5017 3225 5091 doctrinam
3246 5014 3583 5091 adoptivum

1999 5100 2106 5139 non
2132 5086 2305 5139 solum
2333 5086 2705 5160 pronuntiavit
2726 5127 2750 5160 ,_
2778 5088 2872 5141 sed
2911 5089 3075 5160 etiam
3102 5090 3320 5160 scriptis
3360 5086 3425 5144 ad
3456 5105 3581 5143 me-

1999 5163 2267 5230 moratum
2296 5154 2605 5230 episcopum
2634 5156 2786 5230 libris
2806 5154 3236 5230 pertinacissime
3255 5162 3586 5230 pravitatem

1996 5224 2266 5300 Opinionis
2305 5224 2416 5300 sua:
2452 5224 2748 5300 defendere
2771 5224 2998 5300 curavit.
3038 5250 3057 5281 ι
3090 5224 3398 5300 Εεὶηιιέτάο
3440 5246 3582 5286 con-

1997 5294 2211 5366 cordat,
2233 5303 2295 5349 ut
2319 5295 2474 5366 solet,
2508 5304 2666 5366 poeta
2718 5295 2860 5352 Saxo
2890 5298 2953 5351 ad
2981 5294 3228 5355 eumdém
3258 5316 3459 5355 annum
3481 5339 3497 5366 ,
3521 5309 3587 5356 et

1997 5363 2164 5440 Jonas
2187 5363 2587 5440 Aurelianensis
2609 5365 2702 5440 lib.
2731 5381 2749 5421 ι
2773 5368 2840 5440 de
2865 5367 3021 5440 Cultu
3044 5369 3359 5440 imaginum.

2070 5435 2158 5506 IV.
2189 5433 2346 5491 Felix
2367 5452 2438 5491 an
2462 5435 2757 5506 Elipaadus
2773 5437 2799 5491 ?
2823 5467 2896 5481 --
2918 5439 3045 5494 Haec
3063 5440 3109 5494 si
3129 5433 3204 5494 ita
3226 5441 3354 5505 sint,
3375 5439 3585 5496 mirum

2036 5503 2260 5581 refecto,
2292 5503 2562 5581 neminem
2585 5506 2800 5581 illorum
2809 5509 2917 5581 qui
2946 5525 3138 5581 magno
3167 5510 3286 5565 zelo
3308 5503 3582 5581 adversus

2022 5574 2234 5628 "elicem
2267 5576 2620 5644 scripserunt,
2662 5585 2719 5631 et
2766 5574 2909 5633 illius
2935 5574 3150 5635 errores
3175 5596 3297 5635 cum
3324 5580 3471 5635 omni
3497 5581 3589 5635 iu-

1998 5644 2204 5719 dustrin
2246 5653 2640 5719 excusserunt,
2677 5647 2818 5719 illius
2863 5658 3042 5703 tamen
3085 5665 3185 5719 pro
3236 5650 3426 5705 lueresi
3469 5666 3575 5705 sua

332 5714 612 5785 hucusque
651 5710 1097 5769 desiderabantur
1123 5753 1138 5780 ,
1186 5714 1545 5770 monumentis
1565 5753 1582 5782 ,
1629 5727 1766 5769 nova
1791 5710 1892 5768 ‘rei
1997 5714 2227 5783 scriptos
2256 5715 2323 5770 ad
2352 5715 2671 5786 Elipandum
2700 5717 2886 5786 libros,
2920 5710 3147 5789 quoru'm
3171 5719 3381 5792 praefati
3409 5736 3587 5776 anna-
