3968 6180
322 339 421 397 545

942 333 1311 391 ENHUEBER
1347 333 1660 391 DlSSERT.
1701 335 1788 390 DE
1826 333 2104 390 ll/ERESI
2140 330 2457 390 ELIPANDI
2498 333 2588 391 ET
2626 331 2908 390 FELlClS.

3455 334 3562 391 346

321 458 505 526 ipsum
512 449 662 526 enim
688 446 926 504 Verbum
955 447 1184 526 dicimus
1230 450 1288 526 in_
1334 464 1498 526 carne
1542 449 1708 503 fuisse
1724 466 1762 526 ;Δ
1770 465 1879 526 non
1909 454 1954 509 Α
1983 448 2169 526 Refert
2195 451 2285 505 hic
2313 460 2531 507 sanctus
2559 451 2722 526 Pater
2758 452 2840 526 ib_i
2874 450 3190 526 absurdam_
3199 453 3561 526 quorumdam

320 519 456 581 aliud
490 520 718 579 Verbum
747 532 867 573 esse
895 525 947 573 et
973 519 1116 573 aliud
1147 520 1439 584 hominem,
1474 520 1526 574 in
1570 535 1678 589 quo
1724 520 1882 573 Chri-

320 604 452 651 stum
508 593 694 663 dicunt
726 603 901 663 esse,
951 589 1045 644 sed
1092 590 1267 660 ipsum
1319 592 1476 663 ari-you
1536 605 1756 663 carnem
1802 590 1883 643 in-

317 666 509 721 duisse.
534 660 797 731 llliienim
828 660 1015 714 dicunt
1059 674 1178 731 esse
1225 667 1282 713 et
1322 660 1508 731 Deum,
1540 668 1594 713 et
1623 662 1798 731 Λόγον,
1828 668 1885 714 et

315 735 579 805 spiritum.
611 730 876 805 Quartum
904 741 1083 784 autem
1122 729 1337 805 Filium,
1364 730 1416 784 id
1452 738 1556 794 est,
1585 729 1879 805 hominem,

316 800 490 879 quiiex
516 801 704 879 Maria,
727 800 1205 879 quem_assumpsit
1227 802 1403 879 Λργος,
1420 810 1476 856 et
1497 808 1553 854 ut
1574 800 1881 855 ministrum

315 871 464 933 mn,
499 873 585 926 cui
618 872 822 925 homini
858 871 1070 933 dicunt,
1104 879 1157 923 et
1205 871 1385 925 sedem
1442 879 1684 940 paratam
1739 884 1878 923 esse.

316 943 641 999 Exciderunt
668 957 796 1013 ergo
823 957 852 995 a
881 941 1169 1013 Trinitate._
1199 941 1607 1013 {Nihilominus
1636 956 1699 994 ex
1733 940 1882 1013 hisce

314 1021 448 1084 patet
474 1010 755 1084 quomodo
781 1027 845 1066 ex
884 1011 1096 1065 incauta
1144 1010 1432 1084 Arianismi
1482 1011 1882 1084 impugnatione

315 1080 371 1139 ac
398 1080 781 1136 distributione
824 1095 1099 1135 sacrarum
1135 1095 1329 1135 vocum
1355 1082 1438 1135 via
1465 1081 1533 1134 ad
1560 1080 1880 1134 divisionem

316 1167 662 1230 mrsonarom
709 1151 870 1230 fuerit
911 1158 1100 1230 strata,
1132 1151 1256 1204 dum
1278 1151 1521 1230 scilicet,
1548 1164 1883 1230 quaecunque

315 1222 482 1277 Verbo
535 1221 878 1291 aliquatenus
918 1221 1239 1275 videbantur
1275 1221 1515 1291 indigna,
1539 1220 1719 1291 statim
1766 1220 1882 1291 sine

313 1293 502 1350 selectu
536 1293 603 1346 ad
629 1288 921 1346 humanam
948 1300 1213 1349 naturam.
1246 1288 1534 1355 referrent,
1568 1288 1712 1359 quod
1762 1290 1883 1357 qui-

315 1365 426 1419 dem
469 1361 643 1431 aliqui
669 1362 863 1430 spiritu
904 1360 1041 1415 forte
1085 1361 1360 1426 haeretica,
1390 1360 1479 1415 alii
1532 1362 1672 1416 bona
1716 1360 1879 1431 etiam

316 1433 409 1513 ﬁde
434 1430 633 1513 fecisse
654 1432 854 1513 merito
881 1439 1188 1513 censentur,
1218 1446 1286 1485 eo
1338 1431 1502 1513 quod,
1549 1447 1612 1513 re
1650 1430 1879 1513 necdum

313 1504 458 1574 plene
489 1501 763 1557 elucidata
789 1510 949 1572 atque
974 1502 1237 1565 discussa,
1260 1499 1560 1571 periculum
1598 1499 1740 1554 haud
1764 1499 1881 1552 ani—

313 1574 727 1628 madverterent.

378 1642 489 1698 XV.
530 1640 928 1711 Conﬁrmantur
954 1639 1300 1711 prtrcedentia
1331 1656 1395 1694 ex
1419 1648 1600 1711 sancto
1628 1637 1880 1709 Gregorio

314 1712 552 1781 Nysseno
581 1721 629 1765 et
646 1710 958 1765 Athanasio.
977 1710 1431 1781 —AContirmatur
1457 1710 1574 1764 lucc
1602 1724 1883 1781 argumen-

314 1779 435 1836 tatio
454 1797 526 1836 ex
557 1782 624 1835 iis
645 1797 766 1851 qua:
795 1779 1331 1852 sanetnsiGregorius
1352 1780 1879 1852 Nyssenus__epistola

313 1853 373 1906 ad
394 1850 757 1920 Theophilum
782 1850 947 1920 949
973 1850 1419 1915 Alexandrinum,
1454 1860 1586 1904 tom.
1620 1850 1663 1904 ll
1688 1850 1877 1920 Oper.,

310 1922 433 1975 edit.
463 1918 644 1977 Pah’s.
672 1937 761 1975 an.
788 1918 944 1986 ίϐἰὸ,
972 1928 1027 1975 et
1054 1929 1181 1975 tom.
1216 1921 1238 1975 Ι
1273 1922 1435 1977 Thes.
1466 1920 1702 1975 Monum.
1735 1918 1879 1975 Eccl.

310 1990 578 2060 Basnagii,
604 1991 695 2046 fol.
732 1990 854 2055 192,
880 1991 1068 2046 scribit
1104 2008 1118 2046 :
1171 2009 1190 2041 ι
1242 1992 1343 2058 Qui
1391 1991 1641 2060 dogmata
1684 1990 1886 2060 Apolli-

310 2063 436 2116 narii
463 2059 788 2127 defendunt,
817 2071 1079 2117 conantur
1105 2061 1407 2116 accusando
1429 2059 1527 2117 nos
1563 2075 1659 2115 sua
1689 2059 1886 2115 confir—

312 2147 475 2197 mare,
501 2133 741 2188 Verbum
775 2140 829 2187 et
864 2140 1140 2187 auctorem
1172 2131 1524 2196 seculorum,
1550 2131 1746 2184 Filium
1786 2130 1885 2183 bo-

310 2201 459 2257 minis
515 2203 657 2269 dico,
691 2202 947 2257 facientes
990 2218 1246 2257 carneum
1297 2211 1350 2256 et
1381 2202 1714 2256 divinitatem
1761 2198 1885 2253 Filii

311 2272 612 2328 mortalem.
646 2271 933 2327 Proferunt
957 2272 1120 2332 enim.
1145 2273 1299 2342 quasi
1329 2271 1545 2341 quidam
1587 2270 1884 2342 secundum

311 2343 633 2399 catholicam
664 2343 961 2398 Ecclesiam
1005 2340 1275 2411 duplicem
1325 2340 1494 2396 tilium
1539 2342 1593 2395 in
1631 2340 1886 2411 dogmate

308 2414 681 2483 profiteantur,
714 2428 878 2467 unum
923 2409 1135 2483 natura,
1163 2413 1393 2483 alterum
1440 2409 1723 2483 positione
1753 2409 1884 2483 (seu

311 2481 616 2556 adoptione)
649 2487 737 2540 τὸν
764 2487 853 2556 μέν
882 2485 1012 2539 κατὰ
1042 2482 1195 2556 quieta
1229 2482 1368 2556 avra,
1394 2481 1551 2556 tondi
1577 2483 1709 2556 κα·ςᾲ
1746 2482 1884 2535 θέσιν

310 2552 524 2630 ᾔᾳτεειν
551 2551 972 2630 «ptio-magae».
1009 2573 1028 2605 ι
1049 2551 1355 2630 'Subjnngit
1374 2551 1621 2630 equidem
1653 2551 1737 2630 bis
1761 2565 1883 2605 ver-

308 2621 385 2678 bis
403 2621 746 2694 Gregorius:
769 2642 787 2673 ι
810 2621 1007 2679 Nescio
1028 2639 1059 2676 a
1080 2621 1313 2694 quonam
1343 2624 1444 2676 hoc
1467 2621 1884 2694 audierint,_nej

309 2708 403 2761 que
446 2688 644 2764 contra
694 2709 854 2763 quem
900 2688 1167 2764 pugnent.
1191 2692 1436 2764 Nondum
1466 2688 1610 2764 enim
1642 2688 1883 2764 intellexi

308 2759 419 2831 quis
442 2763 586 2819 falso
608 2759 725 2819 hate
746 2759 963 2818 dixerit.
978 2759 1017 2816 ⁷»
1047 2766 1114 2817 At
1141 2763 1265 2817 licet
1292 2761 1583 2833 Gregorius
1612 2759 1883 2833 neminem

308 2835 544 2899 sciverit,
577 2835 670 2905 qui
719 2834 852 2889 duos
876 2903 880 2905 Α
904 2842 1087 2905 aperte
1134 2830 1680 2905 ﬁliosupro‘fltereiur,
1716 2830 1884 2905 fuisse

309 2912 479 2959 tamen
510 2899 720 2975 aliquos
736 2905 833 2975 qui
871 2899 973 2975 ista
1007 2902 1074 2959 de
1104 2899 1384 2959 catholicis
1429 2899 1752 2975 criminandi
1790 2915 1884 2975 oc-

309 2975 581 3030 casionem
602 2970 1033 3043 ’Apollinaristis,
1064 2989 1158 3028 sua
1186 2975 1328 3028 inter
1347 2971 1645 3027 naturalem
1673 2977 1729 3043 et
1756 2970 1883 3024 ado-

309 3044 512 3111 ptivum
562 3040 755 3099 Filium
806 3044 1149 3100 distinctione
1193 3043 1474 3107 dederunt,
1522 3057 1628 3096 non
1680 3040 1777 3111 abs
1823 3052 1884 3093 re

309 3110 522 3169 dicitur.
561 3114 861 3169 Admodum
909 3129 1249 3168 communem
1288 3113 1431 3168 enim
1475 3111 1712 3166 evasisse
1742 3110 1883 3164 hanc

1981 520 2315 590 opinionem,
2346 536 2451 590 qua
2483 522 2662 575 unitas
2701 522 2754 575 in
2799 521 3118 576 Trinitatem
3159 520 3376 576 dilatari
3418 524 3564 581 dice-

1981 589 2180 656 batur;
2217 589 2417 663 ilhaqde
2443 592 2748 663 rejeaaisic
2775 591 3253 663 scriberopergitﬂ:
3286 609 3306 663 ς
3335 592 3564 659 Quando

1983 674 2111 729 vero
2139 660 2231 729 qui
2263 661 2335 714 ita
2364 661 2603 715 sentiunt
2627 661 2861 716 Verbum
2889 669 2945 715 et
2968 660 3163 715 Filium
3193 662 3433 717 dividere
3461 679 3561 718 au-

1981 728 2621 799 dent,’contenduntque
2661 730 2804 784 aliud
2843 745 2963 785 esse
3010 731 3247 785 Verbum
3298 739 3353 786 et
3396 732 3560 787 alium

1981 798 2220 878 Fiiiumj
2247 802 2390 878 δελλόν
2415 803 2503 867 μὲν
2531 798 2655 878 river:
2682 802 2768 878 ςτὸγ
2793 803 2951 878 Agor
2968 843 2982 866 ,
3012 802 3188 878 ἕτερον
3218 801 3386 878 diros
3412 804 3561 870 Ϊῖὸν)

1982 870 2134 938 prius
2164 870 2397 941 Verbum
2428 884 2579 935 esse,
2611 871 2802 924 deinde
2831 870 3062 937 Filium;
3098 870 3237 941 "age,
3280 872 3382 926 ista
3424 889 3562 940 quo-

1982 955 2117 1008 que,
2150 939 2194 993 si
2223 940 2426 1009 placet,
2456 940 2870 1009 perpendamus.
2914 941 3076 996 Varia
3120 939 3301 996 autem
3345 939 3561 996 illorum

1982 1019 2066 1063 est
2095 1009 2388 1080 temeritas.
2420 1009 2525 1063 Alii
2565 1010 2708 1064 enim
2754 1012 3051 1074 hominem,
3103 1026 3263 1080 quem
3311 1011 3567 1066 Salvator

1982 1080 2305 1153 assumpsit,
2329 1079 2523 1153 Fiiium
2547 1095 2667 1135 esse
2686 1080 2912 1153 volunt;
2928 1081 3016 1134 alii
3041 1079 3346 1153 utrumque,
3369 1098 3566 1153 nempe

1982 1148 2254 1203 hominem
2285 1158 2340 1202 et
2368 1150 2632 1215 Verbum,
2661 1158 2789 1204 tunc
2817 1150 3011 1205 Filium
3041 1148 3254 1204 factum
3270 1151 3436 1206 fuisse
3464 1148 3565 1220 pu-

1982 1226 2137 1283 tant,
2168 1234 2290 1273 cum
2334 1219 2474 1272 inter
2515 1235 2572 1274 se
2616 1220 2845 1288 c0pulati
2886 1228 3030 1275 sunt.
3076 1220 3179 1274 Alii
3209 1229 3390 1275 autem
3418 1219 3566 1276 arbi-

1983 1297 2193 1343 trantur
2219 1290 2393 1358 ipsum
2420 1289 2654 1344 Verbum
2684 1298 2809 1344 tunc
2833 1290 3023 1344 Filium
3050 1290 3248 1345 factum
3275 1305 3562 1356 esse,cum

1984 1359 2144 1414 homo
2174 1360 2344 1429 factus
2370 1366 2454 1412 est
2481 1377 2492 1411 :
2526 1360 2791 1429 siquidem
2836 1375 2901 1414 ex
2930 1361 3135 1425 Verbo,
3167 1362 3448 1429 inquiunt,
3482 1360 3565 1415 fa—

1983 1437 2103 1485 ctus
2146 1438 2231 1484 est
2268 1428 2468 1493 Filius,
2499 1428 2603 1498 qui
2635 1438 2793 1483 antea
2822 1445 2928 1483 non
2956 1429 3151 1493 Filius,
3182 1428 3276 1485 sed
3304 1432 3566 1486 duntaxat

1983 1500 2217 1555 Verbum
2259 1507 2395 1554 erat.
2430 1518 2448 1549 ι
2496 1499 2669 1553 Fuere
2711 1514 2841 1569 ergo
2883 1501 3024 1554 inter
3046 1499 3277 1555 Arianos
3306 1502 3523 1569 quidam
3545 1541 3561 1565 ,

1982 1571 2074 1639 qui
2099 1569 2332 1625 Verbum
2360 1584 2387 1622 a
2410 1569 2552 1639 Filio
2577 1569 2904 1639 diviserant,
2933 1576 3026 1622 aut
3050 1570 3143 1637 qui
3168 1570 3402 1625 Verbum
3437 1580 3568 1624 tunc

1981 1638 2317 1709 selummodo
2344 1638 2535 1692 Filium
2564 1654 2686 1693 esse
2712 1638 2914 1693 factum
2943 1646 3288 1709 asscruerant
3306 1680 3320 1703 ,
3348 1640 3569 1709 quando

1982 1710 2144 1764 homo
2172 1708 2345 1763 factus
2374 1716 2476 1762 est.
2509 1709 2664 1763 Hunc
2690 1724 2854 1778 porro
2881 1723 3125 1762 errorem
3152 1708 3388 1763 refutare
3415 1709 3568 1763 vide-

1985 1789 2072 1833 tur
2098 1788 2287 1833 auctor
2314 1778 2437 1832 libri
2472 1786 2659 1834 contra
2685 1781 3096 1840 xovouau'wrzc,
3125 1794 3286 1847 quem
3328 1779 3416 1833 alii
3466 1780 3569 1835 sub

1913 1823 1955 1883 Β
1986 1848 2203 1904 Diodori
2249 1849 2561 1913 Tarsensis,
2607 1849 2700 1903 alii
2743 1850 2843 1903 sub
2887 1823 3159 1903 'l‘heoc'lori1
3204 1847 3567 1918 Mopsuesteni

1985 1920 2203 1974 nomine
2224 1920 2429 1989 citant,
2463 1920 2589 1974 dum
2615 1920 2690 1972 ait
2717 1920 2856 1989 apud
2884 1918 3165 1973 Leontium
3190 1917 3414 1988 Byzant.
3444 1918 3566 1973 Act.

1985 2006 2060 2054 Iv,
2104 1990 2171 2045 de
2212 1988 2417 2055 Sectis,
2460 1989 2595 2043 Bibl.
2642 1988 2765 2043 PP.’
2788 1989 2957 2059 Lugd.
3001 1999 3132 2044 tom.
3160 1989 3261 2053 ιχ,
3294 1990 3387 2043 fol.
3421 1989 3565 2043 704:

1970 2078 2007 2125 ,α
2045 2059 2229 2114 Gratia
2259 2059 2427 2113 Filius
2457 2060 2619 2114 homo
2650 2075 2716 2114 ex
2746 2059 2913 2113 Maria
2940 2067 3131 2125 natus,
3160 2071 3355 2114 natura
3382 2068 3567 2115 autem

1984 2129 2127 2185 Deus
2173 2129 2452 2185 Verbum:
2502 2130 2633 2183 illud
2675 2130 2881 2200 gratia,
2926 2138 2986 2200 et
3027 2144 3133 2184 non
3180 2139 3413 2194 natura;
3462 2130 3567 2184 boc

1984 2209 2165 2254 autem
2193 2208 2386 2253 natura
2404 2206 2472 2270 et
2499 2215 2605 2253 non
2635 2197 2828 2270 gratia.
2862 2197 3100 2254 Suﬂiciet
3130 2200 3344 2270 corpori
3372 2215 3437 2254 ex
3465 2215 3565 2253 noa

1984 2277 2099 2340 stro
2145 2283 2341 2340 genere
2392 2267 2580 2324 liliatio
2632 2267 2928 2340 secundum
2975 2267 3249 2340 gratiam,
3295 2270 3463 2340 gloria
3490 2277 3569 2340 iet

1984 2338 2394 2409 immortalitas,
2438 2346 2494 2393 et
2530 2339 2671 2409 quod
2715 2338 3095 2406 templum’Dei
3124 2338 3324 2395 factum
3353 2349 3456 2395 est.
3489 2338 3570 2393 Ne

1984 2407 2223 2464 elevetur
2246 2424 2407 2478 supra
2435 2407 2562 2463 natu
2572 2424 2683 2463 ram
2703 2449 2719 2472 ,
2746 2420 2801 2463 et
2823 2409 2967 2464 Deus
2993 2409 3228 2464 Verbum
3256 2409 3375 2465 loco
3399 2409 3568 2464 actio-

1984 2478 2069 2532 nis
2109 2478 2407 2549 gratiarum
2430 2519 2446 2544 ,
2488 2494 2650 2549 quam
2687 2478 2979 2543 debemus,
3011 2479 3335 2534 contumelia
3365 2479 3568 2533 afficia-

1984 2555 2095 2613 tur,
2120 2548 2181 2604 et
2209 2564 2329 2618 qum
2357 2548 2683 2603 contumelia
2705 2549 3087 2618 ?,componere
3128 2564 3254 2603 eum
3285 2565 3408 2604 cum
3444 2564 3569 2604 cor-

1983 2633 2114 2690 pore
2138 2628 2187 2672 et
2212 2616 2533 2690 existimare,
2563 2616 2794 2690 opus‘illi
2820 2616 2930 2672 esse
2954 2634 3170 2690 corpore
3195 2618 3264 2690 ad
3288 2619 3568 2690 perfectam

1983 2687 2312 2757 ﬁlictionem.
2346 2708 2365 2740 ι
2398 2689 2477 2742 En
2506 2696 2669 2757 negat
2694 2687 2782 2742 bic
2808 2697 2998 2743 auctor
3037 2687 3174 2754 iste,
3218 2687 3454 2744 Verbum
3500 2689 3567 2742 ad

1982 2756 2275 2838 periectam
2307 2756 2622 2838 filiationem
2654 2758 3048 2838 assumptione.
3069 2759 3319 2838 humana:
3348 2766 3569 2838 malum

1985 2827 2311 2898 indiguisse,
2340 2829 2486 2897 quod
2515 2827 2856 2882 Arianorum
2879 2828 3139 2897 quosdam
3165 2827 3472 2883 defendisse
3500 2843 3566 2881 ex

1982 2896 2294 2979 Athanasio
2330 2896 2640 2979 retulimus2
2689 2896 2926 2979 dicitque
2971 2898 3207 2979 Verbum
3257 2914 3323 2953 ex
3371 2907 3569 2952 natura

1983 2982 2079 3021 sua
2095 2967 2216 3092 (iam
2247 2968 2314 3023 ab
2339 2976 2543 3022 aeterno
2569 2967 2732 3022 fuisse
2760 2963 2954 3022 Filium
2980 2984 2994 3033 ;
3022 2968 3195 3039 gratia
3224 2979 3403 3022 autem
3425 3009 3438 3031 ,
3473 2984 3568 3022 seu

1984 3052 2091 3092 auo
2149 3038 2290 3092 idem
2316 3045 2422 3092 est.
2447 3037 2734 3092 adeptione
2759 3038 3031 3092 hominem
3056 3047 3410 3092 assumptum.
3439 3037 3568 3092 Ouis

1984 3037 2126 3105 quod
2149 3038 2290 3093 idem
2316 3045 2422 3103 est,
2447 3037 2734 3106 adoptione
2759 3037 3043 3092 hominem
3056 3047 3410 3106 assumptum.
3439 3037 3569 3103 Quis

1984 3107 2075 3161 hic
2099 3123 2205 3162 non
2228 3108 2402 3177 videt,
2425 3108 2684 3162 directam
2712 3108 3051 3177 occasionem
3076 3121 3141 3177 ex
3169 3107 3568 3177 impugnationc

310 3186 369 3253 de
411 3185 721 3240 assertione
765 3184 992 3253 duplicis
1031 3183 1126 3238 lilii
1164 3183 1571 3252 imputationem
1592 3178 1881 3253 catholicis
1908 3169 1955 3230 C
1982 3177 2222 3253 perfidia;
2248 3169 2494 3253 Arianae,
2523 3185 2581 3230 ut
2609 3176 2828 3253 duplexA
2846 3176 3045 3242 Filius,
3092 3169 3564 3242 alter’naturalis,

309 3251 706 3325 factam,etiam
728 3269 793 3309 ex
818 3249 884 3309 iis
904 3255 1178 3325 colligitur
1205 3249 1324 3323 quae
1348 3251 1674 3325 Athanasius
1703 3249 1840 3304 libro
1861 3265 1879 3304 ι

309 3325 570 3381 adversus
615 3322 1055 3394 Apollinaristas,
1079 3322 1362 3393 postquam
1393 3322 1769 3394 haereticorum
1795 3334 1883 3394 er-

310 3409 454 3449 rores
479 3389 865 3458 recensuisset,
896 3389 1124 3449 scribit:
1156 3414 1175 3446 ι
1210 3389 1288 3449 ita
1316 3409 1412 3448 vos
1452 3407 1667 3463 quoque
1689 3389 1877 3461 (Apol-

309 3463 953 3536 linaristasgalloquitur)
1014 3466 1163 3536 velut
1208 3462 1550 3536 sycophantae
1587 3462 1730 3536 duos
1784 3474 1884 3514 nos

310 3534 442 3589 ﬁlios
467 3532 985 3601 admittere—dicitis,
1014 3535 1100 3590 vel
1130 3532 1492 3590 nos'hominis
1518 3532 1753 3601 cultores
1789 3545 1882 3585 vo-

311 3605 460 3675 catis,
491 3620 699 3674 nosque
732 3606 940 3675 peccati
974 3600 1331 3660 insimulatis.
1397 3624 1416 3656 ι
1466 3603 1698 3671 Nempe,
1741 3600 1883 3655 inter

303 3672 407 3741 jam
432 3672 770 3731 memorato—3
795 3675 908 3730 Arii
937 3691 1152 3731 errores
1170 3676 1218 3729 is
1251 3675 1438 3738 etiam,
1458 3681 1519 3726 ut
1544 3688 1702 3740 supra
1726 3679 1891 3727 nota-.

309 3745 504 3821 vimus,
531 3742 727 3821 fuerat,
756 3747 899 3815 quod
935 3765 954 3821 ε
1004 3760 1223 3801 carnem
1260 3745 1429 3821 solam
1470 3744 1535 3797 ad
1561 3741 1882 3821 occultatio-

310 3828 425 3868 nem
448 3814 755 3871 divinitatis
775 3810 794 3868 ἱ
821 3815 1202 3880 confiteretur;
1232 3834 1250 3866 ι
1274 3815 1391 3870 vice
1405 3821 1587 3868 autem
1609 3810 1882 3866 interioris

309 3885 473 3939 nostri
506 3886 772 3950 hominis,
801 3886 855 3940 id
876 3895 960 3941 est
983 3887 1197 3951 animm,
1221 3886 1456 3941 Verbum
1488 3884 1541 3938 in
1586 3896 1749 3936 carne
1782 3896 1880 3934 ex-

309 3955 532 4026 stitisse,
565 3956 847 4026 rdiceret,
879 3974 898 4006 ι
926 3958 1231 4026 passionem
1256 3964 1312 4010 et
1335 3954 1402 4009 ab
1426 3952 1617 4026 inferis
1640 3966 1884 4026 resurre-

309 4024 540 4080 ctionem
565 4025 831 4081 divinitati
859 4021 1130 4083 ascribere
1157 4041 1339 4082 ausus.
1369 4045 1388 4077 ι
1423 4025 1500 4079 lta
1517 4021 1878 4077 'Athanasius.

308 4093 590 4164 Negabant
628 4095 684 4151 id
729 4096 1000 4163 catholici,
1030 4097 1413 4153 contendentes
1450 4092 1743 4164 perfecta")
1780 4091 1885 4164 ho-

309 4159 469 4220 minis
496 4174 749 4220 naturam
778 4182 901 4221 cum
928 4159 1156 4238 corpore
1180 4175 1237 4238 et
1258 4168 1436 4238 anima
1452 4159 1487 4220 a
1511 4163 1689 4219 Verbo
1718 4159 1883 4238 fuisse

310 4244 660 4313 ossumptam,
691 4252 758 4290 ex
786 4252 895 4306 quo
918 4232 1277 4313 Apollinaris,
1299 4236 1632 4313 Arianorum.
1651 4232 1879 4313 vestigia

308 4303 360 4378 in
386 4319 451 4378 eo
484 4302 943 4378 saltemsecutus,
967 4302 1114 4378 quod
1162 4327 1195 4378 r
1228 4307 1346 4378 vice
1391 4302 1668 4378 interioris
1710 4302 1883 4356 nostri

309 4373 546 4432 hominis
594 4376 869 4432 ctelestem
905 4372 1140 4434 mentem
1186 4377 1240 4432 in
1288 4375 1504 4431 Christo
1527 4372 1694 4427 fuisse
1725 4390 1743 4423 ι
1774 4379 1884 4425 sta-

311 4452 504 4510 tueret,
534 4447 676 4515 apud
703 4446 966 4502 Athanas.
1000 4448 1104 4503 loc.
1132 4448 1318 4509 citato,
1349 4445 1689 4515 occasionem
1710 4512 1720 4515 _
1738 4456 1881 4495 sum-

307 4516 412 4583 psit
442 4512 695 4588 errorem
726 4516 874 4588 illum
902 4518 968 4572 de
996 4518 1193 4588 duplici
1235 4517 1346 4572 tilio
1383 4512 1664 4588 catholicis
1708 4512 1881 4581 impu-

310 4586 690 4651 tandi,ductus
720 4587 928 4642 ratione
953 4586 1094 4657 quod
1120 4606 1138 4638 ι
1162 4586 1268 4641 duo
1299 4586 1537 4657 perfecta
1563 4598 1729 4637 unum
1753 4596 1883 4657 esse

306 4671 410 4726 non
464 4657 698 4726 possint.
758 4677 777 4709 ι
826 4651 1112 4723 Athanas.,
1143 4658 1243 4711 loc.
1289 4651 1380 4711 cit.
1423 4656 1593 4726 Porro
1612 4651 1881 4726 sedfalsa

308 4722 483 4781 fuerit'
507 4726 677 4797 (quod
720 4727 938 4796 quidem
977 4722 1151 4797 quoad
1196 4728 1482 4797 plerosque
1521 4722 1679 4778 facile
1724 4722 1882 4791 largi-

308 4797 476 4872 mur),
501 4812 600 4872 seu
629 4804 877 4872 respectu
905 4796 1204 4872 aliquorum
1241 4796 1417 4852 minus
1449 4803 1612 4872 caute
1635 4807 1880 4872 pugnan-

311 4864 441 4921 tium
464 4867 639 4922 etiam
656 4864 787 4922 vera
817 4867 931 4923 haec
954 4864 1246 4931 accusatio,
1282 4882 1344 4920 ea
1387 4874 1537 4921 certe
1582 4864 1758 4925 docet,
1782 4864 1883 4914 im-

307 4937 1014 5018 pugnationemAriattismi
1046 4930 1551 5018 ansamprzebuisse
1576 4933 1644 4987 de
1683 4930 1882 5018 duplici

308 4954 1014 5063 pugnauonemmrtamsmt
1046 4954 1233 4992 ansam
1257 4954 1551 5016 praebuisse
1576 4954 1644 4987 ue
1683 4954 1882 5011 uupuci

308 5023 382 5082 1n_
430 5009 608 5063 hristo
644 5006 755 5062 ﬁbo
781 5016 836 5082 et
860 5008 1153 5082 cogitandi,
1176 5015 1233 5082 ei
1261 5006 1566 5082 scribendi;
1617 5010 1711 5056 aut
1756 4999 1883 5082 laba

309 5078 499 5133 saltem
554 5077 867 5143 asserendi,
910 5074 1051 5133 unde
1106 5076 1301 5147 duplex
1353 5075 1441 5130 ille
1496 5074 1637 5128 (ilius
1689 5074 1885 5126 merito

309 5147 626 5201 inferretur.

309 5156 626 5204 inferretur.

376 5237 526 5310 XVI.
562 5237 675 5310 Ipsi
703 5239 889 5293 Ariani
918 5238 1239 5310 occasionem
1267 5236 1395 5310 dant
1421 5234 1673 5310 doctrinm
1698 5232 1764 5285 de
1789 5229 1888 5284 du-

308 5307 435 5379 plici
466 5303 604 5376 ﬁlio:
632 5339 704 5379 -έ-
732 5310 870 5376 Quin
905 5309 1119 5379 ipsimet
1144 5307 1363 5367 Ariani,
1395 5320 1517 5379 cum
1547 5303 1737 5379 spiritu
1767 5316 1888 5379 ver-

310 5371 499 5449 tiginis
543 5379 597 5433 in
641 5371 855 5434 dive'rsa
901 5371 1233 5449 raperentur.
1282 5384 1442 5444 atque
1472 5375 1531 5449 in
1555 5371 1890 5449 expositione

309 5442 574 5504 doctrina:
602 5464 714 5505 suae
738 5442 993 5505 continuo
1022 5457 1077 5502 et
1102 5442 1375 5502 variarent
1402 5454 1457 5498 et
1482 5442 1887 5505 discordarent,

308 5519 661 5592 errori‘huic
703 5519 1107 5592 fundamentum
1149 5531 1407 5592 posuere,
1454 5522 1614 5583 prout
1652 5527 1718 5566 ex
1746 5525 1888 5592 _ora_-

310 5589 465 5645 tione
487 5588 521 5643 4
546 5593 722 5652 sancti
748 5589 1028 5643 Athanasii
1057 5581 1245 5643 contra
1273 5581 1501 5641 Arianos
1527 5597 1715 5637 eruere
1744 5581 1887 5636 licet.

382 5767 415 5810 ιι
458 5765 735 5825 Fabricius
760 5764 898 5824 Bibl.
927 5764 1025 5824 Gr.
1054 5762 1116 5820 L.
1144 5762 1209 5817 V.
1239 5762 1299 5819 Ρ.
1329 5761 1418 5830 V.,
1448 5776 1569 5833 pag.
1605 5759 1725 5827 157,
1765 5757 1917 5830 ponit
1944 5773 1957 5811 :

1984 3247 2122 3302 alter
2151 3246 2432 3315 adoptivus
2460 3246 2830 3301 statueretur?

2053 3340 2212 3412 XVll_.
2249 3341 2514 3394 Diodorus
2532 3340 2817 3412 iTursensis
2846 3340 3073 3398 Arianae
3100 3341 3388 3412 impugnat.
3419 3338 3568 3394 Idem

1982 3410 2111 3535 Lach
2166 3410 2468 3465 Theodorus
2518 3410 2932 3481 Mopsucstcnus.
2967 3441 3038 3451 —
3075 3410 3271 3466 Verum
3320 3411 3567 3480 equidem

2023 3482 2176 3535 abet.
2206 3481 2434 3535 librum.
2474 3497 2541 3535 ex
2573 3496 2681 3535 ouo
2712 3490 2891 3535 textus
2935 3481 3039 3535 iste
3082 3480 3399 3535 desumotus
3447 3491 3567 3535 est.

2023 3482 2176 3545 abet,
2206 3481 2434 3545 librum,
2474 3497 2541 3536 ex
2573 3480 2681 3550 qho
2712 3490 2891 3537 textus
2935 3481 3039 3536 iste
3082 3480 3399 3550 desumptus
3447 3491 3567 3545 est,

1982 3550 2187 3622 directe
2215 3568 2321 3606 non
2350 3551 2598 3617 Arianis,
2629 3550 2721 3622 sed
2754 3550 3086 3622 Synusiastis
3121 3568 3215 3607 seu
3242 3550 3568 3620 Apollinari-

1983 3621 2085 3675 stis
2110 3623 2413 3691 oppositum
2439 3637 2581 3679 esse.
2610 3621 2680 3676 At
2706 3621 2753 3677 si
2777 3621 2823 3678 is
2843 3622 2908 3677 ad
2931 3622 3220 3678 Diodorum
3249 3622 3567 3677 Tarsensem

1981 3690 2436 3761 referri'debeat,
2468 3701 2685 3748 constat
2727 3693 3039 3761 episcopum
3085 3694 3227 3747 hunc
3272 3709 3377 3746 non
3424 3692 3568 3746 solos

1981 3760 2434 3831 Appollinaristas
2453 3803 2468 3827 ,
2501 3764 2597 3818 sed
2623 3760 2855 3817 Arianos
2882 3760 3047 3817 etiam
3076 3778 3169 3817 seu
3200 3762 3569 3831 Eunomianos

1983 3830 2344 3901 impugnasse,
2374 3841 2533 3901 prout
2555 3832 2620 3886 de
2645 3848 2711 3886 eo
2740 3832 2907 3887 refert
2924 3831 3206 3885 Fabricius
3228 3830 3565 3901 BibLGrrmc.

1983 3846 2344 3955 impugnasse,
2374 3846 2533 3901 prout
2555 3846 2620 3886 de
2645 3848 2711 3886 eo
2740 3846 2907 3887 retert
2924 3846 3206 3885 r‘anrictus
3230 3846 3365 3883 tum.
3390 3846 3565 3885 hunc.

1982 3915 2090 3979 vo:
2171 3900 2418 3979 lll,_pag._
2444 3902 2751 3979 ἓῑέὶδμεῑεςίιηζ
2777 3900 2879 3979 qui
2910 3901 3131 3979 insuper
3170 3917 3225 3955 n.
3256 3900 3325 3979 ἐᾷ
3371 3900 3567 3953 ibidem

1985 3970 2116 4026 dicit
2143 3972 2285 4047 quod
2316 3970 2594 4047 scripserit
2623 3970 2689 4024 de
2719 3970 2924 4047 Spiritu
2968 3977 3171 4047 sancto_
3207 3970 3353 4047 varia
3399 3985 3567 4047 argu-

1984 4038 2171 4095 menta
2195 4038 2615 4103 Macedonianis,
2643 4048 2704 4093 ut
2728 4039 2957 4102 videtur,
2988 4038 3258 4107 opposita,
3290 4038 3343 4091 in
3375 4038 3567 4107 quibus

1984 4124 2109 4165 eum
2155 4110 2400 4166 Nestorio
2443 4109 2782 4179 prmlusisse,
2813 4116 2967 4163 notat
3008 4109 3232 4179 Photius
3259 4109 3379 4179 cod.
3411 4109 3524 4179 illi
3547 4148 3561 4172 ,

1983 4181 2077 4248 qui
2108 4180 2197 4234 illa
2223 4182 2275 4235 in
2305 4177 2492 4236 eodem
2521 4179 2790 4234 volumine
2816 4179 2976 4249 legit,
3007 4193 3115 4247 quo
3151 4178 3351 4234 Gclasii
3391 4177 3566 4249 caesa-

1984 4250 2182 4305 riensis
2209 4251 2346 4305 liber
2371 4256 2562 4304 contra
2600 4248 2963 4303 Eunomianos
2986 4248 3566 4319 comprehensusfere-

1983 4320 2162 4389 batur.
2190 4319 2383 4375 Mirum
2414 4321 2579 4389 igitur
2607 4335 2712 4374 non
2742 4327 2861 4382 est,
2885 4320 2932 4373 si
2961 4321 3014 4374 in
3044 4319 3160 4388 ipso
3187 4320 3348 4375 etiam
3377 4325 3566 4389 contra

1985 4388 2330 4466 Synusiastas
2354 4388 2493 4466 libro
2518 4391 2722 4445 erroris
2745 4390 3183 4466 Eunom_iani__seu
3209 4388 3395 4466 Ariani
3420 4401 3567 4466 men-

1985 4460 2185 4531 tionem
2215 4460 2435 4525 fecerit,
2465 4476 2695 4531 eumque
2724 4462 2900 4516 denuo
2927 4460 3196 4515 debellare
3224 4465 3451 4531 conatus
3474 4460 3566 4531 sit,

1913 4542 1962 4602 υ
1985 4529 2110 4612 licet
2136 4531 2324 4613 minus
2342 4540 2468 4613 apto
2496 4525 2770 4612 armorum
2800 4545 2898 4613 usu
2918 4546 3043 4613 πρίῃ
3082 4545 3190 4613 non
3219 4530 3353 4613 adeo
3395 4525 3567 4613 pomife-

1988 4601 2143 4655 cerit.
2174 4602 2325 4668 Quod
2353 4595 2400 4656 si
2426 4616 2555 4656 vero
2580 4601 2889 4677 prmeitatus
2917 4600 3053 4653 liber
3082 4595 3421 4677 Theodorum
3455 4595 3566 4677 Mo—

1987 4679 2335 4739 psuestenum
2380 4669 2655 4725 auctorem
2702 4671 2927 4739 haheat,
2973 4669 3216 4723 eamdem
3240 4681 3494 4739 pugnam
3523 4669 3566 4721 is

1988 4735 2202 4811 quoque
2246 4741 2538 4811 pugnavit,
2581 4747 2744 4811 prout
2785 4738 3054 4811 eoliigitur
3095 4735 3563 4811 ex_ejus_‘verbis,

2028 4756 2202 4811 noque
2246 4757 2319 4810 pu
2357 4754 2538 4803 navit,
2581 4754 2744 4809 prout
2785 4754 2904 4791 OOIII
2944 4754 3054 4791 Itur
3095 4754 3162 4792 ex
3204 4754 3323 4806 ejus
3350 4754 3563 4800 vernis,

2027 4827 2109 4865 uae
2134 4756 2418 4864 Facungus
2443 4807 2843 4861 Hermianensis
2870 4754 2961 4860 lig.
2995 4823 3056 4867 ι,
3085 4822 3134 4861 c.
3167 4806 3215 4864 l.
3247 4807 3374 4860 edit.
3403 4806 3563 4872 Oper.

2034 4879 2262 4933 irmondi
2283 4919 2297 4941 ,
2327 4886 2454 4931 tom.
2480 4877 2555 4941 ll,
2583 4877 2773 4931 Venet.
2807 4876 2978 4940 1728,
3004 4876 3108 4930 col.
3140 4875 3275 4937 513,
3309 4874 3472 4928 refert
3497 4890 3562 4927 ex

1990 4947 2127 5002 libro
2168 4949 2234 5002 de
2263 4946 2593 5015 Apollinarin
2620 4953 2673 5000 et
2702 4944 2817 5013 ejus
2861 4946 3053 5000 hmresi
3084 4961 3098 4999 :
3133 4964 3150 4995 ι
3182 4946 3318 4998 An:e
3345 4943 3563 5015 triginta

1983 5016 2098 5087 jm
2138 5019 2237 5072 hos
2264 5013 2435 5070 annos
2461 5028 2487 5087 ξ
2516 5015 2598 5087 de,
2622 5014 2998 5087 Incarnatione
3035 5015 3285 5070 Codicem
3327 5013 3564 5087 contscri-

1988 5084 2194 5157 psimus
2224 5100 2393 5153 usque
2419 5084 2486 5139 ad
2512 5085 2816 5157 quindecim
2846 5085 3015 5157 millia
3040 5099 3312 5157 Aversuum
3350 5086 3566 5157 pertin-

1989 5152 2232 5227 gentem,
2283 5152 2339 5210 in
2380 5170 2488 5224 quo
2521 5152 2725 5227 AAriiﬂet
2749 5154 2996 5227 Eunomii
3020 5153 3087 5208 de
3116 5154 3218 5207 bac
3245 5167 3303 5205 re
3332 5152 3525 5227 delicta
3546 5192 3561 5215 ,

1991 5223 2091 5282 nec
2140 5242 2248 5281 non
2295 5223 2458 5280 etiam
2504 5223 2837 5295 Apollinarii
2865 5239 3057 5295 vanam
3096 5223 3565 5295 praesumptionem

1990 5312 2087 5368 per
2125 5306 2297 5368 totum
2339 5292 2641 5368 illudopus
2666 5294 3109 5368 examinavimus.
3147 5310 3166 5343 ι
3195 5292 3567 5368 Qonvcnerant

1992 5361 2185 5436 nempe
2210 5365 2455 5436 hieretici
2481 5361 2599 5436 isti,
2632 5361 3187 5436 utsupradiximus,
3214 5362 3267 5415 in
3313 5376 3378 5436 eo
3421 5361 3564 5436 quod

1992 5430 2227 5491 Verbum
2271 5435 2463 5488 animte
2501 5434 2647 5488 vices
2689 5433 2741 5487 in
2784 5431 3000 5502 Christo
3037 5430 3567 5502 suppleverit_,_unde

1992 5505 2151 5561 simul
2195 5520 2262 5559 ac
2304 5503 2470 5559 semel
2509 5518 2602 5558 eos
2636 5502 2887 5570 refutant
2910 5499 3256 5565 Theodorus,
3284 5499 3449 5570 950
3474 5500 3565 5568 qui

1994 5577 2231 5644 insuper,
2263 5581 2424 5645 prout
2450 5573 2568 5628 loco
2596 5572 2761 5627 citato
2791 5569 2957 5626 refert
2985 5569 3307 5640 Facundus,
3328 5569 3565 5639 conque-

1991 5756 2131 5810 circa
2156 5768 2349 5807 annum
2379 5751 2570 5808 Christi
2599 5749 2722 5806 383.
