3968 6180
354 325 453 381 ΞΠ

1165 323 1224 379 Β.
1265 324 1328 379 F.
1366 323 1594 379 ALBINI
1632 320 1763 377 SEU
1804 318 2078 376 ALCUINI
2133 319 2419 378 OPERUM
2457 321 2635 377 PARS
2667 322 2757 378 III.

3497 317 3611 373 548

354 444 494 499 ritur
534 439 637 496 sibi
672 455 769 511 per
806 439 1129 496 calumniam
1173 439 1437 511 imputari
1463 440 1606 508 quod
1636 438 1769 511 duos
1798 436 1937 491 filios
1965 439 2013 496 Α
2038 438 2168 511 dum
2193 453 2330 511 esse
2375 436 2708 511 decerneret.
2757 437 3089 511 Videntitas
3130 434 3193 511 ρ.
3240 432 3513 511 Bernardi
3543 400 3625 490 del

356 513 599 577 diceret;
631 507 695 567 ei
727 527 833 580 qua
863 511 1079 580 quidem
1109 507 1326 580 querela
1356 507 1606 572 infertur.
1637 509 1689 562 in
1718 521 1894 577 pugna
1914 545 1929 571 ,

357 583 449 637 illa
477 590 663 637 contra
692 579 939 636 Eunomii
965 590 1022 634 et
1046 579 1372 647 Apollinaris
1396 580 1723 633 assertiones
1750 592 1935 644 susce—

356 662 447 721 pta
480 653 606 706 talia
639 653 920 707 Theodoro
946 646 1242 721 excidisse,
1273 648 1733 721 exquibusuduos
1774 646 1935 721 ab_eo

358 716 500 777 filios
529 722 695 776 fuisse
719 723 978 777 admissos
1005 719 1115 787 jam
1145 730 1256 773 tum
1286 716 1807 789 aliquicolligerent.
1840 716 1936 789 De:

357 808 505 847 mum
530 801 584 846 et
605 795 670 847 de
694 791 943 847 Nestorio
968 785 1034 845 ei
1061 789 1284 843 historia
1310 785 1656 842 manifestum
1683 796 1766 842 est
1793 785 1936 855 quod

360 864 425 915 ad
483 878 763 917 excessum
810 876 980 931 usque
1032 868 1220 931 contra
1268 857 1500 931 Arianos
1548 857 1931 931 decertaverit,

353 931 575 1002 jamque
604 948 764 1003 supra
789 927 1125 1003 expépistolis
1146 928 1535 1003 ejusqutedam
1568 927 1935 990 recitarimus,

359 998 426 1056 ex
452 998 648 1071 quibus
670 998 826 1071 patet
855 998 959 1071 hoc
982 998 1423 1071 contra'Arianos
1449 1006 1719 1071 certamen
1750 1010 1937 1071 ausam

361 1066 530 1126 errori
561 1072 626 1125 de
652 1066 845 1141 duplici
878 1070 1020 1134 filio,
1049 1067 1457 1141 alterogscilicet
1478 1068 1735 1141 naturali,
1766 1066 1938 1141 altero

361 1137 951 1222 adoptivoprzebuissc:
985 1138 1357 1222 Apertissimis
1383 1137 1565 1192 verbis
1610 1137 1662 1222 id
1705 1138 1940 1222 habetur

359 1210 414 1263 in
439 1206 661 1280 epistola
677 1210 900 1264 Joannis
920 1206 1239 1280 Antiocheni
1258 1247 1272 1273 ,
1295 1218 1347 1280 et
1370 1207 1725 1280 quorumdam
1752 1206 1941 1280 Origen-

358 1274 577 1350 talium,
607 1281 700 1350 qui
722 1279 1240 1350 Constantinopolim
1282 1274 1678 1350 missifuerant
1694 1316 1717 1350 ,_
1738 1274 1942 1350 aditu-

357 1348 471 1403 fum
516 1344 908 1411 'fhessalonic.,
937 1344 1164 1403 tomfIV
1194 1347 1360 1402 Cone.
1408 1347 1574 1402 Μελιιεὶ
1595 1387 1608 1409 ,
1637 1346 1739 1401 col.
1772 1344 1936 1408 1M5,

358 1421 448 1491 ubi
478 1422 550 1475 ita
570 1429 757 1475 contra
779 1420 1037 1491 Cyrillum
1055 1417 1478 1491 Alexandrinum
1504 1426 1936 1491 conquerantur:

364 1511 381 1539 ι
414 1490 495 1544 Ad
526 1491 638 1544 haec
678 1485 1137 1568 ws_exsecratur
1173 1489 1261 1568 qui
1310 1487 1647 1568 evangelicas
1689 1485 1945 1568 apostoli-

358 1574 558 1628 casque
587 1576 744 1615 voces
768 1559 835 1614 de
860 1559 1078 1613 Christo
1101 1556 1718 1628 Dominogdistingunnt,
1746 1556 1943 1628 uthbu-

358 1623 515 1711 miles
534 1630 749 1711 quidem
775 1628 843 1683 ad
866 1630 1289 1711 humanitatem,
1305 1623 1675 1711 divinas'ver‘o
1701 1626 1768 1679 ad
1790 1623 1943 1711 Chri:

359 1701 430 1754 sti
462 1696 797 1753 divinitatem
825 1697 1079 1753 referant.
1112 1697 1265 1764 Quod
1291 1696 1477 1750 Ariani
1520 1705 1573 1750 et
1619 1696 1941 1764 Eunomiani

358 1770 652 1825 sentientes
671 1808 694 1840 ,_
718 1768 1056 1840 humilesque
1085 1762 1500 1840 dispensationis
1526 1782 1686 1820 voces
1712 1766 1778 1819 ad
1806 1763 1936 1840 di_vi-
1966 1780 2014 1840 Β
2042 1762 2284 1840 ejusdem
2316 1765 2385 1820 ad
2422 1765 2735 1835 Dionysium
2767 1783 2779 1818 :
2812 1783 2830 1815 ι

358 1840 581 1894 nitatem
610 1838 938 1903 referentes,
968 1833 1137 1892 Deum
1170 1833 1402 1891 Verbum
1434 1845 1739 1890 creaturam
1770 1843 1826 1888 et
1853 1833 1938 1887 fa-

357 1918 566 1964 cturam
588 1950 605 1973 ,
635 1909 963 1978 alteriusque
991 1907 1336 1971 substantize,
1365 1915 1420 1962 et
1448 1907 1598 1961 Patri
1624 1904 1944 1974 inaequalem

360 1994 481 2035 esse
510 1979 778 2034 allirmare
806 1994 912 2033 non
941 1978 1272 2033 dubitarunt.
1305 1998 1323 2029 ι

428 2079 612 2145 XVIII.
646 2089 885 2160 Amph'or
902 2104 1206 2160 progressus
1249 2087 1651 2160 Nestorianismi
1681 2102 1746 2141 ex
1776 2086 1946 2156 impu-

358 2161 604 2230 gnatione
630 2158 1044 2230 Apollinarismi.
1069 2188 1143 2199 -—
1165 2158 1467 2227 Ampliores
1497 2167 1676 2230 tamen
1701 2170 1946 2230 progres-

358 2225 452 2284 sus
483 2231 569 2284 hic
597 2225 1011 2309 error_sumpsit
1055 2242 1119 2282 ex
1164 2225 1342 2309 pugna
1389 2236 1577 2309 contra
1598 2225 1945 2309 "Apollinari-

360 2308 502 2363 stas,
533 2315 626 2354 seu
647 2340 661 2362 ,
689 2300 777 2368 qui
808 2315 874 2354 ex
905 2296 1101 2354 horum
1132 2296 1259 2352 sinu
1282 2298 1563 2367 prodiere,
1598 2296 1945 2368 Synusiastas

357 2379 625 2440 suscepta.
653 2366 846 2423 lterato
864 2369 983 2440 jam
1008 2366 1331 2433 notavimus,
1357 2368 1502 2436 ipsos
1527 2366 1690 2440 etiam
1710 2366 1945 2440 Arianos

359 2441 426 2493 ad
453 2436 574 2494 eum
603 2454 840 2494 errorem
867 2436 1115 2494 deviasse
1142 2453 1248 2507 quo
1276 2447 1576 2492 statuerant
1593 2437 1837 2507 Verbum
1862 2436 1945 2507 di-

357 2508 542 2562 vinum
574 2510 627 2562 in
657 2509 871 2564 homine
901 2505 1178 2577 assumpto
1203 2508 1395 2563 anima:
1428 2507 1543 2562 loco
1582 2505 1778 2568 fuisse,
1811 2505 1945 2559 adeo

359 2586 420 2632 ut
467 2579 678 2646 passio,
727 2593 873 2632 mors
918 2588 1231 2645 celeratque
1279 2577 1622 2631 infirmitates
1669 2578 1720 2630 in
1768 2577 1943 2646 ipsum

360 2647 596 2703 Verbum
643 2647 973 2712 reciderent,
1010 2648 1244 2716 illudque
1289 2647 1748 2716 exeonscquent-i
1792 2659 1945 2699 crea-

360 2726 480 2770 tura
499 2759 513 2781 ,
549 2734 653 2771 non
684 2719 821 2771 Deus
850 2718 1132 2770 dicendum
1160 2714 1323 2777 esset.
1354 2714 1644 2781 Adoptavit
1682 2717 1826 2770 hunc
1854 2728 1944 2767 er-

361 2802 539 2869 rorem
588 2795 790 2869 postca.
823 2786 1180 2869 Apollinaris,
1229 2802 1333 2839 non
1363 2784 1577 2855 quidem
1608 2784 1943 2869 divinitatem

365 2857 522 2911 Verbi
552 2872 672 2911 cum
699 2855 917 2911 Arianis
943 2871 1161 2927 negans,
1188 2871 1491 2926 pernegans
1520 2866 1701 2911 tamen
1725 2855 1944 2927 Christo

360 2927 626 2990 animam,
677 2934 770 2981 aut
817 2922 1052 2981 mentem
1101 2922 1292 2981 saltem
1345 2922 1636 2981 humanam
1683 2922 1940 2986 adfuisse,

360 3004 714 3069 statuensqne
742 3012 864 3069 eum
898 2998 1029 3069 (Dei
1060 2997 1265 3069 scilicet
1293 2996 1484 3069 Filium
1508 3039 1521 3061 ,
1555 3011 1651 3052 seu
1678 2993 1937 3069 Verbum)

361 3066 532 3120 instar
570 3065 756 3138 organi
800 3065 1233 3123 circumferentia
1274 3068 1517 3136 corporis
1545 3082 1701 3138 usum
1733 3065 1937 3138 fuisse;

361 3138 558 3209 quippe
585 3136 715 3209 Afieri
761 3139 866 3191 ndn
897 3139 1137 3209 potuisse
1166 3146 1221 3191 ut
1254 3138 1415 3209 homo
1443 3136 1715 3205 perfectus
1744 3137 1946 3209 existe-

361 3216 471 3261 ret.
498 3207 763 3278 Ubienim
795 3207 1062 3277 perfectus
1088 3209 1269 3271 homo,
1298 3208 1369 3261 ibi
1398 3216 1452 3261 et
1475 3216 1754 3278 peccatum
1772 3207 1945 3278 ,λιιιιο-

359 3292 464 3345 que
490 3276 725 3347 perfecta
757 3275 808 3331 in
838 3294 1001 3332 unum
1031 3278 1251 3333 conflari
1281 3294 1384 3332 non
1409 3275 1594 3347 posse,
1626 3285 1731 3331 etc.
1775 3275 1947 3347 Atha-

362 3346 546 3400 nasius
566 3347 660 3400 lib.
687 3363 703 3400 ι
728 3349 793 3401 de
818 3348 1032 3401 lncarn.
1060 3358 1246 3401 contra
1274 3346 1591 3415 Apollinar.,
1617 3363 1673 3400 ιι.
1696 3347 1749 3400 2.
1785 3346 1947 3398 Erro-

361 3430 477 3485 rcm
523 3417 665 3485 hunc
709 3418 953 3471 hausisse
991 3418 1232 3471 creditur
1258 3416 1585 3485 Apollinaris
1611 3431 1677 3470 ex
1704 3415 1854 3485 philo
1868 3430 1946 3467 .0-

400 3484 503 3538 hite
551 3484 835 3539 Platonicae
885 3484 1346 3555 fontibus,rtest’e
1393 3486 1644 3540 Nemesio
1691 3484 1945 3555 episcopo

388 3554 628 3619 Bmeseno
672 3555 827 3608 initio
872 3555 993 3609 libri
1037 3556 1103 3609 de
1145 3554 1348 3609 Natura
1377 3556 1650 3609 hominis:
1684 3573 1702 3605 ι
1727 3554 1940 3623 Aliqui,

361 3624 569 3693 inquit,
605 3623 655 3677 in
687 3625 882 3693 quibus
911 3634 995 3679 est
1019 3625 1287 3688 Plotinus,
1322 3626 1465 3679 aliud
1507 3640 1628 3679 esse
1666 3626 1942 3690 animum,

361 3694 507 3747 aliud
535 3694 939 3764 intelligentiam
971 3704 1301 3758 statuentes,
1348 3710 1417 3750 ex
1456 3696 1631 3749 tribus
1668 3695 1944 3749 hominem

361 3773 612 3835 constare
639 3765 849 3827 volunt,
880 3780 1136 3835 corpore,
1163 3768 1366 3829 animo,
1399 3764 1767 3835 intelligentia.
1800 3765 1947 3831 Quos

358 3835 526 3888 etiam
550 3834 913 3905 Apollinarius
934 3834 1150 3891 secutus
1174 3847 1284 3899 est,
1316 3834 1593 3891 Laodicea!
1616 3836 1901 3905 episcopus
1929 3853 1941 3888 :

363 3920 488 3976 nam
514 3904 614 3960 hoc
639 3906 907 3976 opinionis
930 3921 1038 3960 sua}
1058 3905 1206 3974 jacto
1230 3906 1600 3970 fundamento,
1623 3904 1824 3974 reliqua
1849 3921 1946 3961 suo

363 3975 600 4045 dogmati
651 3975 1036 4030 convenienter
1084 3978 1335 4031 astruxit.
1377 3996 1395 4029 ι
1432 3976 1586 4031 Tom.
1642 3975 1754 4031 Vill
1807 3976 1942 4030 Bibl.

362 4042 511 4098 Patr.
549 4046 716 4116 Lugd.
740 4088 753 4110 ,
788 4046 879 4099 fol.
911 4048 1036 4101 619.
1079 4047 1283 4102 Pneter
1320 4046 1431 4115 jam
1474 4048 1774 4116 assignatas
1793 4046 1946 4116 .talia

361 4115 647 4169 asserendi
684 4118 949 4176 rationes.
1001 4132 1193 4187 nempe
1235 4120 1379 4187 quod
1423 4116 1748 4187 Apollinaris
1790 4115 1946 4171 Chri-

360 4193 504 4256 stum
534 4197 757 4254 peccato
786 4188 1085 4256 subjectum
1114 4187 1250 4251 fore,
1281 4196 1376 4242 aut
1400 4189 1454 4241 in
1483 4189 1616 4242 duos
1643 4187 1782 4241 lilios
1811 4187 1946 4240 divi—

364 4254 596 4309 dendum
630 4258 845 4310 timeret
863 4254 949 4320 {si
981 4267 1160 4311 mente
1188 4259 1421 4313 humana
1450 4260 1706 4325 praeditus
1734 4259 1944 4311 dicere-

362 4333 467 4389 tur,
499 4327 636 4380 alias
668 4328 886 4397 insuper
914 4326 1078 4381 fuisse
1108 4344 1213 4381 non
1245 4330 1342 4383 abs
1381 4327 1733 4381 fundamento
1759 4326 1943 4393 conje-

361 4403 624 4450 cturatur.
668 4397 852 4451 Ariani
874 4437 887 4461 ,
915 4398 1127 4452 etiamsi
1152 4399 1386 4452 Verbum
1412 4413 1524 4451 rem
1564 4408 1801 4453 creatam
1824 4411 1944 4451 esse

1968 3123 2019 3189 ο
2050 3104 2166 3149 tum
2199 3096 2253 3150 in

2038 506 2376 563 Montfaucon
2417 507 2657 576 epistolae
2688 507 2860 562 sancti
2890 505 3266 576 Athanasiiad
3293 503 3611 576 Adelphium

2032 578 2341 648 prtemissas
2369 574 2502 631 torni
2533 577 2554 631 ι
2581 577 2815 648 Operam
2844 584 2983 645 part.
3017 593 3089 638 ιι,
3121 574 3221 648 fol.
3247 576 3282 648 9_
3292 574 3372 627 10.
3402 574 3516 648 Hoc
3542 591 3611 648 ex

2032 644 2220 703 errore
2266 647 2358 701 'alii
2392 644 2678 701 emanasse
2715 644 2985 710 videntur,
3027 660 3162 714 quos
3197 644 3527 701 Athanasius
3558 647 3617 700 in

2033 718 2190 789 epist.
2217 718 2287 771 ad
2306 716 2606 789 Epictetum
2633 726 2876 789 recenset
2902 733 2956 769 ιι.
2981 714 3049 789 2,
3076 714 3339 789 illiquein
3362 716 3614 789 eopositi

2034 783 2193 868 erant
2218 783 2585 868 quodcorpus
2610 803 2673 841 ex
2704 786 2883 868 Maria
2896 786 3134 868 genitum
3164 783 3322 839 Verbi
3345 783 3618 840 divinitati

2036 858 2108 912 sit
2135 854 2592 912 consubstantiale
2622 873 2635 909 :
2666 855 2810 925 quod
2841 854 3074 925 verbum
3107 854 3162 908 in
3201 868 3421 909 carnem
3442 894 3459 919 ,
3487 867 3618 910 ossa

2035 936 2090 982 et
2117 926 2339 996 capillos
2363 934 2418 979 et
2446 926 2501 979 in
2531 924 2699 980 totum
2730 939 2925 996 corpus
2951 924 3021 996 sit
3048 932 3343 989 mutatum,
3375 931 3488 996 et‘a
3520 940 3617 996 na-

2037 1005 2159 1051 tura
2185 993 2291 1050 ‘sua
2329 996 2656 1061 desciverit;
2696 993 2838 1064 quod
2881 994 3117 1064 Verbum
3162 1009 3268 1064 non
3306 1009 3372 1048 ex
3410 993 3616 1064 Maria,

2037 1067 2131 1120 sed
2156 1078 2222 1121 ex
2247 1082 2344 1120 sua
2372 1067 2539 1135 ipsius
2565 1062 2867 1135 substantia
2886 1062 3137 1135 passibile
3162 1062 3263 1117 sibi
3288 1078 3484 1135 corpus
3506 1062 3619 1119 for-

2038 1138 2296 1201 maverit;
2325 1133 2467 1206 quod
2494 1136 2608 1206 ipsa
2638 1133 2986 1206 deitas‘Patri
3013 1133 3489 1206 consubstantialis
3509 1135 3619 1189 cir-

2040 1207 2274 1261 cumcisa
2294 1246 2309 1271 ,
2339 1202 2593 1273 eruciq—ue
2627 1205 2785 1259 allixa
2814 1203 3004 1265 fuerit,
3039 1210 3144 1257 etc.
3182 1202 3337 1258 Haud
3361 1204 3618 1274 equidem

2041 1275 2269 1330 dixerim
2310 1276 2559 1330 absurdis
2594 1276 2742 1330 hisce
2769 1273 3111 1345 opinionibus
3139 1274 3312 1345 ipsum
3341 1273 3620 1345 Apollina-

2041 1360 2155 1414 rem
2200 1345 2531 1410 adhazsisse;
2577 1347 2705 1414 quin
2748 1343 3187 1414 contrariumgex
3232 1343 3617 1414 libro_’Le'ontii

2040 1412 2323 1485 Byzantini
2347 1424 2477 1469 tom.
2504 1415 2523 1470 l
2552 1412 2700 1485 Lect.
2722 1415 2902 1469 Canis.
2928 1413 3057 1485 edit.
3081 1412 3347 1485 Basnage,
3373 1412 3464 1468 fol.
3491 1414 3617 1480 600,

2041 1482 2331 1556 colligitur,
2359 1486 2446 1556 ubi
2474 1485 2525 1556 iis
2551 1484 2905 1556 fragmentum
2932 1483 3172 1556 epistglzc
3197 1482 3523 1554 Apollinaris
3549 1485 3620 1540 ad

2043 1551 2393 1626 Serapionem
2430 1554 2515 1626 bis
2558 1551 2736 1610 verbis
2770 1553 2937 1610 refert
2965 1551 2981 1606 Ξ
2991 1551 3264 1626 _t_Eoruni
3309 1563 3487 1608 autem
3526 1556 3619 1625 qui

2041 1622 2228 1680 dicunt
2248 1641 2466 1681 carnem
2497 1625 2607 1680 Deo
2632 1622 3146 1694 consubstantialem
3165 1665 3179 1688 ,
3208 1637 3455 1694 magnam
3483 1622 3620 1679 insa-

2041 1694 2187 1764 niam
2224 1696 2617 1751 damnavimus.
2657 1715 2674 1746 ι
2703 1695 2835 1749 Item
2878 1693 3238 1763 fragmentum
3281 1693 3347 1749 ex
3393 1695 3621 1764 epistola

2865 1765 3018 1832 Quod
3055 1772 3233 1821 autem
3272 1778 3429 1818 nemo
3465 1765 3623 1821 nobis

2045 1835 2160 1891 haec
2179 1837 2414 1905 objicere
2434 1833 2644 1904 potest,
2666 1851 2786 1904 qum
2807 1844 2994 1889 contra
3018 1834 3278 1904 quosdam
3297 1833 3439 1888 dicta
3461 1844 3588 1890 sunt
3606 1876 3622 1901 ,

2045 1905 2387 1960 manifestum
2424 1914 2509 1959 est
2545 1922 2611 1960 ex
2649 1906 2714 1960 iis
2733 1947 2747 1970 ,
2774 1921 2893 1974 qua:
2918 1919 3132 1974 semper
3155 1905 3469 1974 scripsimus
3487 1946 3500 1966 ,
3528 1922 3624 1961 ne-

2043 1989 2148 2043 que
2187 1991 2408 2029 carnem
2444 1975 2743 2030 Salvatoris
2777 1991 2808 2029 e
2839 1975 2978 2029 caelo
3013 1988 3167 2039 esse,
3192 1989 3365 2043 neque
3398 1988 3622 2030 carnem

2043 2045 2297 2115 eiusdemi
2308 2046 2620 2101 substantia:
2643 2060 2762 2100 esse
2784 2061 2905 2100 cum
2927 2044 3059 2109 Deo,
3082 2052 3346 2115 quatenus
3368 2054 3450 2100 est
3470 2061 3625 2110 caro,

2044 2124 2098 2170 et
2136 2130 2240 2169 non
2280 2114 2458 2180 Deus;
2487 2115 2631 2170 Deus
2665 2123 2877 2180 autem,
2912 2122 3176 2180 quatenus
3202 2115 3348 2168 unita
3374 2121 3456 2170 est
3482 2117 3627 2170 divi-

2044 2185 2199 2256 nitati
2240 2185 2293 2239 in
2332 2201 2492 2239 unam
2533 2201 2841 2256 personam.
2878 2206 2896 2237 ι
2930 2185 2993 2238 Et
3017 2185 3177 2254 paulo
3205 2185 3387 2256 infra;
3423 2205 3439 2236 ι
3462 2185 3625 2256 Ana-

2045 2254 2228 2326 thema
2270 2256 2432 2326 igitur
2471 2253 2550 2310 sit'
2573 2256 2665 2326 qui
2705 2271 2810 2310 non
2850 2256 2979 2311 dicit
3003 2253 3223 2309 carnem
3248 2271 3313 2310 ex
3342 2253 3541 2322 Maria,
3568 2263 3627 2310 et

2045 2325 2135 2411 qui
2173 2325 2334 2411 dicit,
2350 2342 2493 2411 43am
2526 2325 2749 2411 carnem
2778 2341 2898 2407 esse
2935 2333 3542 2411 naturaadd-creabis,
3571 2336 3629 2380 et

2046 2395 2312 2466 ὁμοούσιον
2350 2396 2494 2461 Deo,
2546 2397 2656 2450 imo
2701 2405 2756 2451 et
2792 2396 2885 2462 qui
2928 2396 3093 2460 dicit,
3132 2395 3468 2450 divinitatem
3502 2411 3627 2451 esse

2043 2465 2319 2547 patibilem
2335 2507 2358 2548 ,ι
2395 2475 2552 2548 etnex
2593 2467 2707 2548 ipsa
2750 2481 2870 2521 esse
2892 2465 3410 2548 passionesanimze.
3443 2489 3460 2518 ι
3489 2466 3628 2547 huc.

2046 2535 2170 2618 riui,
2202 2536 2302 2618 etsi
2330 2535 2656 2618 Apollinaris
2685 2537 2855 2618 ipse-:1
2881 2536 3151 2606 perversis
3172 2536 3323 2618 hisce
3359 2536 3627 2607 dogmati—

2043 2603 2143 2658 bus
2170 2603 2587 2667 alienusfuerit,
2617 2622 2684 2660 ex
2706 2603 3085 2676 ipsius—tamen
3111 2606 3295 2660 schola
3319 2603 3503 2660 eorum
3530 2623 3626 2661 as-

2044 2684 2279 2747 sertores
2301 2676 2643 2747 prodierant,
2668 2674 2872 2747 hosque
2895 2677 3036 2731 inter
3059 2674 3249 2747 famosi
3275 2678 3444 2747 magis
3466 2686 3626 2731 erant

2047 2744 2083 2815 ii
2110 2746 2202 2815 qui
2227 2743 2446 2815 carnem
2474 2744 2675 2801 Christi
2703 2743 2878 2801 Verbo
2902 2743 3417 2802 consubstantialem
3443 2747 3630 2802 defen-

2049 2814 2272 2886 debant,
2289 2814 2418 2869 dicti
2438 2824 2723 2886 propterea
2746 2824 3137 2881 Συνουσίασται,
3161 2824 3253 2871 aut
3273 2818 3363 2886 qui
3388 2816 3626 2872 Verbum

2044 2883 2101 2937 in
2124 2900 2375 2956 carnem,
2412 2883 2567 2950 ossa,
2594 2885 2844 2956 capillos,
2890 2902 3081 2940 nervos
3116 2898 3171 2941 et
3207 2887 3261 2940 in
3292 2883 3463 2941 totum
3506 2903 3627 2942 cor-

2082 2969 2144 3008 us
2180 2953 2347 3010 fuisse
2381 2953 2700 3011 cenversum
2739 2956 3085 3021 asserebant,
3113 2972 3217 3025 qua
3242 2956 3456 3025 quidem
3484 2957 3536 3011 in
3568 2973 3628 3014 re

2070 3024 2276 3096 Butychi
2325 3026 2682 3150 pneludentes
2719 3024 3476 3097 distinctionemnaturarum
3510 3027 3626 3097 jam

2076 3111 2166 3149 um
2199 3096 2253 3150 in
2279 3094 2320 3150 C
2365 3096 2499 3150 risto
2526 3097 2878 3150 sustulerant.

2279 3094 2499 3151 Christo
2526 3097 2878 3151 sustulerant.

2116 3206 2257 3262 XIX.
2300 3206 2704 3277 Apollinarium
2753 3206 2889 3261 ntale
2935 3207 3150 3278 quidam
3196 3210 3526 3277 impugnata.
3556 3236 3630 3278 έ-
3703 3260 3709 3269 ,

2045 3273 2391 3332 Insurrcxere
2427 3285 2612 3331 contra
2651 3277 2815 3332 hosce
2851 3273 3064 3332 errores
3102 3273 3284 3346 plures
3314 3273 3379 3331 e'x
3418 3277 3623 3333 sanctis

2046 3346 2317 3410 Patribus,
2342 3354 2395 3399 et
2412 3347 2456 3400 si
2475 3347 2595 3414 quis
2622 3346 2777 3405 alius,
2805 3355 2953 3402 certe
2975 3345 3194 3401 sanctus
3214 3345 3542 3401 Athanasius
3572 3349 3628 3403 in

2046 3418 2271 3499 epistola
2311 3416 2377 3469 ad
2416 3416 2716 3499 Epictetum
2753 3417 2998 3499 Cprinthi
3035 3417 3343 3499 episcopum
3374 3419 3627 3499 eos_soli-

2045 3487 2282 3541 dissimis
2316 3488 2647 3553 argumentis
2680 3487 2997 3542 confutavit.
3040 3487 3211 3541 Fuere
3242 3496 3422 3542 tamen
3449 3488 3629 3543 denuo

2045 3558 2135 3625 qui
2157 3598 2170 3617 ,
2201 3557 2318 3610 zelo
2353 3557 2529 3610 minus
2558 3558 2807 3625 prudenti
2841 3559 2892 3611 in
2922 3572 3155 3626 pugnam
3184 3557 3403 3611 excitati
3423 3596 3439 3621 ,
3468 3573 3625 3624 eum,

2044 3636 2204 3699 prout
2241 3642 2306 3699 cx
2342 3635 2529 3699 sancto
2561 3626 2761 3699 Cyrillo
2799 3642 2863 3681 ac
2899 3626 3125 3681 Leontio
3155 3628 3452 3696 Byzantino
3485 3643 3632 3699 saepe

2046 3698 2418 3760 meminimus,
2468 3697 2867 3765 Scripturarum
2912 3712 3073 3752 voces
3120 3707 3310 3751 contra
3352 3697 3629 3754 Συνουσιᾶ-

2047 3787 2207 3827 στας.
2250 3784 2356 3821 non
2389 3769 2520 3822 satis
2569 3777 2821 3823 accurate
2850 3768 3185 3830 dividerent,
3218 3767 3273 3821 in
3305 3768 3627 3822 divisionem

2045 3849 2400 3905 personarum
2437 3838 2585 3891 fuere
2622 3839 2783 3908 lapsi,
2814 3852 2879 3891 ac
2912 3839 2963 3892 in
3003 3840 3181 3907 specie
3212 3838 3359 3891 illum
3390 3838 3455 3891 de
3492 3838 3632 3893 Ριιίο

2048 3908 2301 3977 adoptivo
2327 3909 2500 3976 quoad
2531 3908 2915 3961 humanitatem
2946 3923 3189 3962 errorem
3221 3908 3320 3963 sibi
3349 3909 3629 3977 proprium

2048 3975 2309 4032 fecerunt.
2346 3975 2578 4031 Notavit
2612 3978 2663 4031 id
2696 3977 2806 4045 jam
2847 3989 3068 4033 sanctus
3098 3975 3424 4033 Athanasius
3450 3975 3627 4101 £51

2048 4048 2103 4100 in
2140 4048 2365 4101 epistola
2401 4048 2631 4101 nrinuim
2671 4050 2863 4101 citata.
2896 4049 2984 4101 ubi
3026 4058 3309 4101 postquam
3355 4048 3470 4101 Ano
3514 4049 3627 4101 ina-

2047 4048 2103 4100 in
2140 4048 2365 4117 epistola
2401 4048 2631 4117 primum
2671 4050 2863 4109 citata,
2896 4049 2984 4101 ubi
3026 4058 3309 4118 postquam
3355 4048 3633 4118 Apollina-

2047 4119 2302 4189 ristarum
2330 4133 2541 4189 errores
2569 4120 2869 4189 recensuit,
2896 4119 2967 4189 ita
2994 4119 3168 4189 pergit
3193 4135 3248 4189 ιι.
3276 4118 3341 4180 2,
3365 4118 3456 4171 fol.
3484 4118 3594 4173 902
3614 4158 3631 4173 .

2053 4205 2071 4237 ι
2095 4188 2211 4253 Quo
2237 4196 2392 4257 pacto
2419 4188 2518 4241 viri
2549 4188 2639 4254 qui
2666 4188 2916 4243 dicuntur
2938 4188 3224 4242 Christiani
3250 4189 3330 4242 vel
3354 4189 3633 4258 ambigere

2048 4257 2163 4311 ausi
2203 4266 2359 4316 sunt.
2390 4259 2528 4311 sitne
2556 4258 2843 4321 Dominus,
2877 4260 2968 4327 qui
3008 4274 3071 4311 ex
3113 4258 3276 4312 Maria
3314 4268 3473 4313 natus
3506 4257 3628 4324 est,

2048 4328 2347 4381 substantia
2380 4337 2434 4382 et
2475 4337 2668 4381 natura
2697 4344 2791 4382 sua
2824 4329 2992 4382 Filius
3022 4329 3146 4393 Dei,
3177 4329 3468 4383 secundum
3500 4343 3627 4382 car-

2050 4414 2171 4451 nem
2202 4413 2330 4451 vero
2357 4412 2421 4450 ex
2452 4399 2657 4451 semine
2688 4399 2885 4462 David,
2914 4407 2968 4451 et
2994 4415 3059 4452 ex
3100 4413 3263 4454 carne
3287 4407 3487 4453 sanctae
3516 4399 3632 4452 Ma-

361 4464 586 4539 vellent,
620 4468 746 4521 illud
779 4461 1124 4539 nihilominus
1169 4469 1508 4532 adorabant;
1558 4468 1701 4522 unde
1744 4468 1942 4539 passim
1975 4477 2024 4539 ι)
2050 4468 2141 4521 ria:
2164 4468 2354 4521 ortus?
2377 4467 2605 4534 Quinam
2628 4483 2755 4521 vero
2781 4483 2844 4522 ea
2872 4461 3176 4523 temeritate
3202 4469 3445 4533 fuerunt,
3472 4477 3530 4522 ut
3549 4469 3635 4523 di-
3674 4490 3691 4495 -

362 4534 469 4589 illis
495 4539 784 4607 exprobrat
809 4537 1139 4592 Athanasius
1167 4539 1309 4606 quod
1340 4552 1452 4592 rem
1484 4547 1719 4592 creatam
1745 4534 1780 4589 a
1802 4537 1943 4590 lora-

362 4614 483 4676 rent
507 4607 664 4676 eique
690 4610 974 4662 servirent.
1008 4608 1244 4675 Quaestio
1273 4617 1452 4664 autem
1497 4608 1722 4660 ulterior
1762 4621 1945 4662 move-

361 4674 541 4737 batur,
572 4674 638 4732 an
679 4681 839 4733 etiam
874 4674 1107 4735 Verbum
1152 4681 1427 4734 hominem
1470 4679 1668 4731 factum
1716 4676 1943 4731 adorare

363 4743 588 4811 liceret;
619 4756 674 4802 et
702 4759 847 4804 recte
884 4749 936 4803 id
980 4766 1038 4805 se
1079 4749 1256 4805 facere
1286 4749 1691 4804 arbitrabantur
1722 4746 1940 4811 Ariani,

361 4829 427 4889 eo
469 4817 733 4889 quod,ut
762 4836 899 4873 vane
942 4822 1238 4889 putabant,
1271 4820 1463 4874 animae
1503 4817 1679 4889 locum
1710 4816 1942 4871 Verbum

363 4884 536 4953 ipsum
563 4888 849 4952 obtineret,
879 4884 1000 4943 cum
1023 4906 1052 4944 e
1074 4899 1261 4944 contra
1283 4890 1558 4943 Christum
1585 4896 1643 4940 ut
1672 4887 1944 4942 hominem

362 4956 697 5011 adorandum
726 4974 845 5013 esse
874 4968 1132 5025 negarent
1151 5000 1163 5021 ,
1196 4960 1239 5013 si
1264 5002 1278 5026 ,
1307 4967 1367 5014 ut
1394 4967 1511 5013 erat
1551 4957 1942 5013 catholicorum

361 5029 658 5098 sententia,
691 5029 961 5096 perfectus
990 5031 1150 5083 homo
1189 5040 1366 5094 esset;
1400 5037 1562 5097 atque
1605 5030 1676 5081 ita
1721 5027 1943 5098 intelligi

362 5094 522 5181 debet
547 5094 973 5181 quod;in_epis.t.
1002 5100 1068 5152 ad
1094 5099 1448 5181 Adelphium,
1476 5094 1533 5153 ii.
1565 5099 1619 5163 7,
1662 5099 1737 5181 ait
1779 5094 1945 5151 Atha-

361 5168 575 5235 nasius,
606 5168 814 5224 scilicet
838 5168 1069 5222 Arianos
1094 5168 1379 5222 Dominum
1410 5171 1463 5222 in
1496 5184 1660 5223 carne
1686 5177 1945 5235 tanquam

362 5233 659 5315 igntemplo
702 5241 1039 5315 ειεὶξιιξιιιςξιιιΔ
1068 5240 1296 5293 adorare
1338 5239 1498 5315 nolle.
1527 5233 1858 5315 Apollinaris
1886 5247 1945 5292 ut

361 5303 728 5383 difﬁcultatem
760 5311 828 5365 ab
856 5310 1071 5383 Arianis
1101 5318 1303 5383 motam
1325 5352 1338 5371 ,
1368 5309 1433 5361 ad
1462 5303 1796 5383 solummodo
1825 5321 1946 5376 spe-

361 5379 600 5450 cietenus
632 5380 789 5435 talem
818 5382 1046 5435 exitaret
1064 5421 1078 5443 ,
1107 5396 1173 5436 ac
1203 5381 1374 5450 ipsum
1405 5383 1565 5434 etiam
1595 5379 1795 5450 Christi
1823 5393 1946 5432 cor—

358 5454 462 5509 pus
509 5447 837 5504 adorandum
881 5467 999 5507 esse
1045 5466 1142 5521 pro
1182 5447 1331 5515 aret,
1378 5450 1572 5504 rationi
1617 5449 1944 5521 Arianorum

361 5521 583 5595 eatenus
607 5534 883 5595 assensum
911 5519 1166 5591 prtehuit,
1200 5530 1465 5593 quatenus
1490 5521 1722 5595 Verbum
1752 5519 1946 5595 anima:

359 5588 508 5638 vices
533 5588 805 5656 supplesse
827 5588 1129 5646 statuerant
1148 5634 1162 5657 ,
1190 5588 1325 5648 adeo
1346 5633 1360 5657 ,
1388 5600 1449 5645 ut
1471 5606 1535 5645 ex
1563 5591 1740 5644 Verbo
1765 5590 1945 5644 divino

360 5662 417 5707 et
444 5663 633 5729 natura
664 5658 897 5729 humana
926 5662 1238 5729 imperfecta
1265 5678 1431 5727 unum
1459 5661 1758 5729 perfecmm
1790 5660 1942 5727 quasi

360 5723 683 5791 conflatum,
717 5728 923 5797 hocque
950 5723 1016 5783 in-
1034 5741 1173 5786 statu
1201 5748 1303 5786 una
1335 5723 1649 5786 adolatione
1670 5772 1682 5795 ,
1717 5723 1942 5785 adoran-

2046 4547 2250 4597 ccient,
2280 4539 2577 4600 Christum,
2606 4538 2696 4606 qui
2724 4554 2886 4592 carne
2910 4554 3101 4606 passus
3127 4546 3180 4593 et
3205 4539 3495 4593 crucifixus
3518 4548 3627 4601 est,

2044 4622 2150 4661 non
2177 4623 2297 4661 esse
2322 4607 2603 4661 Dominum
2631 4618 2685 4662 et
2706 4607 3037 4663 Salvatorem
3057 4650 3071 4674 ,
3097 4624 3160 4663 ac
3182 4609 3377 4673 Deum,
3404 4608 3634 4663 Filium-

2045 4693 2149 4746 que
2174 4678 2380 4731 Patris?
2403 4676 2510 4731 Aut
2531 4678 2803 4747 quomodo
2826 4679 3116 4734 Christiani
3143 4680 3328 4734 volunt
3352 4694 3632 4747 nuncupa-

2046 4748 2123 4811 ri,
2149 4747 2235 4816 qui
2260 4748 2444 4800 dicunt
2465 4748 2516 4801 in
2540 4756 2789 4802 sanctum
2812 4749 3082 4803 hominem
3102 4789 3117 4812 ,
3141 4750 3363 4819 perinde
3386 4757 3549 4816 atque
3572 4748 3631 4802 in

2045 4834 2209 4871 unum
2236 4834 2301 4889 ex
2330 4819 2631 4889 prophetis,
2659 4820 2874 4873 venisse
2902 4818 3167 4882 Verbum,
3196 4834 3297 4874 nec
3327 4820 3499 4889 ipsum
3529 4818 3633 4873 ho-

2046 4889 2244 4942 minem
2275 4887 2475 4942 factum
2506 4887 2701 4959 fuisse,
2732 4904 2797 4942 ex
2830 4889 2992 4943 Maria
3033 4904 3249 4959 corpus
3269 4887 3625 4950 assumenda,

2046 4959 2139 5012 sed
2185 4959 2348 5012 alium
2387 4973 2515 5017 esse
2561 4957 2859 5021 Christum,
2913 4967 2968 5012 et
3015 4957 3178 5012 alium
3226 4958 3322 5014 Dei
3353 4959 3631 5022 Verbum,

2085 5030 2188 5083 uod
2215 5037 2341 5082 ante
2370 5028 2591 5082 Mariam
2620 5037 2675 5082 et
2704 5036 2827 5082 ante
2855 5029 3049 5083 saecula
3074 5028 3241 5083 Filius
3268 5037 3385 5083 erat
3409 5028 3636 5084 Patris?

2094 5107 2153 5152 ut
2187 5114 2314 5167 qua,
2346 5114 2547 5167 quaeso,
2594 5099 2802 5152 ratione
2840 5098 3133 5153 Christiani
3177 5099 3395 5163 fuerint,
3428 5099 3519 5168 qui
3548 5099 3639 5154 di-

2046 5176 2176 5222 cunt
2218 5168 2383 5222 alium
2427 5184 2547 5223 esse
2591 5168 2813 5233 Filium,
2858 5178 2914 5223 et
2952 5169 3115 5223 alium
3160 5169 3252 5224 Dei
3296 5169 3625 5225 Verbum?»

2046 5237 2200 5321 Quod
2231 5255 2360 5293 vero
2394 5239 2719 5321 assertioues
2754 5239 2871 5323 istae
2902 5247 3083 5323 ortum
3119 5255 3188 5321 ex
3222 5239 3639 5323 impugnatione

2044 5311 2287 5391 priorum
2307 5310 2923 5391 traxerinthmanife‘ste
2963 5310 3231 5391 colligitur
3252 5327 3334 5391 εκ
3354 5310 3472 5391 'iis,
3504 5326 3636 5379 quae

2047 5379 2356 5433 immediate
2381 5395 2435 5433 ιι.
2466 5382 2499 5434 '5
2526 5379 2801 5450 subjungit
2821 5379 3181 5436 Athanasius:
3205 5398 3224 5430 ι
3252 5380 3379 5435 Ηεεο
3399 5381 3452 5435 in
3477 5395 3636 5435 com-

2047 5450 2325 5521 mentariis
2368 5458 2555 5516 erant,
2599 5450 2708 5514 ait,
2751 5451 2978 5505 diversis
3019 5451 3235 5521 quidem
3277 5452 3485 5521 verbis,
3532 5452 3636 5507 sed

2046 5518 2242 5586 quibus
2269 5533 2375 5591 una
2414 5521 2711 5591 eademque
2752 5518 3249 5591 sententia'visque
3289 5520 3635 5591 impietatem

2045 5598 2295 5658 spectans
2339 5589 2532 5644 inerat.
2577 5589 2807 5661 Propter
2855 5591 2941 5661 illa
2983 5589 3175 5661 mutuo,
3218 5589 3630 5660 disceptabant.

2046 5661 2559 5782 cpnccrtahantque,
2587 5660 2770 5730 qui’de
2795 5660 3129 5717 confessione
3156 5660 3377 5715 Patrum
3404 5661 3630 5717 Nicama

2047 5748 2075 5782 ιι
2101 5738 2362 5782 oriantur.
2399 5751 2415 5781 ι

2047 5731 2362 5800 gloriantur.
2399 5751 2415 5781 ι
