  <div class='ocr_page' id='page_1' title='image "/cluster/home/n/w/nwhite01/storage/ocr_20150623/101/hvd.32044054759683/183.png"; bbox 0 0 3968 6180; ppageno 0'>
   <div class='ocr_carea' id='block_1_1' title="bbox 374 282 478 340">
    <p class='ocr_par' dir='ltr' id='par_1_1' title="bbox 374 282 478 340">
     <span class='ocr_line' id='line_1_1' title="bbox 374 282 478 340; baseline -0.019 0"><span class='ocrx_word' id='word_1_1' title='bbox 374 282 478 340; x_wconf 74' lang='lat'><strong>555</strong></span> 
     </span>
    </p>
   </div>
   <div class='ocr_carea' id='block_1_2' title="bbox 1165 268 2744 354">
    <p class='ocr_par' dir='ltr' id='par_1_2' title="bbox 1165 268 2744 354">
     <span class='ocr_line' id='line_1_2' title="bbox 1165 268 2744 354; baseline -0.004 -23"><span class='ocrx_word' id='word_1_2' title='bbox 1165 277 1225 331; x_wconf 82' lang='grc' dir='ltr'><strong>Β.</strong></span> <span class='ocrx_word' id='word_1_3' title='bbox 1268 275 1328 330; x_wconf 82' lang='lat' dir='ltr'><strong>F.</strong></span> <span class='ocrx_word' id='word_1_4' title='bbox 1370 275 1594 331; x_wconf 50' lang='lat' dir='ltr'><strong>ALBIFJI</strong></span> <span class='ocrx_word' id='word_1_5' title='bbox 1634 274 1764 354; x_wconf 78' lang='lat' dir='ltr'><strong>SEU</strong></span> <span class='ocrx_word' id='word_1_6' title='bbox 1805 272 2079 329; x_wconf 68' lang='lat' dir='ltr'><strong>ALCUINI</strong></span> <span class='ocrx_word' id='word_1_7' title='bbox 2122 270 2405 329; x_wconf 71' lang='lat' dir='ltr'><strong>OPERUM</strong></span> <span class='ocrx_word' id='word_1_8' title='bbox 2443 268 2622 324; x_wconf 76' lang='lat' dir='ltr'><strong>PARS</strong></span> <span class='ocrx_word' id='word_1_9' title='bbox 2660 269 2744 324; x_wconf 77' lang='lat' dir='ltr'><strong>III.-</strong></span> 
     </span>
    </p>
   </div>
   <div class='ocr_carea' id='block_1_3' title="bbox 3522 267 3629 322">
    <p class='ocr_par' dir='ltr' id='par_1_3' title="bbox 3522 267 3629 322">
     <span class='ocr_line' id='line_1_3' title="bbox 3522 267 3629 322; baseline -0.009 -1"><span class='ocrx_word' id='word_1_10' title='bbox 3522 267 3629 322; x_wconf 73' lang='lat'><strong>356</strong></span> 
     </span>
    </p>
   </div>
   <div class='ocr_carea' id='block_1_4' title="bbox 371 378 3630 452">
    <p class='ocr_par' dir='ltr' id='par_1_4' title="bbox 371 378 3630 452">
     <span class='ocr_line' id='line_1_4' title="bbox 371 378 3630 452; baseline -0.005 -4"><span class='ocrx_word' id='word_1_11' title='bbox 371 395 608 448; x_wconf 76' lang='lat' dir='ltr'><strong>themate</strong></span> <span class='ocrx_word' id='word_1_12' title='bbox 658 388 967 443; x_wconf 87' lang='lat' dir='ltr'><strong>damnatum</strong></span> <span class='ocrx_word' id='word_1_13' title='bbox 992 427 1007 452; x_wconf 94' lang='lat'><strong>,</strong></span> <span class='ocrx_word' id='word_1_14' title='bbox 1054 386 1257 441; x_wconf 87' lang='lat' dir='ltr'><strong>idcirco</strong></span> <span class='ocrx_word' id='word_1_15' title='bbox 1315 386 1569 440; x_wconf 82' lang='lat' dir='ltr'><strong>fraudare</strong></span> <span class='ocrx_word' id='word_1_16' title='bbox 1632 384 1950 439; x_wconf 88' lang='lat' dir='ltr'><strong>catholicam</strong></span> <span class='ocrx_word' id='word_1_17' title='bbox 1976 386 2024 442; x_wconf 77' lang='grc' dir='ltr'>Α</span> <span class='ocrx_word' id='word_1_18' title='bbox 2054 391 2139 436; x_wconf 86' lang='lat' dir='ltr'><strong>tus</strong></span> <span class='ocrx_word' id='word_1_19' title='bbox 2165 389 2220 436; x_wconf 88' lang='lat' dir='ltr'><strong>et</strong></span> <span class='ocrx_word' id='word_1_20' title='bbox 2259 381 2511 435; x_wconf 89' lang='lat' dir='ltr'><strong>Etherius</strong></span> <span class='ocrx_word' id='word_1_21' title='bbox 2539 381 2591 434; x_wconf 86' lang='lat' dir='ltr'><strong>in</strong></span> <span class='ocrx_word' id='word_1_22' title='bbox 2632 395 2795 452; x_wconf 84' lang='lat' dir='ltr'><strong>opere</strong></span> <span class='ocrx_word' id='word_1_23' title='bbox 2824 378 3081 452; x_wconf 80' lang='lat' dir='ltr'><strong>adversus</strong></span> <span class='ocrx_word' id='word_1_24' title='bbox 3107 391 3347 452; x_wconf 84' lang='lat' dir='ltr'><strong>errorem</strong></span> <span class='ocrx_word' id='word_1_25' title='bbox 3372 378 3630 452; x_wconf 80' lang='lat' dir='ltr'><strong>Adoptia-</strong></span> 
     </span>
    </p>
   </div>
   <div class='ocr_carea' id='block_1_5' title="bbox 373 454 1948 528">
    <p class='ocr_par' dir='ltr' id='par_1_5' title="bbox 373 454 1948 528">
     <span class='ocr_line' id='line_1_5' title="bbox 373 454 1948 528; baseline -0.007 -12"><span class='ocrx_word' id='word_1_26' title='bbox 373 464 534 516; x_wconf 84' lang='lat' dir='ltr'><strong>ﬁdem</strong></span> <span class='ocrx_word' id='word_1_27' title='bbox 565 458 769 515; x_wconf 85' lang='lat' dir='ltr'><strong>lucubri</strong></span> <span class='ocrx_word' id='word_1_28' title='bbox 799 466 1012 528; x_wconf 86' lang='lat' dir='ltr'><strong>satages</strong></span> <span class='ocrx_word' id='word_1_29' title='bbox 1036 455 1445 528; x_wconf 74' lang='lat' dir='ltr'><strong>obiectione;_et</strong></span> <span class='ocrx_word' id='word_1_30' title='bbox 1474 455 1599 528; x_wconf 67' lang='lat' dir='ltr'><strong>dum</strong></span> <span class='ocrx_word' id='word_1_31' title='bbox 1628 456 1854 528; x_wconf 76' lang='lat' dir='ltr'><strong>vipereos</strong></span> <span class='ocrx_word' id='word_1_32' title='bbox 1880 454 1948 528; x_wconf 80' lang='lat' dir='ltr'><strong>si-</strong></span> 
     </span>
    </p>
   </div>
   <div class='ocr_carea' id='block_1_6' title="bbox 372 522 1953 601">
    <p class='ocr_par' dir='ltr' id='par_1_6' title="bbox 372 522 1953 601">
     <span class='ocr_line' id='line_1_6' title="bbox 372 522 1953 601; baseline -0.006 -16"><span class='ocrx_word' id='word_1_33' title='bbox 372 531 503 586; x_wconf 73' lang='lat' dir='ltr'><strong>bilos</strong></span> <span class='ocrx_word' id='word_1_34' title='bbox 529 528 871 601; x_wconf 70' lang='lat' dir='ltr'><strong>(Arianorum</strong></span> <span class='ocrx_word' id='word_1_35' title='bbox 900 522 999 581; x_wconf 47' lang='lat' dir='ltr'><strong>a&#39;bs</strong></span> <span class='ocrx_word' id='word_1_36' title='bbox 1025 522 1208 601; x_wconf 75' lang='lat' dir='ltr'><strong>dubio)</strong></span> <span class='ocrx_word' id='word_1_37' title='bbox 1239 526 1494 593; x_wconf 78' lang='lat' dir='ltr'><strong>prurienti</strong></span> <span class='ocrx_word' id='word_1_38' title='bbox 1530 522 1687 601; x_wconf 61' lang='lat' dir='ltr'><strong>ﬁngis</strong></span> <span class='ocrx_word' id='word_1_39' title='bbox 1710 522 1953 601; x_wconf 68' lang='lat' dir='ltr'><strong>auricula</strong></span> 
     </span>
    </p>
   </div>
   <div class='ocr_carea' id='block_1_7' title="bbox 371 593 1953 668">
    <p class='ocr_par' dir='ltr' id='par_1_7' title="bbox 371 593 1953 668">
     <span class='ocr_line' id='line_1_7' title="bbox 371 593 1953 668; baseline -0.004 -14"><span class='ocrx_word' id='word_1_40' title='bbox 371 593 622 668; x_wconf 68' lang='lat' dir='ltr'><strong>refutare,</strong></span> <span class='ocrx_word' id='word_1_41' title='bbox 648 596 906 668; x_wconf 79' lang='lat' dir='ltr'><strong>pestiferp</strong></span> <span class='ocrx_word' id='word_1_42' title='bbox 940 596 1142 667; x_wconf 84' lang='lat' dir='ltr'><strong>aspidis</strong></span> <span class='ocrx_word' id='word_1_43' title='bbox 1186 593 1395 668; x_wconf 71' lang='lat' dir='ltr'><strong>veneno</strong></span> <span class='ocrx_word' id='word_1_44' title='bbox 1434 593 1804 668; x_wconf 54' lang='lat' dir='ltr'><strong>reguliquead</strong></span> <span class='ocrx_word' id='word_1_45' title='bbox 1837 608 1953 668; x_wconf 85' lang='lat' dir='ltr'><strong>mo-</strong></span> 
     </span>
    </p>
   </div>
   <div class='ocr_carea' id='block_1_8' title="bbox 372 664 1953 733">
    <p class='ocr_par' dir='ltr' id='par_1_8' title="bbox 372 664 1953 733">
     <span class='ocr_line' id='line_1_8' title="bbox 372 664 1953 733; baseline -0.006 -8"><span class='ocrx_word' id='word_1_46' title='bbox 372 664 502 725; x_wconf 83' lang='lat' dir='ltr'><strong>dum</strong></span> <span class='ocrx_word' id='word_1_47' title='bbox 533 664 813 724; x_wconf 80' lang='lat' dir='ltr'><strong>infamaris</strong></span> <span class='ocrx_word' id='word_1_48' title='bbox 852 665 977 721; x_wconf 68' lang='lat' dir='ltr'><strong>ﬂatu</strong></span> <span class='ocrx_word' id='word_1_49' title='bbox 1003 664 1220 720; x_wconf 54' lang='lat' dir='ltr'><strong>&#39;nccari.</strong></span> <span class='ocrx_word' id='word_1_50' title='bbox 1253 685 1271 716; x_wconf 78' lang='grc' dir='ltr'><strong>ι</strong></span> <span class='ocrx_word' id='word_1_51' title='bbox 1318 666 1434 733; x_wconf 81' lang='lat' dir='ltr'><strong>Ipse</strong></span> <span class='ocrx_word' id='word_1_52' title='bbox 1459 667 1625 719; x_wconf 88' lang='lat' dir='ltr'><strong>etiam</strong></span> <span class='ocrx_word' id='word_1_53' title='bbox 1662 664 1953 733; x_wconf 88' lang='lat' dir='ltr'><strong>Elipandus</strong></span> 
     </span>
    </p>
   </div>
   <div class='ocr_carea' id='block_1_9' title="bbox 371 733 1952 809">
    <p class='ocr_par' dir='ltr' id='par_1_9' title="bbox 371 733 1952 809">
     <span class='ocr_line' id='line_1_9' title="bbox 371 733 1952 809; baseline -0.006 -15"><span class='ocrx_word' id='word_1_54' title='bbox 371 740 609 809; x_wconf 90' lang='lat' dir='ltr'><strong>opinioni</strong></span> <span class='ocrx_word' id='word_1_55' title='bbox 638 746 836 792; x_wconf 60' lang='lat' dir='ltr'><strong>nostra:</strong></span> <span class='ocrx_word' id='word_1_56' title='bbox 861 736 1073 807; x_wconf 90' lang='lat' dir='ltr'><strong>plenum</strong></span> <span class='ocrx_word' id='word_1_57' title='bbox 1102 738 1267 789; x_wconf 73' lang='lat' dir='ltr'><strong>robur</strong></span> <span class='ocrx_word' id='word_1_58' title='bbox 1307 735 1487 809; x_wconf 81' lang='lat' dir='ltr'><strong>addit,_</strong></span> <span class='ocrx_word' id='word_1_59' title='bbox 1505 735 1633 809; x_wconf 83' lang='lat' dir='ltr'><strong>dum</strong></span> <span class='ocrx_word' id='word_1_60' title='bbox 1661 735 1714 788; x_wconf 92' lang='lat' dir='ltr'><strong>in</strong></span> <span class='ocrx_word' id='word_1_61' title='bbox 1735 733 1952 809; x_wconf 79' lang='lat' dir='ltr'><strong>scrip&#39;is</strong></span> 
     </span>
    </p>
   </div>
   <div class='ocr_carea' id='block_1_10' title="bbox 374 804 1954 876">
    <p class='ocr_par' dir='ltr' id='par_1_10' title="bbox 374 804 1954 876">
     <span class='ocr_line' id='line_1_10' title="bbox 374 804 1954 876; baseline -0.005 -11"><span class='ocrx_word' id='word_1_62' title='bbox 374 804 488 865; x_wconf 81' lang='lat' dir='ltr'><strong>suis</strong></span> <span class='ocrx_word' id='word_1_63' title='bbox 530 808 812 863; x_wconf 85' lang='lat' dir='ltr'><strong>Alcuinum</strong></span> <span class='ocrx_word' id='word_1_64' title='bbox 860 804 999 876; x_wconf 73' lang='lat' dir='ltr'><strong>saepe</strong></span> <span class='ocrx_word' id='word_1_65' title='bbox 1036 821 1232 860; x_wconf 89' lang='lat' dir='ltr'><strong>novum</strong></span> <span class='ocrx_word' id='word_1_66' title='bbox 1277 812 1434 858; x_wconf 90' lang='lat' dir='ltr'><strong>vocat</strong></span> <span class='ocrx_word' id='word_1_67' title='bbox 1462 804 1679 869; x_wconf 83' lang='lat' dir='ltr'><strong>Arium;</strong></span> <span class='ocrx_word' id='word_1_68' title='bbox 1714 804 1954 876; x_wconf 86' lang='lat' dir='ltr'><strong>adoptio—</strong></span> 
     </span>
    </p>
   </div>
   <div class='ocr_carea' id='block_1_11' title="bbox 373 875 1953 948">
    <p class='ocr_par' dir='ltr' id='par_1_11' title="bbox 373 875 1953 948">
     <span class='ocr_line' id='line_1_11' title="bbox 373 875 1953 948; baseline -0.005 -14"><span class='ocrx_word' id='word_1_69' title='bbox 373 896 497 935; x_wconf 91' lang='lat' dir='ltr'><strong>nem</strong></span> <span class='ocrx_word' id='word_1_70' title='bbox 539 878 725 948; x_wconf 86' lang='lat' dir='ltr'><strong>negari</strong></span> <span class='ocrx_word' id='word_1_71' title='bbox 768 877 910 948; x_wconf 89' lang='lat' dir='ltr'><strong>haud</strong></span> <span class='ocrx_word' id='word_1_72' title='bbox 938 875 1108 948; x_wconf 84' lang='lat' dir='ltr'><strong>posse</strong></span> <span class='ocrx_word' id='word_1_73' title='bbox 1152 876 1487 948; x_wconf 78' lang='lat' dir='ltr'><strong>existimans,</strong></span> <span class='ocrx_word' id='word_1_74' title='bbox 1531 875 1953 948; x_wconf 40' lang='lat' dir='ltr'><strong>quinuﬁvinitas</strong></span> 
     </span>
    </p>
   </div>
   <div class='ocr_carea' id='block_1_12' title="bbox 375 943 1952 1019">
    <p class='ocr_par' dir='ltr' id='par_1_12' title="bbox 375 943 1952 1019">
     <span class='ocr_line' id='line_1_12' title="bbox 375 943 1952 1019; baseline -0.005 -14"><span class='ocrx_word' id='word_1_75' title='bbox 375 949 539 1005; x_wconf 80' lang='lat' dir='ltr'><strong>V&#39;erbi</strong></span> <span class='ocrx_word' id='word_1_76' title='bbox 568 943 823 1019; x_wconf 78' lang='lat' dir='ltr'><strong>negetur;</strong></span> <span class='ocrx_word' id='word_1_77' title='bbox 854 943 981 1019; x_wconf 72' lang='lat' dir='ltr'><strong>dum</strong></span> <span class='ocrx_word' id='word_1_78' title='bbox 1022 946 1324 1019; x_wconf 81' lang='lat' dir='ltr'><strong>insuper_iu</strong></span> <span class='ocrx_word' id='word_1_79' title='bbox 1365 944 1593 1019; x_wconf 82' lang='lat' dir='ltr'><strong>epistola</strong></span> <span class='ocrx_word' id='word_1_80' title='bbox 1619 944 1684 999; x_wconf 90' lang='lat' dir='ltr'><strong>ad</strong></span> <span class='ocrx_word' id='word_1_81' title='bbox 1715 943 1952 999; x_wconf 87' lang='lat' dir='ltr'><strong>Fidelem</strong></span> 
     </span>
    </p>
   </div>
   <div class='ocr_carea' id='block_1_13' title="bbox 374 1015 1953 1085">
    <p class='ocr_par' dir='ltr' id='par_1_13' title="bbox 374 1015 1953 1085">
     <span class='ocr_line' id='line_1_13' title="bbox 374 1015 1953 1085; baseline -0.005 -11"><span class='ocrx_word' id='word_1_82' title='bbox 374 1020 621 1074; x_wconf 76' lang='lat' dir='ltr'><strong>abbatem</strong></span> <span class='ocrx_word' id='word_1_83' title='bbox 641 1015 735 1071; x_wconf 58' lang='lat' dir='ltr'><strong>&#39;ait</strong></span> <span class='ocrx_word' id='word_1_84' title='bbox 766 1034 779 1069; x_wconf 87' lang='lat'><strong>:</strong></span> <span class='ocrx_word' id='word_1_85' title='bbox 816 1035 835 1067; x_wconf 73' lang='grc' dir='ltr'><strong>ι</strong></span> <span class='ocrx_word' id='word_1_86' title='bbox 880 1015 1125 1070; x_wconf 83' lang='lat' dir='ltr'><strong>Bonosus</strong></span> <span class='ocrx_word' id='word_1_87' title='bbox 1151 1025 1207 1069; x_wconf 92' lang='lat' dir='ltr'><strong>et</strong></span> <span class='ocrx_word' id='word_1_88' title='bbox 1235 1015 1430 1070; x_wconf 83' lang='lat' dir='ltr'><strong>Beatus</strong></span> <span class='ocrx_word' id='word_1_89' title='bbox 1466 1016 1797 1085; x_wconf 87' lang='lat' dir='ltr'><strong>parierrore</strong></span> <span class='ocrx_word' id='word_1_90' title='bbox 1825 1028 1953 1068; x_wconf 89' lang='lat' dir='ltr'><strong>con-</strong></span> 
     </span>
    </p>
   </div>
   <div class='ocr_carea' id='block_1_14' title="bbox 375 1084 1956 1154">
    <p class='ocr_par' dir='ltr' id='par_1_14' title="bbox 375 1084 1956 1154">
     <span class='ocr_line' id='line_1_14' title="bbox 375 1084 1956 1154; baseline -0.004 -11"><span class='ocrx_word' id='word_1_91' title='bbox 375 1089 609 1143; x_wconf 85' lang='lat' dir='ltr'><strong>demnati</strong></span> <span class='ocrx_word' id='word_1_92' title='bbox 638 1093 782 1143; x_wconf 87' lang='lat' dir='ltr'><strong>sunt.</strong></span> <span class='ocrx_word' id='word_1_93' title='bbox 829 1085 919 1142; x_wconf 82' lang='lat' dir='ltr'><strong>ille</strong></span> <span class='ocrx_word' id='word_1_94' title='bbox 948 1085 1177 1140; x_wconf 81' lang='lat' dir='ltr'><strong>credidit</strong></span> <span class='ocrx_word' id='word_1_95' title='bbox 1220 1085 1287 1141; x_wconf 90' lang='lat' dir='ltr'><strong>de</strong></span> <span class='ocrx_word' id='word_1_96' title='bbox 1325 1084 1496 1139; x_wconf 88' lang='lat' dir='ltr'><strong>matre</strong></span> <span class='ocrx_word' id='word_1_97' title='bbox 1539 1084 1867 1154; x_wconf 80' lang='lat' dir='ltr'><strong>adoptivum,</strong></span> <span class='ocrx_word' id='word_1_98' title='bbox 1899 1092 1956 1137; x_wconf 88' lang='lat' dir='ltr'><strong>et</strong></span> 
     </span>
    </p>
   </div>
   <div class='ocr_carea' id='block_1_15' title="bbox 376 1154 1953 1225">
    <p class='ocr_par' dir='ltr' id='par_1_15' title="bbox 376 1154 1953 1225">
     <span class='ocr_line' id='line_1_15' title="bbox 376 1154 1953 1225; baseline -0.004 -13"><span class='ocrx_word' id='word_1_99' title='bbox 376 1175 481 1213; x_wconf 91' lang='lat' dir='ltr'><strong>non</strong></span> <span class='ocrx_word' id='word_1_100' title='bbox 515 1160 580 1213; x_wconf 94' lang='lat' dir='ltr'><strong>dc</strong></span> <span class='ocrx_word' id='word_1_101' title='bbox 606 1157 764 1211; x_wconf 86' lang='lat' dir='ltr'><strong>Patre</strong></span> <span class='ocrx_word' id='word_1_102' title='bbox 800 1162 926 1225; x_wconf 82' lang='lat' dir='ltr'><strong>ante</strong></span> <span class='ocrx_word' id='word_1_103' title='bbox 953 1156 1146 1209; x_wconf 67' lang='lat' dir='ltr'><strong>saecula</strong></span> <span class='ocrx_word' id='word_1_104' title='bbox 1176 1155 1450 1225; x_wconf 88' lang='lat' dir='ltr'><strong>genitum;</strong></span> <span class='ocrx_word' id='word_1_105' title='bbox 1483 1163 1662 1209; x_wconf 91' lang='lat' dir='ltr'><strong>etnon</strong></span> <span class='ocrx_word' id='word_1_106' title='bbox 1688 1154 1753 1225; x_wconf 86' lang='lat' dir='ltr'><strong>de</strong></span> <span class='ocrx_word' id='word_1_107' title='bbox 1778 1162 1953 1207; x_wconf 86' lang='lat' dir='ltr'><strong>matre</strong></span> 
     </span>
    </p>
   </div>
   <div class='ocr_carea' id='block_1_16' title="bbox 376 1224 1954 1298">
    <p class='ocr_par' dir='ltr' id='par_1_16' title="bbox 376 1224 1954 1298">
     <span class='ocr_line' id='line_1_16' title="bbox 376 1224 1954 1298; baseline -0.003 -17"><span class='ocrx_word' id='word_1_108' title='bbox 376 1227 743 1298; x_wconf 83' lang='lat' dir='ltr'><strong>temporaliter</strong></span> <span class='ocrx_word' id='word_1_109' title='bbox 787 1224 1117 1298; x_wconf 79' lang='lat' dir='ltr'><strong>adoptivum.</strong></span> <span class='ocrx_word' id='word_1_110' title='bbox 1157 1224 1193 1276; x_wconf 60' lang='grc'><strong>»⁷</strong></span> <span class='ocrx_word' id='word_1_111' title='bbox 1230 1225 1307 1279; x_wconf 71' lang='lat' dir='ltr'><strong>Ex</strong></span> <span class='ocrx_word' id='word_1_112' title='bbox 1342 1225 1538 1298; x_wconf 78' lang='lat' dir='ltr'><strong>quibus</strong></span> <span class='ocrx_word' id='word_1_113' title='bbox 1579 1224 1827 1298; x_wconf 75' lang='lat' dir='ltr'><strong>omuibus</strong></span> <span class='ocrx_word' id='word_1_114' title='bbox 1874 1225 1954 1276; x_wconf 85' lang='lat' dir='ltr'><strong>in-</strong></span> 
     </span>
    </p>
   </div>
   <div class='ocr_carea' id='block_1_17' title="bbox 373 1292 1952 1377">
    <p class='ocr_par' dir='ltr' id='par_1_17' title="bbox 373 1292 1952 1377">
     <span class='ocr_line' id='line_1_17' title="bbox 373 1292 1952 1377; baseline -0.004 -24"><span class='ocrx_word' id='word_1_115' title='bbox 373 1292 566 1377; x_wconf 38' lang='lat' dir='ltr'><strong>fer-tur,</strong></span> <span class='ocrx_word' id='word_1_116' title='bbox 592 1292 909 1377; x_wconf 78' lang='lat' dir='ltr'><strong>Elipanduni</strong></span> <span class='ocrx_word' id='word_1_117' title='bbox 936 1294 1170 1375; x_wconf 84' lang='lat' dir='ltr'><strong>maxime</strong></span> <span class='ocrx_word' id='word_1_118' title='bbox 1215 1303 1326 1376; x_wconf 82' lang='lat' dir='ltr'><strong>tum</strong></span> <span class='ocrx_word' id='word_1_119' title='bbox 1347 1295 1640 1377; x_wconf 68' lang='lat' dir='ltr'><strong>sollicitum</strong></span> <span class='ocrx_word' id='word_1_120' title='bbox 1665 1292 1952 1377; x_wconf 79' lang='lat' dir='ltr'><strong>_fuisse,_ut</strong></span> 
     </span>
    </p>
   </div>
   <div class='ocr_carea' id='block_1_18' title="bbox 374 1363 1949 1435">
    <p class='ocr_par' dir='ltr' id='par_1_18' title="bbox 374 1363 1949 1435">
     <span class='ocr_line' id='line_1_18' title="bbox 374 1363 1949 1435; baseline -0.004 -14"><span class='ocrx_word' id='word_1_121' title='bbox 374 1366 509 1429; x_wconf 84' lang='lat' dir='ltr'><strong>Arii,</strong></span> <span class='ocrx_word' id='word_1_122' title='bbox 534 1375 591 1421; x_wconf 90' lang='lat' dir='ltr'><strong>et</strong></span> <span class='ocrx_word' id='word_1_123' title='bbox 610 1363 700 1434; x_wconf 85' lang='lat' dir='ltr'><strong>qui</strong></span> <span class='ocrx_word' id='word_1_124' title='bbox 726 1364 874 1435; x_wconf 89' lang='lat' dir='ltr'><strong>paria</strong></span> <span class='ocrx_word' id='word_1_125' title='bbox 894 1378 1024 1435; x_wconf 82' lang='lat' dir='ltr'><strong>cum</strong></span> <span class='ocrx_word' id='word_1_126' title='bbox 1046 1364 1150 1435; x_wconf 84' lang='lat' dir='ltr'><strong>isto</strong></span> <span class='ocrx_word' id='word_1_127' title='bbox 1172 1365 1459 1435; x_wconf 82' lang='lat' dir='ltr'><strong>sentiebat,</strong></span> <span class='ocrx_word' id='word_1_128' title='bbox 1488 1364 1677 1435; x_wconf 82' lang='lat' dir='ltr'><strong>Bonosi</strong></span> <span class='ocrx_word' id='word_1_129' title='bbox 1701 1363 1949 1435; x_wconf 69' lang='lat' dir='ltr'><strong>haeresin,</strong></span> 
     </span>
    </p>
   </div>
   <div class='ocr_carea' id='block_1_19' title="bbox 375 1433 1951 1557">
    <p class='ocr_par' dir='ltr' id='par_1_19' title="bbox 375 1433 1951 1557">
     <span class='ocr_line' id='line_1_19' title="bbox 375 1433 1951 1557; baseline -0.004 -66"><span class='ocrx_word' id='word_1_130' title='bbox 375 1433 716 1506; x_wconf 81' lang='lat' dir='ltr'><strong>adoptionem</strong></span> <span class='ocrx_word' id='word_1_131' title='bbox 729 1433 841 1503; x_wconf 79' lang='lat' dir='ltr'><strong>ipsi</strong></span> <span class='ocrx_word' id='word_1_132' title='bbox 863 1434 1040 1488; x_wconf 84' lang='lat' dir='ltr'><strong>Verbo</strong></span> <span class='ocrx_word' id='word_1_133' title='bbox 1055 1434 1235 1488; x_wconf 89' lang='lat' dir='ltr'><strong>divino</strong></span> <span class='ocrx_word' id='word_1_134' title='bbox 1254 1433 1612 1557; x_wconf 47' lang='lat' dir='ltr'><strong>allinfentem,</strong></span> <span class='ocrx_word' id='word_1_135' title='bbox 1638 1433 1951 1497; x_wconf 89' lang='lat' dir='ltr'><strong>declinaret,</strong></span> 
     </span>
     <span class='ocr_line' id='line_1_20' title="bbox 375 1502 1951 1557; baseline -0.001 0"><span class='ocrx_word' id='word_1_136' title='bbox 375 1506 871 1557; x_wconf 75' lang='lat' dir='ltr'><strong>siimrimeretuue.</strong></span> <span class='ocrx_word' id='word_1_137' title='bbox 918 1511 1079 1557; x_wconf 77' lang='lat' dir='ltr'><strong>atoue</strong></span> <span class='ocrx_word' id='word_1_138' title='bbox 1114 1504 1316 1557; x_wconf 89' lang='lat' dir='ltr'><strong>idcirco</strong></span> <span class='ocrx_word' id='word_1_139' title='bbox 1403 1504 1763 1557; x_wconf 89' lang='lat' dir='ltr'><strong>istinctionem</strong></span> <span class='ocrx_word' id='word_1_140' title='bbox 1807 1502 1951 1556; x_wconf 85' lang='lat' dir='ltr'><strong>illam</strong></span> 
     </span>
    </p>
   </div>
   <div class='ocr_carea' id='block_1_20' title="bbox 374 1502 1953 1583">
    <p class='ocr_par' dir='ltr' id='par_1_20' title="bbox 374 1502 1953 1583">
     <span class='ocr_line' id='line_1_21' title="bbox 374 1502 1953 1583; baseline -0.004 -22"><span class='ocrx_word' id='word_1_141' title='bbox 374 1502 871 1583; x_wconf 80' lang='lat' dir='ltr'><strong>supprimerctque,</strong></span> <span class='ocrx_word' id='word_1_142' title='bbox 913 1511 1079 1583; x_wconf 62' lang='lat' dir='ltr'><strong>atque</strong></span> <span class='ocrx_word' id='word_1_143' title='bbox 1114 1504 1326 1583; x_wconf 85' lang='lat' dir='ltr'><strong>idcirco_</strong></span> <span class='ocrx_word' id='word_1_144' title='bbox 1362 1502 1763 1583; x_wconf 64' lang='lat' dir='ltr'><strong>distinctionem</strong></span> <span class='ocrx_word' id='word_1_145' title='bbox 1801 1502 1953 1583; x_wconf 76' lang='lat' dir='ltr'><strong>illam</strong></span> 
     </span>
    </p>
   </div>
   <div class='ocr_carea' id='block_1_21' title="bbox 376 1571 1953 1642">
    <p class='ocr_par' dir='ltr' id='par_1_21' title="bbox 376 1571 1953 1642">
     <span class='ocr_line' id='line_1_22' title="bbox 376 1571 1953 1642; baseline -0.003 -11"><span class='ocrx_word' id='word_1_146' title='bbox 376 1571 520 1631; x_wconf 74' lang='lat' dir='ltr'><strong>inter</strong></span> <span class='ocrx_word' id='word_1_147' title='bbox 565 1571 863 1628; x_wconf 84' lang='lat' dir='ltr'><strong>naturalem</strong></span> <span class='ocrx_word' id='word_1_148' title='bbox 894 1571 1108 1627; x_wconf 81' lang='lat' dir='ltr'><strong>&#39;Filium</strong></span> <span class='ocrx_word' id='word_1_149' title='bbox 1151 1573 1327 1642; x_wconf 86' lang='lat' dir='ltr'><strong>quoad</strong></span> <span class='ocrx_word' id='word_1_150' title='bbox 1372 1573 1727 1633; x_wconf 88' lang='lat' dir='ltr'><strong>divinitatem,</strong></span> <span class='ocrx_word' id='word_1_151' title='bbox 1761 1582 1835 1642; x_wconf 16' lang='lat' dir='ltr'><strong>et,</strong></span> <span class='ocrx_word' id='word_1_152' title='bbox 1861 1571 1953 1626; x_wconf 89' lang='lat' dir='ltr'><strong>ad-</strong></span> 
     </span>
    </p>
   </div>
   <div class='ocr_carea' id='block_1_22' title="bbox 374 1641 1952 1716">
    <p class='ocr_par' dir='ltr' id='par_1_22' title="bbox 374 1641 1952 1716">
     <span class='ocr_line' id='line_1_23' title="bbox 374 1641 1952 1716; baseline -0.003 -16"><span class='ocrx_word' id='word_1_153' title='bbox 374 1646 615 1716; x_wconf 84' lang='lat' dir='ltr'><strong>eptivum</strong></span> <span class='ocrx_word' id='word_1_154' title='bbox 640 1644 816 1712; x_wconf 86' lang='lat' dir='ltr'><strong>quoad</strong></span> <span class='ocrx_word' id='word_1_155' title='bbox 845 1641 1233 1716; x_wconf 83' lang='lat' dir='ltr'><strong>humanitatem</strong></span> <span class='ocrx_word' id='word_1_156' title='bbox 1269 1642 1394 1716; x_wconf 86' lang='lat' dir='ltr'><strong>olim</strong></span> <span class='ocrx_word' id='word_1_157' title='bbox 1416 1643 1528 1716; x_wconf 81' lang='lat' dir='ltr'><strong>jam</strong></span> <span class='ocrx_word' id='word_1_158' title='bbox 1553 1658 1586 1716; x_wconf 76' lang='lat' dir='ltr'><strong>a</strong></span> <span class='ocrx_word' id='word_1_159' title='bbox 1609 1641 1952 1712; x_wconf 89' lang='lat' dir='ltr'><strong>quibusdam,</strong></span> 
     </span>
    </p>
   </div>
   <div class='ocr_carea' id='block_1_23' title="bbox 375 1712 2030 1801">
    <p class='ocr_par' dir='ltr' id='par_1_23' title="bbox 375 1712 2030 1801">
     <span class='ocr_line' id='line_1_24' title="bbox 375 1712 2030 1801; baseline -0.003 -32"><span class='ocrx_word' id='word_1_160' title='bbox 375 1712 437 1801; x_wconf 65' lang='lat' dir='ltr'><strong>ut</strong></span> <span class='ocrx_word' id='word_1_161' title='bbox 456 1715 686 1794; x_wconf 70' lang='lat' dir='ltr'><strong>vidimus</strong></span> <span class='ocrx_word' id='word_1_162' title='bbox 730 1720 1063 1793; x_wconf 69' lang='lat' dir='ltr'><strong>usurpatam,</strong></span> <span class='ocrx_word' id='word_1_163' title='bbox 1094 1714 1274 1801; x_wconf 78' lang='lat' dir='ltr'><strong>dean</strong></span> <span class='ocrx_word' id='word_1_164' title='bbox 1298 1712 1352 1766; x_wconf 90' lang='lat' dir='ltr'><strong>in</strong></span> <span class='ocrx_word' id='word_1_165' title='bbox 1383 1712 1679 1801; x_wconf 60' lang='lat' dir='ltr'><strong>siibsidium</strong></span> <span class='ocrx_word' id='word_1_166' title='bbox 1706 1726 1949 1801; x_wconf 67' lang='lat' dir='ltr'><strong>vocasse.</strong></span> <span class='ocrx_word' id='word_1_167' title='bbox 1983 1742 2030 1801; x_wconf 73' lang='grc' dir='ltr'><strong>Β</strong></span> 
     </span>
    </p>
   </div>
   <div class='ocr_carea' id='block_1_24' title="bbox 378 1781 1950 1852">
    <p class='ocr_par' dir='ltr' id='par_1_24' title="bbox 378 1781 1950 1852">
     <span class='ocr_line' id='line_1_25' title="bbox 378 1781 1950 1852; baseline -0.002 -13"><span class='ocrx_word' id='word_1_168' title='bbox 378 1786 445 1839; x_wconf 86' lang='lat' dir='ltr'><strong>Et</strong></span> <span class='ocrx_word' id='word_1_169' title='bbox 464 1798 594 1839; x_wconf 89' lang='lat' dir='ltr'><strong>vero</strong></span> <span class='ocrx_word' id='word_1_170' title='bbox 615 1783 666 1836; x_wconf 91' lang='lat' dir='ltr'><strong>in</strong></span> <span class='ocrx_word' id='word_1_171' title='bbox 694 1781 1025 1852; x_wconf 85' lang='lat' dir='ltr'><strong>expositione</strong></span> <span class='ocrx_word' id='word_1_172' title='bbox 1054 1782 1365 1836; x_wconf 76' lang='lat' dir='ltr'><strong>earumdem</strong></span> <span class='ocrx_word' id='word_1_173' title='bbox 1392 1781 1684 1852; x_wconf 69' lang='lat' dir='ltr'><strong>Scripturaa</strong></span> <span class='ocrx_word' id='word_1_174' title='bbox 1709 1788 1950 1836; x_wconf 89' lang='lat' dir='ltr'><strong>textuum</strong></span> 
     </span>
    </p>
   </div>
   <div class='ocr_carea' id='block_1_25' title="bbox 376 1851 1952 1922">
    <p class='ocr_par' dir='ltr' id='par_1_25' title="bbox 376 1851 1952 1922">
     <span class='ocr_line' id='line_1_26' title="bbox 376 1851 1952 1922; baseline -0.003 -12"><span class='ocrx_word' id='word_1_175' title='bbox 376 1854 696 1910; x_wconf 87' lang='lat' dir='ltr'><strong>laborabant</strong></span> <span class='ocrx_word' id='word_1_176' title='bbox 729 1852 964 1922; x_wconf 83' lang='lat' dir='ltr'><strong>episcopi</strong></span> <span class='ocrx_word' id='word_1_177' title='bbox 1012 1851 1231 1920; x_wconf 77' lang='lat' dir='ltr'><strong>Hispani</strong></span> <span class='ocrx_word' id='word_1_178' title='bbox 1276 1852 1471 1906; x_wconf 69' lang='lat' dir='ltr'><strong>saeculo</strong></span> <span class='ocrx_word' id='word_1_179' title='bbox 1514 1851 1742 1922; x_wconf 59' lang='lat' dir='ltr'><strong>Octavo,</strong></span> <span class='ocrx_word' id='word_1_180' title='bbox 1758 1852 1952 1921; x_wconf 86' lang='lat' dir='ltr'><strong>quibus</strong></span> 
     </span>
    </p>
   </div>
   <div class='ocr_carea' id='block_1_26' title="bbox 375 1921 1953 1989">
    <p class='ocr_par' dir='ltr' id='par_1_26' title="bbox 375 1921 1953 1989">
     <span class='ocr_line' id='line_1_27' title="bbox 375 1921 1953 1989; baseline -0.002 -11"><span class='ocrx_word' id='word_1_181' title='bbox 375 1925 626 1986; x_wconf 83' lang='lat' dir='ltr'><strong>Arianos,</strong></span> <span class='ocrx_word' id='word_1_182' title='bbox 676 1930 735 1976; x_wconf 92' lang='lat' dir='ltr'><strong>ut</strong></span> <span class='ocrx_word' id='word_1_183' title='bbox 768 1921 1141 1989; x_wconf 82' lang='lat' dir='ltr'><strong>adoptionem,</strong></span> <span class='ocrx_word' id='word_1_184' title='bbox 1185 1921 1671 1976; x_wconf 87' lang='lat' dir='ltr'><strong>denominationem</strong></span> <span class='ocrx_word' id='word_1_185' title='bbox 1718 1921 1814 1976; x_wconf 86' lang='lat' dir='ltr'><strong>Dei</strong></span> <span class='ocrx_word' id='word_1_186' title='bbox 1860 1937 1953 1976; x_wconf 85' lang='lat' dir='ltr'><strong>ex-</strong></span> 
     </span>
    </p>
   </div>
   <div class='ocr_carea' id='block_1_27' title="bbox 377 1990 1947 2060">
    <p class='ocr_par' dir='ltr' id='par_1_27' title="bbox 377 1990 1947 2060">
     <span class='ocr_line' id='line_1_28' title="bbox 377 1990 1947 2060; baseline -0.002 -13"><span class='ocrx_word' id='word_1_187' title='bbox 377 1995 665 2048; x_wconf 85' lang='lat' dir='ltr'><strong>trinsecam</strong></span> <span class='ocrx_word' id='word_1_188' title='bbox 693 2006 757 2045; x_wconf 92' lang='lat' dir='ltr'><strong>ac</strong></span> <span class='ocrx_word' id='word_1_189' title='bbox 794 1990 1107 2045; x_wconf 85' lang='lat' dir='ltr'><strong>servitutem</strong></span> <span class='ocrx_word' id='word_1_190' title='bbox 1138 1993 1189 2045; x_wconf 92' lang='lat' dir='ltr'><strong>in</strong></span> <span class='ocrx_word' id='word_1_191' title='bbox 1236 1993 1353 2060; x_wconf 90' lang='lat' dir='ltr'><strong>ipso</strong></span> <span class='ocrx_word' id='word_1_192' title='bbox 1379 1992 1556 2046; x_wconf 83' lang='lat' dir='ltr'><strong>Verbo</strong></span> <span class='ocrx_word' id='word_1_193' title='bbox 1581 1990 1947 2055; x_wconf 82' lang='lat' dir='ltr'><strong>defenderent,</strong></span> 
     </span>
    </p>
   </div>
   <div class='ocr_carea' id='block_1_28' title="bbox 376 2060 1955 2131">
    <p class='ocr_par' dir='ltr' id='par_1_28' title="bbox 376 2060 1955 2131">
     <span class='ocr_line' id='line_1_29' title="bbox 376 2060 1955 2131; baseline -0.002 -13"><span class='ocrx_word' id='word_1_194' title='bbox 376 2064 558 2118; x_wconf 82' lang='lat' dir='ltr'><strong>statim</strong></span> <span class='ocrx_word' id='word_1_195' title='bbox 605 2062 674 2115; x_wconf 88' lang='lat' dir='ltr'><strong>ab</strong></span> <span class='ocrx_word' id='word_1_196' title='bbox 723 2061 876 2114; x_wconf 88' lang='lat' dir='ltr'><strong>initio</strong></span> <span class='ocrx_word' id='word_1_197' title='bbox 925 2061 1140 2125; x_wconf 87' lang='lat' dir='ltr'><strong>abusos,</strong></span> <span class='ocrx_word' id='word_1_198' title='bbox 1170 2074 1411 2131; x_wconf 86' lang='lat' dir='ltr'><strong>quosque</strong></span> <span class='ocrx_word' id='word_1_199' title='bbox 1459 2076 1491 2114; x_wconf 91' lang='lat' dir='ltr'><strong>a</strong></span> <span class='ocrx_word' id='word_1_200' title='bbox 1533 2060 1825 2131; x_wconf 84' lang='lat' dir='ltr'><strong>nonnullis,</strong></span> <span class='ocrx_word' id='word_1_201' title='bbox 1861 2061 1955 2129; x_wconf 85' lang='lat' dir='ltr'><strong>qui</strong></span> 
     </span>
    </p>
   </div>
   <div class='ocr_carea' id='block_1_29' title="bbox 375 2129 1955 2198">
    <p class='ocr_par' dir='ltr' id='par_1_29' title="bbox 375 2129 1955 2198">
     <span class='ocr_line' id='line_1_30' title="bbox 375 2129 1955 2198; baseline -0.001 -11"><span class='ocrx_word' id='word_1_202' title='bbox 375 2148 565 2187; x_wconf 87' lang='lat' dir='ltr'><strong>eorum</strong></span> <span class='ocrx_word' id='word_1_203' title='bbox 600 2133 829 2198; x_wconf 85' lang='lat' dir='ltr'><strong>impetus</strong></span> <span class='ocrx_word' id='word_1_204' title='bbox 877 2131 1164 2185; x_wconf 87' lang='lat' dir='ltr'><strong>retundere</strong></span> <span class='ocrx_word' id='word_1_205' title='bbox 1190 2129 1560 2194; x_wconf 73' lang='lat' dir='ltr'><strong>conabantur,</strong></span> <span class='ocrx_word' id='word_1_206' title='bbox 1605 2129 1744 2185; x_wconf 86' lang='lat' dir='ltr'><strong>male</strong></span> <span class='ocrx_word' id='word_1_207' title='bbox 1790 2130 1955 2185; x_wconf 83' lang='lat' dir='ltr'><strong>fuisse</strong></span> 
     </span>
    </p>
   </div>
   <div class='ocr_carea' id='block_1_30' title="bbox 376 2199 1955 2282">
    <p class='ocr_par' dir='ltr' id='par_1_30' title="bbox 376 2199 1955 2282">
     <span class='ocr_line' id='line_1_31' title="bbox 376 2199 1955 2282; baseline -0.001 -25"><span class='ocrx_word' id='word_1_208' title='bbox 376 2203 669 2282; x_wconf 72' lang='lat' dir='ltr'><strong>expositos,</strong></span> <span class='ocrx_word' id='word_1_209' title='bbox 696 2199 994 2282; x_wconf 44' lang='lat' dir='ltr'><strong>jamsuplra</strong></span> <span class='ocrx_word' id='word_1_210' title='bbox 1019 2201 1270 2282; x_wconf 72' lang='lat' dir='ltr'><strong>diximus.</strong></span> <span class='ocrx_word' id='word_1_211' title='bbox 1301 2200 1583 2282; x_wconf 71' lang='lat' dir='ltr'><strong>Sic,_quod</strong></span> <span class='ocrx_word' id='word_1_212' title='bbox 1612 2201 1955 2282; x_wconf 71' lang='lat' dir='ltr'><strong>adoptionem</strong></span> 
     </span>
    </p>
   </div>
   <div class='ocr_carea' id='block_1_31' title="bbox 377 2270 1956 2342">
    <p class='ocr_par' dir='ltr' id='par_1_31' title="bbox 377 2270 1956 2342">
     <span class='ocr_line' id='line_1_32' title="bbox 377 2270 1956 2342; baseline -0.003 -14"><span class='ocrx_word' id='word_1_213' title='bbox 377 2270 628 2342; x_wconf 86' lang='lat' dir='ltr'><strong>spectat,_</strong></span> <span class='ocrx_word' id='word_1_214' title='bbox 651 2270 725 2342; x_wconf 70' lang='lat' dir='ltr'><strong>in</strong></span> <span class='ocrx_word' id='word_1_215' title='bbox 751 2270 974 2342; x_wconf 85' lang='lat' dir='ltr'><strong>epistola</strong></span> <span class='ocrx_word' id='word_1_216' title='bbox 1003 2271 1374 2342; x_wconf 88' lang='lat' dir='ltr'><strong>episcoporum</strong></span> <span class='ocrx_word' id='word_1_217' title='bbox 1418 2270 1688 2342; x_wconf 80' lang='lat' dir='ltr'><strong>Hispaniae</strong></span> <span class='ocrx_word' id='word_1_218' title='bbox 1732 2271 1799 2325; x_wconf 91' lang='lat' dir='ltr'><strong>ad</strong></span> <span class='ocrx_word' id='word_1_219' title='bbox 1843 2271 1956 2340; x_wconf 90' lang='lat' dir='ltr'><strong>epi-</strong></span> 
     </span>
    </p>
   </div>
   <div class='ocr_carea' id='block_1_32' title="bbox 378 2339 1954 2413">
    <p class='ocr_par' dir='ltr' id='par_1_32' title="bbox 378 2339 1954 2413">
     <span class='ocr_line' id='line_1_33' title="bbox 378 2339 1954 2413; baseline -0.002 -16"><span class='ocrx_word' id='word_1_220' title='bbox 378 2339 570 2413; x_wconf 75' lang='lat' dir='ltr'><strong>scopos</strong></span> <span class='ocrx_word' id='word_1_221' title='bbox 591 2339 1148 2413; x_wconf 60' lang='lat' dir='ltr'><strong>Gallixe,_Aquitaniu3,</strong></span> <span class='ocrx_word' id='word_1_222' title='bbox 1173 2339 1305 2405; x_wconf 86' lang='lat' dir='ltr'><strong>etc.,</strong></span> <span class='ocrx_word' id='word_1_223' title='bbox 1330 2341 1510 2413; x_wconf 86' lang='lat' dir='ltr'><strong>omnia</strong></span> <span class='ocrx_word' id='word_1_224' title='bbox 1537 2340 1650 2395; x_wconf 80' lang='lat' dir='ltr'><strong>fere</strong></span> <span class='ocrx_word' id='word_1_225' title='bbox 1677 2339 1954 2413; x_wconf 60' lang='lat' dir='ltr'><strong>sacragum</strong></span> 
     </span>
    </p>
   </div>
   <div class='ocr_carea' id='block_1_33' title="bbox 376 2409 1953 2480">
    <p class='ocr_par' dir='ltr' id='par_1_33' title="bbox 376 2409 1953 2480">
     <span class='ocr_line' id='line_1_34' title="bbox 376 2409 1953 2480; baseline -0.003 -13"><span class='ocrx_word' id='word_1_226' title='bbox 376 2409 685 2480; x_wconf 78' lang='lat' dir='ltr'><strong>litterarum</strong></span> <span class='ocrx_word' id='word_1_227' title='bbox 700 2409 1022 2480; x_wconf 83' lang='lat' dir='ltr'><strong>testimonia,</strong></span> <span class='ocrx_word' id='word_1_228' title='bbox 1047 2409 1358 2473; x_wconf 73' lang='lat' dir='ltr'><strong>aﬁ‘eruntur,</strong></span> <span class='ocrx_word' id='word_1_229' title='bbox 1386 2412 1583 2480; x_wconf 87' lang='lat' dir='ltr'><strong>quibus</strong></span> <span class='ocrx_word' id='word_1_230' title='bbox 1609 2425 1801 2480; x_wconf 82' lang='lat' dir='ltr'><strong>nomen</strong></span> <span class='ocrx_word' id='word_1_231' title='bbox 1826 2410 1953 2463; x_wconf 87' lang='lat' dir='ltr'><strong>Pri-</strong></span> 
     </span>
    </p>
   </div>
   <div class='ocr_carea' id='block_1_34' title="bbox 375 2479 1950 2553">
    <p class='ocr_par' dir='ltr' id='par_1_34' title="bbox 375 2479 1950 2553">
     <span class='ocr_line' id='line_1_35' title="bbox 375 2479 1950 2553; baseline -0.002 -16"><span class='ocrx_word' id='word_1_232' title='bbox 375 2481 621 2553; x_wconf 81' lang='lat' dir='ltr'><strong>mogeniti</strong></span> <span class='ocrx_word' id='word_1_233' title='bbox 647 2479 784 2533; x_wconf 83' lang='lat' dir='ltr'><strong>Filio</strong></span> <span class='ocrx_word' id='word_1_234' title='bbox 807 2479 1004 2553; x_wconf 80' lang='lat' dir='ltr'><strong>_divino</strong></span> <span class='ocrx_word' id='word_1_235' title='bbox 1029 2480 1303 2553; x_wconf 76' lang='lat' dir='ltr'><strong>tribuitur,</strong></span> <span class='ocrx_word' id='word_1_236' title='bbox 1345 2479 1580 2553; x_wconf 74' lang='lat' dir='ltr'><strong>illudque</strong></span> <span class='ocrx_word' id='word_1_237' title='bbox 1624 2480 1691 2534; x_wconf 90' lang='lat' dir='ltr'><strong>de</strong></span> <span class='ocrx_word' id='word_1_238' title='bbox 1718 2479 1950 2553; x_wconf 64' lang='lat' dir='ltr'><strong>Christe,</strong></span> 
     </span>
    </p>
   </div>
   <div class='ocr_carea' id='block_1_35' title="bbox 377 2548 1955 2620">
    <p class='ocr_par' dir='ltr' id='par_1_35' title="bbox 377 2548 1955 2620">
     <span class='ocr_line' id='line_1_36' title="bbox 377 2548 1955 2620; baseline -0.002 -14"><span class='ocrx_word' id='word_1_239' title='bbox 377 2548 482 2606; x_wconf 78' lang='lat' dir='ltr'><strong>non</strong></span> <span class='ocrx_word' id='word_1_240' title='bbox 512 2557 774 2620; x_wconf 81' lang='lat' dir='ltr'><strong>quatenus</strong></span> <span class='ocrx_word' id='word_1_241' title='bbox 803 2548 962 2620; x_wconf 81' lang='lat' dir='ltr'><strong>Deus,</strong></span> <span class='ocrx_word' id='word_1_242' title='bbox 994 2550 1086 2620; x_wconf 89' lang='lat' dir='ltr'><strong>sed</strong></span> <span class='ocrx_word' id='word_1_243' title='bbox 1127 2558 1390 2618; x_wconf 85' lang='lat' dir='ltr'><strong>quatenus</strong></span> <span class='ocrx_word' id='word_1_244' title='bbox 1425 2549 1586 2620; x_wconf 72' lang='lat' dir='ltr'><strong>homo</strong></span> <span class='ocrx_word' id='word_1_245' title='bbox 1614 2558 1719 2613; x_wconf 91' lang='lat' dir='ltr'><strong>est,</strong></span> <span class='ocrx_word' id='word_1_246' title='bbox 1758 2550 1955 2604; x_wconf 86' lang='lat' dir='ltr'><strong>intelli-</strong></span> 
     </span>
    </p>
   </div>
   <div class='ocr_carea' id='block_1_36' title="bbox 378 2618 1956 2690">
    <p class='ocr_par' dir='ltr' id='par_1_36' title="bbox 378 2618 1956 2690">
     <span class='ocr_line' id='line_1_37' title="bbox 378 2618 1956 2690; baseline -0.002 -15"><span class='ocrx_word' id='word_1_247' title='bbox 378 2618 1039 2690; x_wconf 81' lang='lat' dir='ltr'><strong>gendum_dicitur.__Quod</strong></span> <span class='ocrx_word' id='word_1_248' title='bbox 1076 2620 1439 2690; x_wconf 69' lang='lat' dir='ltr'><strong>extrinseeum</strong></span> <span class='ocrx_word' id='word_1_249' title='bbox 1481 2618 1574 2672; x_wconf 89' lang='lat' dir='ltr'><strong>Dei</strong></span> <span class='ocrx_word' id='word_1_250' title='bbox 1605 2634 1798 2690; x_wconf 78' lang='lat' dir='ltr'><strong>nomen</strong></span> <span class='ocrx_word' id='word_1_251' title='bbox 1824 2634 1956 2690; x_wconf 85' lang='lat' dir='ltr'><strong>con-</strong></span> 
     </span>
    </p>
   </div>
   <div class='ocr_carea' id='block_1_37' title="bbox 376 2687 1955 2757">
    <p class='ocr_par' dir='ltr' id='par_1_37' title="bbox 376 2687 1955 2757">
     <span class='ocr_line' id='line_1_38' title="bbox 376 2687 1955 2757; baseline -0.001 -12"><span class='ocrx_word' id='word_1_252' title='bbox 376 2687 555 2745; x_wconf 77' lang='lat' dir='ltr'><strong>cernit</strong></span> <span class='ocrx_word' id='word_1_253' title='bbox 572 2687 829 2741; x_wconf 82' lang='lat' dir='ltr'><strong>Alcuinus</strong></span> <span class='ocrx_word' id='word_1_254' title='bbox 852 2687 944 2757; x_wconf 83' lang='lat' dir='ltr'><strong>lib.</strong></span> <span class='ocrx_word' id='word_1_255' title='bbox 974 2702 1028 2741; x_wconf 82' lang='lat' dir='ltr'><strong>iv</strong></span> <span class='ocrx_word' id='word_1_256' title='bbox 1050 2696 1236 2742; x_wconf 88' lang='lat' dir='ltr'><strong>contra</strong></span> <span class='ocrx_word' id='word_1_257' title='bbox 1264 2688 1519 2750; x_wconf 84' lang='lat' dir='ltr'><strong>Felicem,</strong></span> <span class='ocrx_word' id='word_1_258' title='bbox 1540 2703 1595 2741; x_wconf 93' lang='grc' dir='ltr'>ιι.</span> <span class='ocrx_word' id='word_1_259' title='bbox 1621 2687 1674 2752; x_wconf 75' lang='grc'>2,</span> <span class='ocrx_word' id='word_1_260' title='bbox 1704 2688 1818 2743; x_wconf 69' lang='grc' dir='ltr'><strong>Ιιωε</strong></span> <span class='ocrx_word' id='word_1_261' title='bbox 1838 2688 1955 2757; x_wconf 84' lang='lat' dir='ltr'><strong>ejus</strong></span> 
     </span>
    </p>
   </div>
   <div class='ocr_carea' id='block_1_38' title="bbox 375 2755 1956 2826">
    <p class='ocr_par' dir='ltr' id='par_1_38' title="bbox 375 2755 1956 2826">
     <span class='ocr_line' id='line_1_39' title="bbox 375 2755 1956 2826; baseline 0.001 -15"><span class='ocrx_word' id='word_1_262' title='bbox 375 2759 544 2814; x_wconf 88' lang='lat' dir='ltr'><strong>verba</strong></span> <span class='ocrx_word' id='word_1_263' title='bbox 569 2756 735 2812; x_wconf 80' lang='lat' dir='ltr'><strong>refert</strong></span> <span class='ocrx_word' id='word_1_264' title='bbox 765 2774 777 2809; x_wconf 92' lang='lat'><strong>:</strong></span> <span class='ocrx_word' id='word_1_265' title='bbox 815 2776 834 2807; x_wconf 72' lang='grc' dir='ltr'><strong>ι</strong></span> <span class='ocrx_word' id='word_1_266' title='bbox 886 2755 1133 2813; x_wconf 89' lang='lat' dir='ltr'><strong>Secundo</strong></span> <span class='ocrx_word' id='word_1_267' title='bbox 1170 2766 1350 2813; x_wconf 87' lang='lat' dir='ltr'><strong>autem</strong></span> <span class='ocrx_word' id='word_1_268' title='bbox 1393 2758 1552 2811; x_wconf 90' lang='lat' dir='ltr'><strong>modo</strong></span> <span class='ocrx_word' id='word_1_269' title='bbox 1596 2755 1956 2826; x_wconf 85' lang='lat' dir='ltr'><strong>nuncupative</strong></span> 
     </span>
    </p>
   </div>
   <div class='ocr_carea' id='block_1_39' title="bbox 378 2826 1957 2897">
    <p class='ocr_par' dir='ltr' id='par_1_39' title="bbox 378 2826 1957 2897">
     <span class='ocr_line' id='line_1_40' title="bbox 378 2826 1957 2897; baseline 0.001 -15"><span class='ocrx_word' id='word_1_270' title='bbox 378 2831 519 2883; x_wconf 85' lang='lat' dir='ltr'><strong>Deus</strong></span> <span class='ocrx_word' id='word_1_271' title='bbox 555 2827 772 2887; x_wconf 89' lang='lat' dir='ltr'><strong>dicitur,</strong></span> <span class='ocrx_word' id='word_1_272' title='bbox 821 2826 961 2882; x_wconf 87' lang='lat' dir='ltr'><strong>sicut</strong></span> <span class='ocrx_word' id='word_1_273' title='bbox 1003 2828 1248 2897; x_wconf 88' lang='lat' dir='ltr'><strong>superius</strong></span> <span class='ocrx_word' id='word_1_274' title='bbox 1287 2829 1509 2897; x_wconf 90' lang='lat' dir='ltr'><strong>dictum_</strong></span> <span class='ocrx_word' id='word_1_275' title='bbox 1532 2834 1616 2882; x_wconf 86' lang='lat' dir='ltr'><strong>est</strong></span> <span class='ocrx_word' id='word_1_276' title='bbox 1649 2828 1715 2882; x_wconf 90' lang='lat' dir='ltr'><strong>de</strong></span> <span class='ocrx_word' id='word_1_277' title='bbox 1752 2830 1957 2884; x_wconf 85' lang='lat' dir='ltr'><strong>sanctis</strong></span> 
     </span>
    </p>
   </div>
   <div class='ocr_carea' id='block_1_40' title="bbox 378 2895 1956 2969">
    <p class='ocr_par' dir='ltr' id='par_1_40' title="bbox 378 2895 1956 2969">
     <span class='ocr_line' id='line_1_41' title="bbox 378 2895 1956 2969; baseline 0 -17"><span class='ocrx_word' id='word_1_278' title='bbox 378 2897 935 2969; x_wconf 65' lang='lat' dir='ltr'><strong>praedicatori_bus,_de</strong></span> <span class='ocrx_word' id='word_1_279' title='bbox 978 2895 1170 2969; x_wconf 82' lang='lat' dir='ltr'><strong>quibus</strong></span> <span class='ocrx_word' id='word_1_280' title='bbox 1199 2896 1447 2969; x_wconf 69' lang='lat' dir='ltr'><strong>salvator</strong></span> <span class='ocrx_word' id='word_1_281' title='bbox 1483 2895 1794 2969; x_wconf 20' lang='lat' dir='ltr'><strong>Judzeisiait</strong></span> <span class='ocrx_word' id='word_1_282' title='bbox 1835 2913 1850 2952; x_wconf 92' lang='lat'><strong>:</strong></span> <span class='ocrx_word' id='word_1_283' title='bbox 1893 2900 1956 2955; x_wconf 82' lang='lat' dir='ltr'><strong>Si</strong></span> 
     </span>
    </p>
   </div>
   <div class='ocr_carea' id='block_1_41' title="bbox 375 2966 1955 3038">
    <p class='ocr_par' dir='ltr' id='par_1_41' title="bbox 375 2966 1955 3038">
     <span class='ocr_line' id='line_1_42' title="bbox 375 2966 1955 3038; baseline 0.001 -15"><span class='ocrx_word' id='word_1_284' title='bbox 375 2966 517 3023; x_wconf 70' lang='lat' dir='ltr'><strong>enim</strong></span> <span class='ocrx_word' id='word_1_285' title='bbox 537 2967 656 3022; x_wconf 80' lang='lat' dir='ltr'><strong>illos</strong></span> <span class='ocrx_word' id='word_1_286' title='bbox 672 2966 815 3020; x_wconf 76' lang='lat' dir='ltr'><strong>dixit</strong></span> <span class='ocrx_word' id='word_1_287' title='bbox 826 2967 969 3029; x_wconf 80' lang='lat' dir='ltr'><strong>deos,</strong></span> <span class='ocrx_word' id='word_1_288' title='bbox 999 2967 1068 3020; x_wconf 86' lang='lat' dir='ltr'><strong>ad</strong></span> <span class='ocrx_word' id='word_1_289' title='bbox 1093 2984 1222 3038; x_wconf 82' lang='lat' dir='ltr'><strong>quos</strong></span> <span class='ocrx_word' id='word_1_290' title='bbox 1247 2967 1345 3021; x_wconf 85' lang='lat' dir='ltr'><strong>Dei</strong></span> <span class='ocrx_word' id='word_1_291' title='bbox 1363 2983 1532 3023; x_wconf 77' lang='lat' dir='ltr'><strong>sermo</strong></span> <span class='ocrx_word' id='word_1_292' title='bbox 1553 2967 1715 3038; x_wconf 78' lang='lat'><strong>955</strong></span> <span class='ocrx_word' id='word_1_293' title='bbox 1748 2969 1955 3038; x_wconf 73' lang='lat' dir='ltr'><strong>factus;</strong></span> 
     </span>
    </p>
   </div>
   <div class='ocr_carea' id='block_1_42' title="bbox 375 3038 1955 3108">
    <p class='ocr_par' dir='ltr' id='par_1_42' title="bbox 375 3038 1955 3108">
     <span class='ocr_line' id='line_1_43' title="bbox 375 3038 1955 3108; baseline 0.001 -15"><span class='ocrx_word' id='word_1_294' title='bbox 375 3040 469 3108; x_wconf 91' lang='lat' dir='ltr'><strong>qui</strong></span> <span class='ocrx_word' id='word_1_295' title='bbox 498 3047 677 3093; x_wconf 89' lang='lat' dir='ltr'><strong>tamen</strong></span> <span class='ocrx_word' id='word_1_296' title='bbox 707 3051 813 3090; x_wconf 89' lang='lat' dir='ltr'><strong>non</strong></span> <span class='ocrx_word' id='word_1_297' title='bbox 834 3044 1025 3108; x_wconf 74' lang='lat' dir='ltr'><strong>natura</strong></span> <span class='ocrx_word' id='word_1_298' title='bbox 1045 3046 1104 3090; x_wconf 93' lang='lat' dir='ltr'><strong>ut</strong></span> <span class='ocrx_word' id='word_1_299' title='bbox 1122 3038 1276 3108; x_wconf 87' lang='lat' dir='ltr'><strong>Deus,</strong></span> <span class='ocrx_word' id='word_1_300' title='bbox 1302 3039 1396 3093; x_wconf 88' lang='lat' dir='ltr'><strong>sed</strong></span> <span class='ocrx_word' id='word_1_301' title='bbox 1417 3052 1513 3108; x_wconf 89' lang='lat' dir='ltr'><strong>per</strong></span> <span class='ocrx_word' id='word_1_302' title='bbox 1527 3038 1622 3091; x_wconf 78' lang='lat' dir='ltr'><strong>Dei</strong></span> <span class='ocrx_word' id='word_1_303' title='bbox 1641 3039 1869 3107; x_wconf 76' lang='lat' dir='ltr'><strong>gratiam</strong></span> <span class='ocrx_word' id='word_1_304' title='bbox 1886 3040 1955 3094; x_wconf 90' lang='lat' dir='ltr'><strong>ab</strong></span> 
     </span>
    </p>
   </div>
   <div class='ocr_carea' id='block_1_43' title="bbox 376 3098 2028 3177">
    <p class='ocr_par' dir='ltr' id='par_1_43' title="bbox 376 3098 2028 3177">
     <span class='ocr_line' id='line_1_44' title="bbox 376 3098 2028 3177; baseline 0 -15"><span class='ocrx_word' id='word_1_305' title='bbox 376 3098 461 3173; x_wconf 75' lang='lat' dir='ltr'><strong>eo,</strong></span> <span class='ocrx_word' id='word_1_306' title='bbox 490 3108 582 3177; x_wconf 90' lang='lat' dir='ltr'><strong>qui</strong></span> <span class='ocrx_word' id='word_1_307' title='bbox 608 3122 767 3161; x_wconf 86' lang='lat' dir='ltr'><strong>verus</strong></span> <span class='ocrx_word' id='word_1_308' title='bbox 791 3116 875 3161; x_wconf 89' lang='lat' dir='ltr'><strong>est</strong></span> <span class='ocrx_word' id='word_1_309' title='bbox 902 3106 1059 3169; x_wconf 84' lang='lat' dir='ltr'><strong>Deus,</strong></span> <span class='ocrx_word' id='word_1_310' title='bbox 1091 3098 1322 3162; x_wconf 79' lang='lat' dir='ltr'><strong>deiﬁcati</strong></span> <span class='ocrx_word' id='word_1_311' title='bbox 1362 3098 1434 3163; x_wconf 85' lang='lat' dir='ltr'><strong>dii</strong></span> <span class='ocrx_word' id='word_1_312' title='bbox 1465 3116 1590 3162; x_wconf 90' lang='lat' dir='ltr'><strong>sunt</strong></span> <span class='ocrx_word' id='word_1_313' title='bbox 1617 3098 1717 3163; x_wconf 69' lang='lat' dir='ltr'><strong>sub</strong></span> <span class='ocrx_word' id='word_1_314' title='bbox 1740 3108 1833 3165; x_wconf 90' lang='lat' dir='ltr'><strong>illo</strong></span> <span class='ocrx_word' id='word_1_315' title='bbox 1860 3125 1953 3166; x_wconf 89' lang='lat' dir='ltr'><strong>vo-</strong></span> <span class='ocrx_word' id='word_1_316' title='bbox 1981 3098 2028 3162; x_wconf 86' lang='lat' dir='ltr'><strong><em>C</em></strong></span> 
     </span>
    </p>
   </div>
   <div class='ocr_carea' id='block_1_44' title="bbox 374 3177 1951 3247">
    <p class='ocr_par' dir='ltr' id='par_1_44' title="bbox 374 3177 1951 3247">
     <span class='ocr_line' id='line_1_45' title="bbox 374 3177 1951 3247; baseline 0.001 -14"><span class='ocrx_word' id='word_1_317' title='bbox 374 3179 483 3235; x_wconf 81' lang='lat' dir='ltr'><strong>cati</strong></span> <span class='ocrx_word' id='word_1_318' title='bbox 514 3196 524 3230; x_wconf 94' lang='lat'>:</span> <span class='ocrx_word' id='word_1_319' title='bbox 565 3178 618 3233; x_wconf 92' lang='lat' dir='ltr'><strong>in</strong></span> <span class='ocrx_word' id='word_1_320' title='bbox 658 3178 760 3233; x_wconf 88' lang='lat' dir='ltr'><strong>hoc</strong></span> <span class='ocrx_word' id='word_1_321' title='bbox 789 3178 984 3247; x_wconf 90' lang='lat' dir='ltr'><strong>quippe</strong></span> <span class='ocrx_word' id='word_1_322' title='bbox 1011 3177 1200 3232; x_wconf 86' lang='lat' dir='ltr'><strong>ordine</strong></span> <span class='ocrx_word' id='word_1_323' title='bbox 1243 3179 1332 3232; x_wconf 90' lang='lat' dir='ltr'><strong>Dei</strong></span> <span class='ocrx_word' id='word_1_324' title='bbox 1362 3178 1550 3244; x_wconf 85' lang='lat' dir='ltr'><strong>Filius,</strong></span> <span class='ocrx_word' id='word_1_325' title='bbox 1583 3179 1859 3244; x_wconf 89' lang='lat' dir='ltr'><strong>Dominus,</strong></span> <span class='ocrx_word' id='word_1_326' title='bbox 1888 3195 1951 3235; x_wconf 87' lang='lat' dir='ltr'><strong>ac</strong></span> 
     </span>
    </p>
   </div>
   <div class='ocr_carea' id='block_1_45' title="bbox 379 3247 1954 3318">
    <p class='ocr_par' dir='ltr' id='par_1_45' title="bbox 379 3247 1954 3318">
     <span class='ocr_line' id='line_1_46' title="bbox 379 3247 1954 3318; baseline 0.001 -16"><span class='ocrx_word' id='word_1_327' title='bbox 379 3248 706 3318; x_wconf 84' lang='lat' dir='ltr'><strong>Redemptor</strong></span> <span class='ocrx_word' id='word_1_328' title='bbox 726 3259 910 3302; x_wconf 89' lang='lat' dir='ltr'><strong>noster</strong></span> <span class='ocrx_word' id='word_1_329' title='bbox 942 3247 1096 3314; x_wconf 80' lang='lat' dir='ltr'><strong>juxta</strong></span> <span class='ocrx_word' id='word_1_330' title='bbox 1131 3247 1538 3312; x_wconf 88' lang='lat' dir='ltr'><strong>humanitatem,</strong></span> <span class='ocrx_word' id='word_1_331' title='bbox 1584 3249 1722 3303; x_wconf 87' lang='lat' dir='ltr'><strong>sicut</strong></span> <span class='ocrx_word' id='word_1_332' title='bbox 1760 3249 1815 3303; x_wconf 90' lang='lat' dir='ltr'><strong>in</strong></span> <span class='ocrx_word' id='word_1_333' title='bbox 1859 3265 1954 3303; x_wconf 89' lang='lat' dir='ltr'><strong>na-</strong></span> 
     </span>
    </p>
   </div>
   <div class='ocr_carea' id='block_1_46' title="bbox 378 3318 1953 3387">
    <p class='ocr_par' dir='ltr' id='par_1_46' title="bbox 378 3318 1953 3387">
     <span class='ocr_line' id='line_1_47' title="bbox 378 3318 1953 3387; baseline -0.001 -13"><span class='ocrx_word' id='word_1_334' title='bbox 378 3327 518 3383; x_wconf 87' lang='lat' dir='ltr'><strong>tura,</strong></span> <span class='ocrx_word' id='word_1_335' title='bbox 550 3320 622 3372; x_wconf 84' lang='lat' dir='ltr'><strong>ita</strong></span> <span class='ocrx_word' id='word_1_336' title='bbox 649 3327 702 3373; x_wconf 89' lang='lat' dir='ltr'><strong>et</strong></span> <span class='ocrx_word' id='word_1_337' title='bbox 736 3319 790 3372; x_wconf 90' lang='lat' dir='ltr'><strong>in</strong></span> <span class='ocrx_word' id='word_1_338' title='bbox 830 3318 1064 3381; x_wconf 89' lang='lat' dir='ltr'><strong>nomine,</strong></span> <span class='ocrx_word' id='word_1_339' title='bbox 1097 3319 1342 3387; x_wconf 90' lang='lat' dir='ltr'><strong>quamvis</strong></span> <span class='ocrx_word' id='word_1_340' title='bbox 1371 3318 1718 3374; x_wconf 81' lang='lat' dir='ltr'><strong>excellentius</strong></span> <span class='ocrx_word' id='word_1_341' title='bbox 1744 3319 1953 3374; x_wconf 90' lang='lat' dir='ltr'><strong>cunctis</strong></span> 
     </span>
    </p>
   </div>
   <div class='ocr_carea' id='block_1_47' title="bbox 377 3388 1953 3452">
    <p class='ocr_par' dir='ltr' id='par_1_47' title="bbox 377 3388 1953 3452">
     <span class='ocr_line' id='line_1_48' title="bbox 377 3388 1953 3452; baseline 0.001 -10"><span class='ocrx_word' id='word_1_342' title='bbox 377 3388 604 3452; x_wconf 82' lang='lat' dir='ltr'><strong>electus,</strong></span> <span class='ocrx_word' id='word_1_343' title='bbox 634 3388 914 3441; x_wconf 87' lang='lat' dir='ltr'><strong>verissime</strong></span> <span class='ocrx_word' id='word_1_344' title='bbox 938 3396 1115 3441; x_wconf 89' lang='lat' dir='ltr'><strong>tamen</strong></span> <span class='ocrx_word' id='word_1_345' title='bbox 1141 3403 1262 3440; x_wconf 90' lang='lat' dir='ltr'><strong>cum</strong></span> <span class='ocrx_word' id='word_1_346' title='bbox 1286 3388 1390 3444; x_wconf 90' lang='lat' dir='ltr'><strong>illis</strong></span> <span class='ocrx_word' id='word_1_347' title='bbox 1411 3389 1787 3450; x_wconf 88' lang='lat' dir='ltr'><strong>communicat,</strong></span> <span class='ocrx_word' id='word_1_348' title='bbox 1813 3389 1953 3443; x_wconf 88' lang='lat' dir='ltr'><strong>sicut</strong></span> 
     </span>
    </p>
   </div>
   <div class='ocr_carea' id='block_1_48' title="bbox 375 3456 1951 3527">
    <p class='ocr_par' dir='ltr' id='par_1_48' title="bbox 375 3456 1951 3527">
     <span class='ocr_line' id='line_1_49' title="bbox 375 3456 1951 3527; baseline 0.001 -15"><span class='ocrx_word' id='word_1_349' title='bbox 375 3458 514 3512; x_wconf 90' lang='lat' dir='ltr'><strong>etin</strong></span> <span class='ocrx_word' id='word_1_350' title='bbox 559 3466 749 3511; x_wconf 78' lang='lat' dir='ltr'><strong>czetera</strong></span> <span class='ocrx_word' id='word_1_351' title='bbox 778 3456 978 3527; x_wconf 86' lang='lat' dir='ltr'><strong>omnia,</strong></span> <span class='ocrx_word' id='word_1_352' title='bbox 1022 3456 1074 3527; x_wconf 89' lang='lat' dir='ltr'><strong>id</strong></span> <span class='ocrx_word' id='word_1_353' title='bbox 1118 3464 1217 3516; x_wconf 92' lang='lat' dir='ltr'><strong>est,</strong></span> <span class='ocrx_word' id='word_1_354' title='bbox 1264 3457 1316 3510; x_wconf 93' lang='lat' dir='ltr'><strong>in</strong></span> <span class='ocrx_word' id='word_1_355' title='bbox 1357 3458 1844 3527; x_wconf 65' lang='lat' dir='ltr'><strong>prtudestinatione,</strong></span> <span class='ocrx_word' id='word_1_356' title='bbox 1896 3460 1951 3514; x_wconf 93' lang='lat' dir='ltr'><strong>in</strong></span> 
     </span>
    </p>
   </div>
   <div class='ocr_carea' id='block_1_49' title="bbox 375 3526 1952 3597">
    <p class='ocr_par' dir='ltr' id='par_1_49' title="bbox 375 3526 1952 3597">
     <span class='ocr_line' id='line_1_50' title="bbox 375 3526 1952 3597; baseline 0.001 -16"><span class='ocrx_word' id='word_1_357' title='bbox 375 3527 660 3589; x_wconf 84' lang='lat' dir='ltr'><strong>electione,</strong></span> <span class='ocrx_word' id='word_1_358' title='bbox 705 3526 993 3597; x_wconf 12' lang='lat' dir='ltr'><strong>inrgratia,</strong></span> <span class='ocrx_word' id='word_1_359' title='bbox 1030 3526 1082 3578; x_wconf 92' lang='lat' dir='ltr'><strong>in</strong></span> <span class='ocrx_word' id='word_1_360' title='bbox 1109 3526 1467 3597; x_wconf 76' lang='lat' dir='ltr'><strong>susceptione,</strong></span> <span class='ocrx_word' id='word_1_361' title='bbox 1506 3527 1559 3580; x_wconf 90' lang='lat' dir='ltr'><strong>in</strong></span> <span class='ocrx_word' id='word_1_362' title='bbox 1586 3529 1952 3597; x_wconf 87' lang='lat' dir='ltr'><strong>assumptione</strong></span> 
     </span>
    </p>
   </div>
   <div class='ocr_carea' id='block_1_50' title="bbox 378 3595 1953 3664">
    <p class='ocr_par' dir='ltr' id='par_1_50' title="bbox 378 3595 1953 3664">
     <span class='ocr_line' id='line_1_51' title="bbox 378 3595 1953 3664; baseline 0.002 -14"><span class='ocrx_word' id='word_1_363' title='bbox 378 3596 610 3651; x_wconf 89' lang='lat' dir='ltr'><strong>nominis</strong></span> <span class='ocrx_word' id='word_1_364' title='bbox 650 3596 811 3656; x_wconf 85' lang='lat' dir='ltr'><strong>servi,</strong></span> <span class='ocrx_word' id='word_1_365' title='bbox 860 3603 1022 3664; x_wconf 86' lang='lat' dir='ltr'><strong>atque</strong></span> <span class='ocrx_word' id='word_1_366' title='bbox 1063 3595 1448 3664; x_wconf 85' lang='lat' dir='ltr'><strong>applicatione,</strong></span> <span class='ocrx_word' id='word_1_367' title='bbox 1496 3612 1589 3651; x_wconf 90' lang='lat' dir='ltr'><strong>seu</strong></span> <span class='ocrx_word' id='word_1_368' title='bbox 1631 3595 1824 3652; x_wconf 81' lang='lat' dir='ltr'><strong>caetera</strong></span> <span class='ocrx_word' id='word_1_369' title='bbox 1869 3599 1953 3653; x_wconf 85' lang='lat' dir='ltr'><strong>his</strong></span> 
     </span>
    </p>
   </div>
   <div class='ocr_carea' id='block_1_51' title="bbox 376 3664 1954 3739">
    <p class='ocr_par' dir='ltr' id='par_1_51' title="bbox 376 3664 1954 3739">
     <span class='ocr_line' id='line_1_52' title="bbox 376 3664 1954 3739; baseline 0.002 -19"><span class='ocrx_word' id='word_1_370' title='bbox 376 3667 596 3739; x_wconf 81' lang='lat' dir='ltr'><strong>similia,</strong></span> <span class='ocrx_word' id='word_1_371' title='bbox 628 3674 687 3719; x_wconf 92' lang='lat' dir='ltr'><strong>ut</strong></span> <span class='ocrx_word' id='word_1_372' title='bbox 713 3665 873 3739; x_wconf 78' lang='lat' dir='ltr'><strong>idem,</strong></span> <span class='ocrx_word' id='word_1_373' title='bbox 896 3664 995 3739; x_wconf 81' lang='lat' dir='ltr'><strong>qui</strong></span> <span class='ocrx_word' id='word_1_374' title='bbox 1032 3664 1389 3739; x_wconf 83' lang='lat' dir='ltr'><strong>essentialiter</strong></span> <span class='ocrx_word' id='word_1_375' title='bbox 1413 3681 1536 3720; x_wconf 91' lang='lat' dir='ltr'><strong>cum</strong></span> <span class='ocrx_word' id='word_1_376' title='bbox 1563 3665 1725 3739; x_wconf 73' lang='lat' dir='ltr'><strong>Patre</strong></span> <span class='ocrx_word' id='word_1_377' title='bbox 1751 3678 1807 3722; x_wconf 89' lang='lat' dir='ltr'><strong>et</strong></span> <span class='ocrx_word' id='word_1_378' title='bbox 1833 3667 1954 3739; x_wconf 92' lang='lat' dir='ltr'><strong>Spi-</strong></span> 
     </span>
    </p>
   </div>
   <div class='ocr_carea' id='block_1_52' title="bbox 378 3735 1954 3808">
    <p class='ocr_par' dir='ltr' id='par_1_52' title="bbox 378 3735 1954 3808">
     <span class='ocr_line' id='line_1_53' title="bbox 378 3735 1954 3808; baseline 0.003 -20"><span class='ocrx_word' id='word_1_379' title='bbox 378 3736 482 3808; x_wconf 77' lang='lat' dir='ltr'><strong>ritu</strong></span> <span class='ocrx_word' id='word_1_380' title='bbox 511 3746 697 3808; x_wconf 81' lang='lat' dir='ltr'><strong>sancto</strong></span> <span class='ocrx_word' id='word_1_381' title='bbox 727 3735 779 3788; x_wconf 91' lang='lat' dir='ltr'><strong>in</strong></span> <span class='ocrx_word' id='word_1_382' title='bbox 818 3735 1022 3808; x_wconf 80' lang='lat' dir='ltr'><strong>unitate</strong></span> <span class='ocrx_word' id='word_1_383' title='bbox 1059 3735 1271 3808; x_wconf 79' lang='lat' dir='ltr'><strong>deitatis</strong></span> <span class='ocrx_word' id='word_1_384' title='bbox 1314 3751 1475 3808; x_wconf 80' lang='lat' dir='ltr'><strong>verus</strong></span> <span class='ocrx_word' id='word_1_385' title='bbox 1508 3745 1590 3791; x_wconf 88' lang='lat' dir='ltr'><strong>est</strong></span> <span class='ocrx_word' id='word_1_386' title='bbox 1629 3737 1791 3808; x_wconf 79' lang='lat' dir='ltr'><strong>Deus,</strong></span> <span class='ocrx_word' id='word_1_387' title='bbox 1840 3735 1954 3808; x_wconf 83' lang='lat' dir='ltr'><strong>ipse</strong></span> 
     </span>
    </p>
   </div>
   <div class='ocr_carea' id='block_1_53' title="bbox 378 3804 1952 3878">
    <p class='ocr_par' dir='ltr' id='par_1_53' title="bbox 378 3804 1952 3878">
     <span class='ocr_line' id='line_1_54' title="bbox 378 3804 1952 3878; baseline 0.001 -17"><span class='ocrx_word' id='word_1_388' title='bbox 378 3806 434 3861; x_wconf 90' lang='lat' dir='ltr'><strong>in</strong></span> <span class='ocrx_word' id='word_1_389' title='bbox 460 3805 630 3878; x_wconf 84' lang='lat' dir='ltr'><strong>forma</strong></span> <span class='ocrx_word' id='word_1_390' title='bbox 653 3804 1006 3878; x_wconf 65' lang='lat' dir='ltr'><strong>humanitatis</strong></span> <span class='ocrx_word' id='word_1_391' title='bbox 1034 3820 1155 3860; x_wconf 89' lang='lat' dir='ltr'><strong>cum</strong></span> <span class='ocrx_word' id='word_1_392' title='bbox 1179 3805 1365 3860; x_wconf 85' lang='lat' dir='ltr'><strong>electis</strong></span> <span class='ocrx_word' id='word_1_393' title='bbox 1390 3806 1501 3860; x_wconf 90' lang='lat' dir='ltr'><strong>suis</strong></span> <span class='ocrx_word' id='word_1_394' title='bbox 1530 3822 1626 3878; x_wconf 83' lang='lat' dir='ltr'><strong>per</strong></span> <span class='ocrx_word' id='word_1_395' title='bbox 1652 3804 1952 3878; x_wconf 74' lang='lat' dir='ltr'><strong>adeptionis</strong></span> 
     </span>
    </p>
   </div>
   <div class='ocr_carea' id='block_1_54' title="bbox 376 3874 1954 3947">
    <p class='ocr_par' dir='ltr' id='par_1_54' title="bbox 376 3874 1954 3947">
     <span class='ocr_line' id='line_1_55' title="bbox 376 3874 1954 3947; baseline 0.003 -18"><span class='ocrx_word' id='word_1_396' title='bbox 376 3877 605 3947; x_wconf 79' lang='lat' dir='ltr'><strong>gratiam</strong></span> <span class='ocrx_word' id='word_1_397' title='bbox 635 3874 916 3947; x_wconf 81' lang='lat' dir='ltr'><strong>deiﬁcatus</strong></span> <span class='ocrx_word' id='word_1_398' title='bbox 942 3874 1114 3947; x_wconf 84' lang='lat' dir='ltr'><strong>ﬁeret,</strong></span> <span class='ocrx_word' id='word_1_399' title='bbox 1141 3883 1195 3928; x_wconf 90' lang='lat' dir='ltr'><strong>et</strong></span> <span class='ocrx_word' id='word_1_400' title='bbox 1221 3874 1577 3947; x_wconf 80' lang='lat' dir='ltr'><strong>nuncupative</strong></span> <span class='ocrx_word' id='word_1_401' title='bbox 1600 3874 1773 3932; x_wconf 51' lang='lat' dir='ltr'><strong>Deus:</strong></span> <span class='ocrx_word' id='word_1_402' title='bbox 1800 3900 1819 3931; x_wconf 70' lang='grc' dir='ltr'><strong>ι</strong></span> <span class='ocrx_word' id='word_1_403' title='bbox 1853 3880 1954 3933; x_wconf 91' lang='lat' dir='ltr'><strong>De-</strong></span> 
     </span>
    </p>
   </div>
   <div class='ocr_carea' id='block_1_55' title="bbox 379 3945 1951 4017">
    <p class='ocr_par' dir='ltr' id='par_1_55' title="bbox 379 3945 1951 4017">
     <span class='ocr_line' id='line_1_56' title="bbox 379 3945 1951 4017; baseline 0.001 -17"><span class='ocrx_word' id='word_1_404' title='bbox 379 3945 523 4000; x_wconf 74' lang='lat' dir='ltr'><strong>inum</strong></span> <span class='ocrx_word' id='word_1_405' title='bbox 554 3945 819 4017; x_wconf 87' lang='lat' dir='ltr'><strong>loquendo</strong></span> <span class='ocrx_word' id='word_1_406' title='bbox 847 3945 912 3999; x_wconf 89' lang='lat' dir='ltr'><strong>de</strong></span> <span class='ocrx_word' id='word_1_407' title='bbox 936 3945 1213 4017; x_wconf 85' lang='lat' dir='ltr'><strong>servitute,</strong></span> <span class='ocrx_word' id='word_1_408' title='bbox 1246 3945 1414 4017; x_wconf 72' lang='lat' dir='ltr'><strong>quani</strong></span> <span class='ocrx_word' id='word_1_409' title='bbox 1442 3945 1736 4002; x_wconf 88' lang='lat' dir='ltr'><strong>Salvatoris</strong></span> <span class='ocrx_word' id='word_1_410' title='bbox 1758 3949 1951 4002; x_wconf 86' lang='lat' dir='ltr'><strong>huma-</strong></span> 
     </span>
    </p>
   </div>
   <div class='ocr_carea' id='block_1_56' title="bbox 378 4016 1949 4088">
    <p class='ocr_par' dir='ltr' id='par_1_56' title="bbox 378 4016 1949 4088">
     <span class='ocr_line' id='line_1_57' title="bbox 378 4016 1949 4088; baseline 0.001 -17"><span class='ocrx_word' id='word_1_411' title='bbox 378 4016 535 4088; x_wconf 77' lang='lat' dir='ltr'><strong>nitati</strong></span> <span class='ocrx_word' id='word_1_412' title='bbox 565 4016 725 4071; x_wconf 87' lang='lat' dir='ltr'><strong>sensu</strong></span> <span class='ocrx_word' id='word_1_413' title='bbox 754 4030 1008 4088; x_wconf 76' lang='lat' dir='ltr'><strong>perverso</strong></span> <span class='ocrx_word' id='word_1_414' title='bbox 1034 4016 1526 4088; x_wconf 78' lang='lat' dir='ltr'><strong>tribuebantFelix</strong></span> <span class='ocrx_word' id='word_1_415' title='bbox 1558 4025 1611 4072; x_wconf 91' lang='lat' dir='ltr'><strong>et</strong></span> <span class='ocrx_word' id='word_1_416' title='bbox 1636 4017 1949 4088; x_wconf 84' lang='lat' dir='ltr'><strong>Elipandus,</strong></span> 
     </span>
    </p>
   </div>
   <div class='ocr_carea' id='block_1_57' title="bbox 378 4086 1955 4155">
    <p class='ocr_par' dir='ltr' id='par_1_57' title="bbox 378 4086 1955 4155">
     <span class='ocr_line' id='line_1_58' title="bbox 378 4086 1955 4155; baseline 0.002 -16"><span class='ocrx_word' id='word_1_417' title='bbox 378 4087 444 4139; x_wconf 89' lang='lat' dir='ltr'><strong>ad</strong></span> <span class='ocrx_word' id='word_1_418' title='bbox 468 4086 612 4139; x_wconf 87' lang='lat' dir='ltr'><strong>illam</strong></span> <span class='ocrx_word' id='word_1_419' title='bbox 636 4086 980 4155; x_wconf 86' lang='lat' dir='ltr'><strong>asserendam</strong></span> <span class='ocrx_word' id='word_1_420' title='bbox 1006 4093 1061 4140; x_wconf 91' lang='lat' dir='ltr'><strong>et</strong></span> <span class='ocrx_word' id='word_1_421' title='bbox 1084 4086 1185 4155; x_wconf 91' lang='lat' dir='ltr'><strong>ipsi</strong></span> <span class='ocrx_word' id='word_1_422' title='bbox 1217 4086 1393 4141; x_wconf 84' lang='lat' dir='ltr'><strong>verbis</strong></span> <span class='ocrx_word' id='word_1_423' title='bbox 1420 4087 1698 4155; x_wconf 74' lang='lat' dir='ltr'><strong>Propheta:</strong></span> <span class='ocrx_word' id='word_1_424' title='bbox 1721 4086 1955 4142; x_wconf 78' lang='lat' dir='ltr'><strong>abutun—</strong></span> 
     </span>
    </p>
   </div>
   <div class='ocr_carea' id='block_1_58' title="bbox 379 4154 1951 4229">
    <p class='ocr_par' dir='ltr' id='par_1_58' title="bbox 379 4154 1951 4229">
     <span class='ocr_line' id='line_1_59' title="bbox 379 4154 1951 4229; baseline 0.002 -21"><span class='ocrx_word' id='word_1_425' title='bbox 379 4164 470 4229; x_wconf 63' lang='lat' dir='ltr'><strong>git</strong></span> <span class='ocrx_word' id='word_1_426' title='bbox 516 4174 561 4229; x_wconf 88' lang='lat'><strong>:_</strong></span> <span class='ocrx_word' id='word_1_427' title='bbox 580 4155 714 4209; x_wconf 84' lang='lat' dir='ltr'><strong>Ecce</strong></span> <span class='ocrx_word' id='word_1_428' title='bbox 759 4154 1004 4225; x_wconf 80' lang='lat' dir='ltr'><strong>intelliget</strong></span> <span class='ocrx_word' id='word_1_429' title='bbox 1052 4172 1415 4229; x_wconf 16' lang='lat' dir='ltr'><strong>servusumeus</strong></span> <span class='ocrx_word' id='word_1_430' title='bbox 1461 4154 1626 4229; x_wconf 75' lang='lat' dir='ltr'><strong>(limi.</strong></span> <span class='ocrx_word' id='word_1_431' title='bbox 1668 4173 1765 4222; x_wconf 77' lang='grc' dir='ltr'>ιιι,</span> <span class='ocrx_word' id='word_1_432' title='bbox 1831 4157 1951 4229; x_wconf 81' lang='grc'><strong>15).</strong></span> 
     </span>
    </p>
   </div>
   <div class='ocr_carea' id='block_1_59' title="bbox 376 4225 1951 4295">
    <p class='ocr_par' dir='ltr' id='par_1_59' title="bbox 376 4225 1951 4295">
     <span class='ocr_line' id='line_1_60' title="bbox 376 4225 1951 4295; baseline 0.001 -16"><span class='ocrx_word' id='word_1_433' title='bbox 376 4225 484 4281; x_wconf 84' lang='grc' dir='ltr'>Ει;</span> <span class='ocrx_word' id='word_1_434' title='bbox 515 4225 650 4279; x_wconf 83' lang='lat' dir='ltr'><strong>Ecce</strong></span> <span class='ocrx_word' id='word_1_435' title='bbox 687 4240 1034 4295; x_wconf 79' lang='lat' dir='ltr'><strong>servusmeus</strong></span> <span class='ocrx_word' id='word_1_436' title='bbox 1062 4226 1344 4295; x_wconf 77' lang='lat' dir='ltr'><strong>suscipiam</strong></span> <span class='ocrx_word' id='word_1_437' title='bbox 1371 4225 1518 4289; x_wconf 77' lang='lat' dir='ltr'><strong>eum;</strong></span> <span class='ocrx_word' id='word_1_438' title='bbox 1557 4226 1746 4281; x_wconf 78' lang='lat' dir='ltr'><strong>electus</strong></span> <span class='ocrx_word' id='word_1_439' title='bbox 1788 4225 1951 4293; x_wconf 73' lang='lat' dir='ltr'><strong>meus,</strong></span> 
     </span>
    </p>
   </div>
   <div class='ocr_carea' id='block_1_60' title="bbox 375 4293 1951 4368">
    <p class='ocr_par' dir='ltr' id='par_1_60' title="bbox 375 4293 1951 4368">
     <span class='ocr_line' id='line_1_61' title="bbox 375 4293 1951 4368; baseline 0.002 -21"><span class='ocrx_word' id='word_1_440' title='bbox 375 4295 686 4368; x_wconf 71' lang='lat' dir='ltr'><strong>cumplacuit</strong></span> <span class='ocrx_word' id='word_1_441' title='bbox 722 4295 820 4349; x_wconf 76' lang='lat' dir='ltr'><strong>sibi</strong></span> <span class='ocrx_word' id='word_1_442' title='bbox 863 4293 1045 4368; x_wconf 19' lang='lat' dir='ltr'><strong>inuillo</strong></span> <span class='ocrx_word' id='word_1_443' title='bbox 1080 4293 1256 4368; x_wconf 61' lang='lat' dir='ltr'><strong>animi:</strong></span> <span class='ocrx_word' id='word_1_444' title='bbox 1301 4312 1417 4368; x_wconf 73' lang='lat' dir='ltr'><strong>mea</strong></span> <span class='ocrx_word' id='word_1_445' title='bbox 1466 4294 1632 4367; x_wconf 79' lang='lat' dir='ltr'><strong>(Isai.</strong></span> <span class='ocrx_word' id='word_1_446' title='bbox 1686 4314 1821 4361; x_wconf 81' lang='lat' dir='ltr'><strong>ml,</strong></span> <span class='ocrx_word' id='word_1_447' title='bbox 1862 4297 1951 4368; x_wconf 18' lang='lat' dir='ltr'><strong>ili).</strong></span> 
     </span>
    </p>
   </div>
   <div class='ocr_carea' id='block_1_61' title="bbox 377 4363 1954 4447">
    <p class='ocr_par' dir='ltr' id='par_1_61' title="bbox 377 4363 1954 4447">
     <span class='ocr_line' id='line_1_62' title="bbox 377 4363 1954 4447; baseline 0.002 -29"><span class='ocrx_word' id='word_1_448' title='bbox 377 4363 746 4447; x_wconf 32' lang='lat' dir='ltr'><strong>Videorursum</strong></span> <span class='ocrx_word' id='word_1_449' title='bbox 781 4363 1115 4433; x_wconf 62' lang='lat' dir='ltr'><strong>preceitatam</strong></span> <span class='ocrx_word' id='word_1_450' title='bbox 1155 4365 1435 4435; x_wconf 89' lang='lat' dir='ltr'><strong>epistolam</strong></span> <span class='ocrx_word' id='word_1_451' title='bbox 1463 4363 1836 4437; x_wconf 85' lang='lat' dir='ltr'><strong>episcoporum</strong></span> <span class='ocrx_word' id='word_1_452' title='bbox 1861 4363 1954 4421; x_wconf 84' lang='lat' dir='ltr'><strong>Hi-</strong></span> 
     </span>
    </p>
   </div>
   <div class='ocr_carea' id='block_1_62' title="bbox 380 4450 604 4506">
    <p class='ocr_par' dir='ltr' id='par_1_62' title="bbox 380 4450 604 4506">
     <span class='ocr_line' id='line_1_63' title="bbox 380 4450 604 4506; baseline -0.004 -17"><span class='ocrx_word' id='word_1_453' title='bbox 380 4450 604 4506; x_wconf 69' lang='lat' dir='ltr'><strong>spaniae.</strong></span> 
     </span>
    </p>
   </div>
   <div class='ocr_carea' id='block_1_63' title="bbox 448 4542 1949 4616">
    <p class='ocr_par' dir='ltr' id='par_1_63' title="bbox 448 4542 1949 4616">
     <span class='ocr_line' id='line_1_64' title="bbox 448 4542 1949 4616; baseline -0.001 -13"><span class='ocrx_word' id='word_1_454' title='bbox 448 4546 680 4603; x_wconf 77' lang='lat' dir='ltr'><strong>XXVIII.</strong></span> <span class='ocrx_word' id='word_1_455' title='bbox 739 4542 948 4616; x_wconf 10' lang='lat' dir='ltr'><strong>Pugna?</strong></span> <span class='ocrx_word' id='word_1_456' title='bbox 984 4553 1166 4599; x_wconf 83' lang='lat' dir='ltr'><strong>contra</strong></span> <span class='ocrx_word' id='word_1_457' title='bbox 1224 4545 1516 4615; x_wconf 78' lang='lat' dir='ltr'><strong>Migetium.</strong></span> <span class='ocrx_word' id='word_1_458' title='bbox 1557 4576 1626 4585; x_wconf 95' lang='lat'><strong><em>—</em></strong></span> <span class='ocrx_word' id='word_1_459' title='bbox 1662 4546 1826 4602; x_wconf 85' lang='lat' dir='ltr'><strong>Forte</strong></span> <span class='ocrx_word' id='word_1_460' title='bbox 1872 4555 1949 4601; x_wconf 85' lang='lat' dir='ltr'><strong>ta-</strong></span> 
     </span>
    </p>
   </div>
   <div class='ocr_carea' id='block_1_64' title="bbox 375 4615 1951 4687">
    <p class='ocr_par' dir='ltr' id='par_1_64' title="bbox 375 4615 1951 4687">
     <span class='ocr_line' id='line_1_65' title="bbox 375 4615 1951 4687; baseline -0.002 -14"><span class='ocrx_word' id='word_1_461' title='bbox 375 4636 495 4673; x_wconf 55' lang='lat' dir='ltr'><strong>men</strong></span> <span class='ocrx_word' id='word_1_462' title='bbox 525 4618 767 4687; x_wconf 81' lang='lat' dir='ltr'><strong>proxima</strong></span> <span class='ocrx_word' id='word_1_463' title='bbox 798 4615 872 4671; x_wconf 90' lang='lat' dir='ltr'><strong>ita</strong></span> <span class='ocrx_word' id='word_1_464' title='bbox 920 4615 987 4670; x_wconf 89' lang='lat' dir='ltr'><strong>de</strong></span> <span class='ocrx_word' id='word_1_465' title='bbox 1026 4616 1236 4687; x_wconf 88' lang='lat' dir='ltr'><strong>Christo</strong></span> <span class='ocrx_word' id='word_1_466' title='bbox 1278 4616 1543 4671; x_wconf 88' lang='lat' dir='ltr'><strong>sentiendi</strong></span> <span class='ocrx_word' id='word_1_467' title='bbox 1588 4617 1804 4671; x_wconf 89' lang='lat' dir='ltr'><strong>occasio</strong></span> <span class='ocrx_word' id='word_1_468' title='bbox 1851 4616 1951 4671; x_wconf 83' lang='lat' dir='ltr'><strong>fuit</strong></span> 
     </span>
    </p>
   </div>
   <div class='ocr_carea' id='block_1_65' title="bbox 374 4686 1949 4758">
    <p class='ocr_par' dir='ltr' id='par_1_65' title="bbox 374 4686 1949 4758">
     <span class='ocr_line' id='line_1_66' title="bbox 374 4686 1949 4758; baseline -0.001 -15"><span class='ocrx_word' id='word_1_469' title='bbox 374 4686 548 4758; x_wconf 75' lang='lat' dir='ltr'><strong>pugna</strong></span> <span class='ocrx_word' id='word_1_470' title='bbox 588 4687 691 4758; x_wconf 83' lang='lat' dir='ltr'><strong>illa</strong></span> <span class='ocrx_word' id='word_1_471' title='bbox 715 4727 730 4751; x_wconf 93' lang='lat'><strong>,</strong></span> <span class='ocrx_word' id='word_1_472' title='bbox 770 4700 932 4758; x_wconf 88' lang='lat' dir='ltr'><strong>quam</strong></span> <span class='ocrx_word' id='word_1_473' title='bbox 987 4686 1308 4741; x_wconf 85' lang='lat' dir='ltr'><strong>acerrimam</strong></span> <span class='ocrx_word' id='word_1_474' title='bbox 1334 4756 1340 4758; x_wconf 14' lang='grc' dir='ltr'><strong>Α</strong></span> <span class='ocrx_word' id='word_1_475' title='bbox 1369 4687 1739 4741; x_wconf 89' lang='lat' dir='ltr'><strong>decertaverat</strong></span> <span class='ocrx_word' id='word_1_476' title='bbox 1788 4687 1949 4756; x_wconf 87' lang='lat' dir='ltr'><strong>paulo</strong></span> 
     </span>
    </p>
   </div>
   <div class='ocr_carea' id='block_1_66' title="bbox 374 4756 1948 4826">
    <p class='ocr_par' dir='ltr' id='par_1_66' title="bbox 374 4756 1948 4826">
     <span class='ocr_line' id='line_1_67' title="bbox 374 4756 1948 4826; baseline 0.001 -14"><span class='ocrx_word' id='word_1_477' title='bbox 374 4756 533 4813; x_wconf 80' lang='lat' dir='ltr'><strong>antea</strong></span> <span class='ocrx_word' id='word_1_478' title='bbox 585 4757 870 4826; x_wconf 82' lang='lat' dir='ltr'><strong>Elipandus</strong></span> <span class='ocrx_word' id='word_1_479' title='bbox 925 4765 1112 4826; x_wconf 89' lang='lat' dir='ltr'><strong>contra</strong></span> <span class='ocrx_word' id='word_1_480' title='bbox 1161 4756 1472 4812; x_wconf 79' lang='lat' dir='ltr'><strong>hmreticum</strong></span> <span class='ocrx_word' id='word_1_481' title='bbox 1518 4758 1804 4824; x_wconf 89' lang='lat' dir='ltr'><strong>quemdam</strong></span> <span class='ocrx_word' id='word_1_482' title='bbox 1853 4772 1948 4813; x_wconf 84' lang='lat' dir='ltr'><strong>no-</strong></span> 
     </span>
    </p>
   </div>
   <div class='ocr_carea' id='block_1_67' title="bbox 376 4825 1949 4894">
    <p class='ocr_par' dir='ltr' id='par_1_67' title="bbox 376 4825 1949 4894">
     <span class='ocr_line' id='line_1_68' title="bbox 376 4825 1949 4894; baseline 0.001 -12"><span class='ocrx_word' id='word_1_483' title='bbox 376 4829 518 4883; x_wconf 86' lang='lat' dir='ltr'><strong>mine</strong></span> <span class='ocrx_word' id='word_1_484' title='bbox 558 4825 861 4894; x_wconf 73' lang='lat' dir='ltr'><strong>Migetium,</strong></span> <span class='ocrx_word' id='word_1_485' title='bbox 910 4825 1064 4894; x_wconf 87' lang='lat' dir='ltr'><strong>cujus</strong></span> <span class='ocrx_word' id='word_1_486' title='bbox 1109 4826 1392 4881; x_wconf 87' lang='lat' dir='ltr'><strong>historiam</strong></span> <span class='ocrx_word' id='word_1_487' title='bbox 1430 4827 1611 4882; x_wconf 90' lang='lat' dir='ltr'><strong>multis</strong></span> <span class='ocrx_word' id='word_1_488' title='bbox 1656 4826 1831 4881; x_wconf 89' lang='lat' dir='ltr'><strong>adhuc</strong></span> <span class='ocrx_word' id='word_1_489' title='bbox 1870 4836 1949 4883; x_wconf 89' lang='lat' dir='ltr'><strong>te-</strong></span> 
     </span>
    </p>
   </div>
   <div class='ocr_carea' id='block_1_68' title="bbox 372 4895 1946 4965">
    <p class='ocr_par' dir='ltr' id='par_1_68' title="bbox 372 4895 1946 4965">
     <span class='ocr_line' id='line_1_69' title="bbox 372 4895 1946 4965; baseline -0.001 -11"><span class='ocrx_word' id='word_1_490' title='bbox 372 4898 555 4954; x_wconf 80' lang='lat' dir='ltr'><strong>nebris</strong></span> <span class='ocrx_word' id='word_1_491' title='bbox 600 4895 906 4951; x_wconf 87' lang='lat' dir='ltr'><strong>obvolutam</strong></span> <span class='ocrx_word' id='word_1_492' title='bbox 956 4897 1142 4964; x_wconf 89' lang='lat' dir='ltr'><strong>paucis</strong></span> <span class='ocrx_word' id='word_1_493' title='bbox 1183 4898 1271 4951; x_wconf 90' lang='lat' dir='ltr'><strong>hic</strong></span> <span class='ocrx_word' id='word_1_494' title='bbox 1312 4897 1618 4960; x_wconf 89' lang='lat' dir='ltr'><strong>discutere,</strong></span> <span class='ocrx_word' id='word_1_495' title='bbox 1671 4904 1726 4951; x_wconf 91' lang='lat' dir='ltr'><strong>et</strong></span> <span class='ocrx_word' id='word_1_496' title='bbox 1777 4911 1946 4965; x_wconf 88' lang='lat' dir='ltr'><strong>quan-</strong></span> 
     </span>
    </p>
   </div>
   <div class='ocr_carea' id='block_1_69' title="bbox 372 4966 1946 5037">
    <p class='ocr_par' dir='ltr' id='par_1_69' title="bbox 372 4966 1946 5037">
     <span class='ocr_line' id='line_1_70' title="bbox 372 4966 1946 5037; baseline -0.001 -14"><span class='ocrx_word' id='word_1_497' title='bbox 372 4978 488 5023; x_wconf 90' lang='lat' dir='ltr'><strong>tum</strong></span> <span class='ocrx_word' id='word_1_498' title='bbox 538 4966 792 5037; x_wconf 85' lang='lat' dir='ltr'><strong>possibile</strong></span> <span class='ocrx_word' id='word_1_499' title='bbox 841 4966 1050 5037; x_wconf 16' lang='lat' dir='ltr'><strong>est_,u_uin</strong></span> <span class='ocrx_word' id='word_1_500' title='bbox 1104 4966 1287 5037; x_wconf 87' lang='lat' dir='ltr'><strong>aprico</strong></span> <span class='ocrx_word' id='word_1_501' title='bbox 1316 4981 1525 5037; x_wconf 85' lang='lat' dir='ltr'><strong>ponere</strong></span> <span class='ocrx_word' id='word_1_502' title='bbox 1567 4967 1709 5021; x_wconf 86' lang='lat' dir='ltr'><strong>haud</strong></span> <span class='ocrx_word' id='word_1_503' title='bbox 1757 4967 1946 5024; x_wconf 90' lang='lat' dir='ltr'><strong>inutile</strong></span> 
     </span>
    </p>
   </div>
   <div class='ocr_carea' id='block_1_70' title="bbox 373 5034 1944 5109">
    <p class='ocr_par' dir='ltr' id='par_1_70' title="bbox 373 5034 1944 5109">
     <span class='ocr_line' id='line_1_71' title="bbox 373 5034 1944 5109; baseline -0.001 -15"><span class='ocrx_word' id='word_1_504' title='bbox 373 5041 497 5095; x_wconf 81' lang='lat' dir='ltr'><strong>erit.</strong></span> <span class='ocrx_word' id='word_1_505' title='bbox 522 5034 874 5109; x_wconf 10' lang='lat' dir='ltr'><strong>V&#39;Mentionern</strong></span> <span class='ocrx_word' id='word_1_506' title='bbox 921 5034 1065 5089; x_wconf 90' lang='lat' dir='ltr'><strong>illius</strong></span> <span class='ocrx_word' id='word_1_507' title='bbox 1093 5034 1452 5109; x_wconf 69' lang='lat' dir='ltr'><strong>_primo_l‘aeit</strong></span> <span class='ocrx_word' id='word_1_508' title='bbox 1501 5036 1772 5109; x_wconf 85' lang='lat' dir='ltr'><strong>Adrianus</strong></span> <span class='ocrx_word' id='word_1_509' title='bbox 1806 5054 1944 5109; x_wconf 88' lang='lat' dir='ltr'><strong>papa</strong></span> 
     </span>
    </p>
   </div>
   <div class='ocr_carea' id='block_1_71' title="bbox 374 5104 1943 5187">
    <p class='ocr_par' dir='ltr' id='par_1_71' title="bbox 374 5104 1943 5187">
     <span class='ocr_line' id='line_1_72' title="bbox 374 5104 1943 5187; baseline -0.001 -24"><span class='ocrx_word' id='word_1_510' title='bbox 374 5109 428 5163; x_wconf 92' lang='lat' dir='ltr'><strong>in</strong></span> <span class='ocrx_word' id='word_1_511' title='bbox 449 5107 671 5187; x_wconf 66' lang='lat' dir='ltr'><strong>epistola</strong></span> <span class='ocrx_word' id='word_1_512' title='bbox 700 5104 767 5161; x_wconf 88' lang='lat' dir='ltr'><strong>ad</strong></span> <span class='ocrx_word' id='word_1_513' title='bbox 785 5104 1068 5187; x_wconf 72' lang='lat' dir='ltr'><strong>episcopos</strong></span> <span class='ocrx_word' id='word_1_514' title='bbox 1091 5104 1357 5187; x_wconf 64' lang='lat' dir='ltr'><strong>Hispania:</strong></span> <span class='ocrx_word' id='word_1_515' title='bbox 1379 5106 1601 5187; x_wconf 77' lang='lat' dir='ltr'><strong>directa,</strong></span> <span class='ocrx_word' id='word_1_516' title='bbox 1627 5107 1718 5162; x_wconf 90' lang='lat' dir='ltr'><strong>ubi</strong></span> <span class='ocrx_word' id='word_1_517' title='bbox 1740 5104 1943 5187; x_wconf 74' lang='lat' dir='ltr'><strong>Egiiani</strong></span> 
     </span>
    </p>
   </div>
   <div class='ocr_carea' id='block_1_72' title="bbox 375 5176 1943 5250">
    <p class='ocr_par' dir='ltr' id='par_1_72' title="bbox 375 5176 1943 5250">
     <span class='ocr_line' id='line_1_73' title="bbox 375 5176 1943 5250; baseline -0.001 -17"><span class='ocrx_word' id='word_1_518' title='bbox 375 5176 523 5250; x_wconf 61' lang='lat' dir='ltr'><strong>regni</strong></span> <span class='ocrx_word' id='word_1_519' title='bbox 543 5177 692 5250; x_wconf 88' lang='lat' dir='ltr'><strong>illius</strong></span> <span class='ocrx_word' id='word_1_520' title='bbox 714 5176 1023 5250; x_wconf 82' lang='lat' dir='ltr'><strong>episcopum</strong></span> <span class='ocrx_word' id='word_1_521' title='bbox 1051 5176 1245 5245; x_wconf 84' lang='lat' dir='ltr'><strong>arguit,</strong></span> <span class='ocrx_word' id='word_1_522' title='bbox 1270 5178 1412 5250; x_wconf 76' lang='lat' dir='ltr'><strong>quod</strong></span> <span class='ocrx_word' id='word_1_523' title='bbox 1439 5192 1653 5250; x_wconf 84' lang='lat' dir='ltr'><strong>errores</strong></span> <span class='ocrx_word' id='word_1_524' title='bbox 1680 5176 1943 5246; x_wconf 83' lang='lat' dir='ltr'><strong>quosdam</strong></span> 
     </span>
    </p>
   </div>
   <div class='ocr_carea' id='block_1_73' title="bbox 374 5246 1946 5319">
    <p class='ocr_par' dir='ltr' id='par_1_73' title="bbox 374 5246 1946 5319">
     <span class='ocr_line' id='line_1_74' title="bbox 374 5246 1946 5319; baseline -0.001 -18"><span class='ocrx_word' id='word_1_525' title='bbox 374 5246 583 5319; x_wconf 74' lang='lat' dir='ltr'><strong>Migetii</strong></span> <span class='ocrx_word' id='word_1_526' title='bbox 596 5247 847 5319; x_wconf 79' lang='lat' dir='ltr'><strong>magistri</strong></span> <span class='ocrx_word' id='word_1_527' title='bbox 876 5246 960 5319; x_wconf 89' lang='lat' dir='ltr'><strong>sui</strong></span> <span class='ocrx_word' id='word_1_528' title='bbox 993 5254 1208 5319; x_wconf 77' lang='lat' dir='ltr'><strong>secutus</strong></span> <span class='ocrx_word' id='word_1_529' title='bbox 1236 5247 1337 5319; x_wconf 80' lang='lat' dir='ltr'><strong>sit;</strong></span> <span class='ocrx_word' id='word_1_530' title='bbox 1383 5248 1601 5319; x_wconf 60' lang='lat' dir='ltr'><strong>quuiam</strong></span> <span class='ocrx_word' id='word_1_531' title='bbox 1638 5255 1820 5319; x_wconf 66' lang='lat' dir='ltr'><strong>tamen</strong></span> <span class='ocrx_word' id='word_1_532' title='bbox 1866 5263 1946 5301; x_wconf 84' lang='lat' dir='ltr'><strong>er-</strong></span> 
     </span>
    </p>
   </div>
   <div class='ocr_carea' id='block_1_74' title="bbox 375 5314 1942 5385">
    <p class='ocr_par' dir='ltr' id='par_1_74' title="bbox 375 5314 1942 5385">
     <span class='ocr_line' id='line_1_75' title="bbox 375 5314 1942 5385; baseline 0 -14"><span class='ocrx_word' id='word_1_533' title='bbox 375 5314 527 5372; x_wconf 63' lang='lat' dir='ltr'><strong>rores</strong></span> <span class='ocrx_word' id='word_1_534' title='bbox 552 5317 627 5372; x_wconf 91' lang='lat' dir='ltr'><strong>illi</strong></span> <span class='ocrx_word' id='word_1_535' title='bbox 653 5314 877 5382; x_wconf 73' lang='lat' dir='ltr'><strong>fuerint,</strong></span> <span class='ocrx_word' id='word_1_536' title='bbox 914 5316 1058 5385; x_wconf 83' lang='lat' dir='ltr'><strong>baud</strong></span> <span class='ocrx_word' id='word_1_537' title='bbox 1094 5314 1432 5371; x_wconf 82' lang='lat' dir='ltr'><strong>determinat.</strong></span> <span class='ocrx_word' id='word_1_538' title='bbox 1457 5316 1703 5385; x_wconf 86' lang='lat' dir='ltr'><strong>Episcopi</strong></span> <span class='ocrx_word' id='word_1_539' title='bbox 1748 5316 1942 5383; x_wconf 80' lang='lat' dir='ltr'><strong>Hispa-</strong></span> 
     </span>
    </p>
   </div>
   <div class='ocr_carea' id='block_1_75' title="bbox 375 5384 1945 5456">
    <p class='ocr_par' dir='ltr' id='par_1_75' title="bbox 375 5384 1945 5456">
     <span class='ocr_line' id='line_1_76' title="bbox 375 5384 1945 5456; baseline 0 -17"><span class='ocrx_word' id='word_1_540' title='bbox 375 5386 478 5456; x_wconf 72' lang='lat' dir='ltr'><strong>nia:</strong></span> <span class='ocrx_word' id='word_1_541' title='bbox 531 5387 583 5441; x_wconf 91' lang='lat' dir='ltr'><strong>in</strong></span> <span class='ocrx_word' id='word_1_542' title='bbox 617 5396 913 5442; x_wconf 89' lang='lat' dir='ltr'><strong>memorata</strong></span> <span class='ocrx_word' id='word_1_543' title='bbox 955 5384 1067 5456; x_wconf 83' lang='lat' dir='ltr'><strong>jam</strong></span> <span class='ocrx_word' id='word_1_544' title='bbox 1119 5385 1342 5456; x_wconf 89' lang='lat' dir='ltr'><strong>epistola</strong></span> <span class='ocrx_word' id='word_1_545' title='bbox 1386 5386 1453 5440; x_wconf 91' lang='lat' dir='ltr'><strong>ad</strong></span> <span class='ocrx_word' id='word_1_546' title='bbox 1501 5384 1785 5456; x_wconf 82' lang='lat' dir='ltr'><strong>episcopos</strong></span> <span class='ocrx_word' id='word_1_547' title='bbox 1821 5387 1945 5441; x_wconf 87' lang='lat' dir='ltr'><strong>Gal-</strong></span> 
     </span>
    </p>
   </div>
   <div class='ocr_carea' id='block_1_76' title="bbox 376 5455 1948 5528">
    <p class='ocr_par' dir='ltr' id='par_1_76' title="bbox 376 5455 1948 5528">
     <span class='ocr_line' id='line_1_77' title="bbox 376 5455 1948 5528; baseline 0.001 -19"><span class='ocrx_word' id='word_1_548' title='bbox 376 5455 480 5519; x_wconf 75' lang='lat' dir='ltr'><strong>liae,</strong></span> <span class='ocrx_word' id='word_1_549' title='bbox 509 5464 639 5521; x_wconf 91' lang='lat' dir='ltr'><strong>etc.,</strong></span> <span class='ocrx_word' id='word_1_550' title='bbox 670 5457 894 5528; x_wconf 83' lang='lat' dir='ltr'><strong>Beatum</strong></span> <span class='ocrx_word' id='word_1_551' title='bbox 920 5455 1170 5512; x_wconf 83' lang='lat' dir='ltr'><strong>abbatem</strong></span> <span class='ocrx_word' id='word_1_552' title='bbox 1203 5456 1417 5528; x_wconf 82' lang='lat' dir='ltr'><strong>Migetio</strong></span> <span class='ocrx_word' id='word_1_553' title='bbox 1442 5455 1670 5528; x_wconf 82' lang='lat' dir='ltr'><strong>similem</strong></span> <span class='ocrx_word' id='word_1_554' title='bbox 1714 5472 1834 5512; x_wconf 87' lang='lat' dir='ltr'><strong>esse</strong></span> <span class='ocrx_word' id='word_1_555' title='bbox 1861 5473 1948 5511; x_wconf 88' lang='lat' dir='ltr'><strong>ar-</strong></span> 
     </span>
    </p>
   </div>
   <div class='ocr_carea' id='block_1_77' title="bbox 374 5526 1943 5596">
    <p class='ocr_par' dir='ltr' id='par_1_77' title="bbox 374 5526 1943 5596">
     <span class='ocr_line' id='line_1_78' title="bbox 374 5526 1943 5596; baseline 0.002 -18"><span class='ocrx_word' id='word_1_556' title='bbox 374 5532 572 5596; x_wconf 87' lang='lat' dir='ltr'><strong>guunt;</strong></span> <span class='ocrx_word' id='word_1_557' title='bbox 606 5534 661 5580; x_wconf 88' lang='lat' dir='ltr'><strong>at</strong></span> <span class='ocrx_word' id='word_1_558' title='bbox 681 5529 748 5581; x_wconf 90' lang='lat' dir='ltr'><strong>de</strong></span> <span class='ocrx_word' id='word_1_559' title='bbox 773 5527 930 5596; x_wconf 90' lang='lat' dir='ltr'><strong>hujus</strong></span> <span class='ocrx_word' id='word_1_560' title='bbox 959 5528 1234 5583; x_wconf 88' lang='lat' dir='ltr'><strong>erroribus</strong></span> <span class='ocrx_word' id='word_1_561' title='bbox 1275 5526 1378 5582; x_wconf 82' lang='lat' dir='ltr'><strong>non</strong></span> <span class='ocrx_word' id='word_1_562' title='bbox 1406 5526 1507 5580; x_wconf 90' lang='lat' dir='ltr'><strong>nisi</strong></span> <span class='ocrx_word' id='word_1_563' title='bbox 1545 5528 1774 5581; x_wconf 86' lang='lat' dir='ltr'><strong>obscura</strong></span> <span class='ocrx_word' id='word_1_564' title='bbox 1806 5528 1943 5581; x_wconf 85' lang='lat' dir='ltr'><strong>indi-</strong></span> 
     </span>
    </p>
   </div>
   <div class='ocr_carea' id='block_1_78' title="bbox 376 5596 1942 5666">
    <p class='ocr_par' dir='ltr' id='par_1_78' title="bbox 376 5596 1942 5666">
     <span class='ocr_line' id='line_1_79' title="bbox 376 5596 1942 5666; baseline 0 -16"><span class='ocrx_word' id='word_1_565' title='bbox 376 5599 460 5651; x_wconf 88' lang='lat' dir='ltr'><strong>cia</strong></span> <span class='ocrx_word' id='word_1_566' title='bbox 505 5596 940 5666; x_wconf 82' lang='lat' dir='ltr'><strong>subministrant.</strong></span> <span class='ocrx_word' id='word_1_567' title='bbox 1000 5598 1288 5666; x_wconf 86' lang='lat' dir='ltr'><strong>Elipandus</strong></span> <span class='ocrx_word' id='word_1_568' title='bbox 1327 5598 1377 5650; x_wconf 91' lang='lat' dir='ltr'><strong>in</strong></span> <span class='ocrx_word' id='word_1_569' title='bbox 1440 5612 1536 5651; x_wconf 89' lang='lat' dir='ltr'><strong>sua</strong></span> <span class='ocrx_word' id='word_1_570' title='bbox 1591 5598 1660 5651; x_wconf 89' lang='lat' dir='ltr'><strong>ad</strong></span> <span class='ocrx_word' id='word_1_571' title='bbox 1706 5596 1942 5651; x_wconf 86' lang='lat' dir='ltr'><strong>Fidelem</strong></span> 
     </span>
    </p>
   </div>
   <div class='ocr_carea' id='block_1_79' title="bbox 374 5664 1943 5741">
    <p class='ocr_par' dir='ltr' id='par_1_79' title="bbox 374 5664 1943 5741">
     <span class='ocr_line' id='line_1_80' title="bbox 374 5664 1943 5741; baseline -0.002 -18"><span class='ocrx_word' id='word_1_572' title='bbox 374 5665 620 5741; x_wconf 82' lang='lat' dir='ltr'><strong>epistola,</strong></span> <span class='ocrx_word' id='word_1_573' title='bbox 641 5666 794 5736; x_wconf 81' lang='lat' dir='ltr'><strong>cujus</strong></span> <span class='ocrx_word' id='word_1_574' title='bbox 820 5664 1177 5736; x_wconf 78' lang='lat' dir='ltr'><strong>fragmentum</strong></span> <span class='ocrx_word' id='word_1_575' title='bbox 1218 5667 1371 5721; x_wconf 79' lang='lat' dir='ltr'><strong>nobis</strong></span> <span class='ocrx_word' id='word_1_576' title='bbox 1400 5675 1782 5723; x_wconf 84' lang='lat' dir='ltr'><strong>conservarunt</strong></span> <span class='ocrx_word' id='word_1_577' title='bbox 1810 5667 1943 5723; x_wconf 83' lang='lat' dir='ltr'><strong>Bea-</strong></span> 
     </span>
    </p>
   </div>
   <div class='ocr_carea' id='block_1_80' title="bbox 2052 449 3604 520">
    <p class='ocr_par' dir='ltr' id='par_1_80' title="bbox 2052 449 3604 520">
     <span class='ocr_line' id='line_1_81' title="bbox 2052 449 3604 520; baseline -0.003 -14"><span class='ocrx_word' id='word_1_578' title='bbox 2052 467 2241 507; x_wconf 88' lang='lat' dir='ltr'><strong>norum</strong></span> <span class='ocrx_word' id='word_1_579' title='bbox 2273 452 2494 520; x_wconf 89' lang='lat' dir='ltr'><strong>scripto,</strong></span> <span class='ocrx_word' id='word_1_580' title='bbox 2517 451 2713 518; x_wconf 66' lang='lat' dir='ltr'><strong>sepius</strong></span> <span class='ocrx_word' id='word_1_581' title='bbox 2736 449 3068 520; x_wconf 85' lang='lat' dir='ltr'><strong>jactabunde</strong></span> <span class='ocrx_word' id='word_1_582' title='bbox 3096 449 3358 520; x_wconf 78' lang='lat' dir='ltr'><strong>gloriatur</strong></span> <span class='ocrx_word' id='word_1_583' title='bbox 3384 450 3453 503; x_wconf 88' lang='lat' dir='ltr'><strong>de</strong></span> <span class='ocrx_word' id='word_1_584' title='bbox 3500 465 3604 520; x_wconf 89' lang='lat' dir='ltr'><strong>sup</strong></span> 
     </span>
    </p>
   </div>
   <div class='ocr_carea' id='block_1_81' title="bbox 2020 518 3630 592">
    <p class='ocr_par' dir='ltr' id='par_1_81' title="bbox 2020 518 3630 592">
     <span class='ocr_line' id='line_1_82' title="bbox 2020 518 3630 592; baseline -0.002 -16"><span class='ocrx_word' id='word_1_585' title='bbox 2020 542 2025 546; x_wconf 70' lang='grc'><strong>’</strong></span> <span class='ocrx_word' id='word_1_586' title='bbox 2052 536 2237 592; x_wconf 89' lang='lat' dir='ltr'><strong>pressa</strong></span> <span class='ocrx_word' id='word_1_587' title='bbox 2265 518 2707 592; x_wconf 16' lang='lat' dir='ltr'><strong>peruittdltsiriam</strong></span> <span class='ocrx_word' id='word_1_588' title='bbox 2753 535 2905 575; x_wconf 88' lang='lat' dir='ltr'><strong>suam</strong></span> <span class='ocrx_word' id='word_1_589' title='bbox 2934 518 3217 592; x_wconf 73' lang='lat' dir='ltr'><strong>Migetiana</strong></span> <span class='ocrx_word' id='word_1_590' title='bbox 3248 519 3461 592; x_wconf 61' lang='lat' dir='ltr'><strong>haeresi,</strong></span> <span class='ocrx_word' id='word_1_591' title='bbox 3497 519 3630 592; x_wconf 75' lang='lat' dir='ltr'><strong>quin</strong></span> 
     </span>
    </p>
   </div>
   <div class='ocr_carea' id='block_1_82' title="bbox 2052 585 3628 659">
    <p class='ocr_par' dir='ltr' id='par_1_82' title="bbox 2052 585 3628 659">
     <span class='ocr_line' id='line_1_83' title="bbox 2052 585 3628 659; baseline -0.003 -13"><span class='ocrx_word' id='word_1_592' title='bbox 2052 585 2322 646; x_wconf 72' lang='lat' dir='ltr'><strong>velverbo</strong></span> <span class='ocrx_word' id='word_1_593' title='bbox 2351 590 2495 644; x_wconf 89' lang='lat' dir='ltr'><strong>illius</strong></span> <span class='ocrx_word' id='word_1_594' title='bbox 2539 590 2789 659; x_wconf 81' lang='lat' dir='ltr'><strong>dogmata</strong></span> <span class='ocrx_word' id='word_1_595' title='bbox 2834 585 3088 658; x_wconf 71' lang='lat' dir='ltr'><strong>exponat.</strong></span> <span class='ocrx_word' id='word_1_596' title='bbox 3134 588 3354 645; x_wconf 83' lang='lat' dir='ltr'><strong>Interim</strong></span> <span class='ocrx_word' id='word_1_597' title='bbox 3386 585 3628 644; x_wconf 65' lang='lat' dir='ltr'><strong>nonnihil</strong></span> 
     </span>
    </p>
   </div>
   <div class='ocr_carea' id='block_1_83' title="bbox 2052 659 3627 729">
    <p class='ocr_par' dir='ltr' id='par_1_83' title="bbox 2052 659 3627 729">
     <span class='ocr_line' id='line_1_84' title="bbox 2052 659 3627 729; baseline 0.001 -14"><span class='ocrx_word' id='word_1_598' title='bbox 2052 662 2291 729; x_wconf 77' lang='lat' dir='ltr'><strong>apertius</strong></span> <span class='ocrx_word' id='word_1_599' title='bbox 2311 676 2374 715; x_wconf 87' lang='lat' dir='ltr'><strong>ea</strong></span> <span class='ocrx_word' id='word_1_600' title='bbox 2395 661 2459 714; x_wconf 89' lang='lat' dir='ltr'><strong>de</strong></span> <span class='ocrx_word' id='word_1_601' title='bbox 2484 674 2543 714; x_wconf 92' lang='lat' dir='ltr'><strong>re</strong></span> <span class='ocrx_word' id='word_1_602' title='bbox 2568 660 2804 729; x_wconf 90' lang='lat' dir='ltr'><strong>loquitur</strong></span> <span class='ocrx_word' id='word_1_603' title='bbox 2834 659 2887 712; x_wconf 93' lang='lat' dir='ltr'><strong>in</strong></span> <span class='ocrx_word' id='word_1_604' title='bbox 2916 659 3143 728; x_wconf 88' lang='lat' dir='ltr'><strong>epistola</strong></span> <span class='ocrx_word' id='word_1_605' title='bbox 3173 660 3241 729; x_wconf 88' lang='lat' dir='ltr'><strong>ad</strong></span> <span class='ocrx_word' id='word_1_606' title='bbox 3268 659 3444 728; x_wconf 88' lang='lat' dir='ltr'><strong>ipsum</strong></span> <span class='ocrx_word' id='word_1_607' title='bbox 3481 660 3627 716; x_wconf 91' lang='lat' dir='ltr'><strong>hunc</strong></span> 
     </span>
    </p>
   </div>
   <div class='ocr_carea' id='block_1_84' title="bbox 2107 728 3630 803">
    <p class='ocr_par' dir='ltr' id='par_1_84' title="bbox 2107 728 3630 803">
     <span class='ocr_line' id='line_1_85' title="bbox 2107 728 3630 803; baseline -0.001 -18"><span class='ocrx_word' id='word_1_608' title='bbox 2107 731 2331 803; x_wconf 59' lang='lat' dir='ltr'><strong>igetiugu</strong></span> <span class='ocrx_word' id='word_1_609' title='bbox 2349 731 2494 803; x_wconf 70' lang='lat' dir='ltr'><strong>data,</strong></span> <span class='ocrx_word' id='word_1_610' title='bbox 2519 728 2680 803; x_wconf 79' lang='lat' dir='ltr'><strong>quam</strong></span> <span class='ocrx_word' id='word_1_611' title='bbox 2706 744 2814 783; x_wconf 90' lang='lat' dir='ltr'><strong>non</strong></span> <span class='ocrx_word' id='word_1_612' title='bbox 2855 730 2927 785; x_wconf 89' lang='lat' dir='ltr'><strong>ita</strong></span> <span class='ocrx_word' id='word_1_613' title='bbox 2952 730 3161 803; x_wconf 78' lang='lat' dir='ltr'><strong>pridem</strong></span> <span class='ocrx_word' id='word_1_614' title='bbox 3201 728 3410 803; x_wconf 47' lang='lat' dir='ltr'><strong>clamas.</strong></span> <span class='ocrx_word' id='word_1_615' title='bbox 3440 729 3630 803; x_wconf 70' lang='lat' dir='ltr'><strong>Flore-</strong></span> 
     </span>
    </p>
   </div>
   <div class='ocr_carea' id='block_1_85' title="bbox 2052 798 3628 881">
    <p class='ocr_par' dir='ltr' id='par_1_85' title="bbox 2052 798 3628 881">
     <span class='ocr_line' id='line_1_86' title="bbox 2052 798 3628 881; baseline -0.001 -27"><span class='ocrx_word' id='word_1_616' title='bbox 2052 798 2240 881; x_wconf 68' lang='lat' dir='ltr'><strong>siusin</strong></span> <span class='ocrx_word' id='word_1_617' title='bbox 2270 799 2542 881; x_wconf 72' lang='lat' dir='ltr'><strong>Hispania:</strong></span> <span class='ocrx_word' id='word_1_618' title='bbox 2566 798 2748 881; x_wconf 58' lang='lat' dir='ltr'><strong>Sacra;</strong></span> <span class='ocrx_word' id='word_1_619' title='bbox 2772 807 2903 881; x_wconf 75' lang='lat' dir='ltr'><strong>tom.</strong></span> <span class='ocrx_word' id='word_1_620' title='bbox 2932 800 3015 881; x_wconf 39' lang='lat' dir='ltr'><strong>Ai,</strong></span> <span class='ocrx_word' id='word_1_621' title='bbox 3049 814 3171 881; x_wconf 78' lang='lat' dir='ltr'><strong>pag.</strong></span> <span class='ocrx_word' id='word_1_622' title='bbox 3198 798 3325 864; x_wconf 67' lang='grc'><strong>545,</strong></span> <span class='ocrx_word' id='word_1_623' title='bbox 3365 799 3628 881; x_wconf 80' lang='lat' dir='ltr'><strong>vulgavit.</strong></span> 
     </span>
    </p>
   </div>
   <div class='ocr_carea' id='block_1_86' title="bbox 2052 869 3634 939">
    <p class='ocr_par' dir='ltr' id='par_1_86' title="bbox 2052 869 3634 939">
     <span class='ocr_line' id='line_1_87' title="bbox 2052 869 3634 939; baseline -0.001 -14"><span class='ocrx_word' id='word_1_624' title='bbox 2052 872 2132 925; x_wconf 82' lang='lat' dir='ltr'><strong>Ex</strong></span> <span class='ocrx_word' id='word_1_625' title='bbox 2163 870 2251 924; x_wconf 88' lang='lat' dir='ltr'><strong>illa</strong></span> <span class='ocrx_word' id='word_1_626' title='bbox 2294 870 2554 925; x_wconf 89' lang='lat' dir='ltr'><strong>discimus</strong></span> <span class='ocrx_word' id='word_1_627' title='bbox 2600 870 2880 938; x_wconf 89' lang='lat' dir='ltr'><strong>capitalem</strong></span> <span class='ocrx_word' id='word_1_628' title='bbox 2932 869 3133 939; x_wconf 75' lang='lat' dir='ltr'><strong>Migetii</strong></span> <span class='ocrx_word' id='word_1_629' title='bbox 3166 884 3412 929; x_wconf 87' lang='lat' dir='ltr'><strong>errorem</strong></span> <span class='ocrx_word' id='word_1_630' title='bbox 3466 869 3519 924; x_wconf 91' lang='lat' dir='ltr'><strong>in</strong></span> <span class='ocrx_word' id='word_1_631' title='bbox 3566 885 3634 925; x_wconf 89' lang='lat' dir='ltr'><strong>eo</strong></span> 
     </span>
    </p>
   </div>
   <div class='ocr_carea' id='block_1_87' title="bbox 2052 938 3632 1009">
    <p class='ocr_par' dir='ltr' id='par_1_87' title="bbox 2052 938 3632 1009">
     <span class='ocr_line' id='line_1_88' title="bbox 2052 938 3632 1009; baseline 0 -14"><span class='ocrx_word' id='word_1_632' title='bbox 2052 941 2241 1005; x_wconf 81' lang='lat' dir='ltr'><strong>fuisse,</strong></span> <span class='ocrx_word' id='word_1_633' title='bbox 2268 940 2412 1008; x_wconf 90' lang='lat' dir='ltr'><strong>quod</strong></span> <span class='ocrx_word' id='word_1_634' title='bbox 2443 948 2554 994; x_wconf 88' lang='lat' dir='ltr'><strong>tres</strong></span> <span class='ocrx_word' id='word_1_635' title='bbox 2601 954 2862 1008; x_wconf 85' lang='lat' dir='ltr'><strong>personas</strong></span> <span class='ocrx_word' id='word_1_636' title='bbox 2903 939 2957 994; x_wconf 90' lang='lat' dir='ltr'><strong>in</strong></span> <span class='ocrx_word' id='word_1_637' title='bbox 3016 938 3301 994; x_wconf 83' lang='lat' dir='ltr'><strong>divinitate</strong></span> <span class='ocrx_word' id='word_1_638' title='bbox 3337 955 3632 1009; x_wconf 82' lang='lat' dir='ltr'><strong>eorporeas</strong></span> 
     </span>
    </p>
   </div>
   <div class='ocr_carea' id='block_1_88' title="bbox 2052 1008 3633 1078">
    <p class='ocr_par' dir='ltr' id='par_1_88' title="bbox 2052 1008 3633 1078">
     <span class='ocr_line' id='line_1_89' title="bbox 2052 1008 3633 1078; baseline 0 -13"><span class='ocrx_word' id='word_1_639' title='bbox 2052 1010 2321 1075; x_wconf 88' lang='lat' dir='ltr'><strong>statuerit,</strong></span> <span class='ocrx_word' id='word_1_640' title='bbox 2353 1010 2538 1064; x_wconf 88' lang='lat' dir='ltr'><strong>dicens</strong></span> <span class='ocrx_word' id='word_1_641' title='bbox 2573 1008 2751 1064; x_wconf 88' lang='lat' dir='ltr'><strong>Patris</strong></span> <span class='ocrx_word' id='word_1_642' title='bbox 2771 1024 3055 1078; x_wconf 87' lang='lat' dir='ltr'><strong>personam</strong></span> <span class='ocrx_word' id='word_1_643' title='bbox 3079 1024 3200 1065; x_wconf 88' lang='lat' dir='ltr'><strong>esse</strong></span> <span class='ocrx_word' id='word_1_644' title='bbox 3224 1008 3505 1075; x_wconf 81' lang='lat' dir='ltr'><strong>Davidem,</strong></span> <span class='ocrx_word' id='word_1_645' title='bbox 3534 1011 3633 1065; x_wconf 77' lang='lat' dir='ltr'><strong>Fi-</strong></span> 
     </span>
    </p>
   </div>
   <div class='ocr_carea' id='block_1_89' title="bbox 2054 1078 3635 1148">
    <p class='ocr_par' dir='ltr' id='par_1_89' title="bbox 2054 1078 3635 1148">
     <span class='ocr_line' id='line_1_90' title="bbox 2054 1078 3635 1148; baseline 0.002 -15"><span class='ocrx_word' id='word_1_646' title='bbox 2054 1080 2111 1135; x_wconf 92' lang='lat' dir='ltr'><strong>lii</strong></span> <span class='ocrx_word' id='word_1_647' title='bbox 2165 1080 2348 1136; x_wconf 88' lang='lat' dir='ltr'><strong>Jesum</strong></span> <span class='ocrx_word' id='word_1_648' title='bbox 2382 1095 2413 1133; x_wconf 90' lang='lat' dir='ltr'><strong>a</strong></span> <span class='ocrx_word' id='word_1_649' title='bbox 2455 1078 2744 1145; x_wconf 84' lang='lat' dir='ltr'><strong>Nazarcth,</strong></span> <span class='ocrx_word' id='word_1_650' title='bbox 2779 1079 3017 1148; x_wconf 88' lang='lat' dir='ltr'><strong>Spiritus</strong></span> <span class='ocrx_word' id='word_1_651' title='bbox 3046 1080 3220 1135; x_wconf 85' lang='lat' dir='ltr'><strong>sancti</strong></span> <span class='ocrx_word' id='word_1_652' title='bbox 3246 1094 3376 1134; x_wconf 89' lang='lat' dir='ltr'><strong>vero</strong></span> <span class='ocrx_word' id='word_1_653' title='bbox 3404 1080 3635 1136; x_wconf 86' lang='lat' dir='ltr'><strong>Paulum</strong></span> 
     </span>
    </p>
   </div>
   <div class='ocr_carea' id='block_1_90' title="bbox 2054 1149 3631 1219">
    <p class='ocr_par' dir='ltr' id='par_1_90' title="bbox 2054 1149 3631 1219">
     <span class='ocr_line' id='line_1_91' title="bbox 2054 1149 3631 1219; baseline 0.001 -15"><span class='ocrx_word' id='word_1_654' title='bbox 2054 1151 2375 1219; x_wconf 87' lang='lat' dir='ltr'><strong>apostolum.</strong></span> <span class='ocrx_word' id='word_1_655' title='bbox 2431 1150 2678 1204; x_wconf 86' lang='lat' dir='ltr'><strong>Crassior</strong></span> <span class='ocrx_word' id='word_1_656' title='bbox 2736 1149 2977 1219; x_wconf 80' lang='lat' dir='ltr'><strong>profecto</strong></span> <span class='ocrx_word' id='word_1_657' title='bbox 3022 1165 3180 1206; x_wconf 87' lang='lat' dir='ltr'><strong>error</strong></span> <span class='ocrx_word' id='word_1_658' title='bbox 3229 1151 3334 1204; x_wconf 87' lang='lat' dir='ltr'><strong>iste</strong></span> <span class='ocrx_word' id='word_1_659' title='bbox 3389 1151 3631 1215; x_wconf 82' lang='lat' dir='ltr'><strong>videtur,</strong></span> 
     </span>
    </p>
   </div>
   <div class='ocr_carea' id='block_1_91' title="bbox 2055 1219 3636 1288">
    <p class='ocr_par' dir='ltr' id='par_1_91' title="bbox 2055 1219 3636 1288">
     <span class='ocr_line' id='line_1_92' title="bbox 2055 1219 3636 1288; baseline 0.002 -15"><span class='ocrx_word' id='word_1_660' title='bbox 2055 1234 2216 1288; x_wconf 90' lang='lat' dir='ltr'><strong>quam</strong></span> <span class='ocrx_word' id='word_1_661' title='bbox 2253 1228 2313 1274; x_wconf 91' lang='lat' dir='ltr'><strong>ut</strong></span> <span class='ocrx_word' id='word_1_662' title='bbox 2333 1220 2587 1274; x_wconf 86' lang='lat' dir='ltr'><strong>credatur</strong></span> <span class='ocrx_word' id='word_1_663' title='bbox 2609 1220 2936 1275; x_wconf 80' lang='lat' dir='ltr'><strong>assertiones</strong></span> <span class='ocrx_word' id='word_1_664' title='bbox 2966 1219 3109 1275; x_wconf 90' lang='lat' dir='ltr'><strong>illius</strong></span> <span class='ocrx_word' id='word_1_665' title='bbox 3144 1221 3208 1275; x_wconf 91' lang='lat' dir='ltr'><strong>ad</strong></span> <span class='ocrx_word' id='word_1_666' title='bbox 3243 1221 3479 1275; x_wconf 87' lang='lat' dir='ltr'><strong>litteram</strong></span> <span class='ocrx_word' id='word_1_667' title='bbox 3511 1235 3636 1275; x_wconf 87' lang='lat' dir='ltr'><strong>esse</strong></span> 
     </span>
    </p>
   </div>
   <div class='ocr_carea' id='block_1_92' title="bbox 2055 1289 3636 1413">
    <p class='ocr_par' dir='ltr' id='par_1_92' title="bbox 2055 1289 3636 1413">
     <span class='ocr_line' id='line_1_93' title="bbox 2055 1289 3636 1413; baseline 0.002 -69"><span class='ocrx_word' id='word_1_668' title='bbox 2055 1289 2420 1358; x_wconf 83' lang='lat' dir='ltr'><strong>accipiendas,</strong></span> <span class='ocrx_word' id='word_1_669' title='bbox 2442 1290 2576 1344; x_wconf 89' lang='lat' dir='ltr'><strong>adeo</strong></span> <span class='ocrx_word' id='word_1_670' title='bbox 2605 1297 2665 1344; x_wconf 91' lang='lat' dir='ltr'><strong>ut</strong></span> <span class='ocrx_word' id='word_1_671' title='bbox 2691 1303 2758 1342; x_wconf 78' lang='lat' dir='ltr'><strong>ex</strong></span> <span class='ocrx_word' id='word_1_672' title='bbox 2784 1298 2967 1344; x_wconf 88' lang='lat' dir='ltr'><strong>mente</strong></span> <span class='ocrx_word' id='word_1_673' title='bbox 2997 1289 3196 1413; x_wconf 54' lang='lat' dir='ltr'><strong>alipedi</strong></span> <span class='ocrx_word' id='word_1_674' title='bbox 3240 1305 3487 1360; x_wconf 72' lang='lat' dir='ltr'><strong>persona:</strong></span> <span class='ocrx_word' id='word_1_675' title='bbox 3528 1291 3636 1347; x_wconf 71' lang='lat' dir='ltr'><strong>illm</strong></span> 
     </span>
     <span class='ocr_line' id='line_1_94' title="bbox 2055 1359 3631 1413; baseline 0.001 -1"><span class='ocrx_word' id='word_1_676' title='bbox 2055 1374 2328 1413; x_wconf 76' lang='lat' dir='ltr'><strong>corporea:</strong></span> <span class='ocrx_word' id='word_1_677' title='bbox 2358 1359 2459 1413; x_wconf 86' lang='lat' dir='ltr'><strong>insi</strong></span> <span class='ocrx_word' id='word_1_678' title='bbox 2492 1359 2760 1413; x_wconf 82' lang='lat' dir='ltr'><strong>divinitati</strong></span> <span class='ocrx_word' id='word_1_679' title='bbox 2797 1359 3047 1413; x_wconf 86' lang='lat' dir='ltr'><strong>ascriben</strong></span> <span class='ocrx_word' id='word_1_680' title='bbox 3087 1375 3132 1413; x_wconf 66' lang='grc' dir='ltr'>ιθ</span> <span class='ocrx_word' id='word_1_681' title='bbox 3177 1360 3419 1413; x_wconf 88' lang='lat' dir='ltr'><strong>veniant.</strong></span> <span class='ocrx_word' id='word_1_682' title='bbox 3473 1360 3631 1413; x_wconf 88' lang='lat' dir='ltr'><strong>Unde</strong></span> 
     </span>
    </p>
   </div>
   <div class='ocr_carea' id='block_1_93' title="bbox 2055 1359 3631 1429">
    <p class='ocr_par' dir='ltr' id='par_1_93' title="bbox 2055 1359 3631 1429">
     <span class='ocr_line' id='line_1_95' title="bbox 2055 1359 3631 1429; baseline 0.001 -15"><span class='ocrx_word' id='word_1_683' title='bbox 2055 1374 2328 1429; x_wconf 74' lang='lat' dir='ltr'><strong>corporea:</strong></span> <span class='ocrx_word' id='word_1_684' title='bbox 2358 1359 2459 1428; x_wconf 90' lang='lat' dir='ltr'><strong>ipsi</strong></span> <span class='ocrx_word' id='word_1_685' title='bbox 2492 1359 2760 1413; x_wconf 90' lang='lat' dir='ltr'><strong>divinitati</strong></span> <span class='ocrx_word' id='word_1_686' title='bbox 2797 1359 3132 1415; x_wconf 65' lang='lat' dir='ltr'><strong>ascribcndaa</strong></span> <span class='ocrx_word' id='word_1_687' title='bbox 3177 1359 3419 1414; x_wconf 85' lang='lat' dir='ltr'><strong>veniant.</strong></span> <span class='ocrx_word' id='word_1_688' title='bbox 3473 1360 3631 1416; x_wconf 88' lang='lat' dir='ltr'><strong>Unde</strong></span> 
     </span>
    </p>
   </div>
   <div class='ocr_carea' id='block_1_94' title="bbox 2056 1429 3634 1500">
    <p class='ocr_par' dir='ltr' id='par_1_94' title="bbox 2056 1429 3634 1500">
     <span class='ocr_line' id='line_1_96' title="bbox 2056 1429 3634 1500; baseline 0.001 -16"><span class='ocrx_word' id='word_1_689' title='bbox 2056 1429 2374 1500; x_wconf 9' lang='lat' dir='ltr'><strong>nonrabsre</strong></span> <span class='ocrx_word' id='word_1_690' title='bbox 2400 1429 2756 1500; x_wconf 81' lang='lat' dir='ltr'><strong>suspicamur,</strong></span> <span class='ocrx_word' id='word_1_691' title='bbox 2780 1444 3019 1500; x_wconf 80' lang='lat' dir='ltr'><strong>sensum</strong></span> <span class='ocrx_word' id='word_1_692' title='bbox 3058 1429 3220 1483; x_wconf 88' lang='lat' dir='ltr'><strong>alium</strong></span> <span class='ocrx_word' id='word_1_693' title='bbox 3274 1429 3466 1494; x_wconf 85' lang='lat' dir='ltr'><strong>latere,</strong></span> <span class='ocrx_word' id='word_1_694' title='bbox 3495 1446 3634 1500; x_wconf 63' lang='lat' dir='ltr'><strong>prai-</strong></span> 
     </span>
    </p>
   </div>
   <div class='ocr_carea' id='block_1_95' title="bbox 2054 1499 3630 1569">
    <p class='ocr_par' dir='ltr' id='par_1_95' title="bbox 2054 1499 3630 1569">
     <span class='ocr_line' id='line_1_97' title="bbox 2054 1499 3630 1569; baseline 0.003 -16"><span class='ocrx_word' id='word_1_695' title='bbox 2054 1499 2242 1554; x_wconf 82' lang='lat' dir='ltr'><strong>sertim</strong></span> <span class='ocrx_word' id='word_1_696' title='bbox 2272 1499 2317 1553; x_wconf 92' lang='lat' dir='ltr'><strong>si</strong></span> <span class='ocrx_word' id='word_1_697' title='bbox 2347 1499 2751 1569; x_wconf 83' lang='lat' dir='ltr'><strong>consideremus</strong></span> <span class='ocrx_word' id='word_1_698' title='bbox 2775 1499 3050 1569; x_wconf 85' lang='lat' dir='ltr'><strong>Migetium</strong></span> <span class='ocrx_word' id='word_1_699' title='bbox 3071 1500 3203 1554; x_wconf 83' lang='lat' dir='ltr'><strong>alias</strong></span> <span class='ocrx_word' id='word_1_700' title='bbox 3228 1500 3372 1569; x_wconf 89' lang='lat' dir='ltr'><strong>apud</strong></span> <span class='ocrx_word' id='word_1_701' title='bbox 3394 1499 3630 1568; x_wconf 82' lang='lat' dir='ltr'><strong>plebem,</strong></span> 
     </span>
    </p>
   </div>
   <div class='ocr_carea' id='block_1_96' title="bbox 2056 1567 3628 1637">
    <p class='ocr_par' dir='ltr' id='par_1_96' title="bbox 2056 1567 3628 1637">
     <span class='ocr_line' id='line_1_98' title="bbox 2056 1567 3628 1637; baseline 0.002 -15"><span class='ocrx_word' id='word_1_702' title='bbox 2056 1570 2338 1637; x_wconf 88' lang='lat' dir='ltr'><strong>ipsumque</strong></span> <span class='ocrx_word' id='word_1_703' title='bbox 2382 1568 2546 1622; x_wconf 89' lang='lat' dir='ltr'><strong>etiam</strong></span> <span class='ocrx_word' id='word_1_704' title='bbox 2581 1567 2897 1637; x_wconf 84' lang='lat' dir='ltr'><strong>Elipandum</strong></span> <span class='ocrx_word' id='word_1_705' title='bbox 2954 1567 3313 1625; x_wconf 80' lang='lat' dir='ltr'><strong>orthodoxuiu</strong></span> <span class='ocrx_word' id='word_1_706' title='bbox 3370 1567 3628 1634; x_wconf 32' lang='lat' dir='ltr'><strong>a’udiisse,</strong></span> 
     </span>
    </p>
   </div>
   <div class='ocr_carea' id='block_1_97' title="bbox 2055 1638 3627 1708">
    <p class='ocr_par' dir='ltr' id='par_1_97' title="bbox 2055 1638 3627 1708">
     <span class='ocr_line' id='line_1_99' title="bbox 2055 1638 3627 1708; baseline 0 -15"><span class='ocrx_word' id='word_1_707' title='bbox 2055 1645 2217 1707; x_wconf 90' lang='lat' dir='ltr'><strong>prout</strong></span> <span class='ocrx_word' id='word_1_708' title='bbox 2242 1654 2311 1693; x_wconf 79' lang='lat' dir='ltr'><strong>ex</strong></span> <span class='ocrx_word' id='word_1_709' title='bbox 2335 1653 2485 1692; x_wconf 90' lang='lat' dir='ltr'><strong>num.</strong></span> <span class='ocrx_word' id='word_1_710' title='bbox 2516 1638 2552 1692; x_wconf 72' lang='grc'><strong>2</strong></span> <span class='ocrx_word' id='word_1_711' title='bbox 2586 1639 2766 1693; x_wconf 63' lang='lat' dir='ltr'><strong>citata:</strong></span> <span class='ocrx_word' id='word_1_712' title='bbox 2794 1638 3034 1708; x_wconf 74' lang='lat' dir='ltr'><strong>epistolae</strong></span> <span class='ocrx_word' id='word_1_713' title='bbox 3065 1638 3323 1704; x_wconf 86' lang='lat' dir='ltr'><strong>habetur;</strong></span> <span class='ocrx_word' id='word_1_714' title='bbox 3371 1654 3434 1694; x_wconf 86' lang='lat' dir='ltr'><strong>ac</strong></span> <span class='ocrx_word' id='word_1_715' title='bbox 3477 1640 3627 1694; x_wconf 88' lang='lat' dir='ltr'><strong>insu-</strong></span> 
     </span>
    </p>
   </div>
   <div class='ocr_carea' id='block_1_98' title="bbox 2127 1708 3631 1777">
    <p class='ocr_par' dir='ltr' id='par_1_98' title="bbox 2127 1708 3631 1777">
     <span class='ocr_line' id='line_1_100' title="bbox 2127 1708 3631 1777; baseline 0.001 -14"><span class='ocrx_word' id='word_1_716' title='bbox 2127 1724 2154 1762; x_wconf 91' lang='lat' dir='ltr'><strong>r</strong></span> <span class='ocrx_word' id='word_1_717' title='bbox 2192 1709 2469 1763; x_wconf 89' lang='lat' dir='ltr'><strong>erroribus</strong></span> <span class='ocrx_word' id='word_1_718' title='bbox 2506 1708 2828 1777; x_wconf 88' lang='lat' dir='ltr'><strong>quihusdam</strong></span> <span class='ocrx_word' id='word_1_719' title='bbox 2858 1708 3017 1777; x_wconf 87' lang='lat' dir='ltr'><strong>hujus</strong></span> <span class='ocrx_word' id='word_1_720' title='bbox 3064 1709 3296 1765; x_wconf 86' lang='lat' dir='ltr'><strong>hominis</strong></span> <span class='ocrx_word' id='word_1_721' title='bbox 3324 1710 3491 1765; x_wconf 88' lang='lat' dir='ltr'><strong>etiam</strong></span> <span class='ocrx_word' id='word_1_722' title='bbox 3530 1710 3631 1764; x_wconf 90' lang='lat' dir='ltr'><strong>ad-</strong></span> 
     </span>
    </p>
   </div>
   <div class='ocr_carea' id='block_1_99' title="bbox 2095 1777 3633 1858">
    <p class='ocr_par' dir='ltr' id='par_1_99' title="bbox 2095 1777 3633 1858">
     <span class='ocr_line' id='line_1_101' title="bbox 2095 1777 3633 1858; baseline 0.001 -25"><span class='ocrx_word' id='word_1_723' title='bbox 2095 1779 2275 1835; x_wconf 71' lang='lat' dir='ltr'><strong>azsisse</strong></span> <span class='ocrx_word' id='word_1_724' title='bbox 2296 1777 2527 1858; x_wconf 84' lang='lat' dir='ltr'><strong>Egilam,</strong></span> <span class='ocrx_word' id='word_1_725' title='bbox 2550 1793 2728 1858; x_wconf 83' lang='lat' dir='ltr'><strong>quem_</strong></span> <span class='ocrx_word' id='word_1_726' title='bbox 2746 1787 2921 1858; x_wconf 77' lang='lat' dir='ltr'><strong>tamen</strong></span> <span class='ocrx_word' id='word_1_727' title='bbox 2952 1778 3485 1858; x_wconf 83' lang='lat' dir='ltr'><strong>antea_Wul_charius</strong></span> <span class='ocrx_word' id='word_1_728' title='bbox 3503 1779 3633 1858; x_wconf 58' lang='grc' dir='ltr'><strong>ρει-</strong></span> 
     </span>
    </p>
   </div>
   <div class='ocr_carea' id='block_1_100' title="bbox 2055 1848 3629 1918">
    <p class='ocr_par' dir='ltr' id='par_1_100' title="bbox 2055 1848 3629 1918">
     <span class='ocr_line' id='line_1_102' title="bbox 2055 1848 3629 1918; baseline 0.003 -17"><span class='ocrx_word' id='word_1_729' title='bbox 2055 1848 2246 1903; x_wconf 87' lang='lat' dir='ltr'><strong>liarum</strong></span> <span class='ocrx_word' id='word_1_730' title='bbox 2282 1848 2565 1917; x_wconf 88' lang='lat' dir='ltr'><strong>episcopus</strong></span> <span class='ocrx_word' id='word_1_731' title='bbox 2588 1849 2730 1918; x_wconf 89' lang='lat' dir='ltr'><strong>apud</strong></span> <span class='ocrx_word' id='word_1_732' title='bbox 2770 1848 3067 1905; x_wconf 85' lang='lat' dir='ltr'><strong>Adrianum</strong></span> <span class='ocrx_word' id='word_1_733' title='bbox 3096 1849 3162 1905; x_wconf 89' lang='lat' dir='ltr'><strong>de</strong></span> <span class='ocrx_word' id='word_1_734' title='bbox 3209 1849 3313 1908; x_wconf 78' lang='lat' dir='ltr'><strong>(ide</strong></span> <span class='ocrx_word' id='word_1_735' title='bbox 3340 1849 3629 1914; x_wconf 86' lang='lat' dir='ltr'><strong>catholica,</strong></span> 
     </span>
    </p>
   </div>
   <div class='ocr_carea' id='block_1_101' title="bbox 2054 1918 3633 1989">
    <p class='ocr_par' dir='ltr' id='par_1_101' title="bbox 2054 1918 3633 1989">
     <span class='ocr_line' id='line_1_103' title="bbox 2054 1918 3633 1989; baseline 0.001 -16"><span class='ocrx_word' id='word_1_736' title='bbox 2054 1918 2298 1989; x_wconf 90' lang='lat' dir='ltr'><strong>moribus</strong></span> <span class='ocrx_word' id='word_1_737' title='bbox 2317 1927 2478 1989; x_wconf 87' lang='lat' dir='ltr'><strong>atque</strong></span> <span class='ocrx_word' id='word_1_738' title='bbox 2500 1918 2724 1989; x_wconf 87' lang='lat' dir='ltr'><strong>actibus</strong></span> <span class='ocrx_word' id='word_1_739' title='bbox 2750 1934 3088 1989; x_wconf 88' lang='lat' dir='ltr'><strong>summopere</strong></span> <span class='ocrx_word' id='word_1_740' title='bbox 3110 1918 3373 1983; x_wconf 89' lang='lat' dir='ltr'><strong>laudarat,</strong></span> <span class='ocrx_word' id='word_1_741' title='bbox 3397 1929 3452 1976; x_wconf 88' lang='lat' dir='ltr'><strong>et</strong></span> <span class='ocrx_word' id='word_1_742' title='bbox 3473 1919 3633 1988; x_wconf 85' lang='lat' dir='ltr'><strong>cujus</strong></span> 
     </span>
    </p>
   </div>
   <div class='ocr_carea' id='block_1_102' title="bbox 2053 1988 3631 2070">
    <p class='ocr_par' dir='ltr' id='par_1_102' title="bbox 2053 1988 3631 2070">
     <span class='ocr_line' id='line_1_104' title="bbox 2053 1988 3631 2070; baseline 0.003 -28"><span class='ocrx_word' id='word_1_743' title='bbox 2053 1989 2215 2070; x_wconf 70' lang='lat' dir='ltr'><strong>iidem</strong></span> <span class='ocrx_word' id='word_1_744' title='bbox 2243 1988 2357 2070; x_wconf 77' lang='lat' dir='ltr'><strong>ipse</strong></span> <span class='ocrx_word' id='word_1_745' title='bbox 2384 1988 2651 2070; x_wconf 57' lang='lat' dir='ltr'><strong>Adrianus</strong></span> <span class='ocrx_word' id='word_1_746' title='bbox 2676 1988 3559 2070; x_wconf 10' lang='lat' dir='ltr'><strong>multis_deprzedicaverat,.prout7</strong></span> <span class='ocrx_word' id='word_1_747' title='bbox 3575 1991 3631 2070; x_wconf 81' lang='lat' dir='ltr'><strong>in</strong></span> 
     </span>
    </p>
   </div>
   <div class='ocr_carea' id='block_1_103' title="bbox 2056 2056 3629 2142">
    <p class='ocr_par' dir='ltr' id='par_1_103' title="bbox 2056 2056 3629 2142">
     <span class='ocr_line' id='line_1_105' title="bbox 2056 2056 3629 2142; baseline 0.001 -29"><span class='ocrx_word' id='word_1_748' title='bbox 2056 2059 2229 2142; x_wconf 70' lang='lat' dir='ltr'><strong>tribus</strong></span> <span class='ocrx_word' id='word_1_749' title='bbox 2241 2056 2513 2142; x_wconf 40' lang='lat' dir='ltr'><strong>_;episto‘lis</strong></span> <span class='ocrx_word' id='word_1_750' title='bbox 2530 2058 2713 2142; x_wconf 67' lang='lat' dir='ltr'><strong>hujus</strong></span> <span class='ocrx_word' id='word_1_751' title='bbox 2728 2056 3001 2142; x_wconf 81' lang='lat' dir='ltr'><strong>pontiﬁcis</strong></span> <span class='ocrx_word' id='word_1_752' title='bbox 3013 2060 3083 2140; x_wconf 84' lang='lat' dir='ltr'><strong>_in</strong></span> <span class='ocrx_word' id='word_1_753' title='bbox 3124 2056 3629 2142; x_wconf 59' lang='lat' dir='ltr'><strong>praesenti&#39;negotio</strong></span> 
     </span>
    </p>
   </div>
   <div class='ocr_carea' id='block_1_104' title="bbox 2054 2128 3627 2199">
    <p class='ocr_par' dir='ltr' id='par_1_104' title="bbox 2054 2128 3627 2199">
     <span class='ocr_line' id='line_1_106' title="bbox 2054 2128 3627 2199; baseline 0.003 -17"><span class='ocrx_word' id='word_1_754' title='bbox 2054 2128 2420 2199; x_wconf 17' lang='lat' dir='ltr'><strong>datisudiserte</strong></span> <span class='ocrx_word' id='word_1_755' title='bbox 2440 2128 2653 2197; x_wconf 85' lang='lat' dir='ltr'><strong>legitur.</strong></span> <span class='ocrx_word' id='word_1_756' title='bbox 2684 2128 2753 2183; x_wconf 81' lang='lat' dir='ltr'><strong>At</strong></span> <span class='ocrx_word' id='word_1_757' title='bbox 2777 2144 2906 2184; x_wconf 85' lang='lat' dir='ltr'><strong>vero</strong></span> <span class='ocrx_word' id='word_1_758' title='bbox 2932 2130 3178 2199; x_wconf 85' lang='lat' dir='ltr'><strong>quisnam</strong></span> <span class='ocrx_word' id='word_1_759' title='bbox 3203 2130 3257 2183; x_wconf 88' lang='lat' dir='ltr'><strong>in</strong></span> <span class='ocrx_word' id='word_1_760' title='bbox 3305 2128 3627 2187; x_wconf 87' lang='lat' dir='ltr'><strong>assertioni-</strong></span> 
     </span>
    </p>
   </div>
   <div class='ocr_carea' id='block_1_105' title="bbox 2054 2196 3633 2269">
    <p class='ocr_par' dir='ltr' id='par_1_105' title="bbox 2054 2196 3633 2269">
     <span class='ocr_line' id='line_1_107' title="bbox 2054 2196 3633 2269; baseline 0.003 -17"><span class='ocrx_word' id='word_1_761' title='bbox 2054 2196 2155 2269; x_wconf 82' lang='lat' dir='ltr'><strong>bus</strong></span> <span class='ocrx_word' id='word_1_762' title='bbox 2184 2196 2287 2253; x_wconf 88' lang='lat' dir='ltr'><strong>illis</strong></span> <span class='ocrx_word' id='word_1_763' title='bbox 2316 2196 2759 2269; x_wconf 59' lang='lat' dir='ltr'><strong>erronquanam</strong></span> <span class='ocrx_word' id='word_1_764' title='bbox 2802 2196 3023 2269; x_wconf 66' lang='lat' dir='ltr'><strong>haeresis</strong></span> <span class='ocrx_word' id='word_1_765' title='bbox 3061 2199 3356 2265; x_wconf 82' lang='lat' dir='ltr'><strong>delitescat,</strong></span> <span class='ocrx_word' id='word_1_766' title='bbox 3379 2201 3633 2269; x_wconf 81' lang='lat' dir='ltr'><strong>detegere</strong></span> 
     </span>
    </p>
   </div>
   <div class='ocr_carea' id='block_1_106' title="bbox 2055 2268 3629 2340">
    <p class='ocr_par' dir='ltr' id='par_1_106' title="bbox 2055 2268 3629 2340">
     <span class='ocr_line' id='line_1_108' title="bbox 2055 2268 3629 2340; baseline 0.003 -18"><span class='ocrx_word' id='word_1_767' title='bbox 2055 2268 2159 2322; x_wconf 90' lang='lat' dir='ltr'><strong>hoc</strong></span> <span class='ocrx_word' id='word_1_768' title='bbox 2183 2282 2337 2340; x_wconf 80' lang='lat' dir='ltr'><strong>opus,</strong></span> <span class='ocrx_word' id='word_1_769' title='bbox 2362 2269 2452 2340; x_wconf 90' lang='lat' dir='ltr'><strong>hic</strong></span> <span class='ocrx_word' id='word_1_770' title='bbox 2490 2268 2780 2340; x_wconf 76' lang='lat' dir='ltr'><strong>laborest.</strong></span> <span class='ocrx_word' id='word_1_771' title='bbox 2807 2268 3101 2324; x_wconf 83' lang='lat' dir='ltr'><strong>Dolendum</strong></span> <span class='ocrx_word' id='word_1_772' title='bbox 3147 2285 3298 2335; x_wconf 90' lang='lat' dir='ltr'><strong>sane,</strong></span> <span class='ocrx_word' id='word_1_773' title='bbox 3323 2270 3464 2340; x_wconf 90' lang='lat' dir='ltr'><strong>quod</strong></span> <span class='ocrx_word' id='word_1_774' title='bbox 3509 2268 3629 2340; x_wconf 81' lang='lat' dir='ltr'><strong>epi-</strong></span> 
     </span>
    </p>
   </div>
   <div class='ocr_carea' id='block_1_107' title="bbox 2054 2285 3629 2409">
    <p class='ocr_par' dir='ltr' id='par_1_107' title="bbox 2054 2285 3629 2409">
     <span class='ocr_line' id='line_1_109' title="bbox 2056 2285 3629 2394; baseline 0.003 -72"><span class='ocrx_word' id='word_1_775' title='bbox 2056 2285 2159 2322; x_wconf 87' lang='lat' dir='ltr'><strong>noc</strong></span> <span class='ocrx_word' id='word_1_776' title='bbox 2183 2285 2337 2336; x_wconf 83' lang='lat' dir='ltr'><strong>opus,</strong></span> <span class='ocrx_word' id='word_1_777' title='bbox 2363 2285 2452 2324; x_wconf 87' lang='lat' dir='ltr'><strong>mc</strong></span> <span class='ocrx_word' id='word_1_778' title='bbox 2491 2285 2646 2323; x_wconf 81' lang='lat' dir='ltr'><strong>labor</strong></span> <span class='ocrx_word' id='word_1_779' title='bbox 2673 2285 2776 2324; x_wconf 72' lang='lat' dir='ltr'><strong>eet.</strong></span> <span class='ocrx_word' id='word_1_780' title='bbox 2807 2285 3101 2324; x_wconf 74' lang='lat' dir='ltr'><strong>uerendum</strong></span> <span class='ocrx_word' id='word_1_781' title='bbox 3147 2285 3298 2335; x_wconf 82' lang='lat' dir='ltr'><strong>sane,</strong></span> <span class='ocrx_word' id='word_1_782' title='bbox 3323 2285 3464 2394; x_wconf 59' lang='grc' dir='ltr'><strong>Ὲιοα</strong></span> <span class='ocrx_word' id='word_1_783' title='bbox 3509 2287 3629 2340; x_wconf 80' lang='lat' dir='ltr'><strong>ept-</strong></span> 
     </span>
     <span class='ocr_line' id='line_1_110' title="bbox 2054 2337 3629 2409; baseline 0.004 -17"><span class='ocrx_word' id='word_1_784' title='bbox 2054 2339 2191 2392; x_wconf 86' lang='lat' dir='ltr'><strong>stola</strong></span> <span class='ocrx_word' id='word_1_785' title='bbox 2232 2337 2431 2409; x_wconf 73' lang='lat' dir='ltr'><strong>Migetii</strong></span> <span class='ocrx_word' id='word_1_786' title='bbox 2462 2338 2616 2391; x_wconf 83' lang='lat' dir='ltr'><strong>modo</strong></span> <span class='ocrx_word' id='word_1_787' title='bbox 2643 2337 2866 2409; x_wconf 82' lang='lat' dir='ltr'><strong>libellari</strong></span> <span class='ocrx_word' id='word_1_788' title='bbox 2896 2348 3098 2408; x_wconf 78' lang='lat' dir='ltr'><strong>aptata,</strong></span> <span class='ocrx_word' id='word_1_789' title='bbox 3128 2349 3187 2393; x_wconf 89' lang='lat' dir='ltr'><strong>ut</strong></span> <span class='ocrx_word' id='word_1_790' title='bbox 3216 2341 3292 2394; x_wconf 87' lang='lat' dir='ltr'><strong>ait</strong></span> <span class='ocrx_word' id='word_1_791' title='bbox 3356 2340 3629 2409; x_wconf 73' lang='lat' dir='ltr'><strong>‘lipandus</strong></span> 
     </span>
    </p>
   </div>
   <div class='ocr_carea' id='block_1_108' title="bbox 2054 2407 3627 2479">
    <p class='ocr_par' dir='ltr' id='par_1_108' title="bbox 2054 2407 3627 2479">
     <span class='ocr_line' id='line_1_111' title="bbox 2054 2407 3627 2479; baseline 0.002 -18"><span class='ocrx_word' id='word_1_792' title='bbox 2054 2423 2204 2461; x_wconf 89' lang='lat' dir='ltr'><strong>num.</strong></span> <span class='ocrx_word' id='word_1_793' title='bbox 2235 2407 2285 2468; x_wconf 81' lang='grc'>1,</span> <span class='ocrx_word' id='word_1_794' title='bbox 2314 2407 2587 2478; x_wconf 83' lang='lat' dir='ltr'><strong>quamque</strong></span> <span class='ocrx_word' id='word_1_795' title='bbox 2622 2408 2747 2463; x_wconf 90' lang='lat' dir='ltr'><strong>dein</strong></span> <span class='ocrx_word' id='word_1_796' title='bbox 2788 2407 2936 2464; x_wconf 84' lang='lat' dir='ltr'><strong>num.</strong></span> <span class='ocrx_word' id='word_1_797' title='bbox 2967 2409 3328 2479; x_wconf 16' lang='lat' dir='ltr'><strong>5uuhedulam</strong></span> <span class='ocrx_word' id='word_1_798' title='bbox 3371 2407 3627 2479; x_wconf 72' lang='lat' dir='ltr'><strong>[olidissi-</strong></span> 
     </span>
    </p>
   </div>
   <div class='ocr_carea' id='block_1_109' title="bbox 2052 2477 3630 2547">
    <p class='ocr_par' dir='ltr' id='par_1_109' title="bbox 2052 2477 3630 2547">
     <span class='ocr_line' id='line_1_112' title="bbox 2052 2477 3630 2547; baseline 0.004 -18"><span class='ocrx_word' id='word_1_799' title='bbox 2052 2493 2195 2547; x_wconf 75' lang='lat' dir='ltr'><strong>utam</strong></span> <span class='ocrx_word' id='word_1_800' title='bbox 2249 2487 2425 2541; x_wconf 87' lang='lat' dir='ltr'><strong>vocat,</strong></span> <span class='ocrx_word' id='word_1_801' title='bbox 2469 2486 2561 2547; x_wconf 86' lang='lat' dir='ltr'><strong>aut</strong></span> <span class='ocrx_word' id='word_1_802' title='bbox 2590 2486 2901 2547; x_wconf 85' lang='lat' dir='ltr'><strong>temporum</strong></span> <span class='ocrx_word' id='word_1_803' title='bbox 2951 2477 3146 2546; x_wconf 86' lang='lat' dir='ltr'><strong>injuria</strong></span> <span class='ocrx_word' id='word_1_804' title='bbox 3199 2477 3484 2545; x_wconf 83' lang='lat' dir='ltr'><strong>interierit,</strong></span> <span class='ocrx_word' id='word_1_805' title='bbox 3532 2490 3630 2536; x_wconf 86' lang='lat' dir='ltr'><strong>aut</strong></span> 
     </span>
    </p>
   </div>
   <div class='ocr_carea' id='block_1_110' title="bbox 2054 2546 3629 2621">
    <p class='ocr_par' dir='ltr' id='par_1_110' title="bbox 2054 2546 3629 2621">
     <span class='ocr_line' id='line_1_113' title="bbox 2054 2546 3629 2621; baseline 0.003 -21"><span class='ocrx_word' id='word_1_806' title='bbox 2054 2546 2199 2621; x_wconf 55' lang='lat' dir='ltr'><strong>forte</strong></span> <span class='ocrx_word' id='word_1_807' title='bbox 2240 2547 2417 2621; x_wconf 84' lang='lat' dir='ltr'><strong>adhuc</strong></span> <span class='ocrx_word' id='word_1_808' title='bbox 2444 2546 2640 2621; x_wconf 80' lang='lat' dir='ltr'><strong>alicubi</strong></span> <span class='ocrx_word' id='word_1_809' title='bbox 2671 2546 2725 2603; x_wconf 87' lang='lat' dir='ltr'><strong>in</strong></span> <span class='ocrx_word' id='word_1_810' title='bbox 2755 2548 2994 2621; x_wconf 70' lang='lat' dir='ltr'><strong>tenebris</strong></span> <span class='ocrx_word' id='word_1_811' title='bbox 3025 2549 3224 2621; x_wconf 83' lang='lat' dir='ltr'><strong>jaceat,</strong></span> <span class='ocrx_word' id='word_1_812' title='bbox 3251 2565 3317 2606; x_wconf 77' lang='lat' dir='ltr'><strong>ex</strong></span> <span class='ocrx_word' id='word_1_813' title='bbox 3345 2565 3450 2619; x_wconf 91' lang='lat' dir='ltr'><strong>qua</strong></span> <span class='ocrx_word' id='word_1_814' title='bbox 3498 2567 3629 2621; x_wconf 85' lang='lat' dir='ltr'><strong>pro-</strong></span> 
     </span>
    </p>
   </div>
   <div class='ocr_carea' id='block_1_111' title="bbox 2053 2615 3629 2691">
    <p class='ocr_par' dir='ltr' id='par_1_111' title="bbox 2053 2615 3629 2691">
     <span class='ocr_line' id='line_1_114' title="bbox 2053 2615 3629 2691; baseline 0.004 -21"><span class='ocrx_word' id='word_1_815' title='bbox 2053 2615 2196 2671; x_wconf 77' lang='lat' dir='ltr'><strong>fectu</strong></span> <span class='ocrx_word' id='word_1_816' title='bbox 2222 2616 2399 2691; x_wconf 84' lang='lat' dir='ltr'><strong>omnis</strong></span> <span class='ocrx_word' id='word_1_817' title='bbox 2412 2617 2718 2691; x_wconf 70' lang='lat' dir='ltr'><strong>obscuritas</strong></span> <span class='ocrx_word' id='word_1_818' title='bbox 2739 2619 2835 2673; x_wconf 87' lang='lat' dir='ltr'><strong>abs</strong></span> <span class='ocrx_word' id='word_1_819' title='bbox 2854 2615 3166 2691; x_wconf 32' lang='lat' dir='ltr'><strong>dillicu‘ltate</strong></span> <span class='ocrx_word' id='word_1_820' title='bbox 3186 2621 3321 2691; x_wconf 87' lang='lat' dir='ltr'><strong>tolli,</strong></span> <span class='ocrx_word' id='word_1_821' title='bbox 3343 2615 3629 2691; x_wconf 76' lang='lat' dir='ltr'><strong>omnisque</strong></span> 
     </span>
    </p>
   </div>
   <div class='ocr_carea' id='block_1_112' title="bbox 2054 2685 3631 2756">
    <p class='ocr_par' dir='ltr' id='par_1_112' title="bbox 2054 2685 3631 2756">
     <span class='ocr_line' id='line_1_115' title="bbox 2054 2685 3631 2756; baseline 0.004 -16"><span class='ocrx_word' id='word_1_822' title='bbox 2054 2688 2421 2743; x_wconf 87' lang='lat' dir='ltr'><strong>controversia</strong></span> <span class='ocrx_word' id='word_1_823' title='bbox 2465 2685 2647 2756; x_wconf 83' lang='lat' dir='ltr'><strong>dirimi</strong></span> <span class='ocrx_word' id='word_1_824' title='bbox 2690 2697 2889 2756; x_wconf 88' lang='lat' dir='ltr'><strong>posset.</strong></span> <span class='ocrx_word' id='word_1_825' title='bbox 2941 2688 3157 2744; x_wconf 80' lang='lat' dir='ltr'><strong>Interim</strong></span> <span class='ocrx_word' id='word_1_826' title='bbox 3205 2690 3487 2746; x_wconf 82' lang='lat' dir='ltr'><strong>deﬁciente</strong></span> <span class='ocrx_word' id='word_1_827' title='bbox 3524 2685 3631 2746; x_wconf 79' lang='lat' dir='ltr'><strong>hoc</strong></span> 
     </span>
    </p>
   </div>
   <div class='ocr_carea' id='block_1_113' title="bbox 2054 2754 3627 2829">
    <p class='ocr_par' dir='ltr' id='par_1_113' title="bbox 2054 2754 3627 2829">
     <span class='ocr_line' id='line_1_116' title="bbox 2054 2754 3627 2829; baseline 0.003 -18"><span class='ocrx_word' id='word_1_828' title='bbox 2054 2768 2404 2829; x_wconf 77' lang='lat' dir='ltr'><strong>monumento</strong></span> <span class='ocrx_word' id='word_1_829' title='bbox 2424 2754 2761 2829; x_wconf 80' lang='lat' dir='ltr'><strong>conjecturas</strong></span> <span class='ocrx_word' id='word_1_830' title='bbox 2776 2758 2972 2829; x_wconf 74' lang='lat' dir='ltr'><strong>saltem</strong></span> <span class='ocrx_word' id='word_1_831' title='bbox 3002 2758 3194 2816; x_wconf 70' lang='lat' dir='ltr'><strong>aderre</strong></span> <span class='ocrx_word' id='word_1_832' title='bbox 3222 2760 3366 2822; x_wconf 90' lang='lat' dir='ltr'><strong>licet,</strong></span> <span class='ocrx_word' id='word_1_833' title='bbox 3394 2776 3627 2829; x_wconf 86' lang='lat' dir='ltr'><strong>quarum</strong></span> 
     </span>
    </p>
   </div>
   <div class='ocr_carea' id='block_1_114' title="bbox 2057 2825 3629 2908">
    <p class='ocr_par' dir='ltr' id='par_1_114' title="bbox 2057 2825 3629 2908">
     <span class='ocr_line' id='line_1_117' title="bbox 2057 2825 3629 2908; baseline 0.005 -29"><span class='ocrx_word' id='word_1_834' title='bbox 2057 2825 2462 2908; x_wconf 76' lang='lat' dir='ltr'><strong>fundamentum</strong></span> <span class='ocrx_word' id='word_1_835' title='bbox 2487 2841 2592 2881; x_wconf 89' lang='lat' dir='ltr'><strong>non</strong></span> <span class='ocrx_word' id='word_1_836' title='bbox 2635 2828 2750 2882; x_wconf 89' lang='lat' dir='ltr'><strong>leve</strong></span> <span class='ocrx_word' id='word_1_837' title='bbox 2780 2829 2834 2882; x_wconf 92' lang='lat' dir='ltr'><strong>in</strong></span> <span class='ocrx_word' id='word_1_838' title='bbox 2879 2826 3009 2908; x_wconf 86' lang='lat' dir='ltr'><strong>ipsis</strong></span> <span class='ocrx_word' id='word_1_839' title='bbox 3030 2830 3179 2908; x_wconf 73' lang='lat' dir='ltr'><strong>hisce</strong></span> <span class='ocrx_word' id='word_1_840' title='bbox 3227 2825 3462 2908; x_wconf 72' lang='lat' dir='ltr'><strong>scriptis,</strong></span> <span class='ocrx_word' id='word_1_841' title='bbox 3505 2846 3629 2901; x_wconf 67' lang='lat' dir='ltr'><strong>quae</strong></span> 
     </span>
    </p>
   </div>
   <div class='ocr_carea' id='block_1_115' title="bbox 2055 2895 3629 2970">
    <p class='ocr_par' dir='ltr' id='par_1_115' title="bbox 2055 2895 3629 2970">
     <span class='ocr_line' id='line_1_118' title="bbox 2055 2895 3629 2970; baseline 0.004 -21"><span class='ocrx_word' id='word_1_842' title='bbox 2055 2895 2226 2970; x_wconf 77' lang='lat' dir='ltr'><strong>modo</strong></span> <span class='ocrx_word' id='word_1_843' title='bbox 2242 2897 2475 2970; x_wconf 89' lang='lat' dir='ltr'><strong>primum</strong></span> <span class='ocrx_word' id='word_1_844' title='bbox 2502 2895 3063 2970; x_wconf 85' lang='lat' dir='ltr'><strong>commemoravimus,</strong></span> <span class='ocrx_word' id='word_1_845' title='bbox 3095 2895 3497 2970; x_wconf 77' lang='lat' dir='ltr'><strong>deprehendere</strong></span> <span class='ocrx_word' id='word_1_846' title='bbox 3522 2895 3629 2956; x_wconf 78' lang='lat' dir='ltr'><strong>no-</strong></span> 
     </span>
    </p>
   </div>
   <div class='ocr_carea' id='block_1_116' title="bbox 2055 2965 3631 3038">
    <p class='ocr_par' dir='ltr' id='par_1_116' title="bbox 2055 2965 3631 3038">
     <span class='ocr_line' id='line_1_119' title="bbox 2055 2965 3631 3038; baseline 0.003 -17"><span class='ocrx_word' id='word_1_847' title='bbox 2055 2965 2141 3038; x_wconf 89' lang='lat' dir='ltr'><strong>bis</strong></span> <span class='ocrx_word' id='word_1_848' title='bbox 2177 2965 2441 3038; x_wconf 81' lang='lat' dir='ltr'><strong>videmur.</strong></span> <span class='ocrx_word' id='word_1_849' title='bbox 2498 2967 2768 3038; x_wconf 87' lang='lat' dir='ltr'><strong>Adrianus</strong></span> <span class='ocrx_word' id='word_1_850' title='bbox 2806 2982 2941 3037; x_wconf 88' lang='lat' dir='ltr'><strong>papa</strong></span> <span class='ocrx_word' id='word_1_851' title='bbox 2987 2969 3041 3023; x_wconf 90' lang='lat' dir='ltr'><strong>in</strong></span> <span class='ocrx_word' id='word_1_852' title='bbox 3089 2965 3261 3038; x_wconf 79' lang='lat' dir='ltr'><strong>prima</strong></span> <span class='ocrx_word' id='word_1_853' title='bbox 3307 2970 3376 3025; x_wconf 85' lang='lat' dir='ltr'><strong>ad</strong></span> <span class='ocrx_word' id='word_1_854' title='bbox 3418 2970 3631 3037; x_wconf 76' lang='lat' dir='ltr'><strong>Egilam</strong></span> 
     </span>
    </p>
   </div>
   <div class='ocr_carea' id='block_1_117' title="bbox 2055 3036 3628 3159">
    <p class='ocr_par' dir='ltr' id='par_1_117' title="bbox 2055 3036 3628 3159">
     <span class='ocr_line' id='line_1_120' title="bbox 2055 3036 3628 3159; baseline 0.003 -69"><span class='ocrx_word' id='word_1_855' title='bbox 2055 3036 2278 3159; x_wconf 54' lang='lat' dir='ltr'><strong>ipistola</strong></span> <span class='ocrx_word' id='word_1_856' title='bbox 2307 3045 2458 3092; x_wconf 88' lang='lat' dir='ltr'><strong>notat</strong></span> <span class='ocrx_word' id='word_1_857' title='bbox 2485 3037 2756 3117; x_wconf 82' lang='lat' dir='ltr'><strong>equidem,</strong></span> <span class='ocrx_word' id='word_1_858' title='bbox 2786 3036 3059 3094; x_wconf 80' lang='lat' dir='ltr'><strong>exstitisse</strong></span> <span class='ocrx_word' id='word_1_859' title='bbox 3090 3036 3220 3094; x_wconf 80' lang='lat' dir='ltr'><strong>tunc</strong></span> <span class='ocrx_word' id='word_1_860' title='bbox 3268 3036 3525 3110; x_wconf 87' lang='lat' dir='ltr'><strong>temporis</strong></span> <span class='ocrx_word' id='word_1_861' title='bbox 3569 3041 3628 3094; x_wconf 93' lang='lat' dir='ltr'><strong>in</strong></span> 
     </span>
     <span class='ocr_line' id='line_1_121' title="bbox 2109 3106 3628 3159; baseline 0 0"><span class='ocrx_word' id='word_1_862' title='bbox 2109 3106 2313 3159; x_wconf 86' lang='lat' dir='ltr'><strong>isnania</strong></span> <span class='ocrx_word' id='word_1_863' title='bbox 2376 3108 2695 3159; x_wconf 73' lang='lat' dir='ltr'><strong>lucrettcos:</strong></span> <span class='ocrx_word' id='word_1_864' title='bbox 2746 3106 2879 3159; x_wconf 88' lang='lat' dir='ltr'><strong>alios</strong></span> <span class='ocrx_word' id='word_1_865' title='bbox 2933 3117 3112 3159; x_wconf 84' lang='lat' dir='ltr'><strong>tamen</strong></span> <span class='ocrx_word' id='word_1_866' title='bbox 3170 3126 3359 3159; x_wconf 72' lang='lat' dir='ltr'><strong>eorum</strong></span> <span class='ocrx_word' id='word_1_867' title='bbox 3412 3125 3628 3159; x_wconf 81' lang='lat' dir='ltr'><strong>errores</strong></span> 
     </span>
    </p>
   </div>
   <div class='ocr_carea' id='block_1_118' title="bbox 2109 3106 3631 3176">
    <p class='ocr_par' dir='ltr' id='par_1_118' title="bbox 2109 3106 3631 3176">
     <span class='ocr_line' id='line_1_122' title="bbox 2109 3106 3631 3176; baseline 0.004 -17"><span class='ocrx_word' id='word_1_868' title='bbox 2109 3106 2313 3176; x_wconf 90' lang='lat' dir='ltr'><strong>ispania</strong></span> <span class='ocrx_word' id='word_1_869' title='bbox 2376 3106 2695 3173; x_wconf 72' lang='lat' dir='ltr'><strong>lucreticos;</strong></span> <span class='ocrx_word' id='word_1_870' title='bbox 2746 3106 2879 3163; x_wconf 89' lang='lat' dir='ltr'><strong>alios</strong></span> <span class='ocrx_word' id='word_1_871' title='bbox 2933 3117 3112 3162; x_wconf 89' lang='lat' dir='ltr'><strong>tamen</strong></span> <span class='ocrx_word' id='word_1_872' title='bbox 3170 3106 3631 3165; x_wconf 59' lang='lat' dir='ltr'><strong>eorum&#39;errores</strong></span> 
     </span>
    </p>
   </div>
   <div class='ocr_carea' id='block_1_119' title="bbox 2056 3174 3629 3248">
    <p class='ocr_par' dir='ltr' id='par_1_119' title="bbox 2056 3174 3629 3248">
     <span class='ocr_line' id='line_1_123' title="bbox 2056 3174 3629 3248; baseline 0.003 -18"><span class='ocrx_word' id='word_1_873' title='bbox 2056 3174 2203 3248; x_wconf 74' lang='lat' dir='ltr'><strong>haud</strong></span> <span class='ocrx_word' id='word_1_874' title='bbox 2228 3176 2547 3248; x_wconf 80' lang='lat' dir='ltr'><strong>refert,_ni_si</strong></span> <span class='ocrx_word' id='word_1_875' title='bbox 2574 3178 2715 3248; x_wconf 77' lang='lat' dir='ltr'><strong>quod</strong></span> <span class='ocrx_word' id='word_1_876' title='bbox 2742 3178 2883 3232; x_wconf 89' lang='lat' dir='ltr'><strong>circa</strong></span> <span class='ocrx_word' id='word_1_877' title='bbox 2907 3178 3169 3248; x_wconf 81' lang='lat' dir='ltr'><strong>jejunium</strong></span> <span class='ocrx_word' id='word_1_878' title='bbox 3198 3189 3363 3234; x_wconf 69' lang='lat' dir='ltr'><strong>sexta:</strong></span> <span class='ocrx_word' id='word_1_879' title='bbox 3389 3178 3536 3235; x_wconf 68' lang='lat' dir='ltr'><strong>ferite</strong></span> <span class='ocrx_word' id='word_1_880' title='bbox 3562 3196 3629 3236; x_wconf 84' lang='lat' dir='ltr'><strong>ac</strong></span> 
     </span>
    </p>
   </div>
   <div class='ocr_carea' id='block_1_120' title="bbox 2056 3245 3632 3321">
    <p class='ocr_par' dir='ltr' id='par_1_120' title="bbox 2056 3245 3632 3321">
     <span class='ocr_line' id='line_1_124' title="bbox 2056 3245 3632 3321; baseline 0.004 -23"><span class='ocrx_word' id='word_1_881' title='bbox 2056 3246 2264 3321; x_wconf 68' lang='lat' dir='ltr'><strong>sabbati</strong></span> <span class='ocrx_word' id='word_1_882' title='bbox 2290 3246 2357 3321; x_wconf 78' lang='lat' dir='ltr'><strong>ab</strong></span> <span class='ocrx_word' id='word_1_883' title='bbox 2394 3245 2672 3321; x_wconf 48' lang='lat' dir='ltr'><strong>Ecclesia:</strong></span> <span class='ocrx_word' id='word_1_884' title='bbox 2685 3245 2938 3321; x_wconf 67' lang='lat' dir='ltr'><strong>Romana:</strong></span> <span class='ocrx_word' id='word_1_885' title='bbox 2962 3245 3313 3321; x_wconf 76' lang='lat' dir='ltr'><strong>observantia</strong></span> <span class='ocrx_word' id='word_1_886' title='bbox 3358 3250 3632 3321; x_wconf 75' lang='lat' dir='ltr'><strong>discrepa-</strong></span> 
     </span>
    </p>
   </div>
   <div class='ocr_carea' id='block_1_121' title="bbox 2055 3315 3635 3388">
    <p class='ocr_par' dir='ltr' id='par_1_121' title="bbox 2055 3315 3635 3388">
     <span class='ocr_line' id='line_1_125' title="bbox 2055 3315 3635 3388; baseline 0.005 -20"><span class='ocrx_word' id='word_1_887' title='bbox 2055 3316 2271 3388; x_wconf 73' lang='lat' dir='ltr'><strong>rint.ln</strong></span> <span class='ocrx_word' id='word_1_888' title='bbox 2304 3315 2473 3370; x_wconf 88' lang='lat' dir='ltr'><strong>altera</strong></span> <span class='ocrx_word' id='word_1_889' title='bbox 2513 3316 2581 3388; x_wconf 89' lang='lat' dir='ltr'><strong>ad</strong></span> <span class='ocrx_word' id='word_1_890' title='bbox 2632 3316 2841 3388; x_wconf 77' lang='lat' dir='ltr'><strong>Egilam</strong></span> <span class='ocrx_word' id='word_1_891' title='bbox 2890 3318 3209 3387; x_wconf 65' lang='lat' dir='ltr'><strong>praedictum</strong></span> <span class='ocrx_word' id='word_1_892' title='bbox 3258 3335 3323 3373; x_wconf 88' lang='lat' dir='ltr'><strong>ac</strong></span> <span class='ocrx_word' id='word_1_893' title='bbox 3364 3315 3635 3375; x_wconf 72' lang='lat' dir='ltr'><strong>Joannem</strong></span> 
     </span>
    </p>
   </div>
   <div class='ocr_carea' id='block_1_122' title="bbox 2052 3386 3627 3457">
    <p class='ocr_par' dir='ltr' id='par_1_122' title="bbox 2052 3386 3627 3457">
     <span class='ocr_line' id='line_1_126' title="bbox 2052 3386 3627 3457; baseline 0.004 -19"><span class='ocrx_word' id='word_1_894' title='bbox 2052 3387 2428 3457; x_wconf 80' lang='lat' dir='ltr'><strong>presbyterum</strong></span> <span class='ocrx_word' id='word_1_895' title='bbox 2471 3386 2697 3457; x_wconf 81' lang='lat' dir='ltr'><strong>epistola</strong></span> <span class='ocrx_word' id='word_1_896' title='bbox 2746 3386 2983 3457; x_wconf 85' lang='lat' dir='ltr'><strong>loquitur</strong></span> <span class='ocrx_word' id='word_1_897' title='bbox 3029 3390 3096 3443; x_wconf 88' lang='lat' dir='ltr'><strong>de</strong></span> <span class='ocrx_word' id='word_1_898' title='bbox 3146 3390 3423 3443; x_wconf 90' lang='lat' dir='ltr'><strong>erroribus</strong></span> <span class='ocrx_word' id='word_1_899' title='bbox 3476 3391 3627 3445; x_wconf 91' lang='lat' dir='ltr'><strong>circa</strong></span> 
     </span>
    </p>
   </div>
   <div class='ocr_carea' id='block_1_123' title="bbox 2055 3455 3633 3530">
    <p class='ocr_par' dir='ltr' id='par_1_123' title="bbox 2055 3455 3633 3530">
     <span class='ocr_line' id='line_1_127' title="bbox 2055 3455 3633 3530; baseline 0.004 -21"><span class='ocrx_word' id='word_1_900' title='bbox 2055 3455 2468 3530; x_wconf 72' lang='lat' dir='ltr'><strong>celebrationem</strong></span> <span class='ocrx_word' id='word_1_901' title='bbox 2500 3455 2988 3530; x_wconf 52' lang='lat' dir='ltr'><strong>Paschalisfesum</strong></span> <span class='ocrx_word' id='word_1_902' title='bbox 3033 3460 3310 3530; x_wconf 80' lang='lat' dir='ltr'><strong>sanguinis</strong></span> <span class='ocrx_word' id='word_1_903' title='bbox 3355 3468 3435 3530; x_wconf 89' lang='lat' dir='ltr'><strong>et_</strong></span> <span class='ocrx_word' id='word_1_904' title='bbox 3459 3460 3633 3515; x_wconf 79' lang='lat' dir='ltr'><strong>sulfu-</strong></span> 
     </span>
    </p>
   </div>
   <div class='ocr_carea' id='block_1_124' title="bbox 2053 3522 3635 3596">
    <p class='ocr_par' dir='ltr' id='par_1_124' title="bbox 2053 3522 3635 3596">
     <span class='ocr_line' id='line_1_128' title="bbox 2053 3522 3635 3596; baseline 0.004 -18"><span class='ocrx_word' id='word_1_905' title='bbox 2053 3522 2185 3590; x_wconf 69' lang='lat' dir='ltr'><strong>catf,</strong></span> <span class='ocrx_word' id='word_1_906' title='bbox 2216 3526 2761 3595; x_wconf 62' lang='lat' dir='ltr'><strong>prtedestinationem,</strong></span> <span class='ocrx_word' id='word_1_907' title='bbox 2784 3522 3218 3584; x_wconf 69' lang='lat' dir='ltr'><strong>communioném</strong></span> <span class='ocrx_word' id='word_1_908' title='bbox 3252 3544 3376 3583; x_wconf 91' lang='lat' dir='ltr'><strong>cum</strong></span> <span class='ocrx_word' id='word_1_909' title='bbox 3406 3528 3635 3596; x_wconf 68' lang='lat' dir='ltr'><strong>Judaris,</strong></span> 
     </span>
    </p>
   </div>
   <div class='ocr_carea' id='block_1_125' title="bbox 2054 3596 3638 3669">
    <p class='ocr_par' dir='ltr' id='par_1_125' title="bbox 2054 3596 3638 3669">
     <span class='ocr_line' id='line_1_129' title="bbox 2054 3596 3638 3669; baseline 0.004 -20"><span class='ocrx_word' id='word_1_910' title='bbox 2054 3597 2380 3669; x_wconf 72' lang='lat' dir='ltr'><strong>connubiurn</strong></span> <span class='ocrx_word' id='word_1_911' title='bbox 2410 3596 2772 3659; x_wconf 90' lang='lat' dir='ltr'><strong>sacerdotum,</strong></span> <span class='ocrx_word' id='word_1_912' title='bbox 2793 3612 2949 3669; x_wconf 77' lang='lat' dir='ltr'><strong>quos</strong></span> <span class='ocrx_word' id='word_1_913' title='bbox 2988 3613 3177 3654; x_wconf 90' lang='lat' dir='ltr'><strong>omnes</strong></span> <span class='ocrx_word' id='word_1_914' title='bbox 3207 3598 3357 3669; x_wconf 88' lang='lat' dir='ltr'><strong>Egila</strong></span> <span class='ocrx_word' id='word_1_915' title='bbox 3413 3600 3528 3669; x_wconf 89' lang='lat' dir='ltr'><strong>ipse</strong></span> <span class='ocrx_word' id='word_1_916' title='bbox 3576 3609 3638 3656; x_wconf 89' lang='lat' dir='ltr'><strong>et</strong></span> 
     </span>
    </p>
   </div>
   <div class='ocr_carea' id='block_1_126' title="bbox 2053 3662 3637 3725">
    <p class='ocr_par' dir='ltr' id='par_1_126' title="bbox 2053 3662 3637 3725">
     <span class='ocr_line' id='line_1_130' title="bbox 2053 3662 3637 3725; baseline 0.004 -8"><span class='ocrx_word' id='word_1_917' title='bbox 2053 3662 2288 3720; x_wconf 79' lang='lat' dir='ltr'><strong>Joannes</strong></span> <span class='ocrx_word' id='word_1_918' title='bbox 2316 3666 2383 3721; x_wconf 90' lang='lat' dir='ltr'><strong>ad</strong></span> <span class='ocrx_word' id='word_1_919' title='bbox 2420 3682 2686 3720; x_wconf 90' lang='lat' dir='ltr'><strong>summam</strong></span> <span class='ocrx_word' id='word_1_920' title='bbox 2714 3662 2892 3721; x_wconf 80' lang='lat' dir='ltr'><strong>sedem</strong></span> <span class='ocrx_word' id='word_1_921' title='bbox 2921 3662 3408 3723; x_wconf 72' lang='lat' dir='ltr'><strong>detulerant.&quot;l&#39;um</strong></span> <span class='ocrx_word' id='word_1_922' title='bbox 3434 3662 3585 3725; x_wconf 72' lang='lat' dir='ltr'><strong>addit</strong></span> <span class='ocrx_word' id='word_1_923' title='bbox 3616 3684 3637 3725; x_wconf 89' lang='lat'><strong>:</strong></span> 
     </span>
    </p>
   </div>
   <div class='ocr_carea' id='block_1_127' title="bbox 2061 3734 3639 3810">
    <p class='ocr_par' dir='ltr' id='par_1_127' title="bbox 2061 3734 3639 3810">
     <span class='ocr_line' id='line_1_131' title="bbox 2061 3734 3639 3810; baseline 0.006 -25"><span class='ocrx_word' id='word_1_924' title='bbox 2061 3751 2081 3784; x_wconf 73' lang='grc' dir='ltr'><strong>ι</strong></span> <span class='ocrx_word' id='word_1_925' title='bbox 2117 3734 2181 3788; x_wconf 86' lang='grc' dir='ltr'>Ει</span> <span class='ocrx_word' id='word_1_926' title='bbox 2204 3735 2307 3810; x_wconf 77' lang='lat' dir='ltr'><strong>alia</strong></span> <span class='ocrx_word' id='word_1_927' title='bbox 2323 3735 2528 3810; x_wconf 75' lang='lat' dir='ltr'><strong>multa,</strong></span> <span class='ocrx_word' id='word_1_928' title='bbox 2557 3736 2708 3810; x_wconf 73' lang='lat' dir='ltr'><strong>sicut</strong></span> <span class='ocrx_word' id='word_1_929' title='bbox 2735 3736 2829 3810; x_wconf 78' lang='lat' dir='ltr'><strong>fati</strong></span> <span class='ocrx_word' id='word_1_930' title='bbox 2859 3737 3010 3802; x_wconf 90' lang='lat' dir='ltr'><strong>estis,</strong></span> <span class='ocrx_word' id='word_1_931' title='bbox 3038 3754 3159 3810; x_wconf 73' lang='lat' dir='ltr'><strong>quae</strong></span> <span class='ocrx_word' id='word_1_932' title='bbox 3196 3739 3409 3810; x_wconf 87' lang='lat' dir='ltr'><strong>longum</strong></span> <span class='ocrx_word' id='word_1_933' title='bbox 3441 3748 3524 3810; x_wconf 86' lang='lat' dir='ltr'><strong>est</strong></span> <span class='ocrx_word' id='word_1_934' title='bbox 3552 3741 3639 3795; x_wconf 88' lang='lat' dir='ltr'><strong>di-</strong></span> 
     </span>
    </p>
   </div>
   <div class='ocr_carea' id='block_1_128' title="bbox 2055 3804 3634 3891">
    <p class='ocr_par' dir='ltr' id='par_1_128' title="bbox 2055 3804 3634 3891">
     <span class='ocr_line' id='line_1_132' title="bbox 2055 3804 3634 3891; baseline 0.003 -32"><span class='ocrx_word' id='word_1_935' title='bbox 2055 3819 2198 3885; x_wconf 78' lang='lat' dir='ltr'><strong>cere.</strong></span> <span class='ocrx_word' id='word_1_936' title='bbox 2234 3804 2373 3891; x_wconf 62' lang='lat' dir='ltr'><strong>Quid</strong></span> <span class='ocrx_word' id='word_1_937' title='bbox 2420 3806 2604 3860; x_wconf 88' lang='lat' dir='ltr'><strong>multis</strong></span> <span class='ocrx_word' id='word_1_938' title='bbox 2628 3808 2779 3891; x_wconf 65' lang='lat' dir='ltr'><strong>vobis</strong></span> <span class='ocrx_word' id='word_1_939' title='bbox 2806 3804 3313 3891; x_wconf 43' lang='lat' dir='ltr'><strong>hrpuesunjusingu‘la</strong></span> <span class='ocrx_word' id='word_1_940' title='bbox 3348 3809 3634 3891; x_wconf 75' lang='lat' dir='ltr'><strong>scribam?</strong></span> 
     </span>
    </p>
   </div>
   <div class='ocr_carea' id='block_1_129' title="bbox 2055 3875 3640 3949">
    <p class='ocr_par' dir='ltr' id='par_1_129' title="bbox 2055 3875 3640 3949">
     <span class='ocr_line' id='line_1_133' title="bbox 2055 3875 3640 3949; baseline 0.006 -24"><span class='ocrx_word' id='word_1_941' title='bbox 2055 3878 2181 3949; x_wconf 82' lang='lat' dir='ltr'><strong>quia</strong></span> <span class='ocrx_word' id='word_1_942' title='bbox 2212 3875 2341 3929; x_wconf 90' lang='lat' dir='ltr'><strong>olim</strong></span> <span class='ocrx_word' id='word_1_943' title='bbox 2371 3886 2581 3949; x_wconf 69' lang='lat' dir='ltr'><strong>tempus</strong></span> <span class='ocrx_word' id='word_1_944' title='bbox 2598 3884 2704 3949; x_wconf 82' lang='lat' dir='ltr'><strong>est,</strong></span> <span class='ocrx_word' id='word_1_945' title='bbox 2726 3878 2865 3946; x_wconf 85' lang='lat' dir='ltr'><strong>quod</strong></span> <span class='ocrx_word' id='word_1_946' title='bbox 2895 3875 3216 3949; x_wconf 82' lang='lat' dir='ltr'><strong>Priscilliani</strong></span> <span class='ocrx_word' id='word_1_947' title='bbox 3244 3879 3509 3949; x_wconf 79' lang='lat' dir='ltr'><strong>dogmatis</strong></span> <span class='ocrx_word' id='word_1_948' title='bbox 3530 3879 3640 3934; x_wconf 88' lang='lat' dir='ltr'><strong>im-</strong></span> 
     </span>
    </p>
   </div>
   <div class='ocr_carea' id='block_1_130' title="bbox 2053 3944 3641 4013">
    <p class='ocr_par' dir='ltr' id='par_1_130' title="bbox 2053 3944 3641 4013">
     <span class='ocr_line' id='line_1_134' title="bbox 2053 3944 3641 4013; baseline 0.005 -17"><span class='ocrx_word' id='word_1_949' title='bbox 2053 3944 2357 4013; x_wconf 84' lang='lat' dir='ltr'><strong>pleverunt.</strong></span> <span class='ocrx_word' id='word_1_950' title='bbox 2409 3966 2426 3997; x_wconf 72' lang='grc' dir='ltr'><strong>ι</strong></span> <span class='ocrx_word' id='word_1_951' title='bbox 2463 3944 2700 4000; x_wconf 83' lang='lat' dir='ltr'><strong>Tandem</strong></span> <span class='ocrx_word' id='word_1_952' title='bbox 2728 3944 2855 4000; x_wconf 72' lang='lat' dir='ltr'><strong>vero</strong></span> <span class='ocrx_word' id='word_1_953' title='bbox 2892 3948 2971 4002; x_wconf 89' lang='lat' dir='ltr'><strong>sic</strong></span> <span class='ocrx_word' id='word_1_954' title='bbox 3020 3944 3339 4003; x_wconf 62' lang='lat' dir='ltr'><strong>concludit?</strong></span> <span class='ocrx_word' id='word_1_955' title='bbox 3370 3966 3387 3998; x_wconf 75' lang='grc' dir='ltr'><strong>ι</strong></span> <span class='ocrx_word' id='word_1_956' title='bbox 3422 3948 3641 4004; x_wconf 85' lang='lat' dir='ltr'><strong>Caven-</strong></span> 
     </span>
    </p>
   </div>
   <div class='ocr_carea' id='block_1_131' title="bbox 2056 4014 3641 4089">
    <p class='ocr_par' dir='ltr' id='par_1_131' title="bbox 2056 4014 3641 4089">
     <span class='ocr_line' id='line_1_135' title="bbox 2056 4014 3641 4089; baseline 0.005 -21"><span class='ocrx_word' id='word_1_957' title='bbox 2056 4014 2628 4089; x_wconf 71' lang='lat' dir='ltr'><strong>dumergodilectioui</strong></span> <span class='ocrx_word' id='word_1_958' title='bbox 2662 4024 2853 4089; x_wconf 60' lang='lat' dir='ltr'><strong>vestrae</strong></span> <span class='ocrx_word' id='word_1_959' title='bbox 2878 4025 2980 4083; x_wconf 89' lang='lat' dir='ltr'><strong>est,</strong></span> <span class='ocrx_word' id='word_1_960' title='bbox 3012 4033 3313 4089; x_wconf 85' lang='lat' dir='ltr'><strong>magnaque</strong></span> <span class='ocrx_word' id='word_1_961' title='bbox 3355 4018 3641 4089; x_wconf 79' lang='lat' dir='ltr'><strong>diligentia</strong></span> 
     </span>
    </p>
   </div>
   <div class='ocr_carea' id='block_1_132' title="bbox 2055 4085 3639 4157">
    <p class='ocr_par' dir='ltr' id='par_1_132' title="bbox 2055 4085 3639 4157">
     <span class='ocr_line' id='line_1_136' title="bbox 2055 4085 3639 4157; baseline 0.005 -20"><span class='ocrx_word' id='word_1_962' title='bbox 2055 4085 2466 4157; x_wconf 73' lang='lat' dir='ltr'><strong>prohibendum,</strong></span> <span class='ocrx_word' id='word_1_963' title='bbox 2494 4102 2561 4157; x_wconf 83' lang='lat' dir='ltr'><strong>ne</strong></span> <span class='ocrx_word' id='word_1_964' title='bbox 2595 4100 2690 4153; x_wconf 91' lang='lat' dir='ltr'><strong>per</strong></span> <span class='ocrx_word' id='word_1_965' title='bbox 2716 4087 3043 4157; x_wconf 12' lang='lat' dir='ltr'><strong>rhujusmodi</strong></span> <span class='ocrx_word' id='word_1_966' title='bbox 3074 4085 3320 4142; x_wconf 78' lang='lat' dir='ltr'><strong>homines</strong></span> <span class='ocrx_word' id='word_1_967' title='bbox 3364 4085 3639 4145; x_wconf 74' lang='lat' dir='ltr'><strong>exstincta</strong></span> 
     </span>
    </p>
   </div>
   <div class='ocr_carea' id='block_1_133' title="bbox 2057 4154 3643 4219">
    <p class='ocr_par' dir='ltr' id='par_1_133' title="bbox 2057 4154 3643 4219">
     <span class='ocr_line' id='line_1_137' title="bbox 2057 4154 3643 4219; baseline 0.006 -13"><span class='ocrx_word' id='word_1_968' title='bbox 2057 4154 2258 4207; x_wconf 86' lang='lat' dir='ltr'><strong>dudum</strong></span> <span class='ocrx_word' id='word_1_969' title='bbox 2291 4155 2541 4209; x_wconf 88' lang='lat' dir='ltr'><strong>scandala</strong></span> <span class='ocrx_word' id='word_1_970' title='bbox 2587 4154 2929 4219; x_wconf 76' lang='lat' dir='ltr'><strong>suscitentur,</strong></span> <span class='ocrx_word' id='word_1_971' title='bbox 2971 4167 3027 4211; x_wconf 91' lang='lat' dir='ltr'><strong>et</strong></span> <span class='ocrx_word' id='word_1_972' title='bbox 3056 4159 3121 4212; x_wconf 91' lang='lat' dir='ltr'><strong>de</strong></span> <span class='ocrx_word' id='word_1_973' title='bbox 3149 4159 3333 4213; x_wconf 80' lang='lat' dir='ltr'><strong>exciso</strong></span> <span class='ocrx_word' id='word_1_974' title='bbox 3360 4159 3486 4213; x_wconf 93' lang='lat' dir='ltr'><strong>olim</strong></span> <span class='ocrx_word' id='word_1_975' title='bbox 3538 4161 3643 4216; x_wconf 90' lang='lat' dir='ltr'><strong>do-</strong></span> 
     </span>
    </p>
   </div>
   <div class='ocr_carea' id='block_1_134' title="bbox 2057 4224 3640 4299">
    <p class='ocr_par' dir='ltr' id='par_1_134' title="bbox 2057 4224 3640 4299">
     <span class='ocr_line' id='line_1_138' title="bbox 2057 4224 3640 4299; baseline 0.006 -23"><span class='ocrx_word' id='word_1_976' title='bbox 2057 4235 2237 4299; x_wconf 81' lang='lat' dir='ltr'><strong>gmate</strong></span> <span class='ocrx_word' id='word_1_977' title='bbox 2281 4225 2482 4299; x_wconf 84' lang='lat' dir='ltr'><strong>aliquid</strong></span> <span class='ocrx_word' id='word_1_978' title='bbox 2519 4224 2573 4278; x_wconf 89' lang='lat' dir='ltr'><strong>in</strong></span> <span class='ocrx_word' id='word_1_979' title='bbox 2622 4227 2900 4299; x_wconf 75' lang='lat' dir='ltr'><strong>provincia</strong></span> <span class='ocrx_word' id='word_1_980' title='bbox 2951 4228 3191 4299; x_wconf 80' lang='lat' dir='ltr'><strong>ejusdem</strong></span> <span class='ocrx_word' id='word_1_981' title='bbox 3234 4228 3359 4282; x_wconf 91' lang='lat' dir='ltr'><strong>mali</strong></span> <span class='ocrx_word' id='word_1_982' title='bbox 3408 4244 3640 4299; x_wconf 85' lang='lat' dir='ltr'><strong>germen</strong></span> 
     </span>
    </p>
   </div>
   <div class='ocr_carea' id='block_1_135' title="bbox 2056 4295 3634 4367">
    <p class='ocr_par' dir='ltr' id='par_1_135' title="bbox 2056 4295 3634 4367">
     <span class='ocr_line' id='line_1_139' title="bbox 2056 4295 3634 4367; baseline 0.006 -20"><span class='ocrx_word' id='word_1_983' title='bbox 2056 4295 2287 4367; x_wconf 79' lang='lat' dir='ltr'><strong>oriatur,</strong></span> <span class='ocrx_word' id='word_1_984' title='bbox 2325 4296 2466 4365; x_wconf 90' lang='lat' dir='ltr'><strong>quod</strong></span> <span class='ocrx_word' id='word_1_985' title='bbox 2504 4310 2629 4367; x_wconf 81' lang='lat' dir='ltr'><strong>non_</strong></span> <span class='ocrx_word' id='word_1_986' title='bbox 2655 4295 2827 4367; x_wconf 78' lang='lat' dir='ltr'><strong>solum</strong></span> <span class='ocrx_word' id='word_1_987' title='bbox 2856 4296 2909 4350; x_wconf 92' lang='lat' dir='ltr'><strong>in</strong></span> <span class='ocrx_word' id='word_1_988' title='bbox 2953 4295 3225 4353; x_wconf 79' lang='lat' dir='ltr'><strong>radicibus</strong></span> <span class='ocrx_word' id='word_1_989' title='bbox 3259 4298 3371 4353; x_wconf 88' lang='lat' dir='ltr'><strong>suis</strong></span> <span class='ocrx_word' id='word_1_990' title='bbox 3399 4295 3634 4367; x_wconf 78' lang='lat' dir='ltr'><strong>crescat,</strong></span> 
     </span>
    </p>
   </div>
   <div class='ocr_carea' id='block_1_136' title="bbox 2058 4364 3641 4427">
    <p class='ocr_par' dir='ltr' id='par_1_136' title="bbox 2058 4364 3641 4427">
     <span class='ocr_line' id='line_1_140' title="bbox 2058 4364 3641 4427; baseline 0.006 -11"><span class='ocrx_word' id='word_1_991' title='bbox 2058 4365 2152 4419; x_wconf 90' lang='lat' dir='ltr'><strong>sed</strong></span> <span class='ocrx_word' id='word_1_992' title='bbox 2178 4365 2340 4419; x_wconf 90' lang='lat' dir='ltr'><strong>etiam</strong></span> <span class='ocrx_word' id='word_1_993' title='bbox 2364 4374 2564 4419; x_wconf 75' lang='lat' dir='ltr'><strong>sancur</strong></span> <span class='ocrx_word' id='word_1_994' title='bbox 2590 4364 2844 4420; x_wconf 69' lang='lat' dir='ltr'><strong>Ecclesia:</strong></span> <span class='ocrx_word' id='word_1_995' title='bbox 2873 4368 3110 4422; x_wconf 90' lang='lat' dir='ltr'><strong>sobolem</strong></span> <span class='ocrx_word' id='word_1_996' title='bbox 3145 4382 3353 4422; x_wconf 87' lang='lat' dir='ltr'><strong>veneno</strong></span> <span class='ocrx_word' id='word_1_997' title='bbox 3391 4370 3473 4423; x_wconf 91' lang='lat' dir='ltr'><strong>sui</strong></span> <span class='ocrx_word' id='word_1_998' title='bbox 3501 4364 3641 4427; x_wconf 80' lang='lat' dir='ltr'><strong>odo-</strong></span> 
     </span>
    </p>
   </div>
   <div class='ocr_carea' id='block_1_137' title="bbox 1982 4434 3641 4524">
    <p class='ocr_par' dir='ltr' id='par_1_137' title="bbox 1982 4434 3641 4524">
     <span class='ocr_line' id='line_1_141' title="bbox 1982 4434 3641 4524; baseline 0.006 -38"><span class='ocrx_word' id='word_1_999' title='bbox 1982 4465 2030 4524; x_wconf 73' lang='grc' dir='ltr'><strong>ι)</strong></span> <span class='ocrx_word' id='word_1_1000' title='bbox 2057 4434 2445 4524; x_wconf 36' lang='lat' dir='ltr'><strong>riis-inﬁciet.)</strong></span> <span class='ocrx_word' id='word_1_1001' title='bbox 2494 4435 2574 4488; x_wconf 80' lang='lat' dir='ltr'><strong>Ex</strong></span> <span class='ocrx_word' id='word_1_1002' title='bbox 2627 4435 2712 4489; x_wconf 89' lang='lat' dir='ltr'><strong>bis</strong></span> <span class='ocrx_word' id='word_1_1003' title='bbox 2739 4437 2919 4524; x_wconf 76' lang='lat' dir='ltr'><strong>verbis</strong></span> <span class='ocrx_word' id='word_1_1004' title='bbox 2964 4437 3235 4524; x_wconf 43' lang='lat' dir='ltr'><strong>colligeue.</strong></span> <span class='ocrx_word' id='word_1_1005' title='bbox 3268 4439 3441 4520; x_wconf 81' lang='lat' dir='ltr'><strong>datur,</strong></span> <span class='ocrx_word' id='word_1_1006' title='bbox 3495 4441 3641 4524; x_wconf 76' lang='lat' dir='ltr'><strong>alius</strong></span> 
     </span>
    </p>
   </div>
   <div class='ocr_carea' id='block_1_138' title="bbox 2056 4505 3641 4626">
    <p class='ocr_par' dir='ltr' id='par_1_138' title="bbox 2056 4505 3641 4626">
     <span class='ocr_line' id='line_1_142' title="bbox 2056 4505 3641 4626; baseline 0.006 -69"><span class='ocrx_word' id='word_1_1007' title='bbox 2056 4505 2233 4558; x_wconf 89' lang='lat' dir='ltr'><strong>adhuc</strong></span> <span class='ocrx_word' id='word_1_1008' title='bbox 2278 4512 2477 4626; x_wconf 66' lang='lat' dir='ltr'><strong>praeter</strong></span> <span class='ocrx_word' id='word_1_1009' title='bbox 2529 4514 2853 4559; x_wconf 89' lang='lat' dir='ltr'><strong>memoratos</strong></span> <span class='ocrx_word' id='word_1_1010' title='bbox 2914 4505 3129 4562; x_wconf 78' lang='lat' dir='ltr'><strong>errores</strong></span> <span class='ocrx_word' id='word_1_1011' title='bbox 3174 4508 3484 4577; x_wconf 84' lang='lat' dir='ltr'><strong>Hispaniam</strong></span> <span class='ocrx_word' id='word_1_1012' title='bbox 3540 4511 3641 4566; x_wconf 81' lang='lat' dir='ltr'><strong>illo</strong></span> 
     </span>
     <span class='ocr_line' id='line_1_143' title="bbox 2056 4574 3639 4626; baseline -0.001 0"><span class='ocrx_word' id='word_1_1013' title='bbox 2056 4589 2169 4626; x_wconf 69' lang='lat' dir='ltr'><strong>{evo</strong></span> <span class='ocrx_word' id='word_1_1014' title='bbox 2194 4582 2280 4626; x_wconf 91' lang='lat' dir='ltr'><strong>tur</strong></span> <span class='ocrx_word' id='word_1_1015' title='bbox 2317 4589 2455 4626; x_wconf 90' lang='lat' dir='ltr'><strong>asse.</strong></span> <span class='ocrx_word' id='word_1_1016' title='bbox 2486 4574 2743 4626; x_wconf 76' lang='lat' dir='ltr'><strong>talesaue.</strong></span> <span class='ocrx_word' id='word_1_1017' title='bbox 2773 4574 2863 4626; x_wconf 86' lang='lat' dir='ltr'><strong>aui</strong></span> <span class='ocrx_word' id='word_1_1018' title='bbox 2891 4575 2942 4626; x_wconf 93' lang='lat' dir='ltr'><strong>in</strong></span> <span class='ocrx_word' id='word_1_1019' title='bbox 2969 4576 3307 4626; x_wconf 85' lang='lat' dir='ltr'><strong>Priscilliann</strong></span> <span class='ocrx_word' id='word_1_1020' title='bbox 3325 4578 3451 4626; x_wconf 84' lang='lat' dir='ltr'><strong>olim</strong></span> <span class='ocrx_word' id='word_1_1021' title='bbox 3480 4580 3639 4626; x_wconf 75' lang='lat' dir='ltr'><strong>dam-</strong></span> 
     </span>
    </p>
   </div>
   <div class='ocr_carea' id='block_1_139' title="bbox 2052 4574 3639 4645">
    <p class='ocr_par' dir='ltr' id='par_1_139' title="bbox 2052 4574 3639 4645">
     <span class='ocr_line' id='line_1_144' title="bbox 2052 4574 3639 4645; baseline 0.005 -18"><span class='ocrx_word' id='word_1_1022' title='bbox 2052 4589 2169 4645; x_wconf 64' lang='lat' dir='ltr'><strong>aevo</strong></span> <span class='ocrx_word' id='word_1_1023' title='bbox 2194 4574 2455 4645; x_wconf 88' lang='lat' dir='ltr'><strong>turbasse,</strong></span> <span class='ocrx_word' id='word_1_1024' title='bbox 2486 4574 2743 4643; x_wconf 76' lang='lat' dir='ltr'><strong>talesque,</strong></span> <span class='ocrx_word' id='word_1_1025' title='bbox 2773 4574 2863 4645; x_wconf 88' lang='lat' dir='ltr'><strong>qui</strong></span> <span class='ocrx_word' id='word_1_1026' title='bbox 2891 4575 2942 4629; x_wconf 91' lang='lat' dir='ltr'><strong>in</strong></span> <span class='ocrx_word' id='word_1_1027' title='bbox 2969 4574 3307 4632; x_wconf 75' lang='lat' dir='ltr'><strong>Priscilliano</strong></span> <span class='ocrx_word' id='word_1_1028' title='bbox 3325 4578 3451 4632; x_wconf 91' lang='lat' dir='ltr'><strong>olim</strong></span> <span class='ocrx_word' id='word_1_1029' title='bbox 3480 4580 3639 4635; x_wconf 88' lang='lat' dir='ltr'><strong>dam-</strong></span> 
     </span>
    </p>
   </div>
   <div class='ocr_carea' id='block_1_140' title="bbox 2051 4642 3638 4714">
    <p class='ocr_par' dir='ltr' id='par_1_140' title="bbox 2051 4642 3638 4714">
     <span class='ocr_line' id='line_1_145' title="bbox 2051 4642 3638 4714; baseline 0.006 -18"><span class='ocrx_word' id='word_1_1030' title='bbox 2051 4644 2164 4697; x_wconf 87' lang='lat' dir='ltr'><strong>nati</strong></span> <span class='ocrx_word' id='word_1_1031' title='bbox 2220 4642 2452 4714; x_wconf 67' lang='lat' dir='ltr'><strong>fuerant,</strong></span> <span class='ocrx_word' id='word_1_1032' title='bbox 2478 4652 2533 4698; x_wconf 92' lang='lat' dir='ltr'><strong>et</strong></span> <span class='ocrx_word' id='word_1_1033' title='bbox 2570 4642 2805 4714; x_wconf 80' lang='lat' dir='ltr'><strong>quorum</strong></span> <span class='ocrx_word' id='word_1_1034' title='bbox 2845 4647 3311 4703; x_wconf 87' lang='lat' dir='ltr'><strong>resuscitationem</strong></span> <span class='ocrx_word' id='word_1_1035' title='bbox 3360 4648 3638 4707; x_wconf 81' lang='lat' dir='ltr'><strong>Adrianus</strong></span> 
     </span>
    </p>
   </div>
   <div class='ocr_carea' id='block_1_141' title="bbox 2049 4711 2558 4781">
    <p class='ocr_par' dir='ltr' id='par_1_141' title="bbox 2049 4711 2558 4781">
     <span class='ocr_line' id='line_1_146' title="bbox 2049 4711 2558 4781; baseline -0.002 -15"><span class='ocrx_word' id='word_1_1036' title='bbox 2049 4727 2186 4781; x_wconf 76' lang='lat' dir='ltr'><strong>papa</strong></span> <span class='ocrx_word' id='word_1_1037' title='bbox 2216 4711 2558 4768; x_wconf 84' lang='lat' dir='ltr'><strong>formidabat.</strong></span> 
     </span>
    </p>
   </div>
   <div class='ocr_carea' id='block_1_142' title="bbox 2118 4823 3636 4901">
    <p class='ocr_par' dir='ltr' id='par_1_142' title="bbox 2118 4823 3636 4901">
     <span class='ocr_line' id='line_1_147' title="bbox 2118 4823 3636 4901; baseline 0.004 -21"><span class='ocrx_word' id='word_1_1038' title='bbox 2118 4823 2310 4901; x_wconf 60' lang='lat' dir='ltr'><strong>XXIX.</strong></span> <span class='ocrx_word' id='word_1_1039' title='bbox 2357 4823 2577 4901; x_wconf 69' lang='lat' dir='ltr'><strong>Errgres</strong></span> <span class='ocrx_word' id='word_1_1040' title='bbox 2633 4824 3161 4901; x_wconf 61' lang='lat' dir='ltr'><strong>Priscilliunistamm</strong></span> <span class='ocrx_word' id='word_1_1041' title='bbox 3204 4846 3237 4883; x_wconf 88' lang='lat' dir='ltr'><strong>a</strong></span> <span class='ocrx_word' id='word_1_1042' title='bbox 3294 4829 3507 4901; x_wconf 76' lang='lat' dir='ltr'><strong>Migetio</strong></span> <span class='ocrx_word' id='word_1_1043' title='bbox 3544 4848 3636 4886; x_wconf 71' lang='lat' dir='ltr'><strong>re—</strong></span> 
     </span>
    </p>
   </div>
   <div class='ocr_carea' id='block_1_143' title="bbox 2046 4893 3638 4964">
    <p class='ocr_par' dir='ltr' id='par_1_143' title="bbox 2046 4893 3638 4964">
     <span class='ocr_line' id='line_1_148' title="bbox 2046 4893 3638 4964; baseline 0.004 -14"><span class='ocrx_word' id='word_1_1044' title='bbox 2046 4895 2305 4950; x_wconf 79' lang='lat' dir='ltr'><strong>suscitati.</strong></span> <span class='ocrx_word' id='word_1_1045' title='bbox 2350 4924 2422 4934; x_wconf 86' lang='lat'><strong>-</strong></span> <span class='ocrx_word' id='word_1_1046' title='bbox 2459 4893 2627 4950; x_wconf 90' lang='lat' dir='ltr'><strong>Porro</strong></span> <span class='ocrx_word' id='word_1_1047' title='bbox 2664 4895 2905 4964; x_wconf 89' lang='lat' dir='ltr'><strong>primarii</strong></span> <span class='ocrx_word' id='word_1_1048' title='bbox 2957 4893 3484 4954; x_wconf 63' lang='lat' dir='ltr'><strong>Priscillianistafum</strong></span> <span class='ocrx_word' id='word_1_1049' title='bbox 3538 4915 3638 4956; x_wconf 63' lang='lat' dir='ltr'><strong>er.</strong></span> 
     </span>
    </p>
   </div>
   <div class='ocr_carea' id='block_1_144' title="bbox 2046 4964 3639 5035">
    <p class='ocr_par' dir='ltr' id='par_1_144' title="bbox 2046 4964 3639 5035">
     <span class='ocr_line' id='line_1_149' title="bbox 2046 4964 3639 5035; baseline 0.003 -13"><span class='ocrx_word' id='word_1_1050' title='bbox 2046 4980 2238 5028; x_wconf 90' lang='lat' dir='ltr'><strong>rores,</strong></span> <span class='ocrx_word' id='word_1_1051' title='bbox 2290 4973 2449 5035; x_wconf 89' lang='lat' dir='ltr'><strong>prout</strong></span> <span class='ocrx_word' id='word_1_1052' title='bbox 2497 4964 2615 5022; x_wconf 87' lang='lat' dir='ltr'><strong>illos</strong></span> <span class='ocrx_word' id='word_1_1053' title='bbox 2637 4980 2707 5019; x_wconf 81' lang='lat' dir='ltr'><strong>ex</strong></span> <span class='ocrx_word' id='word_1_1054' title='bbox 2743 4967 2917 5021; x_wconf 90' lang='lat' dir='ltr'><strong>sancti</strong></span> <span class='ocrx_word' id='word_1_1055' title='bbox 2965 4967 3161 5024; x_wconf 86' lang='lat' dir='ltr'><strong>Leonis</strong></span> <span class='ocrx_word' id='word_1_1056' title='bbox 3207 4970 3274 5023; x_wconf 91' lang='lat' dir='ltr'><strong>ad</strong></span> <span class='ocrx_word' id='word_1_1057' title='bbox 3320 4969 3639 5028; x_wconf 88' lang='lat' dir='ltr'><strong>Turribium</strong></span> 
     </span>
    </p>
   </div>
   <div class='ocr_carea' id='block_1_145' title="bbox 2044 5035 3640 5112">
    <p class='ocr_par' dir='ltr' id='par_1_145' title="bbox 2044 5035 3640 5112">
     <span class='ocr_line' id='line_1_150' title="bbox 2044 5035 3640 5112; baseline 0.006 -23"><span class='ocrx_word' id='word_1_1058' title='bbox 2044 5036 2450 5112; x_wconf 52' lang='lat' dir='ltr'><strong>ésturicenseui</strong></span> <span class='ocrx_word' id='word_1_1059' title='bbox 2462 5035 2997 5112; x_wconf 67' lang='lat' dir='ltr'><strong>epistuladiscimus,</strong></span> <span class='ocrx_word' id='word_1_1060' title='bbox 3029 5038 3080 5112; x_wconf 85' lang='lat' dir='ltr'><strong>iu</strong></span> <span class='ocrx_word' id='word_1_1061' title='bbox 3107 5053 3173 5093; x_wconf 91' lang='lat' dir='ltr'><strong>eo</strong></span> <span class='ocrx_word' id='word_1_1062' title='bbox 3197 5047 3353 5093; x_wconf 67' lang='lat' dir='ltr'><strong>erant</strong></span> <span class='ocrx_word' id='word_1_1063' title='bbox 3371 5081 3385 5103; x_wconf 95' lang='lat'><strong>,</strong></span> <span class='ocrx_word' id='word_1_1064' title='bbox 3413 5041 3465 5095; x_wconf 81' lang='lat' dir='ltr'><strong>i°</strong></span> <span class='ocrx_word' id='word_1_1065' title='bbox 3485 5044 3640 5112; x_wconf 69' lang='lat' dir='ltr'><strong>quod</strong></span> 
     </span>
    </p>
   </div>
   <div class='ocr_carea' id='block_1_146' title="bbox 2046 5104 3638 5179">
    <p class='ocr_par' dir='ltr' id='par_1_146' title="bbox 2046 5104 3638 5179">
     <span class='ocr_line' id='line_1_151' title="bbox 2046 5104 3638 5179; baseline 0.006 -20"><span class='ocrx_word' id='word_1_1066' title='bbox 2046 5105 2223 5179; x_wconf 85' lang='lat' dir='ltr'><strong>Patris</strong></span> <span class='ocrx_word' id='word_1_1067' title='bbox 2281 5113 2335 5159; x_wconf 91' lang='lat' dir='ltr'><strong>et</strong></span> <span class='ocrx_word' id='word_1_1068' title='bbox 2373 5104 2496 5159; x_wconf 86' lang='lat' dir='ltr'><strong>Filii</strong></span> <span class='ocrx_word' id='word_1_1069' title='bbox 2527 5112 2582 5159; x_wconf 91' lang='lat' dir='ltr'><strong>et</strong></span> <span class='ocrx_word' id='word_1_1070' title='bbox 2621 5104 2856 5174; x_wconf 89' lang='lat' dir='ltr'><strong>Spiritus</strong></span> <span class='ocrx_word' id='word_1_1071' title='bbox 2878 5109 3073 5179; x_wconf 22' lang='lat' dir='ltr'><strong>Asancti</strong></span> <span class='ocrx_word' id='word_1_1072' title='bbox 3099 5124 3258 5163; x_wconf 89' lang='lat' dir='ltr'><strong>unam</strong></span> <span class='ocrx_word' id='word_1_1073' title='bbox 3300 5119 3460 5179; x_wconf 84' lang='lat' dir='ltr'><strong>atque</strong></span> <span class='ocrx_word' id='word_1_1074' title='bbox 3485 5104 3638 5169; x_wconf 75' lang='lat' dir='ltr'><strong>eam-</strong></span> 
     </span>
    </p>
   </div>
   <div class='ocr_carea' id='block_1_147' title="bbox 2044 5174 3642 5246">
    <p class='ocr_par' dir='ltr' id='par_1_147' title="bbox 2044 5174 3642 5246">
     <span class='ocr_line' id='line_1_152' title="bbox 2044 5174 3642 5246; baseline 0.006 -17"><span class='ocrx_word' id='word_1_1075' title='bbox 2044 5175 2501 5246; x_wconf 82' lang='lat' dir='ltr'><strong>dempersonam</strong></span> <span class='ocrx_word' id='word_1_1076' title='bbox 2536 5189 2667 5246; x_wconf 87' lang='lat' dir='ltr'><strong>esse</strong></span> <span class='ocrx_word' id='word_1_1077' title='bbox 2710 5190 2832 5229; x_wconf 89' lang='lat' dir='ltr'><strong>cum</strong></span> <span class='ocrx_word' id='word_1_1078' title='bbox 2871 5174 3106 5246; x_wconf 72' lang='lat' dir='ltr'><strong>Subellio</strong></span> <span class='ocrx_word' id='word_1_1079' title='bbox 3153 5174 3500 5246; x_wconf 73' lang='lat' dir='ltr'><strong>asserueriut,</strong></span> <span class='ocrx_word' id='word_1_1080' title='bbox 3533 5198 3642 5238; x_wconf 89' lang='lat' dir='ltr'><strong>cu-</strong></span> 
     </span>
    </p>
   </div>
   <div class='ocr_carea' id='block_1_148' title="bbox 2042 5244 3640 5322">
    <p class='ocr_par' dir='ltr' id='par_1_148' title="bbox 2042 5244 3640 5322">
     <span class='ocr_line' id='line_1_153' title="bbox 2042 5244 3640 5322; baseline 0.005 -23"><span class='ocrx_word' id='word_1_1081' title='bbox 2042 5245 2129 5314; x_wconf 90' lang='lat' dir='ltr'><strong>jus</strong></span> <span class='ocrx_word' id='word_1_1082' title='bbox 2167 5244 2438 5322; x_wconf 73' lang='lat' dir='ltr'><strong>discipuli,</strong></span> <span class='ocrx_word' id='word_1_1083' title='bbox 2470 5244 2575 5322; x_wconf 86' lang='lat' dir='ltr'><strong>_ait</strong></span> <span class='ocrx_word' id='word_1_1084' title='bbox 2616 5253 2852 5322; x_wconf 66' lang='lat' dir='ltr'><strong>sanctus</strong></span> <span class='ocrx_word' id='word_1_1085' title='bbox 2899 5245 3022 5322; x_wconf 29' lang='lat' dir='ltr'><strong>‘Leo</strong></span> <span class='ocrx_word' id='word_1_1086' title='bbox 3074 5248 3168 5304; x_wconf 89' lang='lat' dir='ltr'><strong>cit.</strong></span> <span class='ocrx_word' id='word_1_1087' title='bbox 3233 5250 3337 5306; x_wconf 88' lang='lat' dir='ltr'><strong>loc.</strong></span> <span class='ocrx_word' id='word_1_1088' title='bbox 3394 5244 3515 5322; x_wconf 89' lang='lat' dir='ltr'><strong>cap.</strong></span> <span class='ocrx_word' id='word_1_1089' title='bbox 3583 5255 3640 5319; x_wconf 78' lang='lat' dir='ltr'><strong>i,</strong></span> 
     </span>
    </p>
   </div>
   <div class='ocr_carea' id='block_1_149' title="bbox 2051 5313 3643 5392">
    <p class='ocr_par' dir='ltr' id='par_1_149' title="bbox 2051 5313 3643 5392">
     <span class='ocr_line' id='line_1_154' title="bbox 2051 5313 3643 5392; baseline 0.007 -25"><span class='ocrx_word' id='word_1_1090' title='bbox 2051 5333 2087 5392; x_wconf 73' lang='lat'><strong>¢_</strong></span> <span class='ocrx_word' id='word_1_1091' title='bbox 2125 5314 2288 5392; x_wconf 80' lang='lat' dir='ltr'><strong>etiam</strong></span> <span class='ocrx_word' id='word_1_1092' title='bbox 2336 5313 2733 5392; x_wconf 31' lang='lat' dir='ltr'><strong>Pai‘ripassiani</strong></span> <span class='ocrx_word' id='word_1_1093' title='bbox 2780 5316 2973 5392; x_wconf 75' lang='lat' dir='ltr'><strong>merito</strong></span> <span class='ocrx_word' id='word_1_1094' title='bbox 3034 5313 3478 5392; x_wconf 63' lang='lat' dir='ltr'><strong>nuncupautur;:</strong></span> <span class='ocrx_word' id='word_1_1095' title='bbox 3503 5313 3643 5392; x_wconf 83' lang='lat' dir='ltr'><strong>quia</strong></span> 
     </span>
    </p>
   </div>
   <div class='ocr_carea' id='block_1_150' title="bbox 2046 5382 3644 5454">
    <p class='ocr_par' dir='ltr' id='par_1_150' title="bbox 2046 5382 3644 5454">
     <span class='ocr_line' id='line_1_155' title="bbox 2046 5382 3644 5454; baseline 0.006 -16"><span class='ocrx_word' id='word_1_1096' title='bbox 2046 5385 2091 5439; x_wconf 91' lang='lat' dir='ltr'><strong>si</strong></span> <span class='ocrx_word' id='word_1_1097' title='bbox 2124 5384 2238 5452; x_wconf 87' lang='lat' dir='ltr'><strong>ipse</strong></span> <span class='ocrx_word' id='word_1_1098' title='bbox 2277 5392 2360 5437; x_wconf 89' lang='lat' dir='ltr'><strong>est</strong></span> <span class='ocrx_word' id='word_1_1099' title='bbox 2411 5382 2597 5449; x_wconf 88' lang='lat' dir='ltr'><strong>Filius,</strong></span> <span class='ocrx_word' id='word_1_1100' title='bbox 2643 5383 2736 5454; x_wconf 90' lang='lat' dir='ltr'><strong>qui</strong></span> <span class='ocrx_word' id='word_1_1101' title='bbox 2792 5394 2846 5438; x_wconf 88' lang='lat' dir='ltr'><strong>et</strong></span> <span class='ocrx_word' id='word_1_1102' title='bbox 2886 5384 3067 5450; x_wconf 88' lang='lat' dir='ltr'><strong>Pater,</strong></span> <span class='ocrx_word' id='word_1_1103' title='bbox 3101 5382 3231 5442; x_wconf 70' lang='lat' dir='ltr'><strong>crux</strong></span> <span class='ocrx_word' id='word_1_1104' title='bbox 3280 5389 3401 5444; x_wconf 86' lang='lat' dir='ltr'><strong>Filii</strong></span> <span class='ocrx_word' id='word_1_1105' title='bbox 3433 5382 3644 5448; x_wconf 45' lang='lat' dir='ltr'><strong>&#39;Pa’tris</strong></span> 
     </span>
    </p>
   </div>
   <div class='ocr_carea' id='block_1_151' title="bbox 2047 5453 3645 5524">
    <p class='ocr_par' dir='ltr' id='par_1_151' title="bbox 2047 5453 3645 5524">
     <span class='ocr_line' id='line_1_156' title="bbox 2047 5453 3645 5524; baseline 0.007 -15"><span class='ocrx_word' id='word_1_1106' title='bbox 2047 5463 2129 5509; x_wconf 88' lang='lat' dir='ltr'><strong>est</strong></span> <span class='ocrx_word' id='word_1_1107' title='bbox 2161 5454 2369 5524; x_wconf 88' lang='lat' dir='ltr'><strong>passio;</strong></span> <span class='ocrx_word' id='word_1_1108' title='bbox 2419 5462 2475 5506; x_wconf 90' lang='lat' dir='ltr'><strong>et</strong></span> <span class='ocrx_word' id='word_1_1109' title='bbox 2516 5453 2775 5523; x_wconf 73' lang='lat' dir='ltr'><strong>quidQuid</strong></span> <span class='ocrx_word' id='word_1_1110' title='bbox 2814 5455 2867 5508; x_wconf 90' lang='lat' dir='ltr'><strong>in</strong></span> <span class='ocrx_word' id='word_1_1111' title='bbox 2900 5454 3069 5510; x_wconf 80' lang='lat' dir='ltr'><strong>forma</strong></span> <span class='ocrx_word' id='word_1_1112' title='bbox 3101 5459 3242 5512; x_wconf 82' lang='lat' dir='ltr'><strong>servi</strong></span> <span class='ocrx_word' id='word_1_1113' title='bbox 3294 5458 3645 5520; x_wconf 80' lang='lat' dir='ltr'><strong>FiliusPatri</strong></span> 
     </span>
    </p>
   </div>
   <div class='ocr_carea' id='block_1_152' title="bbox 2047 5524 3644 5598">
    <p class='ocr_par' dir='ltr' id='par_1_152' title="bbox 2047 5524 3644 5598">
     <span class='ocr_line' id='line_1_157' title="bbox 2047 5524 3644 5598; baseline 0.005 -18"><span class='ocrx_word' id='word_1_1114' title='bbox 2047 5524 2671 5598; x_wconf 74' lang='lat' dir='ltr'><strong>obedieado_sus_tinuit,</strong></span> <span class='ocrx_word' id='word_1_1115' title='bbox 2714 5532 2884 5578; x_wconf 90' lang='lat' dir='ltr'><strong>totum</strong></span> <span class='ocrx_word' id='word_1_1116' title='bbox 2915 5526 2970 5598; x_wconf 91' lang='lat' dir='ltr'><strong>in_</strong></span> <span class='ocrx_word' id='word_1_1117' title='bbox 2994 5540 3054 5579; x_wconf 88' lang='lat' dir='ltr'><strong>se</strong></span> <span class='ocrx_word' id='word_1_1118' title='bbox 3094 5527 3255 5581; x_wconf 84' lang='lat' dir='ltr'><strong>Pater</strong></span> <span class='ocrx_word' id='word_1_1119' title='bbox 3302 5529 3414 5598; x_wconf 87' lang='lat' dir='ltr'><strong>ipse</strong></span> <span class='ocrx_word' id='word_1_1120' title='bbox 3448 5545 3644 5588; x_wconf 87' lang='lat' dir='ltr'><strong>susce-</strong></span> 
     </span>
    </p>
   </div>
   <div class='ocr_carea' id='block_1_153' title="bbox 2049 5592 3642 5668">
    <p class='ocr_par' dir='ltr' id='par_1_153' title="bbox 2049 5592 3642 5668">
     <span class='ocr_line' id='line_1_158' title="bbox 2049 5592 3642 5668; baseline 0.008 -21"><span class='ocrx_word' id='word_1_1121' title='bbox 2049 5595 2145 5664; x_wconf 90' lang='lat' dir='ltr'><strong>pit.</strong></span> <span class='ocrx_word' id='word_1_1122' title='bbox 2197 5613 2214 5645; x_wconf 74' lang='grc' dir='ltr'><strong>ι</strong></span> <span class='ocrx_word' id='word_1_1123' title='bbox 2254 5594 2310 5668; x_wconf 66' lang='lat'><strong>2&quot;</strong></span> <span class='ocrx_word' id='word_1_1124' title='bbox 2342 5592 2496 5658; x_wconf 85' lang='lat' dir='ltr'><strong>Quod</strong></span> <span class='ocrx_word' id='word_1_1125' title='bbox 2537 5595 2763 5668; x_wconf 77' lang='lat' dir='ltr'><strong>virtutes</strong></span> <span class='ocrx_word' id='word_1_1126' title='bbox 2802 5595 3063 5668; x_wconf 86' lang='lat' dir='ltr'><strong>quasdam</strong></span> <span class='ocrx_word' id='word_1_1127' title='bbox 3106 5613 3135 5650; x_wconf 86' lang='lat' dir='ltr'><strong>a</strong></span> <span class='ocrx_word' id='word_1_1128' title='bbox 3192 5597 3301 5652; x_wconf 89' lang='lat' dir='ltr'><strong>Deo</strong></span> <span class='ocrx_word' id='word_1_1129' title='bbox 3320 5592 3642 5668; x_wconf 69' lang='lat' dir='ltr'><strong>procedere</strong></span> 
     </span>
    </p>
   </div>
   <div class='ocr_carea' id='block_1_154' title="bbox 2047 5664 3636 5737">
    <p class='ocr_par' dir='ltr' id='par_1_154' title="bbox 2047 5664 3636 5737">
     <span class='ocr_line' id='line_1_159' title="bbox 2047 5664 3636 5737; baseline 0.006 -18"><span class='ocrx_word' id='word_1_1130' title='bbox 2047 5664 2354 5730; x_wconf 85' lang='lat' dir='ltr'><strong>statuerint,</strong></span> <span class='ocrx_word' id='word_1_1131' title='bbox 2375 5677 2509 5733; x_wconf 89' lang='lat' dir='ltr'><strong>quas</strong></span> <span class='ocrx_word' id='word_1_1132' title='bbox 2541 5665 2739 5720; x_wconf 82' lang='lat' dir='ltr'><strong>habere</strong></span> <span class='ocrx_word' id='word_1_1133' title='bbox 2759 5666 3002 5733; x_wconf 60' lang='lat' dir='ltr'><strong>ceperit,</strong></span> <span class='ocrx_word' id='word_1_1134' title='bbox 3034 5673 3085 5720; x_wconf 87' lang='lat' dir='ltr'><strong>et</strong></span> <span class='ocrx_word' id='word_1_1135' title='bbox 3118 5682 3251 5737; x_wconf 91' lang='lat' dir='ltr'><strong>quas</strong></span> <span class='ocrx_word' id='word_1_1136' title='bbox 3279 5664 3517 5727; x_wconf 76' lang='lat' dir='ltr'><strong>essentia</strong></span> <span class='ocrx_word' id='word_1_1137' title='bbox 3545 5675 3636 5729; x_wconf 90' lang='lat' dir='ltr'><strong>sui</strong></span> 
     </span>
    </p>
   </div>
  </div>
