1984 3090
139 153 185 180 361

462 150 644 178 ENHl'EBER
664 150 816 177 DISSERT.
839 151 881 178 DE
903 149 1036 179 HALRESI
1058 151 1212 178 ELIPANDI
1231 151 1274 178 ET
1295 151 1433 179 FELICIS.

1708 155 1760 181 562

137 215 213 246 eeptu
226 209 516 251 mscepit,_atlo_ptivu§
528 212 597 251 apitd
613 210 719 236 Patrem
741 218 794 251 non
811 214 863 250 est,
878 211 923 236 sed
941 215 960 239 Α
978 212 1110 251 variormn
1124 211 1276 251 dogmatum
1291 211 1361 251 inter
1379 219 1407 238 se
1422 211 1581 251 murimuri
1598 211 1702 240 facilius
1715 214 1762 251 de-

136 245 217 273 vertis
229 250 256 271 et
274 245 399 280 proprius
415 245 508 276 Filius,
527 246 589 279 quid
614 250 745 279 superest,
769 245 820 271 nisi
834 250 861 271 ut
876 252 922 271 ea—

136 282 196 309 dem
210 288 274 308 caro
288 288 340 306 non
356 280 389 306 de
410 287 498 306 massa
519 281 627 307 humani
651 281 765 314 generis,
790 287 876 313 neque
891 281 923 306 de

134 324 216 344 carne
229 315 324 342 matris
337 315 373 341 sil
394 319 484 341 creata
507 320 533 341 et
558 314 636 344 facta,
659 315 704 341 sed
719 315 752 340 de
774 316 814 341 sul
825 315 923 341 stantia

134 351 235 382 Patris,
249 350 318 377 sicut
329 354 356 376 et
370 349 519 377 divinitatis
539 349 596 383 ejus
610 354 734 382 generata
746 350 757 375 ἵ
771 359 780 374 ›
797 349 923 376 Paulinus

133 394 199 412 vero
210 384 390 419 Aquileiensis
404 389 561 419 sequentem
576 383 674 419 Felicis
688 383 864 417 ohjectiouem
880 392 923 412 re-

133 421 186 447 fert
198 428 258 454 cap.
267 419 299 445 27
309 427 316 445 :
328 428 337 444 ‹
350 419 389 445 Tu
402 418 498 454 (Felix)
510 419 646 446 causaris:
659 418 709 454 Qui
717 423 810 454 negat,
823 419 922 453 inquis,

133 462 195 482 eum
207 453 362 488 adoptivum
373 453 519 481 secundum
536 454 669 481 hominem
684 453 778 480 Filium
797 453 855 484 Dei,
877 462 923 480 ne-

133 494 187 525 get,
201 496 312 525 necesse
325 493 457 525 estpeum
467 496 566 525 verum
580 488 671 525 fuisse
681 488 831 525 hominem.
841 498 850 514 ι
872 488 923 515 Ea-

133 522 193 552 dem
208 524 273 551 alibi
295 524 322 550 in
336 523 444 559 scriptis
458 523 565 559 Felicis
582 527 610 559 et
632 522 755 559 Elipandi
769 523 866 557 sazpius
878 531 924 550 oc-

132 563 257 591 currunt,
270 559 315 593 qui
335 557 434 585 toti'in
456 558 483 584 id
498 558 645 585 intendisse
666 557 798 586 videntur,
812 561 924 593 utﬂper-

133 592 289 621 n-istioucni
305 601 351 620 seu
367 593 550 620 confusionem
568 597 725 620 naturarum
739 593 774 619 ab
787 592 922 626 Apollina-

133 630 217 659 rislis,
230 629 460 663 Eutychianisque
475 628 610 655 inductam
629 627 783 663 evitarenitq
797 627 886 663 Quare
896 631 924 654 et

132 665 273 696 Alt-uinus,
286 661 351 690 libr.
365 671 373 689 ι
386 661 478 689 contra
503 662 630 693 Felicem,
645 662 701 688 ait:
719 671 728 686 ι
748 661 831 695 Igitur
853 662 923 689 sicut

132 699 294 726 Nestoriana
309 698 433 732 impietas
448 698 473 724 in
488 698 553 725 duas
566 696 702 724 Christum
716 696 923 732 dividitperso-

131 742 190 765 nas.
211 738 320 768 propter
340 731 407 759 duas
431 737 578 768 naturam.
592 732 648 768 ἱνί-ιίι
664 735 691 758 et
701 735 791 758 vestra
815 731 922 768 indocta

131 766 274 796 temeritas
289 768 316 794 in
331 768 399 794 duos
411 774 472 793 eum
482 766 578 793 dividit
587 766 665 798 ﬁlios,
677 774 760 792 unum
772 766 921 800 proprium,

130 803 248 830 alterum
261 802 414 837 adoptivum
437 822 443 828 .
457 821 463 827 .
478 821 484 828 .
500 801 655 837 Nullatenus
667 801 707 837 sic
717 801 862 837 sentientes
875 808 922 836 po-

130 839 211 865 testis
224 837 302 864 vobis
313 835 417 864 evitare
427 837 590 871 impietatem
602 835 767 863 Nestoriana:
777 835 920 863 doctrinae:

130 874 195 907 quia
208 880 290 907 quem
312 872 355 898 ille
369 872 395 898 in
406 871 477 907 duas
490 870 724 907 personasrdividit
736 876 841 907 propter
855 871 922 907 duas

130 905 261 936 naturis:
276 907 348 934 hunc
364 914 412 933 vos
426 905 545 933 dividitis
563 906 590 932 in
612 906 679 933 duos
690 905 759 932 ﬁlios
770 906 837 932 etin
855 906 922 933 duos

130 943 195 969 deos
209 950 260 977 per
274 941 425 977 adoptionis
442 948 538 977 nomen
560 944 586 967 et
607 941 822 975 nuncupationis.
848 940 924 968 Intel-

129 975 442 1011 ligite‘quandoquidem
462 975 534 1002 hunc
550 983 674 1011 errorem
691 980 820 1011 vestrum,
836 980 864 1011 et
875 976 925 1003 bu-

131 1009 276 1038 miliarnini
289 1009 435 1037 sub’manu
449 1010 639 1045 omnipotentis
662 1009 719 1042 Dei,
736 1014 763 1037 et
775 1010 869 1038 discite
882 1017 925 1036 ve-

130 1047 222 1073 ritatis
235 1046 399 1077 doctrinam,
414 1053 447 1072 ne
462 1045 519 1072 sitis
539 1045 658 1080 magistri
673 1045 773 1072 erroris
787 1054 793 1070 :
814 1053 847 1072 ne
861 1045 924 1072 dum

130 1081 238 1108 foveam
263 1080 420 1115 Eutychetis
435 1079 620 1112 declinare,’et
640 1079 841 1115 permistionem
859 1080 924 1106 dua-

130 1124 191 1143 rum
218 1114 379 1142 naturarum
401 1122 496 1141 cavere
515 1114 671 1147 videamini,
690 1115 716 1140 in
737 1114 851 1141 Nestorii
874 1115 922 1141 ba-

131 1152 257 1178 rathrum
273 1149 491 1177 inconvenienter
505 1149 647 1176 dividendo
667 1149 805 1176 decidatis.
818 1158 827 1175 ι
852 1148 924 1176 Satis

130 1190 224 1221 aperte
235 1186 289 1212 hoc
309 1184 368 1221 loco
382 1184 468 1221 innuit
479 1184 617 1221 AAleuinus,
632 1183 870 1221 Felicem_ejusque
885 1191 925 1211 as-

130 1218 219 1248 set-las
231 1220 378 1247 admodum
401 1219 529 1246 sollicitos
547 1218 638 1249 fuisse,
654 1223 684 1245 ut
706 1219 799 1245 ambas
813 1223 924 1246 naturas

130 1256 157 1282 in
171 1255 283 1283 Christo
298 1254 453 1281 inconfusas
472 1258 565 1281 contra
581 1254 720 1288 Eutychen
735 1253 920 1285 defenderent,

129 1291 214 1325 quod,
228 1298 291 1317 cum
307 1290 549 1325 incauteragerent,
575 1289 680 1316 tandem
696 1288 794 1320 evenit,
810 1292 839 1325 ut
854 1289 924 1325 sicut

130 1322 274 1353 Kestorius
288 1329 399 1359 propter
411 1322 478 1351 duas
497 1328 616 1355 naturas,
633 1331 701 1359 quas
719 1327 813 1350 contra
824 1322 924 1358 ΔροΗί-

130 1360 252 1387 naristas
277 1358 407 1394 Eutychis
422 1358 737 1394 prteeursorcsrtuendas
755 1362 922 1394 susceperat,

129 1402 264 1431 personas
277 1393 392 1431 divisit;
407 1393 486 1431 itaet
508 1393 653 1431 Eiipandus
665 1401 697 1431 ac
717 1393 792 1431 _F_elix
814 1393 842 1420 in
856 1393 924 1431 duos

130 1428 212 1462 filios,
221 1437 316 1457 verum
324 1433 352 1456 et
361 1429 514 1464 adoptivum
526 1428 661 1456 Christum
671 1428 831 1464 dividerent,
839 1432 869 1455 ut
878 1428 924 1455 du-

128 1465 227 1500 plicem
241 1465 279 1500 in?
290 1472 323 1492 eo
336 1463 459 1500 naturam
474 1470 532 1500 esse
543 1464 736 1500 impermistam
746 1463 922 1500 vindicarent.

165 1499 290 1528 XXXVI.
303 1500 404 1526 Eadem
420 1499 571 1526 Nestoriani
586 1503 610 1525 et
621 1498 762 1533 Adoptiani
772 1498 923 1534 errorisge-

129 1536 257 1562 mis.——
270 1535 440 1569 Quapropter
461 1541 514 1561 non
536 1534 585 1560 abs
602 1540 632 1560 re
655 1533 778 1565 dicimus,
799 1533 921 1561 eamdem

938 892 961 921 Β

129 1560 230 1597 esseet
248 1560 420 1597 NEstoi‘iaiim
428 1573 456 1596 et
468 1560 625 1604 Adoptiana:
637 1560 777 1604 haereseos.
789 1560 919 1604 genesin;
933 1560 958 1593 C

129 1611 156 1632 et
169 1605 403 1640 quemadmodum
412 1603 458 1640 illa
470 1603 606 1640 originem
616 1611 691 1640 suam
706 1603 861 1640 improvida
873 1611 920 1638 op-

130 1638 291 1676 pugnationi
313 1638 460 1676 Arianismi
482 1643 509 1676 et
521 1638 825 1676 Apollinarismidebet,
842 1643 921 1676 prout

131 1673 163 1702 ex
169 1673 363 1702 'monumentis
376 1681 455 1709 supra
463 1673 558 1709 allatis
573 1677 684 1708 apparet
697 1682 704 1705 ;
727 1673 764 1709 ita
776 1677 805 1709 et
816 1674 873 1700 haec
887 1674 921 1700 ad

130 1709 343 1743 disceptationes
357 1707 417 1737 illas
429 1707 568 1736 referenda
581 1707 631 1740 est,
647 1715 714 1743 quas
731 1708 763 1735 de
782 1708 921 1736 divinitate

133 1743 224 1778 Verbi,
240 1744 352 1779 ejusque
367 1744 551 1779 lncarnatione
563 1743 620 1770 zelo
634 1751 686 1770 non
709 1743 776 1770 satis
792 1743 921 1770 deﬁecato

131 1785 224 1807 contra
234 1778 345 1806 Ariana:
359 1784 385 1806 et
395 1778 577 1813 Eutychiana,
592 1786 651 1813 quae
665 1779 752 1805 hacin
765 1782 842 1812 parte
860 1786 921 1806 curn

131 1815 341 1850 Apollinarismo
356 1814 513 1850 eademest,
527 1814 670 1850 pravitatis
690 1817 818 1850 patronos
828 1821 859 1840 ac
880 1821 922 1840 re-

131 1848 307 1877 suscitatores
317 1856 387 1883 saepe
394 1849 458 1875 dicti
470 1848 603 1882 Hispania:
613 1849 730 1883 episcopi
738 1848 920 1875 decertarunt.

133 1885 180 1911 Vel
195 1892 229 1911 ex
244 1884 295 1911 hoc
309 1884 366 1911 solo
381 1884 463 1918 igitur
478 1883 535 1917 jam
555 1883 678 1910 clarescit
692 1883 833 1918 utriusque
847 1890 923 1910 erro-

133 1920 181 1951 ris,
206 1919 360 1950 Nestoriani
389 1916 502 1950 scilicet,
526 1921 553 1945 et
575 1918 718 1952 Adoptiani
742 1916 868 1952 afﬁnitas,
893 1923 922 1945 ut

132 1954 209 1988 proin
225 1954 297 1981 ratio
314 1952 448 1981 sufﬁciens
461 1953 574 1980 Alcuino
588 1951 679 1984 fuerit,
697 1952 723 1979 in
747 1951 922 1979 Nestoriano-

132 1987 192 2016 rum
204 1993 278 2016 εωῑιι
301 1988 465 2022 Adoptiath
480 1987 659 2022 computandi,
684 1991 714 2014 ut
727 1991 790 2022 pote
808 1994 922 2021 quorum

132 2024 237 2051 natales
251 2024 331 2050 iidem
346 2022 423 2058 plane
434 2023 597 2055 exstiterint,
612 2022 638 2049 id
647 2022 717 2056 quod
735 2023 786 2058 hoc
799 2022 825 2048 iu
842 2029 922 2058 para—

132 2059 235 2093 grapho
249 2057 354 2085 abunde
367 2058 483 2085 vidimus
496 2066 504 2090 ;
526 2058 581 2085 imo
598 2064 713 2093 quorum
727 2057 807 2084 etiam
823 2057 922 2092 placita

132 2091 163 2120 ac
178 2091 309 2127 principia
323 2093 349 2119 in
363 2093 432 2120 idem
446 2100 557 2127 prorsus
569 2091 723 2123 residerint,
735 2096 814 2125 prout
824 2091 849 2119 in
862 2100 921 2119 mox

181 2126 257 2162 uenti
265 2126 303 2155 ex
315 2127 434 2162 ipsorum
447 2126 568 2162 scriptis,
581 2127 748 2161 aliorumque
762 2126 923 2154 testimoniis

132 2161 221 2197 palam
234 2161 513 2190 facere’conabimur.’
608 2165 612 2169 ‘

133 2218 147 2255 ς
164 2218 196 2246 u-
207 2233 245 2239 —
256 2218 301 2246 οε
309 2216 718 2255 rauecurssussssn_s
736 2216 921 2245 NESTORIA-

309 2253 400 2281 NlSMl
411 2253 454 2280 ET
463 2252 712 2280 ADOPTIANISMI.

166 2297 189 2327 ι.
210 2298 287 2326 Unde
307 2307 378 2325 mens
401 2298 581 2325 Ita-reticorum
603 2298 720 2332 dignosci
735 2303 822 2333 queat.
839 2314 873 2319 ——
888 2298 922 2327 Ut

134 2341 211 2365 uasa
231 2334 420 2361 haereticorum
435 2337 560 2360 accurate
583 2337 737 2365 noscantur,
758 2338 804 2360 aut
822 2334 921 2368 scripta

136 2369 253 2404 ipsorum
268 2368 443 2404 examinanda
457 2373 528 2399 sunt,
551 2372 596 2404 aut
609 2368 632 2395 si
649 2368 697 2395 ista
714 2369 782 2396 forte
802 2376 834 2395 ex
856 2369 922 2396 inte-

135 2403 192 2439 gro,
206 2403 250 2431 vel
263 2404 351 2439 quoad
371 2403 501 2439 majorem
523 2403 617 2430 saltem
641 2408 743 2438 partem
759 2404 920 2436 interierint,

135 2438 304 2466 consultanda:
329 2444 408 2466 erunt
434 2438 633 2465 lucubrationes
660 2446 763 2470 eorum,
790 2439 836 2473 qui
860 2439 921 2466 data

135 2481 215 2509 opera
233 2473 361 2500 Ecclesia:
382 2473 533 2509 doctrinam
556 2477 830 2509 contranovatorum
844 2473 922 2501 moli-

135 2507 206 2535 mina
221 2512 435 2544 propugnarunt,
453 2512 480 2535 et
493 2508 545 2535 hoc
553 2508 612 2544 ipso
629 2507 845 2544 adversariorum
859 2516 921 2535 suo-

136 2551 194 2570 rum
207 2542 439 2577 a‘sserta‘penitius
449 2543 559 2570 scrutati
572 2546 644 2569 sunt.
662 2542 738 2570 Unde
748 2542 841 2569 mirari
856 2543 921 2570 satis

136 2579 205 2605 haud
218 2586 361 2613 possumus
375 2578 455 2610 viam,
469 2585 549 2613 quam
562 2578 778 2613 prordetegenda
792 2577 920 2612 Adoptia-

134 2612 229 2640 norum
248 2613 380 2641 sententia
403 2613 485 2640 tradit
499 2612 549 2639 cel.
566 2612 703 2639 Walchius
725 2613 813 2639 citata:
832 2613 922 2640 Histo—

135 2648 181 2675 ria
195 2656 254 2683 cap.
265 2648 283 2674 2
296 2652 362 2675 sect.
376 2647 404 2679 2,
415 2655 489 2683 num.
506 2647 521 2674 Ἰ
536 2655 595 2682 pag.
609 2647 661 2673 216
676 2647 795 2683 scribens
808 2656 813 2673 :
830 2656 839 2672 ι
864 2648 922 2675 Pri-

135 2690 178 2709 mo
200 2682 258 2710 loco
280 2687 343 2710 ante
365 2682 458 2710 oculos
478 2682 606 2710 lectorum
626 2682 747 2717 ponenda
771 2686 832 2709 sunt
848 2684 920 2710 testi-

135 2718 221 2744 monia
236 2718 438 2749 historicorum,
459 2718 504 2752 qui
524 2718 614 2744 animo
628 2724 642 2743 a
656 2717 854 2744 contradicendi
868 2724 921 2746 stu-

135 2752 179 2787 dio
193 2752 318 2785 liberato,
340 2760 393 2785 res,
408 2752 446 2779 uti
461 2751 640 2787 contigerunt,
663 2751 750 2779 solent
771 2759 917 2787 enarrare:

134 2786 228 2823 deinde
240 2787 390 2823 colligenda
399 2791 426 2814 et.
439 2787 466 2814 in
481 2786 581 2814 classes
599 2786 779 2823 distribueuda
798 2786 919 2823 Elipandi

136 2826 161 2849 et
178 2822 285 2855 Felicis,
308 2822 373 2857 qua:
396 2826 540 2856 supersunt
567 2822 738 2849 testimonia:
763 2822 878 2856 denique
897 2823 919 2849 si

134 2857 191 2885 hac
204 2858 275 2886 inter
287 2865 317 2885 se
337 2862 537 2891 comparantur.
551 2864 614 2883 vera
629 2865 721 2885 eorum
741 2858 872 2885 Sententia
893 2863 919 2884 et

335 2902 471 2932 PATROL.
491 2902 539 2934 Cl.

935 2243 962 2273 D

977 247 1100 272 ﬁnienda.
1127 246 1191 278 Quae
1217 246 1267 272 viri
1291 246 1375 277 doeti,
1399 247 1443 279 qui
1467 246 1573 280 publice
1595 251 1688 273 contra
1705 247 1761 274 illos

976 281 1100 313 (Felicem
1114 285 1140 307 et
1155 280 1323 315 Elipandum)
1339 286 1500 315 pugnarunt,
1522 281 1597 308 nobis
1619 281 1761 316 reliquere,

974 323 1094 349 prorsus,
1119 319 1193 349 puto,
1215 315 1371 349 negligenda
1395 323 1478 346 esse;
1504 316 1634 349 siquidem
1658 315 1763 344 abunde

975 355 1056 384 patet,
1077 350 1135 381 hos,
1159 357 1222 381 non,
1243 351 1306 384 quid
1321 351 1454 377 senserint
1468 351 1613 385 Elipandus
1627 356 1653 378 et
1675 352 1761 384 Felix,

976 386 1021 411 sed
1042 385 1104 418 quid
1119 385 1167 411 hos
1187 385 1315 417 sensisse,
1332 385 1505 415 crediderint,
1526 386 1622 413 litteris
1635 388 1763 414 mandare

975 420 1156 446 eonsuevisse.
1172 429 1180 444 ι
1206 419 1269 446 Plus
1290 427 1354 454 ergo
1378 420 1438 446 ﬁdei
1463 420 1644 448 adhibendum
1670 427 1764 448 censet

975 455 1112 481 Walt-hius
1134 454 1283 486 annalistis,
1298 455 1342 488 qui
1364 455 1467 481 duobus
1483 455 1595 482 subinde
1610 455 1699 483 verbis
1720 464 1763 483 res

974 494 1061 523 gestas
1076 492 1195 519 narrant,
1210 496 1289 523 quam
1304 489 1378 520 viris,
1398 497 1465 524 quos
1486 491 1598 524 ipsemet
1614 491 1707 518 doctos
1719 498 1764 524 ap-

974 524 1055 558 pellat
1067 532 1073 554 ;
1088 531 1167 558 quam
1179 524 1254 555 viris,
1267 524 1312 558 qui
1330 524 1447 551 studium
1460 532 1539 551 omne
1554 524 1580 550 in
1593 525 1762 559 explanando

974 559 1101 586 Ecclesia:
1120 560 1244 593 dogmate
1267 566 1398 593 posuere;
1423 564 1449 586 et
1463 559 1576 593 prolixis
1596 560 1677 586 etiam
1698 568 1763 594 ope—

974 594 1047 620 ribus
1064 593 1278 620 adversariorum
1299 594 1394 628 placita
1415 595 1601 621 cxaminarunt
1623 593 1764 622 acrefuta-

975 633 1044 654 runt.
1061 628 1123 655 Plus
1137 628 1197 654 ﬁdei
1212 628 1390 655 adhibendum
1405 632 1496 656 censet
1509 628 1646 656 Walchius
1659 629 1763 657 duobus

973 663 1105 697 episcnpis
1118 663 1145 690 in
1165 663 1289 690 barbarie
1312 664 1453 697 Hispanias
1476 664 1644 698 opprimente
1655 665 1760 691 enutri-

974 699 1019 729 tis,
1034 705 1114 732 quam
1128 698 1239 732 integris
1252 698 1373 725 conciliis
1388 706 1440 724 non
1463 698 1546 725 semel
1561 699 1607 725 sed
1621 699 1759 726 multoties

974 733 1154 768 congregatis,
1168 738 1195 759 et
1211 740 1243 759 ex
1258 737 1322 768 toto,
1337 741 1389 767 qua
1401 733 1454 768 late
1470 737 1524 759 tum
1545 733 1664 768 patebat,
1678 734 1761 760 Fran-

974 767 1065 794 corum
1090 768 1212 798 imperio,
1231 767 1294 801 quin
1309 775 1341 794 ex
1356 767 1450 802 Anglia
1464 775 1570 802 quoque
1592 767 1676 802 959
1698 776 1763 794 con-

974 803 1087 833 vocatis,
1110 809 1260 837 magnoquc
1281 802 1371 829 labore
1387 802 1536 829 doctrinam
1551 806 1579 837 et
1599 802 1720 829 ecclesia
1734 807 1762 830 et

974 837 1160 864 lireretieorum
1177 845 1228 863 euu
1247 837 1399 863 leantibus?
1413 837 1474 864 Haec
1494 836 1615 871 profecto
1629 837 1762 864 sentiendi

978 873 1045 898 ratio
1059 879 1121 898 num
1134 872 1168 898 ad
1181 879 1261 898 sanas
1274 871 1375 899 critica:
1389 871 1496 906 regulas
1510 876 1604 898 exacta
1624 871 1668 902 sit,
1681 879 1764 905 penes

975 908 1066 933 orbem
1078 906 1212 933 eruditum
1223 906 1352 941 judicium
1363 911 1432 933 esto.
1445 906 1498 933 Nos
1508 911 1581 934 certe
1596 906 1673 941 longe
1683 906 1763 933 aliam

976 942 1032 968 haec
1046 941 1179 968 scribendi
1195 942 1326 969 rationem
1340 941 1463 968 Walchio
1474 941 1555 968 fuisse
1566 941 1761 972 existimamus,

974 984 1054 1010 quam
1069 975 1145 1003 facile
1159 977 1272 1010 quisque
1287 976 1478 1010 deprehendet,
1493 976 1661 1010 perpendens
1675 977 1762 1003 virum

975 1011 1045 1038 hunc
1061 1018 1153 1038 eorum
1171 1019 1186 1037 e
1197 1015 1267 1038 metu
1291 1010 1385 1043 fuisse,
1405 1018 1517 1044 quorum
1529 1019 1544 1037 e
1561 1018 1590 1037 re
1608 1015 1658 1042 est,
1673 1016 1765 1038 aucto-

975 1046 1047 1072 ritati
1058 1045 1242 1076 conciliorum,
1255 1044 1376 1077 Patrum,
1389 1053 1420 1072 ac
1428 1045 1542 1073 Romani
1555 1047 1688 1080 prmeipue
1697 1054 1762 1080 pon-

975 1080 1056 1107 tiﬁcis
1070 1080 1097 1107 in
1120 1080 1235 1115 materia
1247 1080 1307 1107 ﬁdei
1324 1080 1475 1111 detrahere,
1490 1080 1516 1107 id
1529 1080 1600 1115 quod
1623 1081 1762 1108 Walchius

974 1115 1051 1155 qpasi
1071 1114 1496 1155 per.cuniculosaggressusucst,
1519 1114 1580 1155 cum
1600 1123 1692 1142 eorum
1705 1124 1762 1143 om-

974 1149 1048 1176 nium
1069 1149 1170 1184 judicio
1183 1149 1347 1184 Adoptianos
1364 1150 1397 1175 de
1419 1149 1632 1177 Nestorianismo
1645 1159 1696 1176 non
1710 1158 1762 1177 una

973 1184 1032 1211 vice
1045 1184 1237 1212 condemnatos
1246 1192 1306 1211 esse
1318 1184 1436 1219 perbene
1451 1189 1551 1212 nosset.
1564 1184 1616 1212 Sed
1632 1184 1761 1219 quidquid

974 1219 1011 1246 sit
1028 1219 1059 1260 de
1075 1220 1195 1260 motivo,‘
1210 1227 1263 1254 quo
1285 1219 1483 1260 inditctus‘ista
1506 1219 1613 1260 scripsit
1636 1219 1764 1260 prmfatus

974 1258 1078 1294 auctor2
1098 1262 1144 1294 sua
1162 1253 1228 1281 alias
1242 1254 1399 1294 eruditionis
1417 1254 1495 1294 laude
1516 1255 1587 1294 haud
1603 1253 1761 1294 privandus,

974 1289 1051 1316 nobis
1065 1289 1142 1324 facile
1163 1296 1320 1324 concessum
1334 1290 1366 1316 iri
1379 1297 1394 1316 a
1413 1289 1508 1324 peritis
1524 1289 1626 1324 criticis
1649 1289 1760 1316 conﬁdi-

974 1331 1044 1356 mus,
1060 1323 1127 1351 alios
1144 1324 1214 1350 hand
1228 1331 1287 1351 esse
1302 1323 1400 1356 fontes,
1415 1323 1452 1351 ad
1467 1332 1534 1359 quos
1545 1331 1594 1358 pro
1607 1323 1763 1359 detegendis

974 1359 1161 1386 haereticorum
1176 1359 1317 1386 sententiis
1331 1366 1471 1387 recurrere
1492 1363 1625 1393 oporteat,
1649 1359 1701 1386 nisi
1715 1366 1763 1386 eos

974 1401 1042 1428 quos
1056 1393 1136 1421 modo
1147 1394 1262 1427 primum
1276 1394 1453 1421 indicavimus
1465 1401 1472 1425 ;
1493 1394 1615 1427 quamvis
1633 1393 1702 1420 haud
1716 1394 1763 1420 ah-

974 1436 1102 1464 negemus
1114 1436 1189 1455 suam
1207 1436 1313 1464 quoque
1335 1428 1476 1456 annalistis
1497 1434 1543 1464 aut
1564 1429 1701 1456 historicis
1714 1436 1763 1455 att-

975 1464 1127 1491 ctoritalem
1138 1471 1207 1495 esse,
1226 1463 1260 1490 ad
1273 1471 1386 1497 quorum
1401 1464 1481 1490 etiam
1497 1463 1576 1490 ﬁdem
1590 1464 1697 1498 ipsimet
1708 1471 1761 1498 nou

975 1506 1037 1526 raro
1057 1498 1272 1533 provocabimus,
1295 1498 1429 1525 ostensuri
1447 1498 1557 1533 insuper
1577 1497 1657 1533 paulo
1681 1497 1760 1528 infra.

973 1533 1137 1568 Adoptianos
1151 1533 1184 1561 ab
1195 1533 1407 1568 historieisrillis,
1419 1540 1486 1567 quos
1497 1541 1547 1567 pro
1560 1533 1762 1568 determinanda

973 1567 1228 1596 hac’controversia
1251 1567 1429 1596 consulendos
1455 1568 1591 1595 existimat
1615 1567 1761 1600 Walchius,

974 1603 1042 1631 adeo
1053 1611 1106 1631 non
1118 1603 1219 1631 absolvi
1230 1611 1245 1630 a
1258 1603 1317 1630 labe
1330 1601 1544 1634 Nestoriunismi,
1555 1607 1585 1629 ut
1594 1602 1683 1636 potius
1693 1602 1763 1637 ejus!
1789 1604 1795 1612 '

973 1638 1033 1665 dem
1048 1639 1150 1666 erroris
1165 1639 1200 1666 ab
1222 1638 1315 1665 iisdem
1338 1638 1560 1665 condemnentur.
1587 1637 1671 1665 Porro
1684 1642 1714 1663 ut
1727 1645 1761 1665 ex

972 1673 1066 1701 ordine
1081 1673 1170 1701 denuo
1185 1673 1372 1708 procedamus,
1389 1672 1415 1699 iu
1431 1672 1484 1708 duo
1498 1672 1619 1708 membra
1634 1673 1761 1708 rcthhunc

973 1709 1170 1744 paragraphum
1185 1706 1343 1744 dividimus,
1359 1708 1385 1744 in
1400 1707 1483 1744 priori
1497 1707 1529 1744 de
1544 1707 1655 1734 assertis
1669 1706 1763 1744 baste-

974 1742 1118 1774 rianorum,
1149 1744 1175 1770 in
1197 1743 1341 1778 posteriori
1365 1743 1398 1769 de
1422 1742 1633 1777 Adoptianorum
1657 1742 1763 1777 placitis

972 1779 1069 1811 acturi,
1096 1786 1129 1805 ex
1154 1777 1267 1812 quorum
1283 1777 1482 1812 comparatione
1507 1777 1601 1804 intima
1623 1777 1762 1811 utriusque

973 1814 1105 1841 haereseos
1118 1813 1232 1841 afﬁnitas
1244 1813 1277 1840 ad
1288 1812 1394 1840 oculum
1408 1812 1464 1840 fere
1476 1813 1587 1847 patebit.

1007 1848 1036 1876 ll.
1063 1848 1200 1882 Principia
1226 1848 1455 1875 Nestorianorum.
1469 1862 1506 1867 —
1521 1848 1594 1881 Quos
1619 1848 1717 1875 dudum
1734 1849 1759 1875 in

973 1887 1081 1917 pectore
1099 1882 1225 1909 fovebant
1246 1883 1278 1910 de
1293 1882 1360 1909 Filio
1374 1882 1420 1908 Dei
1436 1882 1576 1910 incarnato
1586 1890 1693 1910 errores
1707 1883 1759 1909 Ne—

974 1918 1083 1948 storius,
1117 1917 1226 1951 ejusque
1249 1921 1310 1943 ante
1331 1917 1417 1951 ipsum
1440 1917 1572 1951 magistri,
1599 1917 1707 1944 tandem
1734 1918 1760 1944 in

973 1953 1108 1987 publicum
1121 1959 1263 1985 erumpere
1281 1951 1402 1987 fecerunt
1419 1951 1541 1987 sacrilegi
1563 1958 1702 1987 sermones
1727 1953 1761 1987 ab

973 1985 1116 2014 Anastasio
1127 1987 1295 2022 presbytero,
1311 1993 1343 2012 ac
1355 1985 1626 2022 Dorothcoepiseopo
1637 1986 1664 2013 in
1677 1986 1761 2014 sacris

973 2020 1244 2062 gonstantinopoleos
1257 2020 1427 2062 suggestibus
1438 2020 1693 2062 deciamatineoquc
1712 2029 1761 2055 po-

974 2057 1108 2084 tissimum
1134 2054 1247 2088 directi,
1274 2054 1465 2089 ut’Virginem
1490 2054 1675 2082 beatissimam
1705 2054 1760 2084 non

973 2092 1102 2128 Qsoréxov,
1131 2099 1178 2119 seu
1202 2091 1355 2128 Deiparain,
1384 2089 1431 2117 sed
1450 2090 1629 2128 ξριστοτόκον,
1654 2090 1680 2117 id
1708 2096 1758 2128 est,

974 2126 1183 2161 Christiparam,
1205 2124 1299 2161 contra
1317 2125 1397 2161 ﬁdem
1419 2124 1538 2161 priorum
1553 2128 1702 2160 temporum
1717 2126 1760 2153 di-

975 2159 1087 2189 cendam
1103 2169 1161 2189 esse
1170 2160 1372 2194 persuaderent.
1388 2159 1553 2195 lmpossibile
1565 2159 1697 2195 explicatu
1707 2165 1759 2191 est,

975 2200 1104 2231 quantum
1113 2203 1147 2223 ex
1159 2196 1233 2223 hisce
1243 2194 1447 2231 assertionibus,
1461 2195 1558 2231 quibus
1569 2194 1654 2231 honor
1664 2196 1760 2222 divina:

976 2229 1071 2259 matris
1080 2232 1236 2267 petebatur,
1249 2230 1363 2266 populus
1377 2230 1453 2267 urbis
1471 2229 1556 2267 regia:
1566 2229 1647 2267 fuerit
1670 2230 1761 2257 trista-

976 2270 1029 2298 tus,
1045 2265 1101 2293 tum
1116 2266 1242 2297 maxime,
1259 2273 1319 2293 cum
1334 2273 1381 2292 ora
1393 2265 1761 2300 impudentissimahorumce

973 2309 1127 2336 praeconum
1142 2309 1194 2328 non
1209 2305 1313 2328 tantum
1326 2308 1378 2328 non
1396 2300 1499 2336 occludi
1518 2300 1552 2336 ab
1563 2300 1688 2336 episcopo
1701 2308 1759 2328 suo.

973 2335 1020 2375 sed
1033 2336 1115 2375 latius
1122 2343 1228 2375 quoque
1237 2343 1285 2370 per
1297 2336 1451 2375 dogmatum
1462 2335 1604 2375 impiorum
1616 2335 1760 2375 conﬁrma-

974 2372 1074 2399 tionem
1091 2368 1258 2405 ab'illo'ipso
1274 2368 1370 2405 aperiri
1391 2368 1522 2396 viderent.
1543 2368 1666 2404 Suscepit
1688 2370 1759 2397 enim

976 2406 1024 2433 abs
1044 2413 1118 2434 mora
1133 2404 1311 2440 patrocinium
1323 2404 1523 2431 familiarissimi
1540 2405 1618 2432 amici
1632 2405 1674 2433 sui
1688 2405 1760 2432 Ana—

975 2441 1051 2468 stasii
1073 2439 1220 2472 Nestorius,
1247 2440 1411 2467 Dorotheum
1435 2440 1565 2474 perﬁdum
1592 2439 1666 2467 illum
1690 2441 1759 2468 sacri

976 2474 1090 2511 depositi
1114 2475 1278 2511 proditorem
1288 2474 1498 2511 mysteriorum
1510 2475 1760 2511 communioneddi-

975 2508 1071 2546 gnatus
1084 2508 1137 2542 esi,
1151 2517 1223 2537 sanae
1236 2508 1297 2546 fidei
1312 2508 1429 2546 cultores
1449 2509 1516 2537 diris
1528 2509 1759 2546 persecutiouibus

975 2544 1131 2580 exagitavit,
1146 2552 1179 2571 ac
1191 2544 1314 2580 proprios
1333 2544 1441 2580 demum
1455 2552 1591 2580 sermones
1612 2544 1716 2579 injuriis
1731 2545 1758 2572 in

978 2579 1111 2615 Virginem
1136 2580 1249 2607 Θιοτόκον
1277 2579 1370 2613 plenos
1392 2579 1492 2614 ubique
1514 2579 1616 2615 vulgari
1642 2580 1755 2615 curavit.

975 2613 1139 2642 Nec‘mirum
1155 2615 1275 2648 profecto
1287 2614 1391 2641 censeri
1404 2613 1494 2646 debet,
1516 2613 1668 2643 Nestorium
1686 2613 1758 2649 ejus-

975 2657 1027 2683 que
1054 2650 1171 2676 fautores
1186 2650 1217 2676 ad
1232 2649 1310 2676 istam
1324 2650 1357 2677 de
1369 2653 1455 2676 matre
1468 2649 1548 2676 Verbi
1559 2649 1690 2677 incarnati
1698 2658 1758 2677 scn-

975 2685 1086 2721 tentiam
1099 2684 1284 2721 _deviasse,_si
1307 2684 1444 2721 principia
1458 2683 1502 2721 i_lla
1522 2689 1682 2721 spectemus,
1698 2693 1758 2721 qua:

977 2719 1016 2746 vel
1027 2719 1084 2753 ipse
1097 2718 1234 2746 Nestorius
1244 2719 1281 2755 de
1292 2720 1415 2755 aixovopiu
1423 2718 1576 2755 _Salvatoris
1586 2720 1685 2747 dudum
1695 2718 1753 2748 con-

974 2752 1092 2791 ceperat,
1116 2758 1143 2791 ei.
1160 2753 1329 2791 postmodum
1344 2752 1374 2780 in"
1386 2752 1566 2791 defensionem
1585 2754 1625 2791 sui
1648 2755 1757 2791 dognia~

975 2789 1009 2815 tis
1022 2789 1108 2824 palam
1121 2788 1202 2824 fecit,
1229 2788 1269 2815 vel
1293 2789 1350 2822 ejus
1372 2789 1584 2823 praedecessores
1606 2790 1638 2817 de
1663 2788 1756 2818 eodem

974 2824 1103 2858 mysterio
1117 2823 1172 2857 jam
1185 2823 1248 2850 olim
1266 2823 1441 2850 tradiderant.
1458 2824 1531 2851 Talia
1547 2825 1643 2859 quippe
1668 2830 1755 2857 erant,

974 2867 1005 2886 ex
1021 2859 1118 2894 quibus
1141 2859 1281 2885 manifeste
1307 2858 1401 2893 duplex
1418 2859 1443 2885 in
1464 2858 1570 2886 Christo
1594 2858 1663 2887 lilius
1682 2860 1744 2887 indu

1526 2904 1561 2934 1'2
