3968 6180
323 269 416 329 885

942 264 1307 322 ENHUEBER
1341 263 1649 322 DISSERT.
1693 264 1780 320 DE
1821 265 2094 323 ileRESl
2132 267 2441 324 ELIPANDI
2485 267 2571 321 ET
2611 268 2886 324 FELICIS.

3434 263 3554 327 286"

321 385 438 439 lium
476 377 573 434 Dei
621 375 894 434 hominem
934 377 1152 440 factum,
1183 393 1369 432 verum
1415 378 1582 432 Deum
1623 392 1719 446 per
1765 376 1868 431 hoc
1895 383 1939 436 Α
1971 379 2096 441 lius,
2118 379 2382 433 veraciter
2413 379 2734 433 declaratur.
2772 397 2790 429 ο
2828 378 2905 432 Ex
2945 379 3031 432 his
3063 393 3248 437 revera
3281 381 3537 440 discimus

321 450 536 506 maxime
587 463 784 520 negare
828 449 1071 520 cpneris,
1097 448 1339 520 quiaipro
1365 464 1418 500 se
1445 446 1634 515 legitur
1658 462 1864 520 orasse,

316 525 439 575 sicut
460 529 507 571 ct
529 534 624 587 pro
652 517 818 571 nobis.
844 518 997 583 Quod
1023 519 1112 571 ubi
1140 519 1380 587 legisses,
1408 532 1628 587 prorsus
1657 517 1864 584 ignoro,

315 589 506 645 scilicet
530 586 730 641 Filium
759 588 854 642 Dei
881 602 978 656 pro
1003 602 1060 641 se
1087 586 1227 641 sicut
1251 599 1348 656 pro
1377 586 1530 640 nobis
1563 600 1861 656 orasse..."

315 662 418 714 Hoc
469 658 642 726 ipsum
689 651 921 726 namque
979 670 1033 711 et
1081 651 1374 724 praecessor
1417 664 1540 709 tuus
1590 651 1868 708 Nestorius

312 725 508 784 solebat
530 727 730 790 dicere,
758 725 1023 787 videlicet,
1054 727 1194 795 quod
1216 725 1461 781 Christus
1487 740 1583 792 pro
1609 739 1666 778 se
1689 732 1746 795 et
1771 738 1868 795 pro

311 812 497 870 genere
551 798 795 865 corporis
858 797 938 849 sui
985 793 1328 870 sacriﬁcium
1365 796 1661 870 obtulisset.
1716 793 1867 870 quod

311 863 442 920 Enim
487 874 543 920 tu
593 863 779 920 orasse
826 881 946 918 eum
994 881 1091 934 pro
1133 881 1198 919 se
1229 864 1391 928 dicis,
1428 866 1528 917 hoc
1576 863 1702 934 ille,_
1729 863 1865 915 idem

308 937 486 991 volens
512 936 758 1006 intelligi,
775 936 919 989 obtul
931 932 1035 990 isse
1049 936 1181 988 dixit
1194 950 1358 1006 prose
1371 944 1648 1006 eligenere.
1667 932 1866 1006 Contra

307 1022 458 1076 quam
507 1002 913 1074 blasphemiam,
945 1006 1070 1076 quid
1100 1002 1297 1076 beatus
1322 1003 1550 1076 Cyrillus
1583 1002 1866 1076 opposuis-

307 1069 396 1140 set,
425 1076 586 1140 audi;
620 1069 694 1128 ait
719 1076 861 1130 enim
889 1092 901 1126 :
935 1069 992 1128 Si
1019 1075 1132 1145 quis
1159 1075 1310 1140 dicit,
1337 1069 1460 1145 q'uia
1486 1089 1578 1142 pro
1601 1069 1868 1145 ise—obtigit

304 1145 537 1216 Christus
576 1139 1011 1216 Vobtationcm,r_et
1032 1139 1155 1198 'non
1181 1139 1359 1216 magis
1391 1139 1494 1216 prq
1525 1141 1668 1216 nubis
1689 1139 1866 1216 “solis,

304 1215 578 1268 anathema
608 1215 696 1268 sit.
730 1235 748 1265 ι
793 1213 1024 1284 Cyrillus
1074 1211 1402 1270 anathemat.
1437 1211 1535 1284 10.Δ
1564 1211 1776 1284 Simiiia
1801 1225 1869 1265 ex

302 1284 524 1338 Paulino
571 1279 859 1354 discimus,
877 1285 966 1352 qui
1017 1283 1110 1337 lib.
1154 1301 1192 1344 ι.
1243 1301 1360 1354 cap.
1398 1279 1866 1354 50,11is_lf‘elicem

299 1355 476 1424 arguit
522 1372 536 1406 :
593 1373 612 1403 ‹
666 1354 744 1424 'i‘u
797 1350 1109 1424 igiturrnon
1173 1370 1234 1409 es
1285 1350 1540 1409 confusus
1600 1350 1869 1404 fellivomo

329 1423 517 1478 utture
573 1423 884 1493 explicare,
940 1423 1140 1478 idcirco
1187 1439 1306 1478 eum
1358 1439 1462 1476 non
1512 1435 1631 1493 esse
1681 1435 1867 1473 verum

337 1509 489 1558 eum,
519 1490 817 1564 veru—mque
845 1493 940 1547 Dei
969 1493 1184 1558 Filium,
1226 1495 1352 1564 quia
1398 1508 1503 1564 non
1543 1490 1724 1564 solum
1749 1503 1869 1564 _pr0

302 1565 441 1624 aliis,
477 1562 572 1617 sed
617 1559 780 1616 etiam
828 1578 926 1631 pro
955 1577 1012 1617 se
1055 1565 1170 1631 ipso
1200 1559 1506 1618 necessario
1542 1561 1594 1631 in
1625 1559 1869 1613 oratione

299 1633 385 1689 Dei
431 1643 760 1702 pernoctans
797 1630 1009 1686 duxerit
1042 1630 1292 1686 esorassc
1326 1653 1337 1686 :
1370 1630 1719 1700 apostolicum
1778 1645 1868 1702 su:

297 1698 450 1758 mens
479 1703 846 1756 testimonium
880 1703 1011 1756 satis
1037 1704 1241 1757 clarum
1267 1714 1318 1757 et
1346 1698 1685 1772 perspicuum
1708 1715 1721 1761 ;
1773 1698 1865 1753 sed

294 1775 590 1827 secundum
614 1771 851 1840 perﬁdia:
879 1782 982 1826 tum
1008 1788 1223 1828 sensum
1247 1770 1379 1827 satis
1403 1771 1541 1824 male
1563 1778 1615 1824 et
1639 1770 1868 1840 obscure

294 1837 670 1912 depravatum.
711 1861 728 1893 ›
795 1841 981 1912 Capite
1033 1852 1212 1897 autem
1265 1841 1569 1897 immediate
1613 1837 1866 1912 sequenti

294 1909 501 1982 indicat
556 1915 824 1982 quodnam
873 1909 960 1982 isit
1022 1913 1152 1967 illud
1213 1911 1464 1982 Apostoli
1505 1909 1868 1982 testimonium

293 1999 319 2035 a
355 1981 544 2037 Felice
577 1979 725 2036 ‘male
771 1980 1118 2048 intellectum,
1170 1979 1296 2036 dum
1350 1983 1401 2036 in
1453 1981 1597 2034 hunc
1649 1979 1866 2048 modum

293 2053 483 2106 scribit
515 2070 527 2103 :
565 2070 584 2101 ι
619 2051 695 2104 Tu
733 2062 908 2106 autem
940 2045 1111 2106 l‘alsas'
1138 2049 1576 2120 conjecturalium
1612 2045 1869 2120 objectio-

291 2137 420 2175 uum
453 2131 670 2175 tuarum
703 2123 1026 2177 assertiones
1048 2118 1348 2176 memorato
1387 2120 1536 2174 Pauli
1562 2118 1868 2171 testimonio

263 2191 484 2250 ,iulcire
511 2192 801 2256 coniceris,
831 2193 954 2260 quia
985 2192 1039 2244 in
1065 2206 1152 2256 ea,
1181 2206 1299 2257 qua:
1327 2189 1643 2260 inscribitur
1671 2188 1736 2240 ad
1767 2187 1870 2260 Hc-

291 2263 470 2315 braeos
511 2261 758 2330 epistola,
792 2257 863 2315 de
883 2262 1178 2315 mediatore
1207 2261 1302 2316 Dei
1331 2270 1386 2314 et
1415 2259 1703 2330 hominum
1735 2257 1868 2310 scri-

290 2333 484 2400 pserit,
514 2327 658 2399 quod
695 2331 749 2384 in
777 2332 964 2385 diebus
989 2330 1172 2384 carnis
1201 2345 1391 2400 preces
1427 2327 1870 2400 supplicaiiones-
1911 2385 1919 2393 ,

287 2395 549 2482 {iuuencum
579 2399 833 2482 lacrymis
863 2409 918 2481 et
957 2395 1408 2454 clamore—valido
1442 2395 1540 2482 pro
1579 2412 1636 2450 se
1657 2395 1869 2482 'fuderit

288 2463 351 2522 ad
399 2470 574 2534 illum,
615 2463 709 2539 qui
743 2471 941 2539 poterit
979 2487 1099 2524 eum
1143 2485 1175 2523 a
1213 2480 1384 2524 morte
1423 2463 1863 2539 salvum‘facere:

286 2540 549 2608 ignorans
586 2535 688 2592 alia
719 2535 786 2593 ex
830 2541 948 2594 aliis
977 2540 1246 2609 colligere,
1283 2547 1338 2594 et
1379 2539 1482 2609 vim
1513 2535 1661 2609 dicti,
1706 2550 1868 2604 quam

287 2605 348 2662 εἰ
381 2625 494 2663 uno
526 2624 632 2680 non
659 2610 812 2680 vales
837 2605 1306 2680 comprehendere,
1337 2623 1403 2680 ex
1424 2605 1673 2680 plurimis
1703 2620 1868 2673 queas

285 2680 504 2734 collatis
547 2679 837 2750 simillimis
863 2673 1182 2750 capabiliter
1204 2673 1456 2750 experiri.
1495 2696 1513 2727 ›
1559 2673 1682 2750 _I_\'ec
1705 2690 1865 2750 ovum

287 2757 400 2818 tam
433 2749 613 2804 simile
637 2765 740 2804 ovo
765 2759 867 2813 est,
900 2744 961 2804 ac
993 2744 1386 2818 argumentatio
1429 2748 1528 2801 ista
1555 2744 1753 2818 Felicis
1789 2745 1868 2800 iili

286 2817 760 2890 Nestorianorum,
793 2835 951 2889 quam
976 2815 1139 2890 supra
1162 2835 1309 2873 num.
1333 2819 1400 2890 Ali
1431 2815 1731 2890 retulimus.

353 2889 552 2947 XXVI.
594 2882 1342 2960 Arguinéntantur'ddomiani
1383 2903 1445 2960 είς
1475 2903 1534 2960 eo
1575 2882 1870 2960 quo_d__Ver-

286 2958 412 3029 βω
436 2960 552 3029 pati
579 2954 691 3012 nou'
711 2960 954 3028 potuerit.
981 2990 1050 2998 —
1071 2954 1292 3028 insuper
1325 2965 1379 3012 et
1402 2955 1560 3010 Felix.
1578 2954 1870 3029 _et__Elipan-

285 3027 389 3082 dus
436 3025 736 3084 catholicos
781 3043 992 3097 semper
1039 3025 1404 3091 accusabant,
1451 3027 1593 3095 quod
1632 3025 1865 3097 Verbum

285 3098 543 3166 passibile
589 3100 869 3163 dicerent,
900 3093 1042 3152 'cum
1088 3098 1188 3168 ipsi
1231 3093 1573 3168 passionem,
1627 3093 1866 3164 aliasque

286 3177 499 3223 natum
545 3169 795 3223 humanae
837 3166 1195 3239 proprietates
1232 3167 1330 3222 soli
1349 3166 1558 3239 homini
1588 3173 1863 3239 assumpto

285 3239 684 3308 adscriberent.
753 3236 1015 3293 [Et—Felix
1065 3238 1488 3308 expressissimis
1530 3236 1711 3308 verbis
1755 3237 1858 3308 ait;

289 3327 307 3357 ι
343 3307 630 3378 Nusquam
681 3309 735 3363 in
763 3309 1051 3378 Evangelio
1078 3305 1172 3364 Dei
1196 3309 1364 3362 Filius
1406 3323 1502 3377 pro
1546 3306 1735 3378 nobis,
1771 3305 1866 3378 sed

285 3375 499 3432 tantum
531 3378 675 3432 ﬁlius
717 3375 952 3433 hominis
993 3380 1223 3434 traditus
1269 3375 1481 3448 legitur.
1523 3397 1541 3430 ι
1588 3375 1862 3448 ApudAl-

286 3450 436 3502 cuin.
468 3448 597 3502 libr.
629 3463 685 3513 v,
714 3465 864 3502 num.
895 3449 965 3518 8,
989 3450 1184 3518 quibus
1227 3446 1386 3503 etiam
1435 3447 1575 3503 idem
1605 3446 1866 3501 Alcuinus

286 3518 489 3588 ibidem
523 3518 610 3572 his
635 3519 862 3588 obviat;
899 3537 917 3569 ‹
954 3517 1265 3588 Nullatenus
1303 3534 1432 3588 ergo
1460 3517 1624 3588 dividi
1667 3519 1870 3588 poterit

287 3587 459 3643 Filius
497 3588 734 3642 hominis
762 3604 792 3641 a
819 3587 954 3643 Filio
975 3587 1094 3653 Dei,
1122 3589 1206 3643 vel
1231 3586 1470 3653 separari
1497 3604 1527 3641 a
1558 3586 1667 3640 ﬁlio
1697 3587 1868 3640 homi-

286 3659 374 3712 nis
403 3658 578 3712 Fiiius
623 3658 736 3722 Dei,
782 3659 904 3728 quia
951 3674 1091 3713 unus
1135 3667 1217 3713 est
1257 3656 1437 3728 Filius
1467 3657 1594 3722 Dei,
1642 3656 1782 3710 Deus
1811 3665 1867 3728 et

287 3729 476 3792 homo,
529 3728 626 3798 qui
661 3728 902 3798 traditus
945 3737 1028 3784 est
1076 3735 1295 3798 propter
1343 3727 1534 3798 delicta
1562 3735 1775 3798 unostra
1811 3727 1865 3798 in

288 3795 642 3853 mortemL...
660 3797 770 3852 Hoc
793 3799 954 3852 etiam
976 3795 1219 3853 svnibolo
1246 3797 1526 3852 catholicas
1549 3795 1672 3850 ﬁdei
1701 3795 1869 3850 conﬁ-

289 3877 473 3922 temur
530 3867 836 3932 manifeste,
887 3863 1028 3932 quod
1072 3867 1229 3924 Iesus
1289 3865 1534 3922 Christus
1577 3863 1671 3919 Dei
1701 3865 1868 3920 Filius

287 3938 624 4009 unigenitus,
648 3948 804 3992 natus
825 3938 890 3994 de
906 3935 1113 4008 Spiritu
1141 3946 1328 3994 sancto
1355 3953 1421 3992 ex
1446 3936 1611 3992 Maria
1639 3935 1864 4009 virgine,

287 4007 487 4075 passus
513 4008 584 4063 sit
607 4023 704 4077 pro
725 4007 966 4063 humana
985 4009 1175 4063 salute.
1203 4009 1549 4078 Nequaquam
1571 4020 1699 4076 ergo
1720 4007 1868 4078 dubi-

286 4086 411 4133 tare
438 4078 582 4131 ullus
608 4075 907 4133 catholicus
935 4079 1114 4143 debet,
1149 4080 1276 4148 quin
1300 4075 1594 4148 Dei’Filius
1639 4075 1869 4148 traditus

287 4158 442 4202 esset
463 4163 566 4217 pro
591 4150 775 4204 mundi
802 4148 992 4202 salute.
1025 4149 1125 4214 Qui
1157 4145 1297 4202 enim
1328 4155 1486 4218 negat
1538 4146 1630 4200 Dei
1662 4145 1866 4218 _Fi_lium

289 4215 555 4272 traditum
600 4233 724 4274 esse
770 4219 837 4272 ad
865 4219 1189 4288 passionem,
1223 4215 1543 4288 nullatenus
1572 4215 1868 4288 catholicus

285 4303 418 4342 esse
441 4289 658 4358 poterit,
687 4289 780 4344 sed
817 4304 848 4342 a
868 4285 1142 4343 catholica
1173 4289 1297 4342 ﬁdei
1321 4286 1654 4356 professione
1685 4285 1738 4339 in
1767 4287 1869 4340 hac

287 4358 662 4428 criminatione
698 4360 1084 4428 permanendo,
1128 4358 1334 4412 alienus
1366 4358 1669 4428 censendus
1699 4365 1802 4409 est.
1843 4375 1862 4407 ι

1966 447 2198 505 Felicem
2239 447 2304 500 ad
2333 458 2562 503 mentem
2592 447 2819 501 Nestorii
2849 449 3178 503 contrarium
3220 452 3538 509 sustinuisse

1966 536 2058 574 seu
2081 533 2324 585 negasse.
2345 517 2572 572 Verbum
2583 517 2760 571 Patris
2778 533 2896 572 esse
2913 533 3148 586 passum,
3161 535 3222 573 ac
3244 521 3366 575 inde
3383 538 3536 577 suam

1966 591 2030 643 de
2052 589 2158 640 Deo
2182 588 2538 659 nuncupatim
2568 588 2888 659 senteutiam
2918 589 3230 659 deduxisse;
3262 593 3352 659 qui
3377 601 3434 646 et
3459 592 3538 646 ul-

1965 658 2134 712 terius
2158 672 2225 710 ex
2253 657 2371 710 istis
2398 655 2682 720 inferebat,
2702 657 2971 711 Christum
3001 673 3106 711 non
3134 655 3416 726 voluntate,
3439 662 3536 717 sed

1967 727 2266 798 necessitate
2308 741 2526 798 passum
2549 742 2689 790 esse,
2717 737 2772 779 et
2798 725 3158 798 ideorPatrem
3209 725 3446 798 rogasse,
3477 739 3540 785 ut

1967 797 2103 851 calix
2133 812 2164 848 a
2193 810 2248 848 se
2281 794 2696 859 transferretur;
2740 798 2881 863 quod
2911 797 3088 852 denuo
3130 794 3380 854 testatum
3410 794 3538 856 facit

1965 866 2218 920 Paulinus
2247 865 2369 919 libr.
2400 882 2486 929 ut,
2513 880 2631 934 cap.
2661 865 2695 917 4
2718 876 2773 919 et
2799 866 2922 920 alibi
2947 867 3163 935 smpius.

2035 1001 2243 1083 XXVII:
2285 1003 2543 1083 Christus,
2571 1022 2674 1075 qua
2703 1007 2878 1083 homo,
2906 1024 3082 1062 servus
3099 1010 3258 1083 juxta
3287 1012 3536 1083 Adoptio-

1967 1089 2174 1148 uos._—
2192 1074 2385 1148 Tertio
2399 1074 2611 1148 demum
2647 1077 2957 1148 servitutem
2989 1074 3200 1148 quoque
3227 1082 3290 1134 de
3316 1074 3534 1139 hontine

1965 1142 2179 1216 Christo
2224 1145 2588 1216 praadicabant
2635 1145 2946 1216 Adoptiani,
2989 1142 3144 1215 prout
3188 1149 3536 1209 Nestorianos

1967 1213 2158 1267 fecisse
2201 1228 2361 1292 supra
2390 1213 2769 1292 meminimus.—
2793 1235 2811 1264 ‹
2849 1213 3116 1292 Nunquid,
3146 1220 3220 1270 ait
3242 1220 3412 1286 Felix,
3445 1225 3535 1292 qui

1966 1297 2124 1336 verus
2149 1291 2229 1336 est
2255 1283 2413 1352 Deus,
2442 1283 2555 1338 ﬁeri
2583 1293 2777 1352 potest,
2809 1294 2870 1338 ut
2892 1283 3198 1340 conditione
3226 1283 3414 1345 servus
3439 1283 3534 1347 Dei

1965 1351 2056 1426 sit,
2088 1353 2225 1426 sicut
2249 1351 2496 1426 Christus
2523 1351 2778 1426 Dominus
2802 1355 2853 1407 in
2881 1355 3052 1426 forma
3098 1359 3255 1418 servi,
3291 1361 3379 1426 qui
3405 1363 3538 1414 mul-

1967 1421 2037 1498 tis
2062 1423 2250 1498 modis,
2282 1422 2570 1498 multisque
2591 1424 2928 1498 documentis
2956 1440 3073 1498 non
3090 1421 3540 1498 tantum-propter

1966 1492 2343 1555 obedientiam,
2378 1493 2710 1564 [ignarique
2736 1493 2937 1552 volunt,
2963 1496 3077 1554 sed
3105 1496 3269 1548 etiam
3310 1492 3540 1564 per-na-

1967 1568 2144 1634 turam
2174 1578 2360 1634 servus
2381 1561 2542 1634 973
2569 1562 2745 1634 Patris
2770 1571 2839 1634 et
2882 1564 3020 1634 ﬁlius
3058 1565 3264 1634 ancilla:
3305 1561 3422 1634 ejus
3451 1583 3541 1620 ve-

1967 1630 2178 1700 rissime
2204 1629 2557 1700 edoceturﬁ,
2574 1631 2724 1700 Apud
2754 1631 3033 1684 Alc-uinum
3060 1633 3182 1686 libr.
3208 1651 3280 1690 vt.
3306 1629 3453 1688 n'um.
3479 1638 3535 1690 4.

1969 1699 2113 1752 ldem
2162 1700 2288 1754 alibi
2337 1702 2448 1761 ait:
2485 1721 2502 1752 ‹
2541 1699 2597 1754 Si
2623 1699 2803 1765 enim,
2834 1712 2892 1755 ut
2918 1716 3014 1754 vos
3059 1701 3240 1768 vultis,
3268 1705 3430 1760 homo
3453 1723 3540 1760 as-

1971 1777 2216 1843 sumptus
2258 1785 2287 1822 a
2317 1770 2453 1825 Filio
2479 1771 2573 1824 Dei
2619 1787 2764 1843 mox_
2795 1786 2827 1824 a
2873 1772 3221 1840 conceptione
3263 1775 3542 1843 virginalis

1966 1839 2110 1894 uteri
2135 1855 2292 1893 verus
2316 1849 2608 1908 conceptus
2634 1851 2715 1894 est
2739 1841 2898 1906 Deus,
2925 1839 3084 1895 verus
3112 1850 3166 1895 et
3191 1839 3536 1909 natus‘Deus,

1964 1909 2232 1982 quomodo
2245 1910 2370 1982 ipse
2397 1911 2562 1982 Filius
2586 1910 2681 1964 Dei
2709 1926 2775 1964 ex
2796 1925 2928 1982 voce
2963 1909 3150 1965 formae
3177 1914 3386 1968 servilis
3415 1931 3540 1982 pro-

1966 1925 2232 2032 quotuaouo
2245 1925 2370 2031 ipse
2397 1925 2562 1964 riuus
2586 1925 2681 1964 uel
2709 1926 2775 1964 ex
2796 1925 2928 1965 voce
2963 1925 3150 1965 turmae
3177 1925 3386 1968 servius
3415 1931 3537 1982 pro-

1966 1979 2110 2051 phett
2152 1994 2204 2032 m
2240 2047 2252 2051 _
2281 1981 2455 2051 cteris
2495 1981 2820 2034 Testamenti
2868 1981 2932 2035 de
2978 1983 3268 2051 semetipso
3298 1986 3537 2039 testimo-

1967 2049 2116 2101 nium
2142 2047 2406 2117 perhibet,
2436 2052 2578 2118 quod
2607 2066 2670 2103 ex
2703 2061 2858 2103 utero
2887 2053 3074 2104 matris
3113 2047 3300 2108 servus
3329 2055 3398 2108 sit
3427 2055 3537 2109 for-

1966 2126 2162 2191 matus,
2191 2118 2306 2191 ipsg
2328 2119 2538 2191 dicente
2557 2135 2653 2191 per
2680 2118 2872 2172 Isaiam
2915 2121 3231 2191 prophetam
3261 2138 3274 2175 :
3305 2123 3374 2176 Et
3399 2141 3538 2178 nuttc
3625 2180 3636 2188 ρ

1966 2186 2076 2239 Iurc
2103 2187 2228 2239 dicit
2254 2187 2508 2241 Dominus
2537 2186 2772 2257 formans
2807 2206 2888 2242 me
2917 2186 2980 2242 ca:
3006 2186 3152 2244 utero
3175 2209 3378 2247 servum
3413 2195 3534 2257 sibi,

1967 2266 2022 2330 t_tt
2057 2257 2485 2330 reducam_.l_acob
2522 2258 2590 2310 ad
2620 2274 2756 2330 euut,
2793 2267 2840 2330 et
2867 2258 3036 2313 Israel
3061 2262 3480 2330 congregabitur.
3512 2284 3532 2316 s

1967 2325 2171 2397 Exnhis
2214 2325 2392 2397 verbis
2439 2329 2662 2397 insuper
2680 2327 3084 2384 fundamentum
3122 2325 3400 2396 discimus,
3445 2333 3536 2388 cui

1966 2393 2113 2448 Felix
2158 2395 2459 2461 insistebat,
2489 2393 2610 2453 cuin
2637 2396 2932 2461 Christum,
2962 2407 3020 2453 ut
3060 2399 3328 2455 hominem
3361 2393 3539 2464 Patris

1967 2479 2182 2539 servum
2212 2465 2431 2539 diceret,
2467 2482 2656 2536 nempe
2692 2468 2985 2538 prophetia:
3026 2468 3192 2529 Isaite,
3224 2471 3277 2524 in
3312 2486 3416 2539 qua
3448 2487 3536 2528 ro-

1967 2533 2170 2607 [ugiuni
2200 2535 2359 2588 etiam
2387 2533 2731 2607 Nestori—auos
2777 2533 3091 2607 quaeritasse
3128 2539 3285 2607 paulo
3313 2533 3438 2596 ante
3465 2558 3532 2596 ex

1968 2603 2650 2677 Theodoretonotavimus.
2695 2603 3014 2662 Conditione
3049 2603 3197 2677 ergo,
3223 2619 3276 2663 et
3303 2613 3539 2666 necessi-

1968 2681 2098 2737 tate,
2151 2689 2254 2729 non
2307 2675 2476 2730 libera
2526 2676 2801 2731 voluntate
2847 2692 3060 2731 servum
3107 2675 3227 2732 esse
3264 2679 3538 2736 hominem

1967 2759 1997 2796 a
2021 2741 2201 2817 Verbo
2231 2756 2562 2817 assumptum
2594 2747 2869 2801 asserebat
2897 2746 3069 2810 Felix,
3103 2748 3156 2801 id
3183 2752 3324 2817 quod
3359 2750 3533 2805 eidem

1968 2814 2501 2886 etiamsingulariter
2537 2817 2825 2886 exprobrat
2846 2817 3101 2872 Alcuinus
3129 2814 3249 2872 libr.
3280 2835 3356 2884 vn,
3385 2837 3533 2875 num.

1967 2884 2002 2938 4
2026 2900 2042 2958 :_
2069 2902 2087 2934 ι
2122 2883 2228 2958 Sed
2255 2892 2310 2958 et
2334 2885 2475 2940 inter
2499 2883 2714 2950 cetera,
2742 2889 2833 2951 ait,
2861 2903 2968 2958 quo
2999 2896 3050 2941 te
3077 2903 3243 2958 vagus
3271 2891 3536 2946 sermonis

1969 2955 2047 3029 tui
2091 2955 2340 3029 perduxit
2386 2964 2599 3023 textus,
2644 2959 2805 3029 etiam
2862 2955 2931 3029 ad
2987 2958 3092 3013 hoc
3130 2955 3444 3029 pervenisti,
3481 2969 3537 3016 ut

1971 3025 2178 3096 diceres
2224 3026 2333 3096 duo
2385 3041 2577 3096 genera
2640 3027 2917 3082 scivitutis
2965 3043 3084 3082 esse
3130 3025 3196 3082 'in
3246 3032 3535 3095 creaturis,

1971 3094 2331 3152 voluntarium
2371 3094 2587 3169 quidem
2629 3107 2682 3153 et
2727 3097 3104 3169 conditionale,
3151 3099 3299 3168 quia,
3337 3094 3537 3169 inquis,

1965 3168 2141 3238 omnis
2172 3175 2421 3238 creatura
2448 3167 2719 3238 voluntate
2750 3183 2843 3222 seu
2872 3167 3198 3238 necessitate
3224 3184 3320 3238 per
3348 3167 3538 3224 condi-

1966 3236 2165 3292 tionem
2192 3235 2302 3291 Deo
2324 3238 2509 3308 servit.
2534 3237 2696 3292 Plane
2721 3237 2969 3292 omnibus
2998 3247 3145 3308 patet
3170 3235 3390 3293 inl‘erius
3416 3253 3539 3294 esse

1965 3321 2136 3376 genus
2184 3307 2557 3362 eonditionalis
2600 3308 2822 3372 servitii,
2871 3307 3032 3377 quam
3071 3307 3384 3377 voluntarii;
3441 3310 3540 3363 sub

1965 3392 2072 3446 quo
2093 3377 2333 3434 inferiori
2365 3378 2532 3460 gradu
2563 3377 2727 3460 impia
2754 3376 3061 3460 temeritate
3083 3376 3356 3460 Christum
3383 3394 3538 3460 com-

1966 3462 2157 3516 parare
2204 3462 2308 3501 non
2361 3447 2538 3514 times,
2589 3449 2728 3502 sicut
2768 3464 2832 3502 ex
2877 3449 2983 3502 tuis
3034 3447 3208 3503 verbis
3240 3449 3357 3518 jam
3381 3459 3540 3504 antea

1965 3519 2319 3572 ostendimus.
2350 3538 2369 3570 ι
2418 3517 2683 3573 Notarunt
2711 3519 2852 3572 hunc
2881 3531 3120 3572 errorem
3156 3517 3315 3573 etiam
3348 3519 3400 3573 in
3432 3519 3541 3574 Eli-

1966 3589 2145 3656 pando
2176 3589 2372 3644 Beatus
2417 3596 2471 3643 et
2500 3588 2770 3650 Etherius,
2815 3589 2941 3642 dum
2987 3587 3059 3641 ita
3100 3587 3216 3642 loco
3249 3589 3416 3643 citato
3441 3589 3533 3644 fol.

1967 3656 2066 3726 ξοι
2116 3659 2362 3712 scribunt
2391 3677 2402 3711 :
2436 3677 2453 3709 ι
2491 3659 2604 3714 Hoc
2633 3666 2802 3712 totum
2835 3672 3002 3726 quare
3041 3657 3304 3722 diximus;
3346 3660 3449 3714 nisi
3479 3669 3538 3714 ut

1966 3725 2147 3797 Jesum
2186 3727 2480 3791 Christum,
2511 3730 2602 3796 qui
2647 3729 2711 3782 de
2739 3725 2956 3797 Virgine
3005 3735 3162 3780 natus
3207 3738 3312 3793 est,
3351 3744 3542 3783 verum

1969 3796 2136 3850 Deum
2167 3805 2220 3850 et
2246 3812 2433 3851 verum
2459 3797 2654 3850 Filium
2677 3797 2772 3850 Dei
2820 3796 2938 3850 esse
2976 3797 3257 3864 proprium
3301 3797 3541 3852 ﬁrmare-

1969 3883 2108 3932 mus,
2131 3875 2184 3920 et
2207 3866 2374 3920 Deum
2417 3867 2559 3921 inter
2579 3867 2724 3928 deos,
2750 3875 2813 3936 et
2832 3866 3138 3933 adoptivum
3164 3882 3284 3919 cum
3328 3867 3539 3936 adopti-

1969 3937 2070 4001 vis,
2098 3945 2152 3991 et
2173 3936 2453 4005 parvulum
2491 3951 2612 3988 cum
2635 3935 2887 4004 parvulis,
2910 3942 3183 4005 et_serrum
3217 3953 3334 3989 cum
3355 3935 3540 4002 cerris,

1971 4016 2029 4076 ut
2052 4000 2288 4060 haeretici
2317 4000 2918 4076 blasphemant,iaperta
2948 4000 3125 4076 fronte
3152 4000 3534 4076 negaremus‘h

1969 4075 2197 4147 Denium
2247 4072 2482 4145 episcopi
2514 4072 2782 4144 Hispaniae
2821 4075 2874 4147 in
2910 4072 3148 4147 epistola
3165 4072 3544 4147 ad'iepiscopos

1969 4145 2152 4200 Galliae
2172 4144 2404 4200 mentem
2432 4144 2585 4201 Suam
2607 4144 2876 4199 communi
2903 4144 3111 4199 calamo
3137 4145 3212 4200 ita
3231 4144 3536 4204 declarant:

1974 4234 1993 4267 ι
2023 4215 2136 4270 Hac
2175 4216 2338 4273 igitur
2356 4230 2519 4272 causa
2544 4217 2825 4270 doctorum
2871 4214 3166 4270 sententias
3191 4216 3310 4271 ideo
3359 4219 3410 4271 in
3436 4234 3540 4273 uo-

1969 4294 2081 4340 stra
2126 4284 2434 4356 defensione
2478 4286 2819 4356 protulimus,
2862 4294 2921 4340 ut
2961 4284 3294 4354 unigenitum
3322 4287 3417 4342 Dei
3455 4289 3542 4344 Fi-

1968 4357 2099 4428 lium
2135 4355 2259 4428 ~sine
2288 4355 2524 4428 tempore
2550 4371 2616 4412 ex
2643 4356 2806 4412 Patre
2830 4356 3070 4428 genitum
3099 4358 3400 4428 credamus,
3430 4374 3540 4414 non

292 4427 541 4507 Negabat
571 4426 875 4500 ergo'Felix
905 4426 1204 4507 Christum,
1230 4441 1334 4507 qua
1363 4427 1652 4507 hominem.
1680 4441 1866 4507 verum
1898 4447 1946 4507 ι)
1969 4426 2256 4507 adoptione
2299 4427 2392 4507 sed
2419 4442 2639 4507 genere,
2667 4426 2854 4507 neque:
2887 4427 3062 4507 gratia
3226 4436 3414 4507 natura
3443 4446 3455 4481 :
3484 4429 3539 4507 in

286 4512 419 4551 esse
441 4496 659 4569 Deum;
679 4514 746 4554 eo
779 4499 921 4568 quod
964 4500 1154 4553 mortis
1185 4496 1491 4569 passionem
1528 4497 1582 4550 in
1611 4510 1668 4569 se
1706 4496 1868 4550 susti-

289 4568 508 4632 nuerit;
547 4583 674 4622 cum
714 4566 896 4638 passio
934 4582 1062 4622 vero
1092 4566 1203 4623 Deo
1239 4569 1379 4622 haud
1419 4566 1732 4631 conveniat;
1775 4581 1869 4621 ne-

288 4640 460 4707 gabat
483 4638 643 4707 proin
685 4637 808 4692 cum
830 4637 1185 4704 Nestorianis,
1212 4637 1443 4692 Verbum
1479 4650 1598 4693 esse
1626 4652 1864 4707 passum.

293 4703 453 4761 Unde
484 4703 553 4760 'et
580 4707 834 4763 Paulinus
879 4709 1158 4777 sequentia
1195 4707 1360 4763 Felici
1408 4703 1643 4778 opponit
1671 4706 1793 4761 libr.
1821 4721 1864 4778 Vl,

297 4724 453 4761 unae
495 4724 553 4760 et
580 4724 834 4763 raunnus
879 4724 1158 4777 sequenua
1195 4724 1360 4763 r‘euct
1408 4724 1441 4764 ο
1480 4724 1631 4778 ponn.
1672 4724 1793 4761 nnr.
1826 4724 1864 4772 ι,

291 4792 421 4848 cap,
449 4778 554 4848 l7:
588 4796 607 4827 ι
641 4778 903 4844 Quoniam
937 4787 1183 4848 suscepta
1209 4792 1340 4832 caro
1377 4793 1408 4831 a
1443 4724 1870 4848 Verbopropria

296 4846 463 4918 Verbi
497 4855 584 4902 est
607 4863 756 4916 caro,
787 4857 843 4903 et
871 4849 1040 4904 videri
1073 4845 1376 4912 invisibilis,
1401 4855 1456 4903 et
1480 4848 1592 4918 pati
1621 4845 1870 4916 impassi-

293 4916 444 4980 bilis,
494 4925 551 4988 et
592 4919 727 4972 mori
786 4919 1106 4974 immortalis
1151 4920 1207 4972 in
1249 4916 1673 4988 propria'carne
1710 4928 1869 4988 posse

291 4987 613 5053 apostolicis
638 4988 960 5043 instruimur
984 4985 1467 5044 documeniiszit
1493 4986 1636 5040 enim
1663 4985 1870 5054 primus

290 5065 485 5124 pastor
503 5057 794 5114 Ecclesiae:
825 5056 1032 5113 Christo
1070 5069 1244 5112 autem
1283 5057 1341 5110 in
1379 5070 1536 5110 carne
1577 5071 1766 5126 passo;
1813 5057 1872 5111 in

291 5141 458 5181 cerne
485 5128 670 5198 utique
698 5143 803 5183 non
830 5145 950 5182 cum
974 5145 1129 5184 carne
1156 5127 1490 5198 divinitatem
1512 5139 1871 5198 compassam,

290 5209 421 5262 qu
447 5194 602 5269 extra
637 5200 948 5269 passionem
981 5199 1158 5254 modis
1191 5197 1440 5254 omnibus
1485 5194 1720 5252 constat.
1766 5194 1874 5269 Sed

292 5267 556 5340 quoniam
579 5265 798 5340 propria
824 5267 986 5324 Verbi
1009 5283 1138 5324 caro
1159 5275 1296 5340 erat,
1327 5282 1446 5337 quae
1472 5281 1628 5340 passa
1655 5272 1758 5331 est,
1787 5265 1875 5340 ille

291 5336 485 5406 utique
529 5335 726 5409 passus
767 5348 1121 5408 mortuusque
1167 5335 1397 5409 dicitur,
1451 5335 1604 5405 cujus
1654 5337 1872 5405 propria

291 5422 428 5461 caro
451 5407 614 5478 passa
657 5418 715 5464 et
765 5417 977 5463 mortua
1005 5407 1126 5463 esse
1151 5407 1464 5478 perhibetur
1491 5423 1506 5463 :
1532 5422 1565 5478 a
1593 5421 1699 5476 qua
1734 5422 1874 5478 nun-

288 5476 466 5548 quam
495 5487 616 5548 post
662 5479 1048 5548 assumptionis
1095 5476 1489 5532 sacramentum
1527 5476 1872 5548 impassibiiis

290 5557 353 5599 et
383 5545 510 5603 inde
535 5545 1104 5617 mutabilisr'separata
1141 5548 1392 5603 divinitas
1418 5545 1759 5617 praedicatur.
1793 5545 1872 5599 Ac

289 5629 396 5683 per
413 5619 512 5674 hoc
532 5619 789 5675 Christus
815 5616 972 5673 Jcsus
1005 5627 1060 5672 et
1089 5632 1297 5687 passus,
1317 5627 1382 5687 et
1414 5616 1766 5687 mortuus,_et
1785 5629 1852 5687 se

291 5687 492 5754 pulsus,
511 5699 568 5746 et
596 5689 963 5746 rosuri-exisse
982 5684 1278 5745 secundum
1305 5686 1633 5757 Scripturas,
1663 5684 1758 5740 Dei
1782 5685 1868 5740 Fi-

1971 4496 2131 4568 ﬁnem
2172 4511 2303 4551 vero
2332 4496 2588 4568 temporis
2630 4512 2727 4568 pro
2767 4496 2944 4568 salute
2971 4497 3190 4568 humani
3234 4499 3446 4568 generis
3484 4500 3542 4556 in

1968 4565 2197 4621 formam
2227 4568 2368 4638 servi
2405 4565 2980 4638 carnem—assumendo
3006 4567 3072 4620 de
3103 4565 3316 4638 Virgine
3343 4584 3538 4624 secun-

1968 4639 2095 4691 dum
2121 4637 2456 4708 Apostolum,
2486 4638 2898 4708 primogenitum
2947 4637 3087 4690 inter
3121 4635 3317 4694 fratres
3351 4641 3405 4695 in
3433 4655 3539 4695 una

1968 4707 2266 4779 eademque
2286 4707 2380 4762 Dei
2408 4715 2462 4762 et
2491 4708 2723 4761 hominis
2762 4721 3011 4779 persona,
3053 4721 3160 4779 non
3206 4723 3401 4779 genere
3445 4711 3541 4766 sed

1969 4776 2276 4851 adoptione,
2304 4791 2476 4851 neque
2505 4786 2694 4851 natura
2721 4777 2812 4831 sed
2835 4777 3042 4851 gratia;
3069 4776 3119 4830 in
3149 4776 3411 4851 ea:forma
3435 4796 3538 4851 qua

1969 4846 2193 4921 aequalis
2217 4848 2410 4921 matri,
2430 4861 2537 4900 non
2565 4848 2619 4900 in
2641 4860 2704 4921 ea
2725 4861 2830 4921 qua
2854 4846 3076 4921 aequalis
3099 4855 3182 4921 est
3203 4848 3348 4921 Patri
3377 4869 3388 4904 :
3414 4846 3541 4921 quia

1970 4917 2024 4970 in
2073 4916 2244 4970 forma
2272 4916 2413 4970 servi
2443 4930 2653 4980 servus,
2689 4916 2808 4970 ideo
2831 4917 3134 4986 adeptivus,
3168 4919 3221 4973 in
3250 4918 3421 4976 forma
3433 4916 3542 4976 'au-

1971 4995 2078 5058 gem
2102 4986 2311 5058 meini
2340 4986 2596 5058 Dominus
2619 4987 2802 5058 servi._
2839 4986 2914 5042 De
2935 5003 3039 5058 qua
3067 4987 3237 5043 forma
3266 4991 3541 5046 servitutis

1974 5057 2116 5127 Deus
2139 5057 2302 5112 Pater
2324 5071 2423 5127 per
2438 5055 2760 5127 Prophetam
2790 5055 3028 5126 loquitur
3053 5059 3236 5114 dicens
3260 5077 3274 5115 :
3301 5059 3434 5115 Ecce
3464 5062 3541 5115 iu-

1973 5125 2166 5196 telliget
2189 5125 2364 5182 servus
2392 5125 2561 5180 meus.
2605 5126 2673 5181 Et
2720 5125 2914 5182 iterum
2941 5145 2954 5181 :
2983 5129 3115 5183 Ecce
3159 5146 3332 5183 servus
3370 5147 3535 5195 meus,

1974 5195 2254 5267 suscipiam
2281 5213 2438 5260 eum;
2470 5196 2660 5250 electus
2687 5213 2849 5261 meus,
2888 5195 3198 5268 complacuit
3230 5200 3328 5252 sibi
3365 5199 3422 5253 in
3448 5201 3538 5254 illo

1975 5268 2154 5349 uuimu
2181 5283 2318 5349 mea.
2350 5287 2367 5318 ι
2388 5268 2502 5349 “En
2549 5268 2804 5349 episcopi.
2832 5269 2914 5320 isti
2968 5267 3177 5349 publice
3220 5269 3542 5349 proﬁtentur

1973 5336 2246 5392 Christum
2290 5337 2342 5391 in
2385 5335 2555 5390 forma
2588 5335 2806 5392 Domini
2853 5352 2947 5391 seu
2969 5335 3169 5391 divinae
3207 5335 3412 5392 naturae
3438 5339 3540 5392 Dn-

1973 5408 2177 5461 minum
2205 5420 2324 5461 esse
2349 5407 2511 5470 servi,
2557 5408 2606 5460 id
2635 5415 2737 5469 est,
2784 5407 3014 5460 hominis
3054 5411 3345 5477 assutnpti;
3396 5411 3540 5466 hunc

1972 5478 2168 5547 quippe
2205 5477 2513 5532 conditione
2550 5477 2666 5547 sive
2698 5485 2887 5547 natura
2923 5493 3020 5532 sua
3059 5492 3275 5534 servum
3310 5481 3414 5535 dici
3444 5481 3542 5533 de-

1971 5545 2476 5614 bere‘pertinaciter
2504 5545 2867 5616 afﬁrmabant,
2892 5561 3048 5616 quem
3081 5556 3257 5603 tamen
3297 5564 3542 5605 errorem

1969 5617 2170 5671 dudum
2194 5627 2351 5688 antea
2382 5625 2492 5671 tam
2518 5618 2716 5671 acriter
2750 5617 2801 5670 in
2828 5615 3157 5688 Nestorianis
3184 5621 3541 5688 reprehende-

1973 5696 2054 5742 rat
2070 5697 2286 5742 sanctus
2310 5686 2540 5760 Cyrillus
2557 5687 3002 5743 anathetnatistno
3018 5688 3048 5743 6
3064 5690 3135 5744 ita
3152 5686 3500 5759 pro—nuntians
3524 5703 3538 5740 :
