3968 6180
201 312 298 372 ωδ

838 311 1207 369 ENHUEBER
1246 310 1556 369 DlSSEIlT.
1598 312 1687 367 DE
1726 310 2004 368 [LERESI
2036 310 2353 367 ELIPANDI
2391 308 2478 368 ET
2513 310 2792 368 FELlClS.

3349 313 3457 374 ωδ

199 430 390 484 minem
411 426 627 482 adorari
643 440 767 482 cum
786 425 915 491 Deo,
930 434 985 482 et
1004 425 1325 497 coappellari
1346 424 1771 491 Deum,omnino
1800 430 1849 492 Α
1875 426 2024 482 illum
2061 428 2307 484 venerari
2342 428 2646 494 conﬁteris,
2693 443 2817 484 cum
2860 436 3037 483 tamen
3068 427 3349 497 formides,
3393 441 3469 490 ut

198 508 277 556 est
297 497 547 554 confiteri
569 498 706 567 duos
725 497 1044 567 adorandus,
1070 496 1157 567 vel
1174 496 1335 551 etiam
1363 497 1505 567 inter
1530 511 1590 551 se
1617 511 1773 567 coap-

199 569 489 640 pellandos.
529 587 547 620 ι
596 565 755 640 Tum.
786 567 847 640 _V
875 566 1184 640 Couc_._col,
1210 566 1411 640 54.-Et
1451 566 1505 621 in
1551 565 1774 636 responc

196 636 341 695 sione
382 639 451 692 ad
488 637 960 707 reprehensionem
992 636 1325 707 Theodoreti
1374 637 1550 707 docet,
1594 651 1662 707 ex
1706 650 1773 692 eo

198 710 334 780 quod
362 708 529 763 homo
555 706 863 780 assumptus
901 722 1023 762 cum
1054 706 1231 780 Verbo
1272 706 1568 780 appelletur
1606 706 1768 780 Deus,

198 775 289 835 seu
332 777 699 848 nuncupative
743 775 954 848 tantum
1000 775 1125 848 talis
1159 777 1249 841 sit,
1300 775 1585 831 manifeste
1619 777 1771 845 sequi

197 850 428 904 Verbum
456 846 676 919 proprie
699 847 800 903 sibi
819 861 927 902 non
951 846 1156 919 uniisse
1183 854 1429 919 naturam
1459 848 1769 919 humanam,

196 928 247 975 et
282 915 689 973 Emmanuelem
727 931 847 973 esse
882 931 1078 987 purum
1108 916 1380 987 hominem
1426 917 1583 987 nobis
1621 915 1772 971 simi-

196 989 314 1045 lem.
363 1006 383 1039 ι
421 987 726 1057 Siquidem,
770 985 963 1057 inquit,
1000 987 1113 1056 ipse
1147 985 1289 1042 Deus
1313 986 1471 1041 simul
1508 995 1564 1041 et
1584 986 1768 1052 homo,

197 1068 245 1115 et
268 1059 530 1113 adoratur
558 1058 701 1114 sicut
741 1073 883 1113 unus
921 1057 1235 1112 adoratione
1262 1072 1388 1120 una,
1432 1065 1487 1111 et
1524 1072 1631 1111 non
1679 1070 1772 1110 co-

198 1130 471 1194 adoratur,
504 1137 561 1183 et
601 1128 761 1184 simul
791 1126 1091 1198 appellatur
1125 1126 1267 1182 Deus
1296 1146 1308 1181 :
1350 1141 1418 1182 ne
1454 1126 1771 1198 Emmanuel

198 1200 446 1255 credatur
486 1213 609 1254 esse
643 1199 804 1254 homo
824 1196 1168 1267 simpliciter,
1203 1204 1259 1252 et
1303 1197 1603 1252 communis
1632 1196 1772 1267 sicut

196 1284 345 1352 nos,
373 1279 432 1325 et
461 1283 562 1340 per
596 1274 828 1352 gratiam
868 1266 1069 1352 divinis
1108 1266 1291 1350 gloriae
1318 1268 1629 1338 particeps;
1675 1266 1768 1352 sed

196 1336 549 1394 conliteauiur
599 1336 749 1395 illum
791 1339 971 1410 potius
1018 1336 1187 1410 Deum
1239 1338 1293 1392 in
1321 1336 1772 1410 'carne’proptet-

197 1425 304 1473 nos,
352 1410 408 1464 id
440 1419 541 1471 est,
584 1426 713 1466 vere
743 1407 1017 1465 hominem
1051 1407 1275 1475 factum,
1319 1423 1427 1463 non
1472 1407 1769 1461 mutatione

195 1488 398 1536 natura:
428 1481 740 1536 ‘seeundum
775 1478 1149 1534 alteratiouem
1186 1486 1242 1533 et
1281 1479 1583 1533 versionem
1608 1515 1623 1541 ,
1672 1477 1767 1530 sed

194 1550 849 1622 unionisdispensatione.
885 1547 1154 1622 s__lbide_m
1189 1548 1293 1622 col.
1326 1548 1430 1603 M9
1451 1556 1507 1603 et
1532 1545 1621 1600 22.
1652 1546 1767 1622 _[_)e-

192 1635 335 1674 mum
365 1621 492 1676 libr.
519 1615 576 1675 ἰι
604 1621 865 1676 adversus
896 1618 1206 1673 Nestorium
1233 1619 1504 1674 dicentem
1532 1634 1546 1670 :
1602 1634 1622 1667 ι
1649 1615 1764 1672 Non

189 1699 271 1745 est
302 1705 403 1759 per
429 1705 489 1745 se
531 1690 692 1757 Deus,
732 1691 875 1761 quod
902 1688 1074 1761 est‘iu
1111 1697 1268 1744 utero
1308 1687 1637 1752 formatum;
1666 1725 1679 1739 .
1706 1725 1720 1741 .
1745 1725 1761 1761 ε

1874 497 2081 563 dixisti,
2117 514 2185 553 ne
2222 499 2548 556 bominicola
2588 514 2709 555 esse
2750 499 3024 554 videaris?
3058 497 3166 555 Sed
3194 500 3361 557 habet
3386 502 3461 558 ad

1874 568 1976 640 hoc
2008 568 2265 638 aliquam,
2300 578 2361 623 ut
2397 570 2509 640 ipse
2538 577 2709 640 putat,
2748 577 2963 624 acutam
3006 571 3410 640 responsionem
3438 590 3455 627 :

1872 636 2025 711 Nam_
2038 636 2295 708 tauquam
2339 636 2661 707 coniunctus
2692 641 2998 694 assumeuti.
3030 636 3189 711 simul
3224 636 3458 711 appella-

1872 716 1960 763 tur
1996 707 2179 764 Deus:
2225 712 2497 792 quomodo
2530 718 2859 792 assumptus
2890 719 3019 792 θείη
3044 707 3318 792 eloquere,
3363 720 3459 768 aut

1872 794 2104 902 guonam
2133 779 2454 849 coniunctus
2479 788 2563 836 est
2591 779 2791 838 modo?
2815 779 2950 835 Nam
2977 779 3243 851 siquidem
3270 797 3463 838 secuu-r

1910 864 1998 902 um
2043 863 2228 902 veram
2275 849 2525 902 unionem
2553 890 2568 902 .
2614 849 2759 902 illam
2807 852 3100 902 secundum
3141 853 3458 902 hmostasin

1910 864 1998 923 um
2043 863 2228 923 veram
2275 849 2525 923 unionem
2553 890 2568 915 ,
2604 849 3100 923 _illam_sccunduiu
3141 853 3461 923 bypostasiu

1872 917 1993 994 dico
2017 935 2032 984 ;
2063 919 2253 994 desine
2279 920 2499 994 tandem
2526 920 2732 994 unitam
2759 921 2999 994 dividere
3023 939 3041 975 :
3074 929 3129 977 et
3157 917 3470 994 opportune-

1870 989 2036 1043 etiam
2085 1005 2116 1044 a
2167 989 2325 1045 nobis
2370 989 2582 1045 dicetur
2631 990 2727 1045 tibi
2770 991 3104 1046 individuum
3155 989 3410 1048 dividenti
3438 1012 3461 1047 :,

1873 1057 2027 1133 Quod
2050 1076 2180 1133 Ergo
2218 1058 2362 1114 Deus
2395 1059 2702 1133 conjunxit,
2735 1061 2889 1133 homo
2916 1078 2978 1116 ne
3007 1062 3207 1133 dividat
3234 1062 3465 1133 (Matth-

1870 1128 2006 1201 xix).
2046 1128 2140 1183 Siu
2169 1128 2612 1201 assumptiouem,
2643 1145 2736 1187 seu
2764 1131 3197 1201 coniunctionem
3225 1128 3348 1189 esse
3375 1133 3457 1188 di-

1868 1200 1948 1270 cis
1974 1207 2255 1253 externam
2303 1215 2367 1254 ac
2417 1199 2731 1266 relativam,
2777 1199 3046 1270 qudmodo
3081 1217 3186 1257 non
3218 1204 3459 1259 advertis

1870 1269 1923 1343 iu
1946 1270 2105 1343 nobis
2144 1269 2464 1343 etiamesse
2501 1270 2711 1343 Deum;
2749 1269 2807 1325 et
2840 1287 2939 1326 nos
2971 1273 3046 1327 illi
3081 1273 3331 1343 conjungi
3363 1289 3453 1328 re-

1868 1337 2058 1412 lative,
2104 1349 2159 1394 et
2196 1340 2487 1412 participes
2513 1356 2612 1395 nos
2638 1340 2810 1396 factos
2845 1357 2965 1397 esse
2994 1337 3332 1412 divinae'ejus
3359 1360 3456 1397 na-

1867 1411 2044 1481 turae?
2067 1449 2081 1463 .
2112 1449 2126 1462 .
2151 1448 2167 1463 .
2208 1410 2351 1481 Ergo
2377 1425 2477 1465 nos
2512 1426 2726 1481 quoque
2752 1426 2818 1465 ex
2848 1412 3113 1466 sententia
3135 1410 3295 1468 simul
3324 1429 3448 1468 cum

1869 1477 1956 1550 illo
1984 1496 2049 1535 ex
2079 1489 2270 1550 natura
2288 1477 2408 1536 Deo
2437 1481 2510 1536 dii
2531 1477 2764 1543 erimus,
2807 1489 2969 1550 atque
2992 1482 3329 1547 vocabimur,
3356 1498 3454 1537 no-

1866 1548 2325 1675 $sque5gcctctur
2341 1566 2502 1606 omne
2528 1566 2690 1620 genu,
2718 1560 2823 1606 etc.
2847 1571 2864 1602 ι
2883 1548 3042 1606 Tom.
3069 1552 3135 1606 Vl
3170 1551 3332 1622 Oper.
3357 1552 3452 1606 fol.

1959 1636 1990 1675 e
2078 1657 2094 1675 .
2116 1659 2130 1673 .

1959 1629 2014 1675 et
2040 1629 2130 1675 59.

1936 1689 2066 1745 Vlll.
2101 1690 2237 1746 Cum
2262 1706 2393 1748 vero
2420 1691 2488 1747 ad
2508 1692 2930 1748 conﬁrmandam
2953 1691 3275 1747 sententiam
3302 1707 3456 1749 suam

190 1763 279 1815 sed
304 1757 435 1831 quia
463 1769 549 1816 est
575 1762 629 1815 in
667 1757 943 1830 assumpto
976 1758 1138 1825 Deus,
1184 1774 1253 1835 ex_
1294 1765 1623 1835 assumente,
1669 1757 1763 1835 qui
1795 1774 1842 1835 Β
1871 1759 2224 1835 abuterentur
2258 1762 2564 1835 Nestoriaui
2605 1762 2841 1818 textibus
2871 1761 3198 1835 Scriptura,
3256 1764 3455 1835 quibus

188 1841 266 1886 est
293 1827 623 1900 assumptus,
665 1827 920 1900 tanquam
962 1830 1264 1900 assumenti
1293 1829 1640 1900 coniunctus,
1687 1827 1767 1881 si-

189 1901 297 1956 mul
319 1899 620 1971 appellatur
644 1899 823 1956 Deus:
861 1921 880 1954 ι
923 1899 1213 1971 respondet
1237 1899 1466 1971 Cyriilus
1515 1906 1767 1971 naturam

190 1966 476 2026 humau'am
502 1972 708 2043 utique
748 1986 847 2043 per
882 1966 1303 2040 assuinptioneni
1342 1969 1522 2043 Verbo
1566 1966 1765 2043 factam

186 2056 304 2097 esse
326 2037 632 2113 propriam,
656 2037 893 2113 illudque
931 2048 1038 2113 tam
1065 2037 1260 2113 parum
1286 2050 1408 2109 post
1441 2037 1767 2094 incarnatio-

186 2127 305 2167 nem
328 2111 515 2183 ‘ab’ea
553 2112 844 2183 separatim
877 2111 1113 2183 cogitari
1141 2124 1318 2183 posse,
1360 2122 1520 2181 quam
1549 2123 1763 2183 parum,

185 2183 227 2252 si
254 2182 535 2238 hominem
565 2178 938 2252 appellaveris,
955 2178 1161 2236 'anima'
1185 2178 1323 2252 eius
1348 2178 1630 2252 afcorpore
1657 2178 1765 2252 dis-

179 2251 361 2319 iuncta
394 2248 730 2308 considerari
756 2262 935 2322 queat,
981 2258 1043 2305 ut
1084 2250 1240 2319 proin
1267 2248 1514 2305 Christus
1535 2288 1549 2313 ,
1600 2248 1764 2322 etiam

182 2318 447 2392 quatenus
468 2323 631 2392 homo
654 2330 755 2386 est,
772 2318 933 2377 "Deus
958 2318 1122 2376 verus
1148 2328 1204 2375 et
1238 2334 1344 2392 non
1370 2318 1766 2389 nuncupativus

182 2390 282 2447 dici
312 2391 529 2448 debeat.
560 2391 694 2446 Dein
719 2392 811 2453 ait,
854 2405 1096 2447 asserere
1123 2390 1398 2445 hominem
1429 2397 1764 2456 assumptum

181 2463 368 2517 eadem
420 2478 545 2518 cum
599 2462 823 2531 reliquis
876 2460 1186 2517 hominibus
1238 2461 1450 2531 ratione
1504 2458 1762 2531 appellari

182 2532 367 2596 Deum,
418 2532 560 2587 idem
588 2529 809 2588 esse—ac
840 2546 1086 2587 asserere
1122 2530 1256 2586 duas
1291 2531 1346 2584 in
1389 2529 1606 2585 Christo
1641 2542 1764 2585 esse

180 2616 459 2673 personas,
500 2604 635 2657 duos
662 2602 840 2673 Deos;
890 2602 1020 2673 quin
1066 2609 1123 2673 et
1166 2601 1344 2673 sequi,
1392 2615 1495 2655 nos
1520 2597 1762 2667 ejusdem

180 2672 399 2727 omnino
427 2687 551 2727 cum
581 2673 672 2726 illo
693 2672 1208 2741 homine’diguitatis
1230 2686 1369 2737 esse,
1400 2683 1561 2741 quem
1584 2676 1762 2741 iumen

182 2743 416 2813 Verbum
445 2743 607 2797 modo
643 2758 867 2813 prorsus
912 2739 1167 2797 iuellabili
1203 2742 1307 2798 sibi
1337 2739 1532 2796 univit.
1585 2739 1764 2795 Verba

179 2812 359 2883 Cyrilli
390 2820 501 2883 tam
524 2812 788 2883 profunda
811 2821 956 2879 sunt,
986 2821 1048 2867 ut
1070 2813 1351 2867 materiam
1376 2813 1519 2883 hanc
1536 2825 1764 2883 omnem

177 2879 841 2954 eihausisse‘videantur.
898 2902 916 2934 ι
953 2883 1086 2950 Quis
1117 2884 1273 2954 enim,
1309 2883 1406 2954 (ita
1445 2879 1765 2954 ille)‘pror—

180 2969 269 3009 sus
310 2954 413 3008 hoc
457 2952 641 3008 dicere
677 2963 762 3008 est
803 2954 999 3009 ausus?
1040 2953 1151 3008 Aut
1190 2950 1327 3023 quis
1348 2950 1621 3023 ignora'vii
1659 2965 1764 3023 un:

180 3038 359 3093 quam,
391 3024 541 3092 quod
583 3032 772 3077 natum
799 3032 885 3078 est
901 3037 968 3078 ex
1006 3037 1189 3088 carne,
1207 3018 1445 3093 ’carne'm
1462 3020 1626 3093 esse?
1654 3018 1762 3093 Sed

180 3090 354 3148 tamen
394 3090 517 3149 erat
542 3094 763 3163 propria
789 3094 972 3161 Verbi,
1011 3103 1066 3149 et
1102 3108 1244 3148 unus
1269 3106 1392 3147 cum
1438 3090 1534 3163 illa
1564 3090 1762 3163 intelli-

178 3164 338 3235 gitur,
362 3172 432 3235 uti
450 3160 845 3235 proculdubio,
877 3160 1328 3233 quemadmodum
1359 3161 1607 3231 superius
1621 3160 1763 3235 dixi-

175 3231 313 3297 mus,
361 3231 532 3289 etiam
568 3234 803 3288 hominis
844 3231 1023 3289 anima
1059 3249 1190 3289 cum.
1212 3248 1311 3288 suo
1337 3246 1579 3301 corpore.
1620 3231 1763 3302 Ergo

173 3305 216 3359 si
243 3305 519 3376 quispiam
561 3304 630 3358 de
667 3305 823 3359 nobis
847 3318 1061 3374 quoque
1097 3303 1280 3359 dicere
1317 3302 1447 3358 velit
1489 3316 1624 3376 noni
1641 3315 1762 3357 esse

176 3369 448 3430 boriuiuém
484 3375 663 3445 ipsum
703 3369 899 3445 corpus
940 3369 1038 3445 pur
1077 3388 1136 3429 se
1162 3415 1178 3439 ,
1212 3388 1393 3429 nonne
1412 3369 1764 3445 superﬂuens

176 3446 227 3500 in
262 3442 552 3508 sermone,
588 3453 644 3500 et
682 3442 857 3515 nugax
895 3442 1090 3499 luerim
1116 3445 1369 3500 dicetur?
1410 3442 1595 3512 Neque
1618 3443 1763 3496 enim

173 3516 458 3586 quisquam
511 3524 805 3586 negaturus
841 3524 929 3570 est
967 3518 1141 3586 ipsum
1191 3529 1288 3585 per
1321 3529 1380 3570 se
1420 3527 1619 3586 corpus
1652 3527 1762 3586 uon

177 3581 288 3641 esse
310 3581 627 3648 hominem,
653 3584 746 3640 sed
776 3585 952 3654 potius
992 3581 1225 3640 hominis
1249 3599 1447 3655 corpus
1475 3581 1601 3655 dici.
1653 3581 1763 3637 Sed

177 3671 327 3711 nemo
355 3665 544 3710 tamen
581 3656 717 3709 duas
738 3655 793 3709 in
830 3665 1012 3725 partes
1046 3655 1289 3711 dividens
1313 3654 1376 3708 ac
1401 3654 1625 3708 scorsim
1661 3666 1759 3721 po-

177 3741 301 3781 nens
335 3726 580 3796 animam
613 3733 669 3779 et
691 3739 909 3796 corpus,
956 3725 1156 3780 dixerit
1184 3739 1422 3796 unquam
1451 3737 1653 3796 corpus
1671 3737 1761 3778 eo-

179 3796 288 3851 dem
312 3810 443 3851 cum
472 3795 655 3849 anima
677 3792 933 3865 appellari
957 3796 1175 3850 nomine
1203 3792 1463 3865 adunum
1486 3792 1762 3865 hominem

176 3866 626 3936 signiﬁcandum:
692 3862 867 3934 neque
921 3866 1065 3920 enim
1121 3875 1283 3936 aptus
1337 3864 1443 3919 erit
1476 3862 1765 3936 _ejusmodi

175 3930 390 4001 scium,
438 3935 538 3991 sed
604 3930 794 4005 potius
846 3930 1404 4006 imperitiaa'plenus.
1472 3930 1581 4006 Sed
1637 3945 1774 4006 cum.

173 4015 462 4076 utrumque
494 4002 795 4076 secundum
821 4002 1122 4062 naturalem
1143 4002 1398 4061 unionem
1420 4002 1764 4076 coniunxerit

174 4076 237 4131 ad
269 4072 437 4132 unius
469 4075 707 4130 hominis
750 4077 1210 4143 constitutionem,
1251 4083 1368 4131 tum
1403 4072 1619 4143 demum
1661 4072 1761 4127 ho-

403 4145 720 4228 appellabit,
768 4160 871 4201 nec
909 4138 1402 4228 videbitur'inepte
1425 4138 1763 4228 absurdeque

410 4214 663 4286 oportuit
688 4231 842 4287 ergo,
888 4216 937 4288 si
966 4217 1188 4288 omnino
1215 4214 1431 4288 sapiens
1458 4214 1641 4288 homo,
1674 4228 1763 4269 so-

174 4284 389 4357 lersque
410 4283 554 4357 erat,
581 4283 781 4357 corpus
814 4286 1029 4357 quidem
1054 4286 1183 4341 illud
1212 4283 1531 4357 ex'muliere
1559 4283 1758 4357 dicere,

171 4364 223 4411 et
252 4352 485 4426 insuper
514 4352 697 4420 fateri,
724 4352 855 4412 illud
883 4357 1092 4412 unitate
1118 4357 1415 4427 secundum
1447 4352 1761 4427 bypgtasin

172 4441 293 4496 cum
330 4422 520 4482 verbo
546 4427 892 4496 coniunctum
938 4443 1104 4482 unum
1134 4426 1432 4491 Christum,
1477 4422 1538 4479 et
1563 4422 1759 4478 Filium

172 4504 225 4551 et
254 4495 552 4552 Dominum
582 4495 901 4562 absolvisse,
931 4497 1180 4552 eumdem
1213 4497 1375 4552 simul
1403 4505 1460 4553 et
1487 4496 1677 4558 Deum,
1707 4502 1762 4550 et

174 4567 471 4623 hominem.
503 4565 657 4638 Nunc
682 4581 810 4623 vero
836 4568 937 4622 hoc
979 4568 1200 4631 omisso,
1235 4582 1492 4638 perversa
1521 4564 1764 4638 graditur

175 4638 276 4702 via,
310 4639 383 4693 de
425 4646 577 4692 recta
601 4637 885 4703 decedens,
925 4653 988 4692 ac
1027 4638 1161 4692 duos
1204 4635 1361 4694 nobis
1385 4635 1761 4703 Deos'przedi-

178 4717 276 4773 cat,
302 4723 480 4763 unum
508 4707 801 4762 secundum
825 4714 1070 4762 naturam
1098 4723 1164 4763 ac
1188 4709 1491 4773 veritatem,
1527 4705 1657 4760 illud
1687 4707 1765 4760 ni-

180 4779 367 4833 uirum
402 4794 473 4833 ex
520 4776 633 4831 Deo
674 4776 834 4833 Patre
868 4777 1143 4844 Verbum;
1195 4778 1360 4833 alium
1398 4792 1526 4833 vero
1550 4783 1766 4847 pneter

179 4847 333 4915 hunc,
381 4848 481 4917 qui
513 4847 721 4902 scilicet
745 4863 869 4903 cum
899 4862 964 4903 eo
989 4847 1133 4904 Deus
1158 4849 1473 4919 appelletur.
1517 4844 1589 4919 Ut
1617 4844 1762 4899 enim

180 4932 331 4974 nemo
359 4916 555 4999 μόδιτῂ
569 4921 785 4999 generis
821 4919 1020 4999 dicitur
1046 4934 1167 4973 cum
1192 4916 1372 4999 seipse
1399 4925 1456 4972 et
1489 4916 1606 4972 solo
1635 4929 1765 4999 con-

178 4991 401 5054 versari,
440 4988 597 5043 verbi
637 4988 829 5058 gratia.
880 4989 976 5042 sed
1021 5004 1143 5044 cum
1184 4988 1356 5043 altero
1388 4995 1759 5058 conversatur,

178 5073 237 5113 ac
258 5060 305 5114 si
334 5073 508 5129 quem
554 5072 586 5112 e
615 5056 846 5129 terrenis
888 5058 1104 5129 regibus
1143 5059 1428 5128 quisquam
1456 5056 1675 5129 dixerit,
1703 5070 1762 5111 se

175 5142 292 5200 cum
322 5126 515 5200 seipse
543 5143 788 5200 regnare,
814 5127 939 5200 jure
954 5126 1035 5183 'sit
1052 5126 1343 5200 ridendus,
1370 5134 1426 5181 et
1449 5126 1760 5200 nugabitur,

173 5198 295 5253 dum
341 5196 493 5268 qubd
529 5199 598 5253 de
612 5196 739 5252 ἰιηο
785 5196 1005 5267 suloque
1031 5199 1248 5264 dicitur,
1295 5197 1375 5268 sic
1409 5196 1559 5266 ponit
1600 5203 1762 5268 atque

170 5266 492 5335 pronuntiat
519 5276 777 5337 tauquam
801 5269 872 5324 de
896 5266 1104 5324 duobus
1130 5286 1146 5333 ;
1176 5269 1252 5323 ita
1278 5266 1499 5323 stultum
1514 5281 1643 5337 sane
1669 5267 1758 5330 sit,

171 5348 365 5405 putare
392 5339 502 5394 hoc
528 5336 725 5408 ipsum,
774 5337 933 5392 simul
975 5338 1250 5409 appellari,
1295 5340 1361 5393 de
1404 5352 1512 5392 uno
1534 5336 1762 5409 soloque

168 5409 273 5463 dici
302 5423 504 5480 posse:
543 5407 652 5463 duo
680 5422 913 5480 namque
948 5407 1373 5480 prorsus’erunt,
1412 5417 1483 5480 et
1500 5407 1635 5480 alter
1673 5422 1761 5462 se-

169 5477 410 5550 cundum
440 5489 697 5534 naturam
728 5478 889 5542 Deus,
916 5478 1059 5550 alter
1088 5494 1216 5534 vero
1242 5477 1429 5550 procul
1452 5477 1759 5550 dubio_cum

170 5549 221 5602 id
257 5549 440 5604 solum
472 5550 704 5612 habeat,
744 5556 806 5603 ut
849 5549 1056 5603 scilicet
1081 5564 1205 5604 cum
1241 5544 1307 5604 eo
1334 5556 1557 5603 vocetur
1597 5544 1758 5611 Deus,

172 5618 330 5689 idque
355 5621 705 5675 extrinsecus
748 5627 803 5689 et
844 5618 1167 5689 acquisitum
1216 5634 1404 5676 recens
1437 5618 1594 5689 nobis
1622 5616 1763 5673 Deus

171 5688 403 5747 exstitit.
430 5731 447 5745 .
473 5729 490 5744 .
518 5728 535 5745 .
588 5689 707 5745 Hoc
760 5688 808 5745 si
855 5688 940 5744 ita
977 5697 1098 5756 est,
1161 5689 1430 5759 quomodo
1475 5688 1763 5759 adoramus

172 5760 472 5831 Christum,
494 5770 551 5817 et
578 5760 653 5816 illi
669 5760 915 5817 ﬂectetur
933 5775 1090 5817 omne
1110 5757 1280 5832 geuu?
1300 5759 1578 5829 Quomodo
1598 5757 1760 5816 etiam

1872 1830 2132 1903 homines
2151 1832 2418 1903 interdum
2452 1831 2527 1886 dii
2566 1841 2849 1903 vocantur,
2878 1830 3049 1903 prout
3077 1830 3291 1903 Moyses
3323 1833 3458 1889 deus

1869 1898 2167 1975 Pharaonis
2192 1902 2491 1975 appellatus
2516 1912 2618 1975 est,
2648 1898 2976 1975 eademlere
3004 1898 3214 1975 ratione
3239 1918 3460 1975 respou-

1869 1969 1961 2043 det
1988 1969 2279 2043 Cyrillus','
2305 1972 2492 2043 aitque
2531 1971 2654 2029 libr.
2705 1989 2746 2028 ιι
2794 1973 3057 2028 adversus
3104 1969 3453 2032 Nestorium:

1875 2058 1893 2091 ι
1931 2040 2068 2108 Quid
2105 2043 2284 2098 dicis?
2329 2040 2570 2109 Qualem
2593 2057 2902 2098 sermonem
2932 2050 3150 2099 eructas
3188 2044 3256 2100 de
3292 2046 3457 2102 corde

1872 2117 1987 2176 tuo,
2014 2126 2121 2165 non
2154 2113 2222 2168 ab
2255 2126 2351 2168 ore
2376 2112 2616 2176 Domini,
2656 2122 2716 2167 ut
2744 2113 3004 2176 scriptum
3033 2114 3161 2169 est?
3189 2111 3359 2171 Nemo
3383 2114 3461 2171 di-

1870 2181 1947 2235 cit
1969 2182 2256 2256 anathema
2287 2182 2494 2256 Jesum,
2524 2182 2638 2256 nisi
2658 2182 2714 2238 in
2743 2181 3066 2256 Beelzebub.
3117 2184 3189 2256 Ut
3211 2183 3461 2256 intelligi-

1872 2258 1980 2316 tur,
2022 2252 2171 2331 verbi
2190 2253 2734 2333 gratim-autdicnitur
2760 2269 2790 2307 a
2819 2253 2978 2333 nobis
3003 2252 3149 2333 Deus
3171 2253 3287 2333 ipse
3305 2252 3461 2333 _Mo'y_-
3521 2316 3524 2320 ,

1870 2336 1960 2376 ses
1984 2362 1999 2387 ,
2044 2321 2125 2375 sic
2151 2321 2316 2377 etiam
2343 2321 2633 2379 Christus?
2674 2322 2857 2386 lmine,
2894 2322 2981 2379 dic
3018 2323 3149 2378 mihi
3176 2321 3245 2379 ad
3273 2321 3460 2381 simili-

1870 2391 2109 2445 tudinem
2138 2391 2349 2466 lsraelis
2385 2401 2473 2448 est
2497 2393 2662 2449 etiam
2687 2392 2830 2466 illius
2846 2395 2869 2447 ?
2906 2390 3245 2466 Oisummam
3275 2395 3467 2466 impie-

1869 2468 2067 2533 tatem,
2109 2478 2143 2517 o
2177 2464 2369 2528 verba,
2415 2478 2537 2533 quae
2581 2479 2684 2520 nec
2732 2463 2903 2533 ipsius
2945 2462 3242 2520 Salvatoris
3285 2462 3470 2524 nostri

1869 2529 2094 2654 gloriam
2124 2529 2800 2603 deprimere—verentnrtl.
2832 2532 2966 2588 Nam
3008 2535 3204 2590 beatus
3246 2535 3459 2608 Moyses

1907 2616 2032 2654 omo
2059 2611 2198 2654 erat.
2245 2618 2309 2654 ex
2341 2613 2538 2654 natura
2577 2602 2770 2654 similis
2798 2603 2980 2654 nobis.
3010 2604 3147 2654 nihil
3172 2613 3454 2654 nmterna-

1907 2616 2032 2656 omo
2059 2602 2205 2667 erat,
2245 2618 2309 2658 ex
2341 2613 2538 2658 natura
2577 2602 2770 2658 similis
2798 2603 2980 2669 nobis,
3009 2604 3147 2659 nihil
3172 2602 3455 2669 praeterea.

1869 2671 2005 2739 Quia
2030 2687 2162 2727 vero
2188 2672 2405 2728 dicente
2438 2673 2551 2729 Deo
2579 2691 2593 2727 :
2632 2670 2784 2738 Veni,
2811 2675 3016 2728 mittam
3045 2683 3096 2729 te
3123 2670 3193 2730 ad
3220 2675 3460 2733 Pharao-

1869 2758 1984 2814 πέρι
2028 2759 2197 2814 regem
2241 2742 2575 2814 £9ypti,_et
2613 2743 2802 2799 educes
2843 2741 2983 2814 ﬁlios
3019 2742 3191 2799 Israel
3224 2748 3289 2800 de
3316 2754 3459 2803 terra

1865 2811 2096 2884 Αἰσῃριῐ
2110 2811 2459 2938 (moerus.
2491 2812 2598 2868 Pro
2621 2811 2911 2869 recusandi
2936 2815 3233 2871 occasione
3256 2816 3461 2888 exigui-

1865 2890 2035 2938 tatem
2062 2883 2211 2938 vocis
2245 2883 2404 2938 obtru
2444 2883 2517 2938 it.
2557 2890 2847 2938 causatus.
2871 2884 3019 2938 quod
3047 2884 3272 2938 minime
3313 2896 3461 2938 esset

1865 2883 2035 2955 taiem
2062 2883 2211 2955 vocis
2232 2883 2517 2955 _obtrudit,
2554 2890 2811 2955 causatus
2830 2923 2847 2948 ,
2871 2884 3019 2955 quod
3047 2884 3272 2955 minime
3313 2883 3463 2943 esset

1865 2952 2124 3023 eloquens
2144 2954 2211 3023 ab
2232 2952 2352 3023 heri
2380 2960 2436 3009 et
2460 2952 2907 3023 nudiustertius,
2933 2954 3057 3011 ideo
3080 2954 3253 3010 Deum
3277 2956 3462 3012 dicen-

1865 3021 1985 3077 temi
1998 3022 2241 3077 audivit:
2274 3022 2409 3077 Ecce
2432 3022 2553 3077 dedi
2573 3033 2625 3078 te
2656 3022 2822 3078 Deum
2846 3021 3164 3090 Pharaonis,
3204 3034 3253 3078 ct
3280 3025 3461 3080 Aaron

1790 3122 1836 3186 ο
1866 3094 2035 3186 frater
2056 3102 2178 3186 tuus
2207 3093 2308 3146 erit
2345 3092 2439 3174 tibi
2466 3092 3200 3186 inteTrle‘s'ilbid.)..‘luﬁt:iua
3224 3110 3461 3186 namque

1867 3161 2149 3233 estlexad
2174 3162 2481 3233 quempiam
2511 3179 2542 3216 a
2573 3161 2771 3233 diaboli
2802 3161 3068 3233 servitute
3093 3161 3453 3220 liberandum.

1867 3232 1976 3287 Sed
2017 3232 2089 3303 id,
2119 3248 2334 3303 quoque
2387 3233 2685 3288 mediatore
2731 3232 2968 3303 Christo,
2997 3234 3296 3303 perfectum
3350 3244 3458 3301 est,

1864 3301 2317 3376 quemadmodum
2356 3302 2567 3376 scilicet
2596 3311 2933 3376 eoitempore
2956 3301 3014 3357 iri
3044 3303 3299 3376 Egypto,
3331 3320 3460 3376 cum

1864 3371 2025 3431 beato
2050 3371 2373 3444 Moysiipse
2398 3372 2579 3444 Aarou
2612 3371 2818 3444 fuisset
2833 3371 3167 3443 adjunctus,
3182 3371 3349 3430 Israel
3375 3383 3463 3432 est

1864 3459 1895 3515 a
1922 3441 2182 3499 servitute
2212 3441 2491 3515 liberatus.
2514 3513 2522 3515 4
2544 3441 2652 3499 Sed
2689 3443 2817 3515 quia
2854 3441 3112 3515 successu
3150 3452 3456 3515 temporum

1864 3512 2105 3569 futurum
2129 3521 2274 3586 erat,
2314 3513 2648 3586 ut_Cbristus
2676 3512 2860 3586 etiam
2880 3515 2983 3570 sub
3014 3514 3135 3586 lege
3160 3512 3312 3571 lierét
3333 3557 3348 3581 ,
3378 3525 3462 3572 ut-

1864 3591 2002 3656 pote
2027 3583 2198 3656 nostri
2231 3583 2449 3656 similis,
2492 3592 2548 3640 et
2564 3585 2733 3656 homo
2753 3625 2769 3650 ,
2799 3584 2934 3656 ideo
2972 3583 3093 3656 post
3121 3585 3343 3656 Moysen
3379 3602 3461 3643 se-

1863 3653 2041 3727 cundo
2066 3653 2187 3709 loco
2212 3655 2418 3727 positus
2431 3662 2529 3727 est
2546 3654 2748 3727 Aaron.
2780 3654 2957 3727 Atque
2974 3653 3097 3727 haec
3112 3653 3457 3727 estquidem

1864 3723 2002 3798 ratio
2040 3722 2304 3798 mysterii.
2338 3722 2445 3798 Sed
2473 3732 2655 3780 tamen
2695 3724 2742 3780 si
2776 3722 2900 3798 quis
2931 3725 3059 3798 velit
3088 3726 3218 3798 illud
3240 3722 3461 3798 quoque

1864 3740 2002 3778 ratio
2040 3740 2304 3847 mgisteru.
2338 3740 2445 3778 aea
2473 3740 2655 3780 tamen
2695 3741 2742 3780 SI
2776 3740 2900 3795 qms
2931 3740 3059 3780 vent
3088 3740 3218 3781 iuuu
3243 3741 3461 3798 quoque

1863 3793 2075 3869 dicere,
2101 3862 2121 3869 _
2150 3808 2319 3869 uyseu
2361 3794 2509 3848 illum
2535 3806 2791 3869 magnum
2820 3795 2997 3849 virum
3026 3795 3129 3849 hac
3155 3795 3253 3869 Dei
3281 3797 3460 3866 appel-
3520 3868 3523 3869 ν

1863 3862 2067 3919 latione
2095 3861 2264 3918 fuisse
2291 3861 2651 3933 honoratum;
2679 3864 2835 3933 juxta
2868 3879 3159 3919 commune
3200 3861 3368 3931 illud,"
3403 3876 3460 3923 et

1864 3949 1932 4005 ει
1960 3933 2133 4005 gratia
2176 3940 2347 4005 utque
2378 3932 2910 4005 magnificentiaDei
2961 3934 3019 3987 in
3061 3948 3162 3989 nos
3197 3934 3407 3989 dictum
3441 3955 3455 3991 :

1864 4000 1988 4074 E96
2001 4003 2133 4068 dixi,
2165 4000 2274 4074 Dii
2293 4002 2416 4074 estis
2444 4000 2493 4055 ei
2517 4001 2618 4074 ﬁlji
2645 4000 2858 4074 Επείεὶ
2885 4017 3103 4066 omnes;
3130 4019 3260 4059 num
3287 4005 3454 4061 etiam

1863 4068 1967 4129 hoc
1992 4074 2152 4131 modo
2180 4072 2426 4129 Christus
2453 4068 2541 4143 est
2557 4071 2701 4127 Deus
2724 4073 2747 4125 ἲ
2774 4068 2899 4143 iam
2924 4087 3080 4137 vero,
3107 4074 3378 4143 quomodo
3398 4076 3453 4131 id

1863 4158 1972 4198 non
1999 4144 2071 4199 sit
2106 4143 2343 4208 insania,
2386 4151 2443 4198 et
2481 4142 2642 4197 inane
2684 4141 2861 4198 stultae
2899 4143 3100 4198 mentis
3127 4141 3461 4201 excremen-

1863 4214 2019 4289 tum?
2062 4212 2155 4270 llle
2180 4212 2347 4284 985
2369 4209 2750 4289 enim,_utjam
2779 4210 2916 4289 dixi,
2956 4211 3102 4269 nuda
3134 4222 3191 4269 et
3220 4213 3457 4289 simplici

1859 4291 1947 4339 est
1966 4282 2286 4339 honestatus
2306 4282 2691 4353 appellatione,
2712 4298 2847 4353 cum
2882 4282 3046 4339 homo
3068 4298 3134 4340 ex
3163 4282 3355 4343 natura
3375 4301 3463 4341 es-

1860 4362 1987 4427 set;
2019 4354 2117 4409 sed
2142 4354 2236 4427 hic
2255 4352 2494 4409 est’vere
2524 4352 2849 4427 Deus_(nam
2870 4353 3015 4410 Deus
3042 4361 3163 4412 erat
3189 4353 3464 4427 Verbum)

1862 4424 1920 4479 in
1945 4423 2182 4480 humana
2213 4423 2384 4495 forma
2413 4424 2781 4495 praestantiam
2808 4439 2921 4480 suae
2937 4432 3166 4490 naturae,
3196 4440 3305 4495 qua
3323 4423 3464 4480 cuni-

1787 4469 1841 4529 ο
1864 4469 2790 4565 ἓὶίζέἷιῖεῑῆιζ⁷ἰὶῐίἒεῗέιῖἶζὲἱνξεῖἑὶὲ
2808 4469 3464 4565 ἷ”ἱι”εᾶἰἰὲ’ἑῖι’ίιί¹ι“ιῖθῖιῖἶιι

1863 4564 2046 4621 divina
2075 4582 2143 4622 ex
2172 4581 2260 4631 eo,
2290 4564 2434 4636 quod
2459 4565 2743 4636 descendit
2769 4566 2837 4621 ad
2861 4565 3296 4636 communionem
3334 4579 3459 4620 car-

1862 4635 1950 4708 nis
1977 4644 2034 4692 et
2059 4633 2362 4708 sanguinis,
2404 4633 2649 4708 in_pejus
2686 4650 2923 4708 unquam
2963 4634 3198 4708 perverti
3224 4643 3409 4705 potest
3437 4655 3468 4690 μ

1862 4705 2047 4775 itaque
2094 4702 2259 4762 otium
2297 4722 2421 4761 cum
2464 4702 2629 4761 homo
2665 4702 2937 4774 apparuit,
2966 4702 3035 4758 ut
3075 4702 3243 4759 Deus'
3266 4714 3451 4761 tamen

1860 4776 2174 4855 agnoscitur
2188 4776 2568 4855 ,_ejusque.rei
2588 4775 2879 4855 perspicua
2903 4780 3032 4855 su_ut
3052 4784 3368 4855 argumenta
3393 4777 3450 4831 in

1860 4841 2165 4916 Evangeliis
2192 4841 2357 4916 de'eo
2373 4841 2606 4916 scripta:
2621 4841 2770 4916 Dixit
2794 4842 2940 4916 enim
2967 4841 3160 4899 beatus
3177 4843 3416 4916 Joannes
3435 4864 3461 4899 :-

1861 4912 1995 4969 Cum
2016 4911 2141 4969 uero
2171 4925 2300 4971 esset
2328 4911 2670 4984 Jerosblymis
2700 4914 2757 4968 in
2796 4913 2881 4968 die
2896 4911 3059 4984 festo,
3089 4913 3240 4969 multi
3281 4916 3452 4970 credi-

1860 4984 2050 5056 derunt
2092 4986 2148 5039 in
2174 4983 2551 5056 namine_ejus,
2596 4983 2839 5056 videntes
2855 4983 2971 5052 ejus
2991 4985 3334 5056 _signa,_qua:
3373 4986 3454 5056 fa—

1862 5053 2024 5125 ciebat
2048 5068 2069 5125 ;
2092 5056 2200 5125 ipse
2220 5072 2340 5110 vero
2366 5052 2522 5109 Iesus
2543 5053 2907 5109 non'credebat
2927 5052 3155 5125 seipsum
3175 5052 3302 5119 illis,
3324 5052 3451 5125 quia

1861 5123 1976 5197 ipse
1996 5123 2189 5179 sciebat
2215 5125 2426 5197 omnia,
2473 5135 2520 5179 et
2546 5125 2673 5197 quia
2699 5141 2805 5197 non
2831 5140 2962 5197 opus
2985 5123 3225 5197 habebat,
3251 5123 3451 5197 utquis

1860 5194 2213 5275 tegi-monium
2235 5194 2535 5275 perhiberet-
2550 5194 2613 5248 de
2637 5194 2887 5275 homine;
2934 5194 3044 5275 ipse
3074 5194 3214 5275 enim
3255 5194 3456 5250 sciebat.

1860 5264 1992 5336 quid
2010 5275 2143 5336 esset
2170 5266 2223 5319 in
2236 5263 2660 5336 ‘hominelloan.
2693 5264 2776 5335 ιι).
2808 5263 3263 5336 Atquiiuspieere
3289 5279 3450 5336 posse

1863 5333 1958 5390 cor
1978 5333 2216 5405 hominis
2242 5342 2299 5389 et
2322 5333 2530 5389 occulta
2564 5333 2744 5394 scire,
2762 5349 2869 5388 non
2891 5333 2983 5386 ulli
3008 5333 3235 5405 homini,
3258 5333 3352 5405 qui
3379 5334 3452 5390 sit

1863 5405 2033 5459 nostri
2063 5404 2280 5469 similis,
2321 5405 2593 5468 convenit,
2634 5417 2812 5473 neque
2845 5410 2974 5457 vero
3000 5403 3094 5473 ulli
3119 5402 3452 5462 altericrea~

1864 5481 2018 5547 turre,
2056 5474 2151 5547 sed
2179 5475 2255 5528 illi
2280 5473 2403 5537 soli,
2420 5543 2427 5547 _
2441 5474 2536 5547 qui
2551 5471 2739 5547 etiam
2756 5471 2962 5547 tingere
2988 5471 3188 5547 dicitur
3215 5474 3456 5547 singilla-

1864 5544 1959 5598 tim
1996 5544 2159 5616 corda
2200 5553 2385 5616 nostra
2410 5542 2581 5616 (Psal.
2614 5542 2807 5616 sxsu).
2840 5542 2954 5616 Hoc
2991 5544 3039 5616 si
3074 5543 3283 5616 ita‘est,
3308 5542 3451 5616 quo-

1864 5629 1989 5669 nam
2017 5613 2175 5670 modo
2216 5615 2330 5670 sola
2368 5612 2433 5669 ac
2475 5612 2577 5668 sim

1864 5629 1989 5669 nam
2017 5628 2175 5670 moue
2216 5628 2330 5670 sora
2368 5629 2433 5669 ac
2475 5629 2577 5668 sun
2616 5628 2709 5668 uel
2755 5628 3112 5683 appellatione.
3150 5628 3451 5671 honoratus

1864 5693 1947 5741 est
1968 5684 2304 5755 Emmanuel,
2329 5692 2391 5738 ut
2406 5628 2633 5755 perimfe
2651 5698 2718 5738 ac
2731 5681 2942 5755 Moyses
2963 5683 3259 5755 appelletur
3279 5684 3454 5755 Deus.

1864 5765 1919 5814 et
1945 5771 2052 5813 non
2081 5754 2262 5828 potius
2285 5755 2339 5813 id
2369 5752 2494 5812 vere
2521 5754 2613 5823 sit,
2645 5754 2787 5827 quod
2814 5752 2936 5812 esse
2953 5752 3192 5812 dicitur?
3227 5774 3246 5808 ι
3283 5752 3439 5811 Tom.

2616 5612 2709 5668 liei
2732 5612 3112 5683 appellatione.
3150 5612 3451 5671 honoratus
3542 5672 3549 5677 .
