3968 6180
408 202 505 259 ιιι

1253 202 1314 257 Β.
1356 202 1419 257 F.
1459 201 1683 258 ALle
1722 200 1854 257 SEU
1893 199 2167 259 ALCUINI
2206 200 2492 260 OPERUM
2529 202 2707 261 PARS
2746 202 2832 260 III.

3560 199 3700 287 ne.

405 334 511 389 set,
543 329 598 377 et
625 319 680 375 in
707 317 882 375 forma
919 319 1097 373 Patris
1124 317 1312 389 Filius,
1346 334 1450 389 non
1477 319 1717 389 rapinam
1744 314 1978 389 arbitra-
2007 322 2056 380 Α
2083 308 2240 389 linito
2265 324 2506 389 tempore
2536 317 2603 389 in
2620 325 2853 372 mortem
2878 313 3240 389 contradidit,
3259 312 3393 369 nihil
3440 313 3673 370 interim

405 387 593 450 tuaest
616 407 727 446 esse
762 406 819 463 se
845 389 1098 463 aequalem
1125 388 1254 463 D_e_o,
1302 388 1393 444 sed
1418 387 1645 463 sgipsum
1669 387 1977 463 exinaniat,

325 513 330 524 .
406 464 634 535 formam
659 462 796 535 set-ri
816 456 1208 535 assumensnS‘i
1235 468 1417 515 autem
1445 456 1621 513 factus
1643 465 1727 535 est
1772 456 1977 535 homo,

326 538 329 547 “
406 526 700 600 assumpsit
718 538 899 585 autem
920 537 977 587 et
994 530 1137 586 servi
1162 528 1427 600 formam,
1440 527 1712 600 quomodo
1740 526 1981 582 censebit

405 598 656 674 parvum,
688 608 743 656 et
768 600 1185 674 dispensationis
1234 598 1976 674 rationibus_incon_gr_uum3

405 666 694 745 appellari,
725 678 782 745 et
808 666 928 727 esse
955 670 1274 745 apostolum,
1307 678 1365 726 et
1404 667 1718 745 pontiﬁcem
1733 666 1771 720 ἵ
1791 666 1857 721 Ει
1884 668 1978 737 qui

407 738 720 799 mensuram
760 738 1117 797 humanitatis
1154 749 1355 796 nostra:
1388 738 1496 794 non
1524 738 1845 808 dedignatus
1872 745 1977 803 est,

404 814 675 883 quomodo
735 813 1067 883 repudianda
1122 811 1344 883 duceret
1386 807 1700 883 humana?)
1756 807 1839 883 lit-
1857 815 1983 877 post

404 877 577 954 pauca
605 885 680 939 ita
701 877 879 954 pergit
910 900 923 936 :
973 901 992 933 ι
1021 883 1208 954 Itaque
1258 881 1305 954 si
1348 895 1515 935 unum
1542 879 1729 934 dicunt
1768 877 1936 954 ﬁlium
1961 918 1977 943 ,

405 948 555 1009 nullo
602 948 761 1009 modo
803 948 1211 1023 partientes'iu
1260 952 1426 1023 duos,
1456 964 1623 1023 unum
1672 964 1740 1004 ex
1776 948 1982 1023 semine

406 1025 607 1087 David,
637 1032 692 1079 et
721 1018 885 1077 alium
922 1038 989 1077 ex
1019 1022 1130 1078 Deo
1172 1020 1332 1077 Patre
1379 1019 1657 1084 Verbum;
1709 1018 1981 1088 quomodo

404 1109 512 1149 non
542 1095 740 1149 liedunt
765 1100 1184 1157 sacramentum,
1207 1093 1505 1161 partientes
1524 1088 1981 1161 dispensationem

407 1166 518 1219 Deo
545 1173 600 1219 et
650 1163 891 1218 homini?
927 1163 995 1217 Et
1042 1178 1151 1217 non
1197 1158 1377 1231 potius
1422 1158 1690 1215 unum’et
1732 1158 1977 1231 eumdem

406 1234 576 1289 Deum
606 1242 661 1289 ct
687 1233 959 1289 hominem
987 1248 1107 1288 esse
1140 1228 1347 1297 dicunt,
1376 1238 1437 1286 ut
1482 1230 1592 1285 sint
1615 1230 1811 1299 omnia,
1840 1228 1980 1299 ejus,

404 1313 460 1358 et
494 1320 615 1373 quas
660 1304 873 1369 divina,
925 1311 982 1358 et
1001 1319 1124 1373 qua:
1164 1301 1432 1373 humana!
1469 1298 1608 1373 Nam
1636 1298 1852 1373 quando
1872 1297 1985 1373 ιιιί-

406 1368 558 1443 quid,
581 1374 725 1449 quod
755 1368 923 1449 Deum
946 1368 1181 1428 maxime
1203 1369 1467 1449 decet,__de
1496 1370 1613 1440 ipso
1641 1368 1859 1449 dicitur,
1880 1368 1985 1449 hoc

406 1439 557 1499 certe
576 1439 888 1499 omnimodo
915 1451 971 1497 et
995 1457 1183 1497 verum
1203 1457 1324 1498 esse
1353 1439 1613 1504 dicimus;
1641 1439 1810 1495 Deum
1836 1439 1983 1494 enim

408 1514 585 1583 ipsum
611 1528 734 1583 esse
755 1513 977 1568 scimus.
1008 1513 1077 1583 Et
1119 1512 1165 1583 si
1210 1510 1748 1583 bumane_quiilpiam
1778 1508 2007 1583 dictum-

405 1578 603 1646 fuerit,
642 1582 809 1638 etiam
867 1583 969 1638 hoc
1017 1582 1383 1637 admittemus.
1436 1578 1769 1634 Conﬁtemur
1795 1578 1980 1643 enim,

2082 385 2404 443 incommodi
2424 387 2643 458 propria
2667 396 2859 442 natura
2880 386 3156 458 sustinens
3182 401 3199 439 :
3227 385 3402 455 ipsum
3424 400 3667 454 namque

2081 464 2135 512 et
2155 461 2265 512 vita
2296 465 2399 523 est,
2425 455 2496 512 'et
2528 455 2728 512 caetera
2755 457 2936 512 omnia
2964 455 3247 512 viviﬁcans
3269 463 3354 510 est
3385 472 3399 508 :
3440 469 3667 509 verum-

2081 537 2285 592 tamen,
2323 543 2444 598 quae
2463 527 2646 582 carnis
2671 534 2816 591 sunt,
2840 527 3007 582 veluti
3031 526 3251 596 propria
3267 526 3323 580 in
3347 539 3406 580 se
3432 523 3670 598 transfe-

2081 612 2227 661 rens,
2251 605 2307 652 et
2327 595 2559 669 mortem
2584 612 2919 668 perpessum,
2947 613 3012 669 ac
3037 595 3521 669 resurgens,_quod
3540 605 3668 651 erat

2080 684 2179 738 pro
2202 668 2454 738 omnibus
2478 666 2768 730 mortuum,
2790 668 3009 738 proprio
3046 666 3311 738 sanguine
3361 666 3669 738 humanum

2081 736 2250 808 genus
2268 737 2545 808 expiasse,
2568 746 2625 793 et
2651 736 2915 807 quotquot
2937 753 3035 808 per
3058 736 3547 808 terrarumiorbem
3567 737 3670 792 de-

2081 807 2229 877 gunt,
2263 807 2372 862 Deo
2402 815 2458 878 et
2480 807 2627 862 Patri
2648 807 3000 878 acquisivisSe
3019 808 3237 863 dicitur.
3269 826 3287 860 ι
3324 807 3663 878 Dein,_num.

2082 876 2211 944 ixv,
2239 877 2476 933 ostendit
2505 876 2758 933 meritum
2812 878 3199 948 redemptionis
3223 893 3292 948 ex
3330 892 3396 931 eo
3420 876 3537 932 solo
3563 878 3671 932 ha-

2083 949 2219 1013 beri,
2243 948 2387 1018 quod
2409 948 2524 1018 ipse
2559 948 2727 1003 Filius
2749 947 3199 1004 :eternusizeterni
3225 947 3403 1003 Patris
3430 955 3670 1003 mortem

2082 1018 2138 1073 in
2166 1034 2329 1100 canne
2354 1019 2571 1100 propria
2599 1018 2903 1100 pertulerit.
2939 1038 2961 1070 ‹
2979 1018 3129 1100 Unus
3148 1033 3316 1100 ergo,.
3329 1018 3526 1088 inquit,
3549 1033 3670 1073 om-

2082 1103 2180 1144 nes
2225 1088 2487 1160 dignitate
2522 1088 2905 1159 praestanspro
2931 1089 3184 1144 omnibus
3221 1088 3468 1144 animam
3508 1103 3668 1145 suam

2082 1159 2364 1230 posuit,’et
2406 1160 2733 1230 (economica
2760 1160 2992 1230 quadam
3041 1160 3252 1214 ratione
3300 1172 3521 1214 carnem
3550 1173 3672 1230 _per

2083 1227 2316 1284 mortem
2338 1243 2444 1283 non
2459 1229 2592 1283 nihil
2612 1227 2882 1284 humiliari
2905 1230 3134 1283 sinebat.
3152 1227 3669 1284 Verumsecundum

2083 1298 2361 1369 propriam
2390 1306 2635 1354 naturam
2659 1340 2683 1369 ,ν
2720 1300 2775 1353 in
2803 1314 2963 1368 quam
2990 1299 3171 1355 nullus
3195 1299 3367 1365 dolor,
3390 1297 3547 1369 nulla
3575 1314 3670 1354 ca-

2083 1368 2164 1424 dit
2189 1368 2503 1439 perpessio,
2531 1368 2778 1424 eamdem
2820 1378 3052 1425 mortem
3087 1369 3326 1425 vicissim
3368 1368 3669 1435 destruxit,

2084 1454 2194 1510 quo
2212 1439 2323 1510 hac
2348 1439 2611 1493 nimirum
2645 1439 2852 1494 ratione
2879 1439 3158 1510 corruptio
3184 1441 3239 1494 in
3261 1439 3502 1494 omnium
3544 1454 3671 1510 cor-

2084 1508 2319 1580 poribus
2335 1517 2707 1580 enervaretur,
2734 1508 3058 1580 mortiSque’
3078 1510 3365 1580 imperium
3403 1508 3671 1580 dissolVe—

2086 1577 2258 1635 retur.
2281 1578 2515 1642 Etenim,
2542 1588 2604 1634 ut
2630 1579 2686 1633 in
2729 1577 2902 1634 Adam
2922 1577 3111 1635 omnes
3154 1577 3487 1645 moriuntur,
3533 1578 3615 1635 sic
3638 1594 3672 1634 e

405 1652 551 1722 quod
579 1653 721 1708 Deus
743 1661 827 1707 est
849 1652 1093 1738 in_carne
1117 1659 1174 1707 et
1208 1650 1472 1732 sanguine
1494 1689 1509 1713 ,
1545 1656 1601 1703 et
1619 1648 1981 1738 iin'nianitatis
2011 1678 2060 1738 Β
2087 1649 2365 1705 contrario
2391 1649 2444 1738 iii
2712 1664 2903 1738 omnes
2931 1649 3291 1738 vi‘vificamur.
3315 1648 3500 1738 Neque
3520 1648 3675 1704 enim

405 1717 718 1778 mensuram
766 1737 867 1791 per
918 1722 1155 1792 humana
1202 1717 1566 1792 agnoscimus.
1619 1717 1782 1792 Miliia
1834 1718 1979 1792 enim

406 1793 632 1873 millium
663 1788 973 1873 sanctorum
994 1788 1306 1873 angelorum
1332 1788 1651 1873 ministrant
1672 1789 1747 1854 ei,
1762 1794 1822 1873 et
1852 1788 1987 1873 divi-

406 1878 535 1917 num
568 1863 685 1933 ejus
728 1863 983 1933 thronum
1032 1856 1389 1917 circumstant
1437 1859 1731 1933 serapbim.
1759 1856 1988 1933 Quando

407 1926 614 1989 autem'
628 1930 801 1987 factus
829 1940 914 1987 est
952 1932 1135 1996 homo,
1166 1936 1393 1987 vocatus
1420 1938 1506 1984 est
1527 1926 1692 1985 etiam
1715 1926 1983 1998 pontifex,

408 2018 517 2083 non
549 2003 692 2083 quod
717 2011 975 2083 tanquam
1003 2002 1344 2083 niajonipen
1367 1998 1590 2083 offerret
1635 1996 1985 2083 sanrilieium,

406 2073 504 2128 sed
532 2066 676 2142 quod
702 2073 804 2127 sibi
828 2066 936 2142 ipsi
960 2080 1019 2127 et
1044 2066 1190 2126 Patri
1210 2070 1339 2142 ﬁdei
1365 2078 1568 2125 nostra:
1589 2066 1985 2142 confessionem

411 2137 745 2211 procuraret.
790 2137 1029 2197 Audiens
1079 2141 1223 2211 quod
1250 2141 1447 2211 dictus
1470 2147 1556 2211 est
1580 2137 1837 2211 sacerdos
1862 2153 1987 2207 pro-

406 2207 527 2282 pter
556 2212 969 2277 humanitatem,
998 2207 1277 2267 erubescis
1294 2209 1561 2282 ?_Deinde
1584 2207 1854 2282 quomodo
1878 2223 1987 2262 non

410 2278 813 2352 admiratuses,
846 2282 991 2352 quod
1012 2297 1121 2337 non
1148 2280 1454 2352 secundum
1473 2278 1819 2352 sacerdotum
1845 2293 1984 2352 _lil0:

409 2367 547 2416 rem,
571 2351 727 2406 alteri
753 2347 1005 2407 detulerit
1050 2351 1304 2407 sacriﬁcii
1334 2349 1582 2412 modum;
1637 2347 1731 2403 sed
1757 2348 1859 2403 sibi
1883 2347 1987 2417 ipsi

408 2422 590 2491 potius
612 2430 670 2477 et
700 2421 880 2487 Patri,
910 2431 970 2476 ut
1018 2421 1173 2477 dixi?
1224 2420 1451 2491 Quando
1485 2418 1653 2481 dicis,
1689 2417 1987 2491 indignum

408 2486 533 2546 esse
564 2491 705 2555 Deo,
742 2500 802 2545 ut
821 2486 1124 2555 sacriﬁcet,
1156 2486 1416 2558 astipulor
1453 2495 1511 2542 et
1532 2502 1650 2558 ego.
1684 2486 1792 2558 Sed
1818 2486 1865 2541 Si
1899 2501 1987 2541 so-

408 2560 523 2616 lum
550 2569 713 2625 esset,
741 2569 797 2614 et
829 2562 1033 2630 absque
1056 2575 1220 2615 carne
1249 2556 1505 2630 Verbum,
1541 2556 1689 2611 recte
1716 2556 1938 2630 diceres
1966 2571 1983 2610 :

408 2638 468 2684 at
494 2645 640 2691 vero,
673 2630 800 2701 quia
830 2625 1030 2701 factum
1057 2637 1141 2685 est
1161 2644 1324 2701 caro,
1348 2627 1470 2701 vide
1495 2636 1552 2701 et
1591 2625 1986 2701 sacriﬁcantem

408 2694 1078 2779 propter_humanitatem;
1107 2699 1252 2779 e_t_in
1276 2696 1631 2779 dignitatibus
1654 2694 1988 2779 ultrancrea-

408 2766 588 2823 turam
609 2770 749 2825 sicut
769 2768 938 2825 Deum
961 2787 973 2823 :
1001 2769 1246 2825 considet
1268 2766 1412 2822 enim
1434 2782 1560 2823 cum
1592 2767 1704 2821 Deo
1729 2773 1783 2820 et
1800 2766 1983 2821 Patre.

410 2838 596 2910 Itaque
620 2848 678 2894 et
699 2839 817 2895 vide
839 2840 1016 2910 ipsum
1036 2836 1772 2910 sacriﬁcantem_secundnm.
1789 2837 1982 2910 huma-

408 2905 669 2975 nitatem,
715 2905 1080 2965 considentem
1111 2917 1293 2965 autem
1340 2917 1403 2962 ut
1441 2907 1631 2963 Deum.
1674 2905 1813 2973 Quid
1839 2907 1984 2961 enim

409 2978 543 3034 dicit
568 2980 759 3035 beatus
784 2980 1022 3035 Paulus?
1044 2979 1222 3035 Talem
1242 2978 1492 3033 habemus
1518 2977 1816 3046 pontificem
1836 3018 1850 3041 ,
1894 2977 1986 3046 qui

409 2994 543 3034 dicit
571 2994 759 3035 beatus
785 2994 1022 3035 Paulus!
1044 2994 1222 3035 ratem
1242 2994 1551 3101 navemus:

407 3049 641 3120 (nusedit
686 3051 743 3120 in
778 3049 994 3105 dextera
1039 3050 1213 3105 throni
1261 3048 1495 3120 magnitn
1540 3048 1553 3100 ἱ

409 3117 597 3191 (Ηεὺρ
628 3118 773 3191 vtu).
807 3120 1052 3176 Scientes
1096 3120 1262 3191 igitur
1299 3116 1444 3189 quod
1469 3116 1648 3191 factus
1669 3125 1767 3191 est
1799 3118 1981 3191 homo,

404 3204 531 3243 cum
547 3188 707 3262 Deus
732 3187 883 3247 esset
910 3191 1017 3262 (est
1043 3187 1225 3262 autem
1251 3187 1389 3262 unus
1411 3195 1471 3242 et
1497 3187 1638 3262 idem
1669 3187 1879 3262 Filius),
1906 3188 1983 3262 illi

409 3259 594 3313 omnia
616 3257 945 3326 tribuemus,
982 3269 1044 3315 ut
1085 3261 1208 3326 uni;
1257 3267 1315 3314 et
1340 3257 1757 3328 dispensationis
1797 3257 1985 3328 modos

411 3343 521 3400 non
538 3328 926 3400 ignorabimus,
950 3329 1292 3400 cogitationis
1312 3326 1661 3395 vim—semper
1682 3326 1905 3400 provide
1931 3335 1986 3381 et

410 3395 774 3522 ξιιὲξξιέεὲἓῖι
796 3395 1161 3522 (ἐιέθόὶθιιῖίιιιιι
1189 3397 1307 3467 ejus
1329 3395 1731 3453 convertentes.
1769 3416 1788 3449 ι
1827 3395 1981 3453 Τοιιι.

558 3483 592 3520 ιι
630 3506 646 3521 .
760 3508 772 3521 .
872 3507 886 3522 .
1090 3490 1099 3493 -

520 3482 646 3521 onc.
670 3469 772 3522 col.
798 3469 886 3523 66.
1090 3490 1099 3493 -

483 3536 575 3609 XI.
590 3606 600 3609 Α
614 3535 835 3609 Falsum
854 3554 970 3609 esse
989 3538 1117 3592 dicit
1144 3536 1285 3609 quod
1320 3535 1550 3592 Verbum
1573 3536 1629 3590 in
1649 3544 1842 3591 natura
1860 3554 1986 3607 pro-

405 3606 528 3675 pria
555 3606 622 3660 sit
646 3607 910 3676 passibile,
935 3609 983 3662 si
1012 3609 1069 3662 in
1110 3606 1301 3662 natura
1327 3616 1600 3674 assumpta
1628 3622 1843 3676 passum
1864 3606 1985 3662 sta-

407 3624 528 3675 pria
555 3624 622 3660 su
681 3624 910 3673 asswue,
935 3625 983 3662 si
1012 3625 1069 3662 ιη
1110 3624 1301 3662 natura
1327 3624 1600 3674 assumpta
1628 3624 1843 3676 passum
1876 3624 1984 3662 sta-

407 3683 612 3729 tuatur.
632 3624 774 3741 ὅαίη
794 3677 868 3730 ait
886 3678 1096 3733 omnino
1118 3693 1321 3732 necesse
1347 3692 1457 3731 esse
1481 3684 1536 3728 ut
1556 3676 1728 3746 ipsum
1756 3675 1984 3739 Verbum

403 3760 504 3814 pro
538 3746 686 3799 nobis
715 3756 977 3802 mortuum
999 3764 1110 3802 esse
1123 3756 1413 3812 asseratur,
1431 3761 1550 3799 cum
1571 3761 1719 3800 secus
1740 3748 1985 3801 meritum

405 3814 784 3889 satisinctiouis
808 3817 1088 3889 subsistere
1116 3827 1355 3889 nequeat.
1387 3845 1460 3889 -ς-
1495 3814 1631 3889 Cum
1658 3831 1789 3871 vero
1817 3817 1985 3889 insta-

409 3884 881 3958 rent’Nestoriani,
910 3884 1289 3958 dicerentque,
1314 3885 1678 3958 ex_doct_rina,
1703 3901 1812 3958 qua
1834 3887 1985 3943 Chri-

406 3961 550 4028 stus,
572 3956 736 4011 etiam
761 3966 821 4011 ut
843 3948 1027 4023 homo,
1054 3948 1217 4014 verus
1234 3948 1355 4014 esse
1381 3948 1835 4028 Deus'statuitur,
1861 3973 1983 4028 pas-

408 4023 642 4091 sionem,
672 4034 922 4099 mortem,
949 4028 1199 4099 aliasque
1217 4029 1467 4099 humanae
1513 4034 1727 4099 natura;
1740 4023 1983 4099 inﬁrmi-

406 4101 585 4166 tates,
602 4110 697 4166 seu
728 4096 1162 4166 imperfectiones
1177 4096 1445 4153 divinitati
1461 4097 1680 4166 ascribi,
1713 4097 1980 4153 Verbum-

403 4178 515 4248 que
536 4163 777 4248 divinum
796 4163 1051 4248 passibile
1068 4168 1195 4248 dici,
1214 4167 1454 4248 reposuit
1473 4165 1729 4248 Cyrillus,
1756 4167 1983 4248 inﬁmi-

410 4234 814 4307 pturisubiqué
834 4237 958 4307 legi,
980 4238 1123 4307 quod
1145 4234 1307 4294 Pater
1326 4234 1563 4307 cmlestis
1585 4236 1759 4306 ipsum
1786 4237 1983 4293 Filium

408 4318 480 4378 ex
509 4319 569 4378 se
604 4305 674 4360 ab
697 4305 908 4378 interno
918 4305 1175 4378 genitum
1216 4308 1366 4378 hisce
1390 4305 1642 4361 omnibus
1677 4308 1978 4374 tradiderit,

1559 3047 1638 3102 nis
1665 3037 1724 3101 in
1768 3037 1984 3102 excelsis
2010 3037 2058 3100 C

2088 1734 2153 1774 ea
2199 1734 2320 1788 qua:
2358 1719 2427 1774 ad
2452 1719 2679 1775 salutem
2709 1727 2952 1788 nostram
2983 1706 3209 1785 faciunt,
3244 1706 3540 1775 secundum
3565 1733 3669 1774 na-

2086 1787 2265 1843 turain
2307 1788 2547 1844 divinam
2593 1787 2939 1859 perfecisset,
2990 1789 3037 1845 si
3084 1790 3391 1847 secundum
3416 1799 3679 1844 naturam

2085 1861 2379 1914 humanam
2429 1866 2661 1915 mortem
2710 1860 2883 1914 nostri
2935 1874 3099 1915 causa
3138 1875 3244 1915 non
3295 1859 3670 1915 sustinuisset.

2086 1929 2341 1985 Traditur
2361 1944 2592 2001 namque
2625 1938 2854 2001 mortem
2873 1931 3051 2001 primo
3071 1930 3361 2000 oppetiisse
3392 1937 3451 1984 ut
3468 1930 3673 2001 homo;

2086 2003 2214 2082 niox
2238 2014 2483 2082 vero_p_er
2520 2000 2599 2082 id.1
2611 2000 2763 2082 quod
2785 2000 2889 2055 sua
2901 2008 3094 2082 natura
3115 2009 3200 2056 est
3223 2001 3387 2082 bsus,
3418 2001 3474 2082 in
3494 2000 3679 2082 vitam

2085 2068 2264 2125 denuo
2291 2068 2531 2125 rediisse.
2567 2069 2624 2124 Si
2642 2068 2812 2140 igitur
2837 2079 3069 2125 mortem
3091 2071 3389 2126 secundum
3418 2070 3675 2140 Scriptu-

2086 2155 2431 2211 rascorpore
2458 2154 2565 2195 non
2595 2140 2850 2211 pertulit,
2891 2155 3067 2211 neque
3111 2141 3306 2210 spiritu
3364 2140 3677 2195 viviﬁcatus

2086 2210 2285 2265 revixit
2305 2224 2540 2281 quoque.
2572 2210 2725 2277 Quod
2750 2210 2797 2265 si
2826 2225 2956 2267 vero
2980 2210 3055 2266 ’in
3080 2211 3249 2265 vitam
3275 2227 3383 2268 non
3411 2225 3670 2265 resurre-

2085 2289 2197 2344 xit,
2251 2281 2384 2336 ﬁdes
2411 2288 2596 2337 nostra
2628 2296 2763 2335 vana
2789 2291 2894 2345 est,
2925 2289 2981 2336 et
3004 2282 3059 2335 in
3101 2281 3340 2345 peccatis
3365 2282 3671 2336 etiamnum

2086 2349 2282 2421 sepulti
2304 2348 2566 2417 iacemus.
2598 2349 2734 2405 Nam
2759 2349 2911 2418 iuxta
2938 2352 3081 2406 beati
3102 2348 3259 2407 Pauli
3284 2350 3588 2408 doctrinam
3613 2352 3675 2405 in

2085 2428 2317 2493 mortem
2346 2421 2489 2476 illius
2530 2421 2792 2493 baptizati
2828 2436 3046 2493 sumus;
3076 2430 3674 2493 peccatorumquam-

2086 2490 2396 2545 missionem
2418 2506 2518 2561 per
2535 2488 2852 2561 sanguinem
2877 2492 3021 2547 illius
3041 2488 3393 2548 obtinuimus.
3419 2510 3438 2543 ι
3466 2488 3674 2546 Eadem

2086 2569 2244 2631 urget
2277 2569 2333 2615 et
2358 2560 2508 2615 num.
2560 2561 2663 2626 26,
2695 2560 2933 2632 dicitque
2970 2571 3202 2617 mortem
3241 2562 3549 2617 nullatenus
3576 2561 3676 2616 de-

2086 2638 2366 2694 structam,
2402 2639 2514 2694 aut,
2544 2632 2688 2702 quod
2710 2631 2858 2687 idem
2881 2640 2985 2697 est,
3008 2632 3431 2688 satisfactionem
3453 2632 3674 2702 plenam

2083 2715 2184 2772 pro
2198 2701 2450 2772 peccatis
2473 2702 2674 2757 nostris
2700 2702 3000 2772 praestitam
3042 2719 3150 2759 non
3178 2718 3322 2768 esse,
3354 2701 3463 2756 nisi
3489 2702 3675 2772 ipsum

2087 2770 2324 2826 Verbum
2345 2771 2586 2826 divinum
2618 2770 2845 2827 mortem
2870 2788 2970 2829 pro
2999 2773 3155 2829 nobis
3182 2773 3236 2827 in
3263 2788 3428 2829 carne
3457 2770 3674 2827 assum—

2084 2848 2176 2911 pta
2222 2840 2505 2914 tolerasse;
2521 2850 2811 2914 statuatur.
2857 2840 2937 2898 En
2966 2843 3099 2914 ejus
3125 2845 3289 2899 verba
3320 2857 3335 2897 :
3374 2861 3392 2893 ι
3422 2840 3595 2898 Porro
3622 2840 3673 2896 si

2085 2925 2260 2983 neque
2287 2926 2448 2983 verus
2480 2911 2574 2967 Dei
2620 2912 2790 2968 Filius
2825 2921 2909 2968 est
2951 2911 3236 2979 Christus,
3268 2928 3443 2983 neque
3466 2920 3670 2967 natura

2087 2980 2250 3055 Dens,
2282 2982 2375 3055 sed
2402 2997 2554 3055 teque
2580 2997 2644 3037 ac
2672 2997 2772 3038 nos
2798 2983 2932 3038 nihil
2957 2984 3128 3049 aliud,
3164 3000 3325 3055 quam
3356 2980 3546 3055 homu,
3575 2990 3674 3036 aut

2088 3051 2383 3125 divinitatis
2440 3053 2887 3125 instrumentum;
2945 3051 3287 3125 nequaquam
3337 3069 3445 3125 per
3487 3052 3667 3125 Deum

2086 3121 2310 3195 salutem
2347 3124 2620 3195 consecuti
2652 3138 2870 3190 sumus;
2906 3124 3001 3180 sed
3030 3121 3127 3195 per
3144 3121 3307 3190 eum,
3338 3121 3453 3195 'qui
3495 3121 3672 3178 nostri

2085 3190 2276 3245 similis
2303 3194 2473 3248 nostri
2519 3208 2679 3265 causa
2727 3203 3005 3265 mortuus,
3030 3190 3361 3265 alteriusque
3376 3190 3591 3248 'virtute
3615 3201 3675 3247 et

2082 3269 2348 3335 potestate
2377 3263 2731 3335 resuscitatus
2756 3274 2869 3335 est.
2903 3263 3181 3331 Quomodo
3212 3263 3344 3335 ergo
3369 3280 3519 3319 mors
3568 3278 3674 3333 per

2084 3332 2361 3405 Christum
2404 3334 2635 3405 devicta
2661 3334 2892 3389 dicitur?
2936 3332 3427 3405 AtqueChri'stum
3463 3334 3531 3405 de
3570 3332 3674 3389 Sua

2084 3401 2265 3456 anima
2292 3402 2362 3473 ita
2387 3403 2828 3473 pronuntiantem
2855 3401 3070 3461 audio}
3118 3404 3289 3459 Nemo
3309 3403 3444 3459 tollit
3463 3403 3615 3458 illam
3636 3422 3674 3458 a

2084 3487 2185 3535 me,
2227 3472 2319 3546 sed
2339 3472 2432 3543 ego
2460 3489 2598 3545 pono
2635 3490 2753 3528 eam
2783 3492 2817 3528 a
2846 3492 2957 3546 me;
2994 3484 3301 3546 potestatem
3335 3476 3473 3529 enim
3493 3473 3674 3546 balteo

2081 3541 2308 3612 ponendi
2322 3541 2470 3603 eam.
2480 3553 2529 3597 et
2546 3552 2850 3612 potestatem
2868 3541 3032 3600 habeo
3049 3561 3260 3599 rursum
3284 3544 3523 3599 sumendi
3544 3560 3674 3598 eam

2082 3609 2268 3735 Sloan.
2285 3628 2339 3674 χ,
2366 3612 2476 3684 18).
2502 3609 2603 3681 Qui
2617 3614 2763 3668 enim
2783 3623 3013 3671 mortem
3036 3615 3333 3680 nesciebat,
3361 3615 3451 3670 ille
3473 3628 3677 3670 secun-

2121 3696 2210 3734 um
2237 3684 2510 3735 nrooriam
2541 3700 2761 3735 carnem
2788 3684 2843 3735 in
2865 3693 3094 3735 mortem
3124 3686 3376 3735 omnibus
3421 3699 3677 3735 commu-

2121 3696 2210 3734 um
2237 3684 2510 3809 proniiam
2541 3700 2761 3739 carnem
2788 3684 2843 3739 in
2865 3693 3094 3741 mortem
3124 3686 3376 3740 omnibus
3421 3699 3677 3740 commu-

2122 3765 2207 3806 em
2231 3767 2289 3806 se
2310 3768 2340 3807 a
2377 3751 2525 3809 iecit.
2549 3770 2659 3809 duo
2695 3762 2751 3807 et
2788 3770 2889 3809 nos
2912 3770 3126 3809 auoaue
3167 3771 3275 3809 una
3321 3771 3445 3809 cum
3476 3756 3570 3809 illo
3597 3757 3672 3809 ad

2084 3765 2207 3826 nem
2231 3767 2289 3806 se
2310 3756 2525 3822 abjecit,
2549 3770 2659 3825 quo
2695 3762 2751 3826 ei
2788 3770 2889 3826 nos
2912 3770 3126 3826 quoque
3167 3771 3275 3811 una
3321 3771 3445 3811 cum
3476 3756 3570 3826 ilio
3597 3757 3672 3812 ad

2084 3821 2250 3876 vitam
2273 3821 2698 3896 resurgeremus.
2716 3821 3092 3881 Revixit'eniin
3113 3825 3429 3896 despoliatis
3449 3824 3672 3892 inferis,

2083 3907 2191 3947 non
2215 3900 2276 3947 ιιι
2290 3902 2488 3949 nostra:
2503 3895 2829 3950 conditionis
2857 3897 3039 3960 homo,
3064 3897 3159 3952 sed
3178 3895 3238 3950 ιιι
3260 3895 3402 3951 Deus
3418 3897 3472 3951 in
3498 3912 3674 3953 carne

2082 3962 2361 4037 nobiscum
2382 3972 2437 4019 et
2462 3979 2628 4037 supra
2666 3980 2783 4020 nos.
2810 3963 3057 4037 Obtinuit
3094 3974 3275 4037 autem
3304 3966 3359 4021 in
3402 3968 3519 4037 ipso
3546 3976 3676 4022 tan-

2082 4047 2245 4101 quam
2275 4034 2330 4089 in
2356 4033 2545 4106 capite
2565 4034 3049 4106 incorruptionem.
3092 4036 3337 4093 Contrita
3386 4033 3471 4091 est
3515 4053 3674 4093 mors

2082 4118 2327 4178 quoque,
2355 4104 2493 4178 dum
2512 4105 2747 4178 corpori,
2773 4104 2916 4178 quod
2943 4107 3112 4178 ipsius
3136 4108 3262 4178 vitae
3289 4107 3673 4178 erat,ghostili-

2084 4180 2166 4254 ter
2191 4173 2432 4254 insultat.
2459 4173 3092 4254 Quemadmodnmenim
3131 4177 3219 4231 illa
3240 4191 3347 4254 per
3372 4177 3545 4254 A_dam
3573 4179 3671 4254 vi:

2083 4244 2174 4307 cit,
2207 4244 2279 4298 ita
2328 4259 2428 4307 per
2465 4244 2739 4301 Christum
2769 4245 3036 4302 debellata
3073 4244 3302 4303 corruit.
3336 4266 3355 4299 ι
3402 4246 3559 4301 Tom.
3591 4246 3672 4304 ιγ

2082 4313 2246 4388 gone.
2273 4313 2375 4369 col.
2414 4313 2518 4369 614
2538 4324 2593 4388 et
2622 4314 2708 4371 15.
2737 4315 2977 4388 Ulterius
3010 4331 3078 4371 ex
3098 4317 3287 4388 verbis
3311 4316 3555 4388 Apostoli
3593 4319 3670 4372 ad

405 4373 708 4458 feceritque
733 4373 1025 4432 obnoxium
1051 4392 1065 4441 ;
1106 4376 1296 4447 negari
1324 4376 1544 4457 insuper:
1580 4378 1866 4458 veritatem
1893 4373 1975 4433 in;
2004 4391 2054 4451 ι)
2076 4382 2446 4454 Philippenses
2477 4400 2491 4439 :
2522 4384 2626 4451 Qui
2658 4373 2776 4440 cum
2805 4388 2859 4441 in
2873 4386 3055 4511 [arma
3085 4387 3182 4441 Dei
3210 4373 3374 4442 esset:
3393 4427 3406 4441 .
3435 4428 3449 4441 .
3477 4388 3665 4441 humi-

405 4451 740 4500 carnattonts
764 4485 780 4511 ,
821 4460 885 4501 ac
909 4447 1162 4502 meritum
1193 4446 1594 4511 redemptionis,
1630 4447 1736 4501 nisi
1779 4448 1975 4503 admit—
2080 4452 2226 4508 liavit
2252 4456 2616 4511 semetipsum.
2642 4455 2812 4511 factus
2839 4473 2869 4511 ο
2905 4457 3080 4511 edieus
3117 4475 3281 4511 usque
3309 4459 3378 4511 ad
3416 4467 3665 4511 mortem.

404 4445 740 4516 carnationis
764 4485 780 4511 ,
821 4460 885 4501 ac
909 4447 1162 4502 meritum
1184 4445 1594 4516 redemptionis,
1630 4447 1736 4501 nisi
1779 4448 1975 4503 admit-

407 4522 557 4587 tatur
594 4515 832 4587 Verbum
878 4515 1116 4572 divinum
1168 4517 1271 4572 ista
1322 4515 1662 4587 incorpore,
1712 4517 1855 4586 quod
1879 4533 1977 4587 per

407 4583 668 4657 unionem
695 4586 797 4657 sibi
822 4586 1051 4643 reddidit
1072 4586 1373 4657 preprium,
1398 4583 1749 4657 sustinuissei
1777 4583 1976 4643 exinde

406 4662 590 4708 tamen
616 4655 746 4711 illud
773 4664 881 4711 tam
898 4655 1087 4726 parum
1107 4655 1334 4713 mortale
1364 4656 1573 4711 censeri
1603 4671 1780 4726 posse,
1813 4672 1976 4726 quam

405 4737 601 4799 parum
636 4727 881 4799 mortalis
909 4728 981 4783 sit
1009 4728 1208 4799 anima,
1232 4728 1366 4799 licet
1408 4734 1636 4799 mortem
1672 4727 1978 4799 incorpore

444 4792 664 4869 aliatur.
695 4814 714 4847 ι
746 4796 945 4869 Verum
969 4813 1076 4867 quo
1099 4792 1312 4869 planius
1340 4795 1625 4869 liat‘(aitin
1655 4792 1882 4868 cpistola
1908 4799 1977 4855 ad

409 4865 700 4944 Monacbos
722 4865 962 4938 Egypti,
988 4865 1150 4922 'num.
1178 4868 1268 4940 24)
1308 4866 1450 4944 quod
1471 4865 1704 4944 dicitur;
1746 4884 1883 4944 age,
1922 4879 1978 4925 et

406 4937 463 4987 in
500 4943 754 5008 nostram
805 4951 1020 5007 quoque
1067 4937 1297 4994 mortem
1338 4937 1701 5008 inquiramus,
1734 4937 1976 5008 ejnsdem

407 5005 673 5080 rationem
690 5005 945 5080 accurate
959 5008 1386 5063 consideremus.
1410 5005 1663 5080 Nunquid
1682 5005 1812 5080 ergo
1832 5025 1975 5064 mor-

404 5077 594 5131 talium
620 5078 888 5147 quispiam
920 5092 1052 5133 sana
1080 5086 1259 5133 mente
1286 5078 1618 5149 utens,__dum
1644 5077 1842 5149 corpus
1872 5080 1975 5136 hoc

404 5152 680 5220 terrenum
710 5149 1091 5220 exstinguitur,
1143 5163 1400 5220 unacum
1432 5147 1535 5220 illo
1563 5147 1973 5220 ipsaquuoque

405 5215 642 5291 animam
668 5215 937 5291 exstingui
970 5220 1181 5275 credit?
1218 5218 1335 5274 Non
1358 5215 1633 5284 existimo,
1662 5219 1748 5285 vel
1768 5215 1868 5291 uni
1886 5215 1970 5275 'ex

404 5285 655 5361 omnibus
680 5288 733 5344 id
761 5285 882 5346 esse
908 5304 1225 5361 persuasum
1257 5308 1270 5344 :
1307 5296 1363 5343 et
1392 5296 1591 5361 tamen,
1640 5289 1782 5361 quod
1827 5306 1975 5345 com-

405 5355 642 5410 muniter
665 5355 927 5416 accidere"
956 5360 1124 5426 solet,
1179 5375 1287 5416 non
1318 5359 1581 5428 corporis,
1619 5355 1713 5413 sed
1740 5360 1974 5416 hominis

404 5437 556 5479 mors
586 5428 901 5550 apEellalur.
934 5430 1017 5486 Ad
1052 5446 1176 5485 eum
1202 5432 1382 5501 itaque
1408 5428 1626 5483 modum
1660 5429 1807 5484 etde
1858 5431 1975 5500 ipso

404 5507 619 5550 quoque
693 5501 992 5550 mmanuele
1014 5510 1222 5550 statuas
1251 5500 1394 5550 licet.
1422 5500 1553 5550 Erat
1573 5499 1718 5550 enim
1740 5499 1972 5550 Verbum

403 5507 619 5574 quoque
645 5499 992 5574 Emmanuele
1014 5510 1222 5557 statuas
1250 5499 1394 5555 licet.
1421 5500 1553 5554 Erat
1573 5499 1718 5554 enim
1740 5499 1972 5574 Verbum

403 5566 458 5617 in
485 5578 582 5639 eo,_
602 5566 745 5635 quod
774 5583 840 5623 ex
865 5570 1089 5625 muliere
1111 5578 1420 5639 susceptum
1457 5577 1606 5633 erat,
1633 5576 1889 5638 tanquam
1919 5573 1973 5627 in

402 5636 620 5707 proprio
643 5653 892 5709 corpore;
919 5640 1019 5698 hoc
1052 5640 1225 5712 ipsum
1250 5636 1427 5695 autem
1440 5653 1634 5709 corpus
1647 5636 1813 5712 98's
1840 5644 1973 5712 prae-

2080 4452 2234 4508 liavit‘
2252 4452 2583 4526 semetipsum
2601 4496 2616 4521 ,
2641 4455 2812 4529 factus
2839 4452 3080 4529 obedieus
3117 4475 3281 4529 usque
3309 4459 3378 4529 ad
3408 4467 3670 4529 mortem,

2080 4533 2298 4599 mortem
2327 4534 2502 4599 autem
2529 4526 2733 4592 crucis,
2767 4528 3116 4599 etc.,_probat
3140 4526 3317 4599 ipsum
3340 4528 3531 4599 Filium
3562 4543 3670 4583 seu

2080 4592 2317 4647 Verbum
2343 4593 2584 4649 divinum
2629 4605 2861 4651 mortem
2894 4592 2949 4651 in
2982 4592 3289 4653 forma'sibi
3320 4598 3469 4652 unita
3496 4600 3672 4654 susti-

2081 4662 2285 4729 nuisse,
2308 4672 2365 4737 ει
2389 4664 2535 4737 Patri
2566 4665 2620 4719 in
2648 4682 2865 4723 crucem
2888 4682 3058 4737 usque
3083 4669 3421 4723 obedientem
3456 4668 3667 4724 factum

2081 4747 2223 4809 esse.
2271 4752 2289 4784 ι
2313 4732 2616 4809 ‘Considera
2641 4736 2809 4809 igitur
2859 4732 3057 4809 (inquit
3085 4738 3180 4793 lib.
3208 4754 3245 4809 γ
3272 4739 3531 4794 adversus
3553 4738 3667 4794 Ne-

2085 4802 2331 4876 storium)
2367 4813 2437 4876 ut
2467 4805 2535 4870 is,
2566 4802 2738 4876 quiin
2766 4802 3063 4862 forma'Dci
3110 4818 3166 4863 et
3207 4807 3385 4864 Patris
3409 4816 3545 4870 erat,
3600 4818 3672 4866 ut

2079 4882 2204 4941 pote
2227 4873 2387 4951 Deus,
2409 4875 2498 4930 ille
2524 4873 2810 4951 character
2831 4886 2887 4932 et
2925 4877 3095 4949 ﬁgura
3124 4879 3442 4951 substantiae
3496 4879 3620 4951 ejus
3641 4922 3659 4943 ,

2079 4951 2134 5019 et
2153 4945 2245 5019 qui
2272 4945 2420 5000 nullo
2454 4947 2626 5019 modo
2644 4949 2823 5002 minor
2841 4945 2987 5012 erat,
3005 4964 3127 5003 cum
3151 4964 3250 5019 per
3263 4949 3446 5004 omnia
3472 4945 3562 5015 sit,
3603 4961 3669 5007 et

2080 5013 2412 5096 intéliigatur
2437 5016 2682 5087 :cqualis,
2702 5019 3084 5096 _exi_nan_iverit
3111 5013 3487 5096 semetipsum,
3518 5013 3572 5075 et
3604 5022 3666 5096 in

2079 5084 2436 5166 humilitatem
2460 5084 2651 5166 sponte
2685 5089 2983 5144 demiserit.
3013 5087 3132 5166 Jarn
3154 5084 3504 5166 quisnam‘sit
3531 5092 3664 5166 exi-

2078 5156 2372 5235 nanitionis
2400 5156 2610 5223 modus,
2640 5156 3354 5235 expone,_quomodo'etiam
3376 5162 3452 5235 sit
3480 5162 3667 5217 humi-

2078 5222 2260 5299 liatus,
2285 5225 2515 5299 formam
2544 5229 2686 5282 servi
2711 5222 3006 5299 accipiens,
3041 5239 3097 5284 et
3125 5236 3297 5298 usque
3324 5232 3394 5285 ad
3424 5243 3666 5288 mortem

2074 5292 2251 5349 factus
2277 5296 2553 5363 obedicns,
2585 5307 2814 5354 mortem
2834 5292 3035 5352 'autem
3068 5292 3266 5355 crucis.
3309 5300 3390 5354 An
3437 5318 3542 5357 non
3573 5313 3669 5359 est

2074 5365 2324 5438 omnibus
2346 5367 2567 5422 evidens
2595 5368 2648 5422 id
2677 5369 2970 5434 humiliari,
2992 5370 3136 5438 quod
3165 5370 3396 5425 sublime
3424 5373 3515 5437 sit,
3546 5388 3665 5429 non

2074 5434 2216 5502 quod
2239 5435 2564 5492 intrinsecus
2585 5447 2639 5492 et
2662 5455 2729 5495 ex
2766 5448 2958 5494 natura
2982 5434 3308 5494 submissum
3327 5449 3381 5495 et
3407 5434 3655 5499 humile?

2075 5503 2154 5591 id,
2182 5505 2486 5591 nisiofallnn,
2511 5509 2805 5591 Insinanini,
2831 5510 2972 5580 quod
2994 5509 3213 5591 plenum
3250 5510 3346 5591 sit,
3377 5521 3431 5591 et
3454 5512 3665 5569 nullius

2076 5574 2154 5628 rei
2203 5574 2470 5649 indigeat?
2510 5577 2642 5649 Illud
2689 5574 2865 5634 etiam'
2894 5574 3143 5648 accipere
3195 5582 3339 5635 servi
3376 5580 3613 5638 formam
3646 5626 3663 5649 ,

2078 5643 2221 5709 quod
2264 5643 2387 5704 ante
2416 5648 2566 5703 illam
2594 5648 2757 5706 fuerit
2786 5643 3081 5707 secundum
3112 5658 3361 5712 naturam
3385 5643 3667 5709 liberum?
