3968 6180
221 260 308 314 ιιδ

840 262 1208 319 ENIiUEBER
1248 265 1558 323 DISSERT.
1600 265 1686 322 DE
1725 266 1760 321 Il

1861 266 2001 324 RES]
2040 265 2352 323 ELIPANDI
2392 267 2484 322 ET
2517 267 2794 326 FEUCIS.

3347 278 3380 332 4
3391 276 3458 333 ﬂ

204 374 355 456 Illum
405 372 575 458 etiam
614 372 903 458 hominem
937 375 1194 458 innv'eniizi,
1257 380 1439 458 quiid
1478 394 1582 436 non
1625 389 1773 449 erat,
1803 387 1850 443 Α
1879 383 2211 458 revelantem
2261 381 2342 458 eis
2377 380 2639 458 Spiritum
2691 392 2974 458 sanctnm,
3035 389 3159 458 quia
3190 390 3451 456 Verbum,

242 443 518 512 riusquam
540 450 687 497 esset
726 442 1015 500 inventus?
1050 442 1187 513 Quis
1208 442 1337 520 ergo
1366 449 1453 504 ille
1476 460 1559 506 est
1587 442 1780 507 secuti;

206 463 329 569 dum
364 520 620 567 naturam
642 512 913 569 sublimis.
950 517 1041 569 aui
1060 518 1297 569 seinsum
1320 520 1387 569 ad
1411 520 1776 569 humilitatem

238 529 329 588 um
355 520 620 588 natnram
642 512 913 588 sublimis,
950 517 1041 585 qui
1060 512 1298 588 δείρειιηῖ
1320 520 1387 574 ad
1411 520 1776 575 humilitatem

203 581 437 650 deiecit?
460 581 595 653 Quis
617 583 784 653 etiam
806 581 1018 653 plenus,
1040 595 1101 641 ut
1119 581 1426 645 e'xinanitus
1440 604 1561 646 esse
1584 591 1780 646 intelli-

203 653 396 724 gatur?
443 652 578 719 Quis
609 652 753 707 ultra
795 655 1071 709 servitutis
1106 673 1404 724 mensuras,
1457 668 1517 713 ut
1566 659 1779 715 dicatur

200 721 602 800 Servifortnam
645 723 915 800 accepisse
919 725 977 800 _?_
998 725 1148 791 Quis,
1172 742 1295 782 cum
1325 721 1491 800 homo
1508 730 1669 800 prius
1679 745 1779 800 no-

199 792 295 847 stri
326 792 525 846 similis
546 808 651 848 non
683 792 848 857 esset,
883 794 935 848 id
965 794 1213 852 inventus
1237 813 1356 853 esse
1393 792 1626 853 dicitur?
1652 799 1774 855 Hzec

196 863 347 938 enim
374 862 471 938 uni
500 878 569 918 ex
603 871 792 938 nostro
819 878 1045 938 numero
1092 875 1147 921 et
1180 867 1386 938 vulgari
1423 870 1628 923 homini
1674 885 1774 924 au-

195 933 332 988 dere
347 933 591 987 tribuere
610 932 836 987 stultum
856 933 947 998 sit,
978 944 1032 989 et
1051 932 1308 991 extrema:
1327 939 1566 993 omnium
1593 955 1777 1001 amen,-

198 1004 290 1057 tite
316 1018 509 1057 revera
536 1002 790 1076 plenum;
820 1006 1142 1076 convenient
1169 1017 1349 1061 autem
1390 1009 1666 1076 aptissime
1698 1010 1775 1064 illi

197 1088 473 1150 supremae
490 1070 717 1150 naturae.
735 1070 840 1127 Sed
862 1073 992 1150 illud
1018 1075 1112 1130 Dei
1129 1076 1361 1150 Verbum
1377 1070 1444 1150 ei
1462 1080 1623 1133 nimia
1646 1094 1771 1150 erga

197 1158 298 1197 nos
326 1143 663 1219 benignitate
713 1151 875 1211 atque
918 1144 1437 1219 clementia_o_btulit
1480 1164 1579 1219 pro
1620 1143 1774 1205 nobis

195 1214 483 1338 mprium
514 1220 815 1295 cnrpusnet
843 1224 1060 1284 accepta
1092 1216 1233 1270 servi
1270 1216 1441 1272 forma
1482 1214 1664 1273 Tactus
1691 1229 1774 1274 est

343 1292 401 1336 et
419 1282 566 1336 Patri
592 1283 850 1338 obedtcns
878 1298 1047 1338 usaue
1075 1288 1140 1338 ad
1188 1293 1412 1338 mortem
1442 1303 1456 1338 :
1487 1303 1586 1338 nec
1622 1288 1772 1338 refu-

343 1292 401 1336 et
419 1282 566 1336 Patri
592 1283 850 1338 obedicns
878 1282 1047 1352 usque
1075 1288 1140 1339 ad
1188 1293 1412 1340 mortem
1442 1303 1456 1341 :
1487 1303 1586 1343 nec
1622 1288 1772 1343 refu-

195 1353 455 1428 gientium
496 1352 736 1428 censuit,
767 1367 874 1428 (ιιιλο
919 1354 1095 1409 minus
1120 1370 1283 1409 carne
1335 1372 1433 1428 pro
1474 1359 1629 1413 nobis
1658 1361 1770 1428 pati

194 1412 380 1485 vellet,
422 1422 671 1492 quamvis
710 1412 956 1479 ut'Deus
997 1433 1145 1479 esset
1187 1412 1480 1480 secuddum
1521 1412 1770 1484 naturam

193 1492 567 1567 impassibilis.
596 1492 858 1567 Iste_vero
893 1493 1055 1549 stulte
1099 1495 1165 1549 de
1190 1494 1386 1567 divinis
1409 1496 1526 1565 ejus
1550 1508 1771 1567 propter

191 1562 295 1617 nos
336 1562 578 1634 consiliis
606 1563 900 1634 erubescit,
929 1570 982 1618 et
1008 1578 1166 1634 quem
1196 1562 1462 1621 honorare
1499 1562 1567 1623 se
1584 1562 1771 1625 existi-

189 1641 329 1695 mat,
360 1630 745 1705 amcitinjnria
787 1650 810 1705 :_
855 1649 979 1687 nam
1008 1630 1309 1703 apassione
1348 1635 1496 1691 illum
1536 1638 1764 1705 eximit,

1882 454 2025 529 quod
2050 461 2227 529 estex
2261 452 2369 507 Deo
2396 451 2578 518 Patre,
2614 453 2813 529 factnin
2852 451 3199 519 homofcrat
3233 451 3451 529 quidem

1880 522 1936 577 et
1984 523 2064 579 sic
2107 523 2357 596 liberum,
2409 531 2662 596 tanquam
2706 522 2901 596 Filius,
2956 541 3135 596 neque
3164 522 3450 586 sic'tamen

1881 608 2193 677 mensuram
2226 592 2490 677 sapientis
2499 593 2887 677 citi-nanitionis
2923 592 3449 677 ireptidliabat,“con-

1881 661 2142 731 ﬁguratus
2170 663 2324 716 nobis
2351 662 2627 717 servitutis
2646 662 2778 732 jngo
2803 661 3049 720 subditis.
3084 665 3176 722 Sic
3202 661 3451 725 etDeum

1879 731 2196 803 suumrdicit
2218 731 2453 803 Patrem,
2482 731 2731 803 quamvis
2768 742 2959 788 natura
2992 735 3135 791 Deus
3170 739 3447 803 existeret,

1876 810 1931 873 et
1952 817 2017 855 ex
2045 802 2186 873 ipso,
2208 810 2273 873 e_t_
2285 800 2435 873 nullo
2454 800 2614 873 modo
2636 802 2904 873 gignentis
2927 805 3216 861 eminentia
3247 800 3446 863 minor.

1877 868 2013 950 Cum
2043 868 2205 941 igitur
2230 871 2509 950 Nestor-ius
2542 872 2623 950 sic
2639 868 2863 950 'séribat
2889 877 2953 929 de
2987 874 3200 950 Christo
3231 892 3246 931 :
3283 879 3451 950 Atque

1877 940 2006 1018 adeo
2034 940 2220 1010 passus
2239 940 2473 1018 pontifex
2502 941 2797 1018 misericors
2815 984 2829 1007 ,
2859 945 3273 1018 nonriuiﬁcator
3310 940 3448 1018 ejus,

1874 1011 1963 1080 qui
1991 1008 2176 1079 passus
2203 1008 2278 1064 est
2297 1050 2311 1075 ,
2339 1008 2481 1064 Deus
2513 1025 2531 1061 :
2570 1019 2627 1065 et
2666 1009 2833 1068 Deum
2861 1012 3061 1068 Christi
3084 1008 3451 1072 'Verbum'Dei

1876 1080 2267 1157 nominaverit,
2314 1080 2505 1157 bisqne
2532 1081 2806 1157 adjecerit.
2855 1081 2990 1157 (ira!
3034 1094 3211 1139 autem
3254 1096 3303 1140 et
3338 1088 3450 1157 ipse

1873 1148 2070 1216 infans,
2099 1159 2147 1203 et
2179 1150 2396 1219 infantis
2420 1148 2678 1205 Dominus
2705 1166 2724 1203 :
2747 1152 2847 1206 hos
2874 1152 3014 1207 illius
3039 1169 3316 1211 sermones
3340 1148 3448 1212 non

1874 1219 2043 1290 solum
2077 1220 2345 1290 indecore,
2372 1221 2466 1290 sed
2491 1228 2546 1273 et
2563 1219 2716 1276 valde
2742 1220 2906 1290 impie
2936 1222 3111 1279 dictos
3130 1227 3443 1282 asserimus.

1872 1287 2004 1342 Nam
2018 1290 2074 1361 _si
2098 1288 2240 1361 Deus
2260 1289 2459 1345 Christi
2488 1297 2571 1344 est
2596 1287 2852 1361 Verbum,
2879 1292 3020 1361 quod
3048 1308 3116 1347 ex
3151 1295 3260 1349 Deo
3284 1296 3448 1352 Patre

1871 1366 1975 1428 est,
2002 1357 2108 1414 duo
2125 1360 2307 1428 utique
2318 1366 2480 1413 erunt
2503 1359 2678 1414 modis
2704 1357 2952 1417 omnibus
2972 1369 3027 1415 et
3049 1363 3441 1421 indubitanter.

1871 1426 2150 1499 Quomodo
2176 1426 2357 1484 autem
2388 1429 2736 1499 intelligatur
2764 1431 2905 1486 idem
2936 1431 3116 1488 infans
3143 1442 3199 1488 et
3225 1433 3446 1492 infantis

1870 1496 2127 1583 Dominus
2141 1499 2305 1583 ?"Non
2327 1498 2490 1583 igitur
2513 1496 2799 1583 dicetur-et
2828 1501 3201 1583 suimetipsius
3212 1503 3354 1583 Deus
3379 1521 3443 1583 ac

1869 1566 2141 1641 Dominus
2167 1566 2480 1641 Emmanuel
2507 1608 2523 1632 ,
2567 1569 3019 1641 quandoquidem
3040 1566 3154 1641 ipse
3188 1573 3331 1630 idem
3373 1575 3448 1629 si-

1868 1638 1980 1708 mul
2000 1645 2084 1693 est
2112 1637 2255 1693 Deus
2289 1647 2343 1693 et
2370 1638 2553 1702 homo,
2578 1637 2869 1708 postquam
2897 1637 3132 1694 Verbum
3159 1640 3255 1696 Dei
3280 1643 3442 1699 homo

440 1702 770 1785 nemo.i_l_lum
797 1703 850 1756 in
876 1702 1195 1785 su.a_natunra_
1213 1719 1431 1785 passum
1459 1707 1605 1785 dicat
1627 1725 1645 1785 :_
1665 1702 1767 1764 nec
1797 1727 1840 1785 Β
1868 1707 2071 1785 factum
2107 1716 2164 1763 et
2195 1708 2533 1785 incarnatnm
2562 1702 2664 1763 est.
2692 1702 2843 1774 Quod
2872 1716 3050 1763 autem
3093 1709 3267 1785 deitas
3292 1713 3444 1785 aliud

188 1772 362 1826 sentit
402 1787 461 1826 se
497 1772 782 1841 prohibere
798 1812 812 1837 ,
837 1788 903 1827 ne
931 1773 1081 1828 illum
1107 1772 1437 1830 Salvatorem
1459 1786 1514 1832 et
1532 1777 1766 1833 Redem-

188 1850 411 1917 ptorem
442 1842 815 1917 universorum
851 1846 1199 1917 conﬁteatur"
1228 1884 1243 1909 ,
1285 1846 1331 1899 si
1362 1845 1409 1900 is
1434 1887 1449 1909 ,
1472 1861 1573 1917 per
1601 1862 1763 1917 quem

188 1910 408 1973 salvati,
443 1921 500 1988 e_t
526 1926 623 1981 per
637 1912 803 1988 cuius
841 1914 1201 1988 venerandam
1244 1910 1764 1988 crucem‘rede'mpti

188 1996 405 2053 sumus.
431 1980 567 2053 alter
601 1981 670 2053 ab
704 1980 796 2035 illo
827 1983 898 2037 sit
938 1984 1153 2053 proprie
1176 1999 1242 2039 ac
1261 1987 1487 2040 seorsim
1517 1980 1765 2043 Filius-et

190 2050 475 2121 Dominus.
499 2050 577 2105 Ac
598 2051 645 2105 si
667 2060 748 2106 est
768 2050 1213 2121 homo'sirnplex,
1240 2062 1295 2108 et
1325 2070 1430 2110 non
1453 2056 1506 2109 in
1530 2057 1763 2112 humana

189 2120 364 2195 forma
404 2121 579 2195 ipsum
608 2136 673 2175 ex
714 2121 834 2195 Deo
858 2122 1017 2195 Patre
1056 2123 1290 2179 Verbum
1319 2127 1595 2195 apparuit,
1642 2143 1765 2195 pro—

190 2191 336 2265 neat,
361 2191 633 2265 ostendat,
658 2192 785 2265 etin
810 2192 977 2265 forma
1006 2194 1187 2265 ipsum
1206 2209 1325 2249 esse
1352 2191 1423 2249 et
1458 2191 1765 2265 aequalitate

189 2259 371 2315 Patris
417 2261 546 2330 (non
588 2261 732 2315 enim
780 2259 1041 2330 rapinam‘
1076 2263 1372 2319 arbitratus
1412 2275 1496 2319 est
1524 2259 1666 2321 'esse
1705 2283 1764 2322 se

188 2330 449 2400 aequalem
474 2329 605 2401 Deo)
632 2338 686 2406 et
710 2329 1145 2406 praetereauservi
1176 2332 1407 2406 formam
1441 2337 1717 2406 accepisse
1743 2377 1758 2402 ,

189 2408 449 2472 tanquam
481 2401 884 2472 nonnbabnerit
939 2401 1266 2472 aliquando,
1329 2413 1383 2458 et
1430 2401 1761 2460 exinanitum

191 2468 462 2542 fniSSe,nt
483 2471 576 2539 qui
600 2470 652 2542 in
677 2472 889 2542 propria
924 2468 1116 2526 natura
1149 2473 1531 2542 plenitudinem
1561 2476 1763 2532 habue-

190 2539 279 2610 rit.
315 2561 335 2592 ι
378 2540 535 2595 Tom.
578 2539 644 2595 VI
666 2539 825 2610 Oper.
857 2540 950 2595 fol.
986 2542 1105 2596 127.
1133 2539 1365 2598 Rursum
1397 2553 1451 2598 et
1479 2560 1544 2599 ex
1581 2547 1762 2601 verbis

189 2609 430 2685 ejusdem
450 2609 723 2685 Apostoli,
749 2610 904 2685 Rom.
931 2628 1027 2666 vm
1051 2630 1092 2685 _:A
1110 2611 1213 2677 Qui
1239 2614 1395 2685 etiam
1431 2616 1640 2685 proprio
1670 2615 1762 2670 Fi-

188 2679 258 2751 lio
284 2697 391 2734 non
418 2679 679 2751 pepercit,
708 2680 799 2734 sed
844 2698 938 2751 pro
974 2682 1119 2736 nobis
1159 2683 1395 2737 omnibus
1431 2679 1657 2739 tradidit
1695 2685 1762 2739 il-

187 2748 313 2812 lum,
330 2748 740 2814 etc'.,‘eamdcm
763 2748 1043 2807 veritatem
1065 2754 1275 2817 probat,
1296 2754 1350 2806 in
1377 2753 1519 2809 hunc
1545 2756 1759 2810 modum

187 2767 313 2812 tum,
330 2767 468 2814 etc.,
497 2767 740 2805 eamacm
763 2767 1043 2807 veritatem
1104 2767 1275 2817 rooat,
1296 2769 1350 2806 ιιι
1377 2767 1519 2809 nunc
1545 2767 1755 2810 mooum

186 2828 615 2893 argumentatus
655 2817 745 2893 :_‘«
779 2819 836 2875 Si
889 2822 1029 2893 Deus
1055 2767 1215 2877 Bater
1238 2823 1515 2893 proprium
1543 2824 1755 2889 Filium,

187 2888 334 2942 illum
362 2890 541 2958 ipsum
566 2890 840 2961 nimirum,
879 2892 969 2961 qui
991 2906 1058 2946 ex
1087 2888 1256 2947 illius'
1277 2888 1577 2947 substantia
1605 2888 1766 2950 ortus

185 2966 286 3023 est,
305 2973 415 3032 pro
440 2960 600 3015 nobis
623 2960 843 3032 donavit
864 2978 880 3027 ;
900 2960 1050 3032 ergo
1073 2977 1268 3031 corpus
1289 3003 1304 3027 ,
1344 2964 1487 3031 quod
1525 2973 1762 3019 mortem

186 3030 463 3095 sustinuit,
487 3031 762 3102 proprium
783 3030 923 3102 illius
947 3030 1082 3093 erat.
1114 3030 1205 3102 qui
1222 3030 1517 3087 secundum
1538 3049 1755 3089 carnem

186 3114 377 3169 passus
405 3111 491 3155 est
536 3101 685 3174 (nam
711 3101 1005 3174 secundum
1051 3101 1346 3174 divinitatis
1367 3109 1617 3174 naturam
1647 3104 1754 3174 pati

185 3184 291 3252 non
318 3172 589 3252 poterat);
615 3171 689 3224 ita
716 3171 988 3252 enim,qui
1010 3172 1302 3227 secundum
1331 3172 1520 3252 senpati
1546 3171 1755 3252 nequit,

186 3238 580 3313 dispensatorie
624 3250 851 3313 mortem
882 3238 1171 3312 perpessus
1218 3252 1335 3313 est.
1386 3238 1757 3313 Proinde'qui

186 3323 347 3363 unum
372 3310 429 3364 in
452 3312 589 3383 duos
607 3310 928 3381 dispertiunt
947 3352 961 3377 ,
982 3310 1177 3381 aperte
1214 3312 1507 3383 impietatis
1532 3310 1760 3370 crimine

188 3392 303 3433 sese
335 3382 720 3451 constringunt
760 3399 773 3435 :
822 3383 1254 3451 quandoquidem
1283 3383 1326 3439 si
1365 3392 1448 3438 est
1472 3384 1635 3439 homo
1662 3399 1759 3451 per

188 3399 303 3433 sese
335 3399 720 3451 constringunt
760 3399 773 3435 :
822 3399 1254 3451 quandoquidem
1283 3399 1326 3439 sn
1365 3399 1448 3438 εει
1472 3399 1635 3439 ιιοιιιο
1731 3400 1757 3438 r

188 3463 242 3522 ἓ
269 3458 326 3522 et
370 3453 669 3506 secundum
708 3466 768 3505 se
796 3451 1029 3516 divisim,
1082 3461 1137 3507 et
1181 3468 1288 3507 non
1331 3453 1619 3522 ipsummet
1661 3399 1757 3509 Bisi

188 3516 421 3592 Ignitum
447 3536 615 3592 carne
644 3521 908 3587 indutum,
956 3522 1117 3578 Pater
1153 3516 1424 3592 propritim
1463 3538 1559 3592 pro
1601 3525 1758 3580 nobis

198 3539 421 3575 via-num
447 3539 615 3576 carne
644 3539 908 3587 inuutum,
957 3539 1117 3578 rater
1153 3539 1249 3590 pro
1289 3540 1424 3577 rium
1463 3539 1559 3592 pro
1601 3539 1750 3580 nonis

186 3585 614 3666 Eiliumdedisse
642 3606 745 3666 non
768 3592 1056 3666 invenitur.
1094 3613 1113 3646 ι
1156 3592 1215 3647 In
1243 3539 1364 3649 ΕΗ).
1404 3595 1471 3649 ad
1498 3594 1750 3666 Reginas,

187 3656 338 3713 Tom.
368 3662 437 3717 IV
450 3660 619 3717 Cone.
649 3661 752 3715 col.
778 3661 899 3715 770.

251 3728 367 3786 XII.
408 3731 596 3786 Ipsum
654 3730 880 3785 Verbum

185 3814 386 3856 seruum
411 3802 596 3856 Patris
621 3802 726 3855 dici
747 3802 989 3856 ostendit.
1012 3802 1188 3856 Verba
1213 3802 1466 3856 Nestorii.
1487 3802 1756 3858 —ASser-

185 3874 316 3931 tioni
346 3874 568 3929 demum
590 3872 1026 3927 Nestorianorum
1051 3872 1347 3937 Christum,
1376 3881 1641 3941 quatenus
1666 3874 1757 3928 ho-

185 3962 272 4000 mo
300 3952 407 4010 est,
458 3941 556 3998 Dei
587 3959 801 3998 servum
837 3943 1219 4012 appellantium
1241 3983 1256 4007 ,
1293 3943 1369 3997 ita
1395 3950 1453 3996 ut
1481 3944 1620 3997 servi
1652 3944 1757 3998 for-

183 4032 289 4079 ma,
318 4029 487 4083 quam
502 4012 810 4095 filius-Dei
832 4012 1105 4095 accepisse
1148 4012 1384 4095 dicitur,‘
1539 4028 1755 4095 rursnm

182 4094 468 4155 assumpto
502 4084 707 4139 homini
732 4082 1076 4155 conveniret,
1100 4083 1322 4153 opponit
1345 4082 1752 4155 Cyrilltts,_alie-_

182 4172 307 4210 nam
328 4153 562 4226 prorsus
582 4168 702 4209 esse
730 4154 869 4226 hanc
892 4154 1283 4226 expositionem
1312 4168 1343 4226 a
1383 4161 1562 4226 mente
1594 4153 1754 4226 Pauli

182 4222 436 4281 testantis
481 4226 749 4284 eumdem.
780 4223 872 4293 qui
893 4224 961 4293 ab
988 4232 1192 4279 aeterno
1217 4223 1273 4277 in
1302 4222 1475 4278 forma
1514 4222 1606 4277 Dei
1638 4223 1755 4279 fue-

180 4306 299 4358 rat,
330 4297 385 4349 in
416 4295 524 4349 tine
552 4291 854 4363 temporum
895 4291 1129 4348 formam
1180 4294 1322 4348 servi
1348 4293 1663 4363 accepisse,
1694 4301 1756 4348 ut

177 4368 341 4437 proin
369 4367 547 4436 ipsum
578 4362 811 4437 Verbum
835 4364 890 4417 in
916 4371 1107 4437 natnra
1125 4363 1234 4437 sibi
1267 4362 1614 4437 unita_Patris
1640 4378 1753 4437 ser-

178 4433 280 4492 vos
316 4433 422 4491 dici
452 4436 686 4499 debeat,
712 4434 816 4489 nisi
853 4434 975 4503 quis
1000 4433 1169 4505 989
1192 4435 1367 4505 denuo
1394 4433 1670 4505 Christum
1696 4435 1751 4488 in

179 4508 318 4563 duos
346 4506 592 4561 dividere
633 4521 696 4561 ac
742 4503 1143 4574 consequenter
1177 4503 1475 4574 veritatem,
1502 4504 1753 4558 Incarna-

180 4578 347 4632 tionis
373 4585 541 4644 atque
569 4573 948 4631 exinanitionis
991 4575 1178 4629 tollere
1202 4574 1347 4627 velit.
1382 4592 1402 4624 ι
1420 4573 1751 4644 γυιιίεθιιὶιιιε

180 4646 351 4701 Filius
374 4643 478 4717 (ait
512 4646 573 4717 in
594 4645 905 4717 defensione
928 4644 1361 4717 anathematismi
1402 4643 1524 4717 6_ad
1554 4656 1751 4717 repre-

181 4713 505 4772 hensionem
534 4713 877 4785 Theodoreti)
914 4716 1005 4783 qui
1034 4724 1117 4769 est
1137 4714 1191 4768 in
1217 4713 1390 4769 forma
1423 4714 1519 4785 Dei
1553 4713 1748 4785 Patris,

180 4798 235 4842 et
256 4803 432 4859 sequia
456 4801 584 4859 cum
607 4786 700 4840 illo
725 4799 1115 4859 mensuraeper
1145 4784 1345 4859 omnia,
1391 4784 1538 4859 paris
1568 4784 1753 4854 gloriae

180 4873 244 4913 ac
263 4854 439 4922 liber,
466 4855 641 4911 forma
682 4855 821 4910 servi
850 4863 1118 4924 assumpta
1155 4854 1321 4907 frater
1343 4854 1638 4923 appellatus
1669 4862 1753 4908 est

177 4942 371 5005 eorum
399 4928 497 4997 qui
521 4927 622 5005 snb
648 4925 925 4980 servitutis
941 4923 1074 5005 jugo
1094 4933 1267 5005 erant,
1285 4925 1404 5005 -hoc
1435 4934 1519 4978 est
1542 4932 1747 5005 noster.

178 4995 369 5066 Itaque
414 4994 571 5066 quasi
612 5010 751 5050 unus
794 5009 862 5049 ex
898 4994 1054 5066 nobis
1097 4994 1468 5066 didrachmum
1495 4994 1752 5066 persolvit

178 5063 407 5122 censum
434 5063 807 5136 exigentibus,
848 5072 923 5136 et
948 5064 1123 5119 factus
1163 5071 1248 5136 est
1291 5066 1390 5136 sub
1437 5063 1554 5132 lege
1597 5064 1751 5136 quasi

178 5137 369 5204 homo,
392 5138 488 5207 qui
513 5133 574 5190 tit
595 5135 738 5191 Deus
774 5134 1051 5207 legislator
1069 5143 1153 5188 est
1174 5151 1187 5186 :
1214 5133 1441 5188 docebat
1464 5141 1643 5207 autem
1671 5134 1751 5188 di-

179 5202 427 5277 scipulos
446 5221 595 5272 suos,
640 5207 766 5276 quia
791 5202 851 5261 et
883 5204 1049 5260 Filius
1075 5213 1159 5277 est
1200 5218 1361 5277 vere,‘
1401 5211 1456 5258 et
1488 5203 1542 5257 in
1578 5202 1748 5258 forma

179 5273 329 5333 servi
354 5286 577 5361 propter
603 5273 822 5361 carnem
839 5316 879 5361 ,Δ
897 5275 1120 5361 tametsi
1165 5273 1457 5361 secundum
1474 5281 1750 5361 “naturam

176 5343 471 5420 propriam
498 5348 635 5403 liber
678 5348 787 5420 sit,
826 5355 886 5400 ut
912 5355 1038 5420 pote
1078 5345 1252 5409 Deus,
1285 5351 1443 5420 _et_ex
1472 5343 1601 5398 Deo.
1650 5344 1755 5400 Vc-

523 5419 795 5496 propriam
832 5414 975 5471 servi
1012 5417 1241 5496 forniam
1285 5414 1490 5469 habens
1532 5423 1753 5496 propter

180 5484 571 5545 exinanitionis
625 5484 938 5543 mensuram
966 5528 980 5552 ,
1034 5486 1358 5541 tributorum
1411 5484 1753 5540 exactoribus

181 5561 431 5615 subditus
457 5568 599 5614 erat.
648 5556 933 5625 Quocirca,
976 5557 1021 5612 si
1047 5557 1169 5625 quis
1196 5555 1340 5610 dicat
1367 5569 1490 5609 eum
1520 5554 1754 5623 appella-

181 5638 302 5706 tum
319 5646 439 5687 esse
457 5644 676 5706 servum
701 5643 994 5706 pet-vocem
1014 5633 1324 5683 sanctorum
1346 5625 1750 5706 prophetarum,

182 5702 337 5758 nullo
380 5703 539 5758 modo
584 5700 780 5756 oﬂ'cndi
824 5699 978 5754 decet
1030 5716 1042 5753 :
1092 5702 1451 5766 cognoverant
1480 5699 1623 5751 enim
1657 5710 1753 5765 per

954 3741 1139 3804 rapter
1163 3732 1389 3804 farinam
1435 3743 1756 3804 assumptam

1784 3069 1831 3130 (Δ

1866 1777 2120 1846 quiddam
2154 1785 2238 1832 est
2278 1776 2570 1833 secundum
2628 1794 2783 1832 suam
2822 1786 3071 1832 naturam
3095 1820 3110 1844 ,
3162 1780 3307 1835 aliud
3346 1797 3442 1836 au-

1867 1856 1976 1919 tem
2017 1848 2590 1919 secundumnnaturam
2617 1863 2770 1903 suam
2811 1848 3145 1915 humanitas,
3175 1850 3448 1919 quomodo

1867 1917 1988 1986 quis
2029 1917 2396 1972 dubitaverit?
2442 1917 2821 1972 Verumtamen
2873 1932 3011 1972 unus
3057 1927 3141 1974 est
3193 1917 3444 1977 Christus

1865 2003 1929 2042 ex
1971 1987 2231 2041 ambabus
2277 1986 2493 2041 deitatis
2522 1996 2574 2040 et
2603 1987 2955 2042 humanitatis
2990 1990 3221 2055 naturis,
3252 2005 3445 2046 secun-

2030 2057 2445 2127 dispensationis
2472 2057 2744 2113 unionem.
2782 2077 2800 2109 ι
2840 2057 2994 2112 Τοιιι.
3032 2059 3074 2115 V
3110 2058 3300 2126 Conc.,
3330 2061 3434 2117 col.

1935 2195 2068 2266 XIII.
2100 2194 2431 2249 Calumniam
2461 2197 2526 2250 de
2558 2198 2773 2252 inducta
2798 2197 3102 2266 confusione
3130 2209 3441 2254 naturarum

1863 2266 1917 2319 in
1944 2264 2152 2319 Christo
2180 2265 2462 2331 amolitur,é
2474 2276 2718 2321 accurate
2741 2264 3044 2335 exponendo
3076 2278 3318 2322 naturam
3345 2269 3439 2323 ln-

1862 2336 2202 2405 carnatiom's.
2249 2365 2322 2375 -—
2365 2335 2807 2391 Existimantibus
2854 2351 3015 2405 porro
3060 2335 3436 2405 Nestorianis,

1854 2404 2123 2476 principia
2161 2420 2192 2458 a
2221 2418 2279 2459 se
2325 2412 2526 2461 statuta
2572 2404 2878 2476 necessaria
2923 2406 3143 2476 omnino
3185 2422 3327 2473 esse,
3374 2404 3437 2464 ut

1862 2473 2161 2549 diderentia
2205 2482 2521 2549 naturarum
2566 2477 2621 2549 i_n
2657 2474 2886 2549 Christo
2929 2474 3248 2549 salvaretur,
3279 2486 3442 2549 atque

1860 2544 2064 2598 idcirco
2091 2542 2536 2614 etiamnCyrillum
2564 2545 2631 2599 de
2655 2545 2870 2599 inducta
2896 2542 3240 2610 confusione,
3262 2563 3326 2602 ac
3354 2542 3442 2603 re-

1860 2614 2116 2669 suscitato
2139 2613 2556 2685 Apollinarismo
2578 2615 2975 2685 accusantibus,
2995 2616 3273 2685 sequelam
3301 2617 3440 2672 hanc

1859 2698 1925 2738 ex
1947 2698 2045 2738 sua
2068 2681 2154 2737 vel
2177 2681 2432 2753 Ecclesiae
2451 2685 2630 2753 potius
2649 2684 2894 2738 doctrina
2916 2681 3221 2741 nullatenus
3244 2685 3441 2741 timen-

1859 2753 1981 2808 dam
2005 2766 2124 2807 esse
2151 2752 2385 2807 ostendit
2412 2752 2632 2809 sanctus
2653 2754 2871 2819 doctor,
2903 2754 3029 2808 dum
3059 2764 3306 2810 naturam
3343 2771 3439 2811 seu

1856 2822 2150 2894 essentiam
2180 2823 2564 2894 incarnationis
2596 2824 2839 2894 pluribus
2860 2826 2914 2879 in
2940 2824 3072 2879 locis
3093 2824 3323 2880 dilucide
3348 2842 3442 2883 ex-

1859 2893 2038 2961 ponit,
2085 2892 2264 2961 aitque
2317 2892 2749 2961 conjunctioncm
2792 2904 3000 2949 natura:
3028 2895 3275 2950 humanae
3312 2912 3437 2951 cum

1859 2978 2089 3031 persona
2132 2961 2293 3017 Verbi
2330 2966 2638 3018 necessario
2667 2963 2783 3017 ﬁeri
2809 2964 3080 3029 debuisse,
3113 2980 3234 3021 cum
3280 2980 3442 3024 secus

1863 3047 1989 3087 vera
2035 3031 2368 3102 incarnatio,
2402 3041 2493 3087 aut
2538 3042 2746 3089 naturae
2788 3033 3067 3102 utriusque
3106 3035 3234 3089 unio
3264 3037 3441 3091 subsi-

1860 3110 2004 3158 stere
2034 3102 2177 3156 haud
2201 3100 2442 3169 valeret;
2484 3104 2606 3158 inde
2638 3111 2815 3157 tamen
2843 3100 3144 3157 nullatenus
3170 3104 3443 3159 confusio-

1856 3187 1981 3227 nem
2002 3171 2234 3239 aliquam
2258 3185 2351 3225 seu
2374 3174 2778 3228 conversionem
2801 3172 3094 3226 divinitatis
3115 3172 3170 3226 in
3196 3188 3435 3239 carnem,

1857 3242 1942 3297 vel
1965 3241 2200 3312 vicissim
2229 3240 2416 3312 inferri
2447 3258 2622 3311 posse.
2656 3243 2723 3296 Et
2769 3243 2821 3296 in
2870 3240 3185 3297 defensione
3221 3243 3439 3312 quidem

1857 3310 2289 3367 anathetnatismi
2320 3310 2479 3380 primi
2512 3313 2849 3368 Theodoreto
2875 3312 3161 3381 respondet
3193 3310 3279 3367 his
3317 3328 3441 3368 ver-

1854 3382 1968 3436 bis:
2009 3401 2028 3433 i
2065 3381 2172 3437 Sed
2196 3382 2413 3449 sapiens
2436 3391 2491 3436 et
2511 3392 2721 3438 astutus
2746 3390 3044 3447 enarrator,
3073 3397 3194 3451 qua:
3222 3384 3440 3451 quidem

1856 3452 2038 3508 dicere
2061 3452 2302 3513 decebat,
2337 3459 2395 3522 et
2413 3452 2777 3508 necessarium
2802 3458 2922 3506 erat
2945 3492 2957 3514 ,
2996 3453 3436 3522 prietermittens,

1855 3530 1909 3594 et
1938 3522 2159 3594 omnino
2190 3523 2255 3594 de
2290 3521 2485 3594 talibus
2518 3523 2653 3578 nihil
2693 3522 2956 3593 cogitans,
2980 3521 3083 3594 alia
3127 3523 3440 3594 aggreditur

1855 3593 1961 3648 via.
2014 3591 2307 3646 Confestim
2342 3592 2486 3647 enim
2534 3608 2593 3648 se
2637 3591 2904 3649 convertit
2948 3592 3015 3647 ad
3060 3591 3437 3648 necessitatem

1855 3663 2129 3717 astruendi
2150 3662 2500 3718 conversione
2520 3665 2768 3732 superius
2788 3678 2907 3718 csse
2930 3662 3022 3717 Dei
3052 3663 3311 3727 Verbum,
3339 3679 3439 3717 nec

1856 3733 1911 3787 in
1948 3740 2197 3786 naturam
2226 3733 2406 3787 carnis
2443 3733 2886 3788 transformatum
2915 3748 3073 3787 esse:
3115 3734 3270 3790 quasi
3307 3749 3438 3790 vero

1855 3799 2337 3857 anathematismus
2380 3802 2434 3856 id
2482 3803 2770 3857 confirmet
2827 3817 2891 3857 ac
2961 3799 3245 3858 ostendere
3285 3803 3431 3856 velit.

1852 3871 2051 3927 Audiat
2077 3871 2278 3940 itaque,
2306 3869 2398 3940 qui
2423 3886 2713 3926 occurrere
2739 3872 2845 3935 bis,
2875 3872 3071 3940 quibus
3091 3871 3433 3937 contradicit,

1854 3942 2000 3998 nullo
2039 3939 2199 3996 modo
2244 3939 2433 3992 novit:
2469 3939 2737 4008 superflue
2784 3939 3019 4008 loqueris
3047 3940 3228 4000 homo,
3261 3948 3316 3994 et
3345 3956 3434 3995 re-

1852 4026 2062 4083 pugnas
2105 4008 2383 4083 sententiae
2409 4008 2606 4083 odiosae
2631 4010 2796 4083 etiam
2821 4012 2980 4083 apud
3025 4023 3143 4063 nos.
3176 4009 3436 4083 Novimus

1853 4078 1996 4138 enim
2052 4078 2197 4151 quod
2250 4079 2616 4133 conversionis
2656 4078 3122 4151 obumbrationetn
3168 4079 3436 4151 sustinere

1854 4153 2034 4208 divina
2057 4146 2112 4205 ét
2135 4163 2385 4218 suprema
2408 4157 2599 4203 natura
2626 4164 2734 4203 non
2762 4148 2997 4217 patitur:
3023 4146 3115 4218 sed
3142 4163 3317 4218 neque
3338 4149 3433 4204 Dei

1855 4221 2093 4279 Verbum
2134 4217 2255 4274 esse
2300 4218 2553 4288 desinens
2592 4219 2716 4284 hoc,
2750 4218 3042 4288 quodest,
3088 4217 3141 4270 in
3186 4217 3433 4273 naturam

1854 4291 2068 4347 transiit
2089 4289 2287 4345 carnis.
2313 4285 2448 4354 Quia
2468 4303 2596 4343 vero
2618 4289 2716 4353 ait,
2733 4285 2878 4343 a'Dei
2903 4285 3072 4341 forma
3101 4296 3432 4357 assumptam

1855 4361 1995 4418 servi
2018 4360 2270 4423 formam,
2286 4358 2477 4414 doceat
2500 4359 2555 4413 in
2581 4359 2815 4414 medium
2834 4358 3151 4429 procedens,
3170 4357 3215 4413 si
3231 4357 3433 4429 absque

1853 4430 2215 4488 subsistentiis
2239 4429 2367 4485 sola:
2393 4437 2449 4482 et
2475 4444 2571 4499 per
2596 4445 2655 4486 se
2678 4429 2863 4484 forma:
2890 4436 3256 4499 convenerunt
3293 4428 3434 4499 inter

1853 4518 1930 4558 se.
1966 4501 2074 4556 Sed
2100 4500 2369 4565 existimo,
2399 4497 2515 4569 ipse
2548 4517 2607 4557 se
2650 4501 2829 4555 statim
2870 4506 3097 4554 evertet.
3129 4497 3431 4569 Non_enim

1853 4571 2229 4628 similitudines
2251 4566 2568 4641 simpliciter
2596 4586 2701 4625 non
2729 4569 3113 4641 subsistentes,
3146 4577 3201 4622 et
3244 4566 3432 4641 formae
3464 4578 3477 4583 ”

1851 4649 2218 4699 convenerunt
2261 4638 2407 4695 inter
2432 4656 2491 4696 se
2527 4656 2624 4711 per
2665 4641 2916 4694 unionem
2945 4638 3385 4711 dispensatoriam
3411 4679 3426 4703 ,

1851 4713 1945 4769 sed
1970 4728 2153 4769 rerum
2192 4711 2306 4766 sive
2346 4707 2765 4765 substaiitiarum
2810 4722 3105 4763 concursus
3128 4716 3213 4761 est
3238 4707 3429 4773 factus,

1850 4790 1911 4837 ut
1936 4781 2392 4838 inhumanationis
2418 4780 2560 4834 ratio
2586 4792 2713 4833 vere
2747 4776 2889 4831 facta
2916 4777 3188 4847 credatur.
3215 4777 3355 4847 Ergo
3382 4780 3429 4833 si

1852 4852 2112 4913 dicemus,
2140 4865 2360 4904 carnem
2389 4848 2588 4904 factum
2611 4848 2870 4912 Verbum,
2902 4862 3008 4901 non
3031 4845 3422 4909 confusionem,

1852 4938 1958 4978 non
1980 4922 2292 4984 mixturam,
2320 4934 2427 4972 non
2452 4919 2858 4973 conversionem
2885 4925 2978 4971 aut
2997 4916 3428 4971 immutationem

1851 4991 2141 5057 contigisse
2166 4988 2394 5044 dicimus
2421 4989 2563 5044 circa
2614 4988 2787 5057 ipsum
2810 5028 2824 5052 ,
2875 4986 2969 5041 sed
2996 4988 3223 5057 unitum,
3251 4987 3430 5057 potius

1854 5056 2194 5137 inedabiliwr
2207 5067 2263 5113 et
2275 5056 2706 5137 inenarrabiliter
2725 5058 2938 5137 corpori
2952 5057 3197 5137 animam
3214 5056 3430 5137 habenti

1853 5130 2254 5187 intellectivam.
2283 5126 2436 5195 Quod
2461 5136 2639 5183 autem
2667 5128 2808 5183 uniri
2826 5126 3053 5188 dicitur.
3094 5141 3200 5181 non
3245 5126 3428 5179 statim

1853 5201 2219 5264 confunditur,
2244 5197 2336 5253 sed
2358 5199 2537 5267 potius
2556 5199 2785 5254 alterum
2816 5197 3060 5252 assumit.
3085 5195 3429 5267 Aﬂit'tnamus

1853 5272 2017 5342 igitur
2046 5271 2300 5342 Verbum,
2333 5265 2475 5338 quod
2502 5285 2571 5324 ex
2598 5269 2707 5325 Deo
2734 5268 2895 5342 Patre
2935 5274 3037 5331 est,
3070 5265 3427 5342 assumpsisse

1853 5335 2094 5416 sanctam
2124 5347 2180 5416 et
2212 5335 2503 5416 animatam
2530 5354 2769 5416 carnem,
2792 5338 3109 5405 unitumque
3125 5335 3427 5416 secundum

1852 5413 2133 5467 veritatem
2157 5408 2452 5473 inconfuse,
2482 5424 2551 5463 ex
2575 5416 2729 5464 utero
2756 5408 2871 5477 ipso
2905 5405 3230 5477 processisse
3257 5405 3431 5459 homi-

1854 5497 1999 5547 nem,
2028 5476 2814 5551 permansisse_autem_etiam
2844 5478 2923 5532 sic
2940 5476 3117 5551 _De_um
3148 5489 3363 5551 _vert_n_n.
3401 5494 3421 5528 ι

1856 5544 2010 5608 Τοιιι.
2030 5544 2081 5607 ’ν
2104 5550 2294 5614 Conc.,
2336 5549 2438 5603 col.
2478 5548 2568 5602 90.
2610 5545 2989 5603 Praetereunda
3021 5544 3163 5601 haud
3195 5545 3427 5599 arbitra-

1856 5638 1978 5679 mur
2000 5636 2063 5676 ca
2091 5635 2212 5699 quae
2235 5613 2464 5699 Cyrinus
2490 5618 2544 5672 in
2571 5617 2813 5699 epistolis
2836 5616 2903 5699 ad
2940 5613 3261 5699 Successum
3296 5614 3428 5699 Dio—

1858 5687 2444 5750 etesarem’lsaurieusis
2467 5687 2760 5760 provinciae
2800 5687 3108 5760 episcopum
3135 5687 3237 5745 hac
3278 5687 3346 5743 de
3368 5700 3428 5740 re
