3968 6180
485 220 589 275 413

1324 215 1385 270 Β.
1424 214 1487 270 F.
1526 212 1751 270 ALDlNl
1787 209 1920 268 SEU
1956 207 2230 266 ALCUlNl
2278 202 2561 266 OPERUM
2599 203 2779 261 PARS
2816 203 2905 260 III.

3609 204 3734 260 HG

483 329 721 401 scripsit,
736 328 901 402 ubiet
924 327 1237 402 mysterium
1255 326 1641 402 incarnationis
1659 324 1917 402 singularl
1934 339 2051 402 eru-
2077 324 2125 384 Α
2151 319 2472 402 piicabiiiter
2495 319 2725 402 unitum,
2757 331 2919 401 unam
2944 314 3098 402 nobis
3265 320 3729 402 naturamosten;

481 393 685 477 ditique
709 393 997 477 explanat;
1028 407 1083 454 et
1115 395 1704 477 eriminatnribussnis
1732 393 1846 477 gelo
1872 393 2049 477 studio

478 470 680 525 obviat.
716 487 735 521 ι
771 466 905 538 Quia
934 484 1083 532 vero,
1113 468 1208 538 (ita
1237 466 1292 523 in
1319 468 1490 538 prima
1516 467 1583 538 ad
1604 466 2050 538 praedictumepi-

480 532 947 621 scopum‘ep'istola
969 532 1177 621 scribit)
1196 532 1433 621 nonnulli
1461 532 1620 589 nobis
1633 532 2051 621 Apellinariier-

479 604 631 665 rores
672 604 932 678 objiciunt
975 624 1039 663 ac
1082 604 1268 663 dieunt
1310 624 1323 660 :
1363 606 1421 661 Si
1450 622 1612 678 unum
1647 605 1821 678 dicitis
1848 604 2048 678 Fiiinni

476 675 760 733 secundum
789 679 1069 800 peréectam
1092 689 1246 749 atque
1273 677 1597 730 commialam
1637 677 1887 730 unitatem
1916 675 2049 729 illud

478 766 543 800 ea:
561 747 670 800 Deo
692 746 853 800 Patre
919 747 1097 800 erbum
1118 748 1375 800 hominem
1402 745 1596 800 factum
1625 755 1672 799 et
1695 746 2046 800 incarnatam.

478 766 543 802 ea:
561 747 670 802 Deo
692 745 853 802 Patre
880 745 1097 803 Verbum
1118 745 1375 802 hominem
1399 745 1596 815 factum
1625 755 1672 799 et
1695 746 2046 808 incantatam,

478 820 657 888 utique
682 817 815 872 illud
841 818 998 888 etiam
1023 817 1227 887 opinari
1258 826 1306 870 et
1345 814 1535 870 sentire
1559 814 1881 888 decrevistis,
1910 825 2050 869 com-

476 885 767 956 mistionem
795 887 870 942 uel
904 885 1260 956 confusionem
1298 895 1392 939 aut
1418 886 1823 956 compactionem
1852 885 2048 956 factum

476 975 586 1012 esse
620 955 772 1010 Verbi
799 974 916 1011 cum
937 954 1170 1027 corpore,
1200 965 1291 1009 aut
1316 965 1453 1027 εει-ιβ
1476 956 1705 1023 corporis
1730 954 2050 1027 immutatio-

476 1045 593 1081 nem
626 1027 680 1081 in
709 1026 993 1080 divinitatis
1020 1035 1283 1079 naturam.
1314 1026 1392 1080 Ea
1425 1026 1492 1080 de
1531 1039 1693 1080 causa
1720 1036 1819 1080 nos
1859 1026 2050 1079 admo-

477 1097 603 1166 dum
647 1097 945 1166 sapienter,
985 1103 1044 1149 ut
1071 1096 1394 1166 calumniam
1437 1094 1776 1166 repellamus,
1807 1094 2052 1166 edicimus

476 1164 605 1220 illud
633 1162 731 1220 Dei
774 1162 949 1220 Patris
992 1166 1228 1221 Verbum
1255 1165 1436 1229 modo,
1463 1162 1554 1233 qui
1592 1180 1767 1233 neque
1803 1165 2048 1234 intelligi,

476 1249 651 1303 neque
677 1235 907 1304 exprimi
939 1235 1118 1290 verbis
1141 1235 1331 1305 possit,
1360 1235 1541 1290 unisse
1564 1235 1666 1290 sibi
1694 1250 1889 1305 corpus
1933 1235 2052 1289 ani—

473 1314 679 1358 matum
704 1306 884 1359 anima
921 1304 1289 1369 intellectuali,
1318 1313 1373 1359 et
1397 1305 1660 1375 prodiisse
1686 1304 1955 1375 hominem
1982 1319 2049 1359 ex

472 1376 719 1440 muliere,
742 1391 847 1446 non
878 1375 1250 1446 immutatione
1272 1374 1499 1446 naturae,
1523 1375 1618 1430 sed
1640 1375 1817 1446 potius
1838 1374 2053 1446 dispen-

472 1446 673 1500 satoria
699 1445 973 1499 voluntate
1003 1445 1169 1499 nostri
1194 1444 1420 1499 similem
1451 1444 1669 1499 factum.
1703 1444 1882 1500 Voluit
1907 1445 2051 1499 enim

474 1515 636 1584 homo
661 1514 795 1577 ﬁeri,
831 1528 936 1568 non
965 1529 1030 1567 eo
1066 1515 1287 1579 amisso,
1316 1514 1459 1584 quod
1482 1515 1775 1570 secundum
1804 1521 2050 1569 naturam

472 1583 617 1638 Deus
643 1591 781 1638 erat.
816 1584 921 1638 Sed
943 1584 1190 1652 quamvis
1210 1585 1263 1638 in
1286 1583 1499 1639 uestras
1525 1596 1806 1638 mensuras
1828 1584 2051 1639 descen-

473 1652 725 1732 derit,_et
747 1654 887 1732 servi
919 1652 1149 1732 formant
1174 1654 1426 1732 induerit,
1457 1662 1634 1708 tamen
1661 1654 1739 1709 sic
1761 1669 1973 1732 quoque
1995 1655 2046 1732 in
2080 1672 2126 1732 Β

471 1738 583 1777 suae
612 1723 907 1778 divinitatis
936 1723 1277 1787 excellentia,
1309 1732 1366 1777 et
1405 1724 1459 1777 in
1486 1740 1584 1777 suo
1611 1724 1840 1778 naturali
1871 1725 2049 1779 domis

472 1801 601 1864 natu
651 1793 994 1864 permansit.
1020 1791 1527 1864 “Considerautes
1573 1794 1755 1864 igitur,
1802 1802 1862 1847 ut
1903 1795 2051 1858 dixi,

473 1860 692 1934 modum
722 1860 1141 1934 bumanationis,
1173 1863 1518 1934 intelliginms
1551 1860 1682 1919 duas
1714 1865 1856 1918 inter
1881 1880 1940 1934 se
1967 1866 2052 1918 ina-

473 1931 774 1987 dissolubili
804 1933 1000 1987 unione
1029 1931 1591 1989 convenisse—naturas
1620 1935 1754 1988 citra
1784 1932 2053 1988 confusio-

472 2017 617 2068 nem,
659 2011 820 2072 atque
866 2003 1292 2057 immutationem
1328 2003 1527 2057 ullam:
1568 2020 1695 2058 caro
1739 2004 1883 2058 enim
1923 2018 2053 2059 caro

471 2080 580 2136 est,
627 2080 682 2127 et
726 2088 833 2127 non
863 2072 1148 2137 divinitas,
1178 2073 1389 2127 etiamsi
1432 2072 1525 2127 Dei
1570 2089 1699 2128 caro
1739 2075 1881 2128 facta
1928 2082 2049 2128 est:

473 2142 710 2214 itemque
750 2144 1005 2214 Verbum
1031 2142 1173 2197 Deus
1211 2152 1318 2214 est,
1359 2149 1414 2196 et
1457 2159 1565 2214 non
1591 2158 1756 2214 Acaro,
1807 2144 2054 2214 quamvis

471 2212 867 2282 dispensatoria
906 2212 1115 2266 ratione
1142 2213 1415 2282 propriam
1448 2212 1549 2265 sibi
1580 2211 1772 2268 fecerit
1807 2211 2049 2268 carnem.

471 2281 642 2351 Igitur
669 2298 793 2336 cum
819 2281 873 2335 id
899 2281 1333 2345 consideramus,
1364 2282 1499 2336 nihil
1538 2282 1689 2336 illum
1712 2283 1765 2337 in
1792 2284 2053 2339 unitatem

473 2350 796 2407 concursum
823 2350 1107 2417 violemus,
1138 2352 1265 2406 dum
1291 2367 1355 2406 ex
1380 2352 1587 2407 duabus
1615 2353 1823 2407 naturis
1850 2352 2051 2408 factum

472 2436 592 2476 esse
618 2422 849 2477 dicimus
873 2438 886 2475 :
925 2422 1019 2477 sed
1048 2428 1170 2492 post
1195 2422 1447 2477 unionem
1488 2430 1710 2477 naturas
1735 2423 1957 2477 alteram
1984 2424 2052 2478 ab

472 2492 645 2546 altera
669 2508 777 2545 non
805 2492 1114 2556 dividimus,
1129 2504 1301 2560 neque
1322 2492 1376 2545 in
1402 2492 1536 2546 duos
1558 2493 1696 2547 ﬁlios
1714 2493 1865 2546 illum
1884 2506 2049 2546 unum

469 2560 957 2629 impartibilemque
992 2576 1267 2625 secamus,
1309 2560 1402 2615 sed
1442 2575 1611 2615 unum
1645 2563 1939 2616 asserimus
1963 2562 2053 2615 Fi-

469 2630 623 2692 lium,
653 2639 727 2695 et,
760 2638 822 2683 ut
847 2629 1021 2684 sancti
1066 2629 1255 2685 Patres
1281 2631 1559 2693 dixerunt,
1596 2642 1758 2685 unam
1804 2639 2051 2686 naturam

471 2699 569 2754 Dei
601 2700 760 2754 Verbi
805 2699 1161 2754 incarnatam.
1201 2699 1386 2766 Itaque
1411 2710 1668 2768 quantum
1708 2702 1775 2755 ad
1801 2701 2051 2756 conside-

473 2771 699 2825 randum
727 2769 938 2834 attinet,
974 2777 1136 2838 atque
1155 2768 1319 2823 animi
1345 2771 1515 2824 oculis
1535 2772 1904 2826 tantummodo
1924 2785 2052 2826 con-

472 2839 858 2910 templandum,
890 2840 1155 2909 quomodo
1187 2839 1345 2893 homo
1381 2839 1556 2894 factus
1581 2840 1651 2894 sit
1680 2840 1769 2895 ille
1800 2841 2053 2910 Unigeni-

473 2919 578 2969 tus,
610 2909 744 2963 duas
787 2919 1011 2964 naturas
1040 2910 1219 2964 unitas
1260 2922 1379 2965 esse
1424 2910 1671 2974 dicimus,
1720 2927 1887 2965 unum
1920 2924 2051 2966 vero

473 2978 747 3033 Christum
774 2987 828 3033 et
850 2974 1046 3034 Filium
1070 2988 1125 3035 et
1149 2979 1432 3034 Dominum
1454 2979 1584 3035 illud
1607 2980 1700 3035 Dei
1721 2980 1896 3036 Patris
1915 2981 2048 3035 Ver-

2150 384 2248 455 dit,
2278 391 2389 454 sed,
2420 398 2478 444 ut
2505 390 2770 453 diximus,
2811 388 3165 443 incarnatam.
3205 384 3319 440 Non
3348 385 3490 440 enim
3520 386 3728 455 ipsum,

2148 476 2336 524 unum,
2364 461 2419 514 in
2448 459 2531 515 his
2554 460 2681 515 solis
2708 474 2827 528 qua:
2851 459 3140 528 secundum
3180 462 3424 510 naturam
3454 456 3735 527 simplicia

2149 538 2289 594 sunt,
2314 545 2440 584 vere
2461 527 2783 594 dicitur,sed
2812 529 2867 583 in
2890 528 2974 582 his
2996 527 3157 597 etiam
3178 534 3296 597 qua
3315 531 3439 580 sunt
3459 540 3554 596 per
3573 542 3732 583 com-—

2146 600 2464 669 positionem
2500 595 3126 669 conjuncta,cujusmodi
3160 595 3243 669 est
3272 597 3433 651 homo
3453 595 3731 669 exanima

2148 666 2400 725 constans
2425 678 2479 738 et
2504 666 2749 738 corpore.
2779 666 2910 722 Nam
2941 667 3203 738 ejusmodi
3232 682 3321 721 res
3346 681 3467 720 cum
3494 666 3730 725 alterius

2147 739 2255 793 sint
2299 737 2526 810 speciei,
2569 737 2623 810 et
2661 738 2883 793 minime
2911 737 3150 810 ejusdem
3189 737 3329 810 inter
3364 751 3421 790 se
3449 738 3726 810 essentia,

2148 807 2343 865 tamen
2366 825 2485 864 cum
2515 808 2679 863 auitae
2711 817 2855 872 sunt,
2883 822 3042 863 unam
3073 807 3306 861 hominis
3348 815 3597 861 naturam
3625 809 3729 864 ab—

2148 879 2361 933 solvunt
2385 896 2400 944 ;
2440 880 2684 947 quamvis
2711 878 2850 933 adsit
2874 878 2926 933 in
2953 877 3358 946 compositionis
3386 877 3594 947 ratione
3619 878 3731 934 dif-

2104 971 2112 978 ·
2146 948 2395 1011 ferentia,
2432 946 2721 1003 secundum
2742 960 2986 1003 naturam
3015 963 3194 1002 rerum
3218 948 3283 1002 ad
3306 946 3570 1002 unitatem
3593 965 3735 1005 con-

2146 1020 2501 1075 currentium.
2532 1017 2874 1089 Supervacue
2899 1019 3062 1089 igitur
3089 1019 3481 1089 ratiocinantur
3520 1020 3612 1087 qui
3636 1034 3733 1075 as-

2149 1096 2368 1152 serunt,
2410 1089 2453 1144 si
2485 1104 2589 1143 una
2610 1088 2699 1144 ’sit
2738 1098 2928 1143 natura
2955 1088 3115 1143 Verbi
3162 1088 3465 1158 incuruata,
3501 1104 3733 1158 prorsus

2149 1159 2407 1228 consequi
2451 1160 2855 1228 permistionem
2902 1168 3065 1228 atque
3105 1156 3727 1228 confusionem'l'actam

2149 1227 2346 1294 fuisse,
2382 1227 2663 1298 imminuta
2705 1230 2959 1283 nimirum
2978 1227 3151 1298 atque
3175 1228 3451 1283 subtracta
3488 1227 3737 1285 heminis

2149 1309 2363 1353 natura.
2392 1297 2577 1368 Neque
2605 1299 2747 1353 enim
2778 1299 3054 1352 imminuta
3076 1308 3275 1368 neque
3308 1299 3585 1353 subtracta
3615 1310 3731 1365 est,

2149 1376 2211 1438 ut
2265 1368 2415 1422 aiunt
2441 1388 2453 1421 :
2484 1367 2608 1424 nam
2632 1370 2698 1423 ad
2722 1368 3031 1438 plenissime
3057 1367 3440 1438 declarandum
3480 1370 3625 1437 quod
3655 1372 3732 1425 sit

2150 1436 2324 1493 factus
2352 1439 2532 1503 homo,
2556 1438 2685 1494 satis
2712 1436 2795 1494 est
2817 1438 2974 1493 fateri
3004 1437 3131 1493 illud
3169 1436 3333 1494 fuisse
3361 1436 3727 1495 incarnatam.

2150 1507 2264 1563 Hoc
2292 1506 2435 1563 enim
2480 1511 2524 1563 si
2562 1524 2591 1562 a
2631 1509 2785 1565 nobis
2821 1516 3107 1573 taceretur,
3139 1507 3402 1564 haberent
3426 1509 3600 1563 locum
3632 1511 3732 1565 ali-

2149 1592 2309 1647 quem
2331 1594 2516 1650 eorum
2543 1578 2852 1634 calumnias:
2879 1595 3001 1635 cum
3023 1594 3151 1633 vero
3175 1579 3482 1650 necessario
3505 1581 3732 1650 subjun-

2154 1657 2300 1703 ctum
2315 1649 2744 1712 sit,incarnatum
2772 1664 2907 1712 esse,
2924 1649 3139 1703 ubinam
3156 1649 3296 1703 ullus
3311 1649 3727 1714 imminutiohis,

2154 1719 2604 1773 subtractionisve
2628 1721 2816 1775 modus
2837 1720 3056 1774 relictus
3069 1721 3187 1774 est?
3205 1740 3222 1771 ι
3245 1719 3374 1774 lbid.
3396 1719 3434 1774 l‘.
3453 1720 3555 1774 142
3566 1720 3731 1776 cuii.

2223 1787 2361 1869 XiV.
2387 1788 2475 1843 Ea;
2502 1788 2746 1871 loquendi
2780 1790 2947 1871 modis
2992 1805 3123 1871 quos
3167 1789 3480 1844 adhibebant
3529 1789 3731 1871 {Vetto-

2154 1858 2292 1912 riani
2322 1858 2609 1929 necessario
2635 1859 2935 1929 inferendae
2959 1858 3067 1913 esse
3086 1859 3218 1929 duas
3242 1872 3489 1929 personas
3512 1860 3735 1915 demon-

2150 1936 2299 2000 strat.
2333 1926 2496 2000 Verba
2518 1926 3055 2000 Nestorianorum.—
3069 1928 3221 1995 Quod
3243 1926 3452 1997 spectat
3473 1931 3735 2000 loquendi

2151 1999 2339 2052 modos
2364 2013 2395 2052 a
2417 1998 2769 2063 Nestorianis,
2799 2006 2859 2054 nt
2882 2000 3239 2054 dill‘erentiam
3266 1998 3582 2055 naturarum
3615 2001 3734 2055 etil-

2153 2068 2334 2140 caeius
2358 2069 2723 2140 exprimerent
2750 2069 3017 2124 adhibitos
3035 2111 3050 2133 ,
3103 2085 3224 2124 cum
3266 2084 3460 2140 nempe
3486 2072 3694 2140 passim
3712 2104 3732 2134 ί

2151 2138 2347 2209 ubiude
2378 2138 2537 2209 Verbi
2581 2139 2951 2195 incarnatione
2980 2140 3337 2209 loquebantur
3356 2176 3371 2204 ,
3394 2138 3547 2195 inter
3587 2142 3734 2195 hunc

2151 2217 2198 2282 et
2228 2206 2811 2282 illum‘distinguerent,
2846 2206 3199 2282 merito'ipsis
3234 2211 3528 2280 exprobrat
3553 2211 3735 2282 Cyril-

2150 2276 2414 2350 lus,&nihil
2439 2279 2545 2333 dici
2572 2276 2829 2349 potuisse,
2877 2296 2983 2350 quo
3011 2276 3249 2350 apertius
3275 2276 3524 2349 personae
3550 2276 3735 2339 unitas

2151 2347 2206 2401 in
2235 2347 2451 2403 Christo
2476 2347 2846 2405 destrueretur
2864 2347 2995 2414 {uti
3037 2347 3223 2405 revera
3252 2347 3473 2405 cuilibet
3500 2362 3617 2405 rem
3646 2353 3737 2407 vel

2150 2418 2311 2490 ebvie
2351 2418 2713 2490 consideranti
2757 2428 2923 2488 patet.
2963 2440 2982 2472 ι
3018 2420 3461 2490 Quandoquidem
3494 2421 3593 2490 (ait
3632 2422 3729 2477 lib.

2150 2485 2227 2541 De
2252 2486 2383 2543 Fide
2401 2489 2468 2542 ad
2497 2485 2879 2562 Theodosium)
2908 2485 3074 2546 unum
3102 2485 3376 2562 Christum
3398 2490 3452 2562 in
3482 2485 3619 2546 duos
3647 2508 3737 2548 se-

2150 2567 2417 2631 cernunt,
2461 2567 2515 2631 et
2561 2570 2744 2614 crassa
2779 2562 3006 2629 quadam
3046 2561 3386 2631 separatione
3421 2561 3564 2615 inter
3589 2564 3736 2617 hunc

2149 2634 2203 2679 et
2229 2626 2378 2681 illum
2404 2628 2644 2702 inducta,
2676 2626 2962 2702 utrumque
2990 2626 3231 2685 seorsum
3272 2646 3336 2686 ac
3365 2632 3515 2700 quasi
3546 2643 3650 2702 per
3676 2646 3737 2689 se

2150 2705 2297 2771 stare
2324 2698 2680 2771 centeudunt;
2705 2708 2761 2753 et
2786 2698 3015 2755 alterum
3041 2702 3281 2771 quidem,
3305 2698 3428 2755 cuin
3469 2698 3739 2758 nimirum

2148 2767 2239 2834 qui
2265 2780 2332 2822 ex
2362 2768 2578 2838 Virgine
2603 2778 2762 2840 natus
2786 2778 2887 2834 est,
2927 2767 3222 2840 perfectum
3253 2771 3563 2836 hominem;
3597 2773 3738 2827 alte-

2148 2851 2268 2891 rum
2309 2853 2525 2909 rursum
2551 2840 2722 2909 ipsum
2750 2839 2843 2894 Dei
2886 2839 3060 2896 Patris
3084 2841 3318 2897 Verbum
3349 2854 3467 2896 esse
3498 2842 3691 2898 dicunt
3716 2859 3735 2908 ς

2149 2921 2255 2961 ιιοιι
2282 2908 2411 2976 quid
2434 2907 2587 2963 inter
2608 2910 2697 2964 Dei
2736 2919 2789 2965 et
2813 2912 2991 2965 carnis
3020 2918 3268 2965 naturam
3296 2911 3509 2965 intersit
3535 2907 3736 2967 distiné

2152 2985 2397 3050 gucuies,
2424 2994 2597 3047 neque
2623 2981 2763 3038 intra
2794 2981 2935 3035 solos
2954 2980 3371 3050 discrepantium
3406 2989 3735 3037 naturarum

470 3029 1177 3116 saevassaeuas:
1190 3029 1948 3109 a‘iiu‘aaaa'as‘ea'aas;
1965 3029 2053 3105 ’Ᾱι
2077 3029 2123 3092 C
2153 3029 2816 3105 teriam;"eaeaeae;
2827 3029 3462 3107 z‘ia‘t‘ai‘a'ava‘inte
3499 3029 3739 3108 ιῑοηέιξ

472 3119 518 3173 si
543 3118 737 3191 placet,
770 3120 909 3191 hanc
953 3120 1125 3191 ipsam
1162 3127 1405 3175 nostram
1435 3121 1901 3191 compositionem,
1944 3136 2050 3190 qua

473 3206 659 3261 sumus
687 3189 951 3254 homines,
980 3190 1145 3261 990
1173 3190 1227 3244 in
1252 3189 1930 3261 exemplum'accipiamus.
1964 3189 2050 3246 Ex

472 3260 651 3313 anima
696 3275 930 3332 namque
980 3270 1034 3315 et
1054 3260 1297 3332 corpore
1338 3260 1525 3316 sumus
1563 3263 1867 3332 compositi,
1892 3263 2051 3316 duas-

474 3344 580 3399 que
625 3338 847 3385 naturas
898 3331 1188 3393 intuemur,
1244 3330 1469 3385 alteram
1515 3330 1784 3399 corporis,
1827 3332 2049 3385 alteram

476 3398 696 3451 animat:
729 3399 823 3452 sed
850 3415 991 3453 unus
1017 3413 1081 3453 ex
1107 3400 1386 3468 utriusque
1411 3398 1838 3455 unione’constat
1857 3401 2046 3455 homo:

474 3481 660 3539 neque
676 3482 822 3529 vero,
847 3468 971 3537 quia
994 3484 1061 3524 ex
1087 3468 1295 3524 duabus
1312 3470 1523 3524 naturis
1543 3471 1707 3525 homo
1724 3470 2051 3539 compositus

474 3544 575 3609 est,
631 3536 764 3591 duos
791 3536 982 3609 putare
1019 3539 1276 3593 debemus
1305 3539 1568 3603 homines,
1619 3540 1708 3609 qui
1749 3536 1889 3595 unus
1934 3548 2047 3604 est,

475 3605 571 3659 sed
598 3621 763 3681 unum
792 3606 1040 3662 eumdem
1068 3622 1164 3675 per
1192 3605 1653 3681 compeeitionem;
1685 3618 1744 3663 ut
1780 3610 1926 3681 dixi,
1956 3613 2049 3681 qui

475 3691 541 3749 e_x
567 3676 750 3749 anima
770 3685 984 3749 constat
1006 3685 1061 3732 et
1087 3676 1331 3749 corpore;
1358 3677 1491 3733 Nam
1514 3680 1559 3733 si
1587 3680 1961 3749 negaverimus
1972 3676 2048 3736 ex

475 3745 682 3799 duabus
702 3746 1033 3817 diversisque
1056 3745 1263 3803 naturis
1290 3763 1455 3804 unum
1478 3764 1540 3804 ac
1562 3745 1733 3803 solum
1757 3764 1875 3805 esse
1899 3750 2053 3805 Chri-

475 3824 638 3881 stum,
669 3817 759 3889 qui
787 3826 909 3884 post
947 3818 1201 3889 unionem
1245 3820 1409 3874 dividi
1456 3835 1562 3875 non
1610 3821 1811 3889 possit,
1852 3820 2048 3876 dicturi

474 3893 620 3949 sunt,
650 3886 741 3954 qui
770 3902 892 3942 cum
914 3896 1060 3943 recta
1083 3888 1185 3944 ﬁde
1210 3889 1405 3943 bellum
1431 3886 1652 3954 gemui:
1684 3890 1728 3944 si
1754 3898 1921 3946 totum
1940 3906 2047 3945 una

475 3964 559 4010 est
587 3965 801 4029 natura,
829 3958 1099 4029 quomodo
1126 3957 1299 4015 factus
1324 3965 1409 4014 est
1438 3957 1625 4025 homo,
1667 3975 1895 4029 quamve
1928 3975 2050 4016 cars

477 4040 600 4079 nem
622 4028 898 4095 propriam
922 4028 1201 4084 fecit?etc.
1232 4049 1250 4081 ι
1283 4029 1437 4089 Τοιιι.
1469 4030 1532 4092 V,
1564 4028 1702 4095 part.
1731 4047 1793 4095 ιι,
1818 4030 1911 4085 fol.
1944 4030 2049 4085 556

475 4103 532 4149 et
560 4110 673 4170 seq.
698 4097 951 4170 Cumque
978 4097 1166 4153 oll‘ensi
1196 4098 1422 4155 fuissent
1445 4097 1684 4168 quidam,
1713 4100 1854 4170 quod
1882 4100 2051 4156 dixis-

476 4172 560 4236 set
586 4164 817 4235 Cyrillus
843 4164 1002 4222 tinam
1033 4178 1277 4223 naturam
1305 4164 1635 4224 incarnatam
1654 4164 1677 4236 ,⁷
1702 4164 1757 4224 in
1786 4170 1954 4225 altera
1979 4170 2049 4225 ad

479 4234 799 4310 Successum
823 4238 1048 4310 epietola
1089 4246 1323 4310 mentem
1353 4254 1511 4310 suam,
1547 4234 1778 4310 desuper
1810 4240 2048 4309 apertius

479 4305 572 4359 dat
597 4305 816 4360 dicens:
846 4324 865 4355 ι
901 4306 1107 4390 Rursus
1133 4307 1401 4390 ignorant,
1419 4308 1517 4390 “qui
1539 4305 1698 4364 recta"
1712 4305 2044 4390 pervertunt,

477 4390 641 4429 unam
661 4389 847 4429 revera
867 4390 988 4430 esse
1009 4383 1253 4430 naturam
1277 4377 1433 4431 Verbi
1451 4377 1802 4434 incarnatam.
1825 4380 1880 4434 Si
1901 4380 2046 4435 enim
2073 4377 2125 4436 Ι)

477 4459 617 4500 unus
651 4454 735 4499 est
757 4444 943 4509 Filius,
972 4446 1062 4500 ille
1088 4453 1278 4499 natura
1300 4461 1364 4501 ac
1386 4462 1530 4512 vere,
1563 4447 1691 4502 illud
1718 4464 1783 4503 ex
1805 4447 1917 4504 Deo
1943 4450 2045 4504 Pas

476 4523 559 4597 t_re
592 4514 819 4569 Verbum
857 4514 1197 4597 inell‘abiliter
1216 4517 1483 4597 .genituin,
1515 4517 1606 4597 qui
1636 4518 1826 4597 deinde
1846 4534 2047 4597 secun-

478 4585 607 4654 dum
632 4588 1051 4654 assumptionem
1079 4586 1260 4641 carnis
1281 4601 1384 4641 non
1413 4585 1736 4649 inanimatae,
1769 4591 1860 4642 sed
1887 4589 2047 4643 intel-

474 4652 675 4723 ligente
702 4652 878 4710 anima
905 4655 1142 4725 pragditee
1164 4656 1361 4726 prodiit
1390 4656 1549 4710 homo
1579 4670 1645 4709 ex
1673 4657 1915 4721 muliere,
1937 4674 2044 4713 non

478 4732 761 4793 propterea
786 4726 840 4780 in
869 4727 1003 4781 duas
1030 4741 1304 4797 personas,
1326 4728 1565 4795 duosque
1590 4726 1727 4781 filios
1754 4727 2043 4792 dividetur,

481 4810 605 4849 cum
646 4798 1006 4863 permanserit
1033 4813 1199 4862 umis,
1230 4811 1336 4852 non
1384 4804 1558 4850 tamen
1606 4797 1721 4851 sine
1761 4812 1926 4853 carne
1952 4808 2048 4853 aut

478 4872 632 4921 extra
653 4880 866 4937 corpus,
895 4869 988 4921 sed
1014 4867 1187 4937 ipsum
1216 4866 1490 4937 proprium
1535 4866 1759 4937 habens,
1794 4881 1890 4936 per
1922 4870 2046 4923 uni-

479 4941 645 5006 tatem
665 4951 786 5005 quae
808 4936 1036 5006 distrahi
1060 4937 1203 4991 nullo
1218 4935 1383 4992 modo
1404 4937 1593 5006 possit.
1616 4935 1719 5002 Qui
1746 4935 1926 4992 autem
1946 4939 2043 4994 hoc

479 5004 632 5088 dicit,
656 5004 702 5061 is
730 5004 874 5088 nullo
888 5016 1118 5088 prorsus
1138 5007 1295 5088 mede
1314 5004 1717 5088 perm‘istionem
1747 5008 2049 5088 aut_confu—

481 5074 710 5141 sionem,
735 5082 827 5130 aut
853 5074 1118 5146 ejusmodi
1150 5075 1294 5131 aliud
1316 5074 1609 5145 signiﬁcat:
1642 5090 1817 5146 neque
1838 5078 1893 5133 id
1924 5088 2048 5132 ru-r-

480 5161 573 5201 sus
597 5154 855 5216 tanquam
883 5158 951 5202 ex
976 5146 1279 5202 necessaria
1316 5146 1523 5202 ratione
1542 5147 1653 5202 ullo
1678 5148 1837 5203 modo
1862 5161 2050 5203 conse-

481 5225 695 5288 quetur:
723 5217 859 5272 Nam
879 5216 1091 5272 etiamsi
1118 5231 1256 5272 unus
1276 5217 1484 5288 dicatur
1507 5233 1538 5271 a
1565 5218 1721 5273 nobis
1743 5218 2050 5288 unigenitus

528 5285 649 5341 ilius
674 5284 769 5344 Dei
794 5288 1123 5352 incarnatus,
1149 5298 1206 5343 et
1225 5288 1386 5342 homo
1411 5287 1605 5351 factus,
1634 5296 1740 5343 non
1770 5284 2049 5357 propterea

484 5357 774 5423 permistus
809 5369 911 5422 est,
939 5366 1001 5413 ut
1030 5358 1105 5413 illi
1129 5365 1338 5427 putant,
1379 5373 1552 5427 neque
1587 5358 1642 5412 in
1682 5358 1862 5414 carnis
1890 5366 2046 5413 natu-

484 5438 607 5497 ram
627 5428 841 5484 transiit
863 5428 1025 5485 Verbi
1052 5437 1264 5493 natura,
1292 5442 1465 5497 neque
1497 5443 1687 5483 rursus
1712 5434 1902 5483 natura
1926 5443 2048 5482 car-

484 5494 571 5567 nis
595 5494 651 5550 in
678 5497 841 5553 Verbi
868 5507 1146 5554 naturam:
1174 5499 1267 5554 sed
1287 5494 1409 5553 eum
1426 5507 1712 5567 utrumque
1735 5499 1787 5552 in
1809 5513 1904 5554 sua
1926 5514 2050 5567 pro-

484 5563 715 5640 prietate
751 5568 982 5640 naturali
1013 5577 1323 5640 permaneat
1372 5576 1429 5623 et
1466 5563 1869 5640 consideretur,
1894 5563 2048 5640 juxta

487 5628 753 5690 rationem
773 5637 929 5707 paulo
956 5628 1080 5695 ante
1116 5638 1412 5705 redditam,
1453 5628 1791 5695 iuell‘abiliter
1821 5628 1871 5695 et
1894 5628 2049 5695 inex-

2152 3126 2433 3172 errarent:
2461 3119 2565 3173 alia
2593 3121 2735 3174 enim
2767 3122 2964 3187 carnis,
2992 3121 3092 3175 alia
3123 3136 3314 3176 rursus
3336 3123 3497 3177 Verbi
3525 3131 3612 3177 cst
3642 3130 3736 3177 hac

2152 3187 2395 3261 tura._At
2419 3188 2475 3261 bi
2506 3189 2734 3244 alterum
2766 3206 3009 3246 seorsum
3036 3206 3101 3246 ac
3124 3206 3219 3261 per
3240 3207 3318 3257 se,
3344 3200 3599 3261 tanquam
3628 3206 3739 3249 me-

2151 3271 2269 3310 rum
2297 3257 2565 3313 hominem
2593 3268 2867 3325 statuunt;
2911 3257 3139 3317 alterum
3165 3277 3292 3316 vero
3319 3271 3378 3315 ut
3413 3257 3601 3317 verum
3631 3281 3735 3318 na-

2151 3326 2486 3397 iuralemque
2529 3329 2698 3383 Deum
2728 3332 3008 3386 nominant
3038 3371 3052 3385 .
3081 3371 3095 3386 .
3119 3372 3131 3384 .
3165 3330 3245 3386 Ad
3274 3333 3496 3388 verbum
3544 3342 3734 3389 autem

2150 3395 2294 3452 hunc
2333 3395 2641 3453 in‘modum
2688 3400 2927 3456 scribere
2972 3403 3085 3462 ausi
3113 3410 3274 3457 sunt:
3319 3400 3421 3455 Hic
3468 3404 3734 3462 siquidem

2152 3463 2365 3544 Lnempe
2404 3467 2503 3544 Dei
2547 3467 2724 3544 Patris
2749 3470 3016 3544 Verbum?)
3040 3487 3227 3544 iverus
3254 3481 3310 3544 et
3335 3463 3600 3527 naturalis
3654 3483 3736 3541 est

2148 3536 2320 3613 Pilius
2343 3554 2356 3601 ;
2376 3537 2485 3613 __ill_e
2512 3553 2641 3593 vero
2672 3539 2823 3613 (puta
2847 3536 3083 3612 Virginis
3124 3542 3302 3605 natus)
3342 3544 3615 3613 nequivere
3638 3536 3737 3598 Dei

2150 3604 2323 3682 filius
2351 3607 2581 3682 dicitur;
2609 3617 2664 3664 et
2682 3604 2842 3682 paulo
2860 3604 2982 3680 post
3008 3614 3237 3667 iterum:
3266 3604 3454 3682 Utique
3470 3613 3566 3667 Dei
3605 3612 3737 3669 Ver-

2151 3676 2274 3751 bum
2297 3687 2501 3751 nonest
2525 3676 2700 3751 homo,
2734 3681 2825 3735 sed
2852 3676 3112 3737 hominem
3136 3676 3435 3751 assumpsit.
3469 3683 3735 3749 Quando-

2149 3747 2364 3825 quidem
2396 3747 2860 3825 Unigenitgs__jam
2896 3751 3019 3825 inde
3066 3753 3134 3807 ab
3181 3747 3335 3825 ipitiu
3364 3767 3461 3822 per
3493 3747 3573 3817 se,
3634 3755 3731 3809 Dei

2147 3817 2389 3891 omnium
2415 3818 2623 3887 opilicis
2650 3817 2819 3891 Fiiius
2846 3830 2964 3876 est:
2996 3823 3157 3877 homo
3183 3817 3380 3885 autem,
3414 3837 3575 3891 quem
3603 3840 3731 3879 sus-

2147 3887 2309 3955 cepit,
2340 3903 2461 3974 cum
2497 3889 2853 3974 naturaODeus
2876 3894 3348 3974 ne‘n.si't‘,npropter
3373 3887 3511 3974 eum,
3542 3908 3572 3946 a
3622 3910 3732 3964 quo

2148 3966 2457 4028 assumptus
2481 3966 2584 4023 est,
2615 3959 2707 4028 qui
2730 3976 2889 4015 verus
2916 3961 3011 4015 Dei
3048 3959 3218 4016 Filius
3231 3959 3349 4025 'est,
3377 3963 3562 4017 eodem
3599 3959 3727 4019 cum

2145 4027 2260 4098 ipso
2301 4030 2517 4083 nomine
2545 4027 2863 4098 appellatur.
2899 4050 2917 4082 ι
2952 4030 3106 4086 Τοπι.
3148 4032 3213 4085 lV
3240 4032 3431 4098 (Ξοιιθ.⁷
3459 4033 3562 4087 col.
3596 4035 3727 4089 6‘26.

2180 4111 2275 4151 ure
2297 4098 2394 4172 abs
2416 4098 2576 4172 dubio
2597 4100 2731 4154 dixit
2763 4100 3001 4172 Cyrinus
3037 4112 3276 4169 crassam
3318 4118 3420 4172 per
3443 4104 3608 4159 hosce
3647 4105 3728 4159 lo-

2147 4168 2344 4237 quendi
2372 4169 2580 4234 modos,
2606 4182 2702 4237 per
2746 4168 3142 4226 distinctionem
3169 4168 3374 4227 Scilicet
3412 4174 3555 4227 inter
3580 4175 3727 4228 hunc

2146 4234 2202 4292 et
2221 4234 2392 4302 illam,
2424 4234 2820 4305 separaticmem
2848 4241 3047 4305 induci,
3078 4258 3200 4296 cum
3228 4257 3387 4297 nemo
3407 4259 3512 4297 non
3536 4244 3727 4299 videat

2145 4309 2461 4383 pronomina
2484 4308 2568 4383 hic
2591 4308 2752 4383 e_t_ille
2772 4327 2877 4383 non
2900 4311 3089 4381 utique
3117 4313 3183 4367 de
3202 4312 3428 4383 naturis,
3452 4314 3545 4367 sed
3562 4314 3727 4383 plane

2149 4376 2215 4452 de
2240 4379 2487 4452 personis
2510 4377 2849 4452 intelligenda
2878 4376 3030 4452 esse,
3078 4397 3143 4437 ac
3188 4382 3341 4452 proin
3384 4384 3428 4437 si
3461 4384 3513 4437 in
3544 4376 3727 4439 Verbo

2148 4446 2426 4522 incarnato
2446 4448 2516 4522 sit
2541 4448 2634 4522 hic
2648 4446 2704 4503 et
2727 4449 2835 4513 ille,
2859 4451 2993 4522 duas
3011 4446 3223 4522 quoque
3246 4452 3299 4505 in
3325 4453 3441 4522 ipso
3459 4468 3727 4522 personas

2149 4516 2380 4588 admitti,
2412 4516 2495 4588 vel
2526 4518 2705 4588 potius
2729 4534 2910 4573 veram
2938 4516 3370 4576 incarnationem
3411 4516 3573 4579 Verbi
3625 4540 3725 4578 ne-

2148 4585 2282 4654 gari,
2310 4595 2370 4663 ut
2391 4585 2737 4663 alibi—saepius
2766 4599 2955 4663 monet;
2975 4589 3389 4663 Cyrilltrs.ilinc
3417 4601 3473 4647 et
3490 4593 3725 4663 Vigilius

2148 4670 2284 4729 papa
2309 4654 2364 4709 in
2386 4654 2734 4729 responsione
2754 4660 2821 4714 ad
2844 4654 3131 4729 capitulum
3148 4660 3220 4714 20
3240 4661 3506 4716 Theodori
3527 4654 3723 4719 eadem

2148 4725 2355 4804 ratione
2396 4725 2537 4804 inter
2564 4727 2711 4804 itiner
2752 4736 2808 4783 et
2848 4725 2996 4804 ilium
3030 4730 3438 4804 distinguentis,
3468 4741 3531 4787 ut
3554 4746 3723 4804 supra

2150 4793 2256 4874 §_‘2,
2294 4811 2441 4874 num.
2473 4796 2540 4874 l5
2567 4797 2815 4874 vidimus,
2856 4800 2965 4853 ait:
3001 4818 3020 4851 ι
3071 4799 3128 4874 lu
3170 4793 3534 4874 suprascripto
3565 4793 3719 4874 vi'ge-

2147 4866 2285 4951 simo
2312 4866 2563 4951 eapitulo,
2598 4868 2688 4951 ubi
2732 4876 2954 4951 octavus
2973 4866 3475 4951 ‘psalmusLVidetu'r
3494 4866 3719 4951 captiui,

2145 4944 2201 4988 et
2226 4935 2400 4990 nudus
2418 4936 2579 5010 homo
2599 4936 2769 5010 (sicut
2782 4946 2839 4992 et
2856 4940 2913 4993 in
2938 4935 3058 5010 aliis
3077 4940 3190 5010 iam
3216 4941 3417 4996 dictum
3441 4944 3545 5009 est)
3566 4935 3724 4999 Chri-

2147 5013 2262 5077 stus
2287 5005 2568 5077 asseritur,
2594 5005 2648 5062 et
2667 5007 2870 5063 divisus
2892 5024 2933 5067 a.
2946 5005 3122 5065 Verb'o
3142 5019 3491 5077 monstratur,
3510 5005 3567 5067 et
3584 5015 3721 5068 dna-

2146 5073 2270 5152 litas
2290 5075 2562 5133 inducitur
2591 5090 2964 5152 personarum.
3002 5098 3022 5130 ι
3054 5078 3297 5152 Cumque
3332 5090 3389 5136 et
3416 5073 3539 5152 ipse
3572 5084 3722 5139 arbi-

2146 5150 2381 5199 traretur
2408 5160 2589 5201 veram
2619 5147 3043 5204 incarnationem
3079 5150 3134 5203 in
3162 5147 3427 5205 Theodori
3446 5147 3720 5206 sententia

2148 5215 2439 5291 subsistere
2464 5216 2606 5291 haud
2627 5231 2801 5287 posse,
2831 5218 2887 5272 in
2908 5218 3051 5291 hunc
3070 5218 3286 5291 medum
3306 5222 3510 5291 pergit:
3538 5242 3558 5273 σ
3585 5222 3721 5288 Quae

2149 5284 2194 5339 si
2219 5286 2338 5353 quis
2365 5286 2437 5339 ita
2464 5284 2710 5356 sapiu"...
2733 5296 2789 5343 et
2807 5302 2917 5343 non
2935 5287 3012 5342 ita
3033 5289 3087 5343 in
3109 5284 3322 5344 Christo
3338 5284 3563 5345 Do'mino
3583 5284 3719 5346 duas

2149 5361 2370 5410 naturas
2396 5356 2790 5430 iridivisibiliter
2810 5366 2864 5412 et
2902 5358 3181 5430 inconiasc
3213 5360 3393 5415 unitas
3432 5360 3717 5430 intelligat,

2149 5433 2211 5478 ut
2240 5434 2485 5479 manente
2524 5426 2820 5500 diﬁcrentia
2864 5428 3175 5500 earumdem
3220 5439 3554 5493 naturarum,
3602 5426 3719 5500 ipse

2150 5508 2287 5550 unus
2335 5504 2497 5564 atque
2526 5497 2666 5551 idem
2692 5508 2855 5552 verus
2874 5498 2946 5553 sit
2976 5498 3069 5564 Dei
3096 5506 3153 5553 et
3178 5510 3335 5554 verus
3371 5500 3603 5556 nominis
3624 5497 3718 5555 Fi-

2147 5564 2270 5627 lius,
2300 5556 2589 5635 anathema
2621 5567 2710 5622 sit.
2747 5587 2765 5620 ι
2798 5566 2950 5622 Tom.
2977 5556 3048 5623 1X
3077 5567 3267 5635 Coue.,
3293 5570 3395 5624 col.
3430 5570 3514 5623 76.

2224 5636 2333 5693 XV.
2366 5634 2513 5690 L'nde
2550 5638 2780 5708 fucatam
2824 5648 2988 5693 censet
3035 5650 3212 5693 eorum
3254 5634 3624 5711 professionem
3652 5637 3718 5694 de
