3968 6180
179 415 278 471 ιη

819 413 1185 481 ENIIUEBER
1219 414 1528 479 DiSSERT.
1570 416 1659 473 DE
1694 416 1971 483 HERESI
2005 388 2317 485 ELIPANDI
2353 422 2440 485 ΕΤ
2482 425 2756 486 FELICIS.

3326 434 3429 491 418

176 532 388 609 agitate.
416 542 675 609 persona’.
701 555 775 567 —
953 528 1289 609 escusandos
1333 529 1401 609 ab
1440 530 1541 589 hoc
1576 545 1761 609 errore
1791 534 1839 597 Α
1863 533 1952 609 his
1969 534 2244 609 profertur
2271 537 2326 593 iu
2371 538 2607 596 medium
2650 510 2863 595 Christi,
2896 536 3241 609 mysterium,
3284 543 3430 602 illius

175 596 484 657 Nestorium
515 596 760 668 aliosque
793 597 1001 668 iudicat
1040 597 1291 668 Cyrillus,
1338 598 1464 653 licet
1500 602 1760 659 unitatem

170 684 422 739 personae
451 667 505 729 in
536 666 757 722 Christo
795 666 903 722 non
930 682 1040 722 una
1060 666 1184 739 vice
1223 669 1664 739 deprredicarent.
1706 673 1762 728 ld

164 737 320 811 enim
348 739 681 811 verboteuus
718 744 927 811 tantum
955 739 1024 791 ab
1056 738 1121 792 iis
1150 737 1300 811 fieri,
1342 738 1609 811 talemque
1636 757 1761 811 pro-

166 808 468 865 fessionem
496 806 880 880 alienissimam
915 807 1429 880 esscaprincipiis,
1468 806 1588 880 quae
1632 806 1759 869 alibi

166 893 393 948 semper
444 878 893 948 adoptaverant,
962 877 1284 948 solidissime
1348 877 1756 941 commonstrat.

166 967 189 1021 ε
218 945 413 1021 Ipsum
442 945 678 1021 Verbhm
723 945 938 1021 (aitlib.
980 962 1021 1001 ιι
1050 946 1309 1002 adversus
1338 948 1668 1021 Nestorium)
1691 965 1759 1021 ex

162 1016 287 1073 Deo
329 1017 492 1071 Patre
525 1016 951 1072 substantialiter
993 1025 1182 1079 natum
1212 1019 1382 1073 nostri
1409 1016 1658 1075 similem'
1680 1020 1760 1074 fa-

163 1097 323 1145 ctum
345 1100 466 1148 esse
510 1086 772 1151 dicimus,
806 1096 861 1141 ct
902 1086 1243 1141 incarnatum
1278 1096 1333 1141 et
1373 1089 1642 1144 hominem
1682 1090 1760 1143 fa-

163 1166 344 1238 ctum,
374 1158 477 1238 hoc
504 1164 608 1220 est,
625 1156 959 1238 'sibi‘cprpus
1004 1157 1297 1238 sumpsisse
1322 1173 1387 1215 ex
1414 1168 1610 1238 sancta
1628 1160 1760 1238 Vir:

163 1229 321 1297 gine,
345 1235 400 1285 et
425 1240 581 1297 suum
600 1226 753 1297 _illud
782 1226 1012 1297 fecisse:
1052 1241 1201 1297 nam,
1225 1227 1330 1282 hoc
1373 1229 1534 1284 modo
1581 1230 1661 1294 lit,
1699 1235 1759 1282 ut

162 1294 303 1352 vere
333 1311 475 1350 unus
500 1296 571 1349 sit
600 1294 862 1351 Dominus
884 1295 1042 1350 Iesus
1077 1294 1347 1359 Christus,
1373 1299 1477 1353 hoc
1505 1299 1663 1357 modo
1695 1300 1759 1353 il-

164 1367 281 1421 lum
312 1377 369 1420 ut
399 1380 564 1422 unum
596 1366 959 1430 adorahimus,
985 1366 1031 1420 si
1060 1381 1168 1429 non
1192 1366 1464 1423 hominem
1491 1384 1554 1422 ac
1588 1369 1756 1430 Deum

162 1437 403 1500 seorsim
424 1449 709 1504 ponamus,
724 1436 818 1489 sed
837 1450 998 1498 unum
1012 1443 1066 1489 et
1085 1435 1330 1491 eumdem
1345 1453 1464 1492 esse
1476 1439 1757 1494 credamus

163 1508 217 1561 in
252 1506 548 1560 divinitate
572 1512 628 1558 et
648 1506 1000 1569 humanitate,
1038 1506 1142 1560 hoc
1177 1513 1279 1570 est,
1310 1506 1477 1562 Deum
1508 1508 1665 1563 simul
1703 1517 1758 1562 et

163 1577 468 1647 hominem.
496 1575 565 1627 At
586 1590 713 1629 vero
728 1584 915 1647 noster
937 1575 1025 1629 hic
1054 1576 1438 1633 recentissima:
1466 1578 1758 1647 impietatis

160 1646 443 1708 inventor,
469 1647 719 1714 quamvis
746 1644 1019 1701 Christum
1039 1660 1205 1699 unum
1232 1660 1291 1702 se
1314 1647 1494 1701 dicere
1519 1644 1753 1713 simulet,

159 1725 352 1787 tamen
372 1715 571 1787 ubique
586 1723 811 1787 naturas
822 1715 1028 1787 dividit,
1043 1723 1099 1769 et
1117 1716 1341 1770 seorsim
1366 1724 1649 1787 utramque
1670 1734 1758 1787 po-

160 1786 270 1849 nit,
300 1785 604 1853 asscritque
627 1799 733 1839 non
761 1784 880 1841 illas
902 1785 1042 1839 inter
1067 1800 1125 1838 se
1152 1799 1276 1839 vere
1295 1784 1630 1851 convenisse,
1660 1784 1755 1843 sed

159 1856 422 1926 praetexit
434 1855 810 1926 excusationes
822 1870 885 1910 ac
900 1861 1193 1926 praetextas
1208 1855 1262 1909 in
1276 1857 1533 1926 peccatis,
1547 1866 1605 1911 ut
1621 1858 1748 1912 scri-

160 1923 260 1995 ptu
268 1940 323 1981 ιιι
338 1933 448 1989 est,
463 1933 518 1977 et
536 1925 750 1980 modum
766 1923 1049 1995 quemdam
1063 1923 1454 1995 coniunctionis
1469 1927 1750 1983 commini-

160 1995 358 2067 scitur,
375 1995 526 2049 illum
542 2009 733 2067 nempe
748 1994 1038 2067 secundum
1057 1994 1247 2067 solam,
1261 2004 1323 2067 ut
1335 1996 1461 2057 dixi,
1476 1997 1765 2067 dignitatis

161 2065 420 2133 :equalita
429 2074 555 2126 tem,
568 2064 727 2134 991
736 2075 795 2119 ut
805 2080 870 2119 ex
884 2064 1051 2133 ipsius
1060 2064 1241 2119 verbis
1250 2065 1407 2134 plane
1415 2064 1745 2133 docebimus,

161 2142 220 2189 et
237 2144 498 2205 tanquam
521 2134 575 2189 in
600 2134 837 2205 homine,
853 2135 944 2204 qui
961 2134 1095 2188 nihil
1112 2148 1273 2205 supra
1293 2144 1516 2193 caeteros
1531 2138 1747 2202 habeat,

162 2204 443 2285 ipsum’ex
478 2204 589 2258 Deo
623 2204 846 2265 verbum
875 2220 959 2285 ex_
987 2204 1398 2285 participatione
1426 2206 1750 2285 inhabitans

183 2274 319 2346 'acit,
348 2289 418 2328 ac
460 2289 641 2346 voces,
680 2291 800 2344 quae
841 2282 968 2346 sunt
990 2274 1049 2328 in
1079 2276 1390 2346 evangeliis,
1424 2274 1499 2346 ita
1534 2277 1745 2341 dividit,

165 2354 224 2398 ut
246 2343 546 2413 aliquando
587 2343 766 2399 certas
791 2344 1054 2413 quasdam
1086 2345 1185 2399 soli
1220 2343 1285 2399 ac
1314 2345 1529 2414 proprie
1572 2346 1748 2403 Verbo

165 2416 398 2478 tribuat,
430 2414 722 2483 aliquando
768 2415 995 2475 seorsim
1043 2414 1138 2475 illi,
1174 2416 1265 2483 qui
1299 2421 1383 2473 est
1419 2430 1485 2469 ex
1522 2417 1748 2477 muliere

162 2485 365 2539 editus.
408 2502 424 2535 ι
456 2484 611 2540 Tom.
690 2485 770 2547 Vl,
802 2483 895 2539 fol.
925 2484 993 2539 50
1028 2493 1084 2538 et
1110 2483 1197 2539 51.
1227 2485 1391 2539 Paulo
1418 2494 1539 2553 post
1567 2495 1745 2540 autem

164 2556 363 2610 recitat
392 2553 629 2625 Nestorii
650 2556 825 2625 verba
852 2554 1099 2625 superius
1120 2553 1147 2624 ς
1166 2553 1221 2620 2,
1244 2570 1395 2609 num.
1425 2555 1512 2620 16,
1537 2572 1566 2611 a
1591 2557 1747 2612 nobis

165 2625 364 2691 relata,
400 2624 598 2693 quibus
645 2624 935 2679 hazreticus
959 2625 1062 2678 iste
1088 2624 1352 2678 unitatem
1383 2639 1625 2692 personae
1653 2627 1747 2680 ad-

169 2694 393 2769 mittere
409 2694 712 2769 videbatur,
742 2709 807 2769 ac
825 2695 1039 2769 dicebat
1065 2694 1378 2769 divisionem
1406 2696 1606 2769 nullam
1627 2711 1747 2769 esse
1762 2748 1783 2769 ι

162 2763 588 2835 coniunctionis,
619 2764 928 2835 dignitatis,
963 2762 1270 2835 ﬁliatiouis;
1298 2763 1574 2835 Christum
1622 2767 1743 2819 uul-

165 2833 273 2890 lam
305 2835 419 2903 pati
470 2832 826 2899 divisionem;
879 2834 1155 2889 Christum
1205 2849 1325 2889 esse
1375 2833 1739 2899 individuum;

162 2920 277 2957 non
325 2919 450 2958 esse
503 2903 638 2958 duos
684 2904 949 2968 Christus,
999 2920 1106 2976 non
1143 2903 1468 2976 duosufilios,
1492 2919 1600 2976 non
1637 2908 1748 2976 pri-

165 2989 313 3027 mum
335 2983 393 3027 et
425 2976 753 3044 secundum;
785 2990 957 3043 neque
979 2972 1143 3044 aiium
1166 2982 1221 3028 et
1237 2973 1418 3037 alium,
1446 2976 1539 3027 sed
1570 2972 1745 3044 ipsum

167 3059 333 3097 unum
363 3058 486 3098 esse
511 3043 802 3112 duplicem,
828 3061 934 3098 non
976 3043 1259 3112 dignitate,
1291 3044 1384 3097 sed
1429 3053 1644 3099 natura.
1674 3045 1746 3100 At

166 3113 471 3185 illusorium
522 3130 643 3185 esse
686 3113 831 3168 hunc
870 3113 1122 3185 loquendi
1152 3115 1367 3185 modum
1406 3115 1585 3169 statim
1621 3131 1746 3185 pro-

168 3181 518 3252 batCyrillus
563 3183 749 3238 dicens
781 3203 799 3253 ;Δ
834 3203 853 3235 ι
906 3181 1124 3252 Explica
1172 3184 1304 3238 mihi
1354 3199 1540 3239 rursus
1588 3181 1744 3253 quid-

169 3269 291 3307 nam
317 3251 654 3308 individuam
687 3251 1120 3322 coniunctionem
1148 3254 1327 3308 dicis?
1375 3251 1738 3318 Unitatemnc,

168 3325 466 3377 secundum
498 3325 811 3396 hypostasin
849 3325 1122 3396 nimirum,
1152 3339 1312 3394 quam
1353 3324 1451 3392 ipsi
1482 3326 1755 3396 prgndicai

168 3409 305 3466 mus,
337 3409 464 3448 cum
492 3389 592 3466 pro
619 3394 930 3466 dogmatum
957 3389 1499 3466 veritate-certamus}
1530 3389 1743 3466 an‘vero

173 3464 329 3535 hanc,
358 3463 507 3535 quas
542 3463 836 3535 secundum
867 3463 1274 3535 appositionem,
1309 3472 1364 3518 et
1405 3464 1631 3535 alicujus
1677 3468 1743 3521 ad

174 3533 370 3605 aliquid
399 3534 736 3605 vicinitatem
766 3533 1186 3605 intelligitur?...
1217 3536 1288 3589 At
1315 3549 1445 3605 vero
1480 3533 1576 3590 nos
1602 3537 1745 3590 haud

176 3602 271 3665 isto
300 3604 465 3657 modo
488 3602 686 3657 factam
712 3604 766 3657 iu
804 3602 1019 3659 Christo
1048 3607 1302 3661 unionem
1330 3604 1578 3660 dicimus.
1630 3605 1743 3660 Non

177 3674 334 3734 enim,
366 3682 426 3727 ut
455 3673 746 3742 quispiam,
772 3675 934 3744 verbi
983 3674 1176 3744 gratia,
1222 3675 1564 3744 coniungitur
1589 3675 1746 3731 alteri

177 3691 334 3734 enim,
366 3691 426 3727 ut
455 3691 746 3742 quispiam,
789 3691 934 3729 verm
1019 3691 1176 3737 raua,
1222 3691 1564 3744 coniungitur
1589 3691 1746 3731 alteri

177 3759 262 3822 per
275 3743 653 3822 unanimitatis
665 3742 900 3809 modum,
918 3691 1650 3822 vefpercorporisviciniam,
1670 3747 1747 3802 sic

178 3812 257 3867 ille
271 3827 489 3885 quqque
509 3814 825 3884 coniunctus
837 3823 949 3879 est;
974 3812 1095 3885 sed,
1106 3824 1165 3869 ut
1180 3812 1374 3885 saepius
1389 3812 1502 3881 iam
1519 3815 1652 3879 dixi,
1666 3831 1749 3870 se-

176 3899 288 3955 cum
311 3883 505 3955 eifecit
521 3883 718 3953 corpus
742 3900 808 3939 ex
828 3893 1013 3939 sancta
1038 3883 1269 3955 Virgine
1281 3892 1572 3952 sumptum,
1606 3894 1659 3939 et
1684 3887 1749 3939 il-

176 3951 256 4007 lud
269 3970 334 4008 ex
348 3952 462 4007 Deo
475 3951 636 4008 Patre
648 3955 881 4017 Verbum
895 3954 1042 4009 carni
1061 3951 1163 4010 non
1180 3951 1414 4009 inanima
1424 3964 1487 4008 ta:
1501 3970 1624 4009 vere
1638 3956 1750 4009 uni-

178 4032 281 4077 tum
298 4024 552 4078 dicimus.
574 4024 761 4095 lgitur,
776 4025 819 4080 si
833 4025 1249 4095 coniunctionis,
1272 4032 1332 4078 ut
1354 4025 1467 4093 ipse
1479 4033 1652 4091 vocat,
1669 4028 1750 4080 vis

176 4108 285 4165 eam
308 4095 572 4148 unitatem
594 4092 874 4165 Significat,
893 4092 1053 4162 quam
1069 4092 1547 4165 ipsiintelligimus,
1579 4094 1747 4160 illaut,

178 4162 413 4234 inquam,
448 4162 748 4234 secundum
771 4162 1102 4234 hypostasin,
1128 4173 1274 4220 recte
1301 4162 1430 4218 sane
1455 4165 1610 4229 dixit,
1640 4166 1752 4231 nul-

178 4230 278 4303 lam
294 4247 419 4286 esse
432 4232 658 4295 Christi,
674 4250 777 4303 qua
807 4230 1052 4289 Christus
1073 4244 1177 4298 est,
1201 4236 1516 4289 divisionem
1539 4252 1552 4286 ε
1577 4230 1753 4303 neque

175 4301 317 4355 enim
359 4311 446 4374 est
469 4303 605 4358 alter
651 4301 705 4359 et
734 4305 889 4369 alter,
923 4319 1096 4374 neque
1134 4304 1275 4359 filius
1319 4312 1373 4358 et
1410 4303 1567 4369 ﬁlius,
1614 4301 1752 4361 alius

178 4379 336 4441 atque
361 4373 523 4436 alius,
547 4373 698 4442 prior
719 4383 774 4429 et
800 4373 1087 4438 secundus,
1119 4375 1213 4441 sed
1248 4390 1388 4431 unus
1415 4374 1670 4429 nimirum
1699 4385 1755 4431 ct

178 4449 298 4525 ante
347 4456 572 4525 carnem
611 4451 666 4497 et
696 4453 840 4525 ‘post
876 4459 1092 4525 carnem
1125 4463 1137 4498 :
1168 4444 1249 4499 sic
1293 4460 1524 4525 namque
1552 4445 1675 4525 erit_,
1693 4454 1754 4511 ut

177 4510 326 4575 dicis,
351 4513 662 4585 secundum
679 4510 993 4585 dignitatem
1038 4522 1199 4583 atque
1247 4516 1409 4570 etiam
1436 4510 1749 4571 "secundum

1862 604 2078 685 uhionis
2100 607 2237 662 ratio
2264 622 2372 685 non
2397 618 2625 685 ignorat
2652 610 2870 685 quidem
2897 604 3252 685 diii‘erentiam
3268 652 3284 677 ,
3331 619 3429 670 sed

1860 672 2179 734 divisionem
2222 672 2486 744 excludit,
2524 696 2630 736 non
2670 672 2824 749 'quod
2860 679 3156 737 confundat
3192 672 3283 737 aut
3320 685 3428 739 mi—

1860 753 2279 823 sceat_naturas,
2315 749 2408 802 sed
2435 749 2804 823 quod__carnis
2841 759 2896 804 et
2940 751 3217 822 sanguinis
3259 754 3428 823 parti-

1859 827 1985 886 ceps
2011 814 2212 886 factum
2243 817 2417 886 ipsum
2446 817 2542 874 Dei
2572 819 2807 877 Verbum
2836 834 2977 875 unus
2996 814 3209 877 rursum
3256 814 3423 881 etiam

1859 882 1961 939 hoc
1982 885 2140 959 modo
2165 882 2336 959 filius
2360 888 2678 957 intelligitur
2718 897 2774 943 et
2803 890 3124 959 appellatur.
3174 890 3254 946 Tu
3293 908 3424 949 vero

1859 968 1979 1009 cum
1994 954 2676 1033 dugs_Christos_appéllari
2706 974 2818 1033 non
2836 954 3034 1033 debere
3064 960 3238 1033 dicas,
3252 977 3428 1033 neque

1859 1038 2045 1102 rursus
2066 1024 2424 1102 Filiosfateri
2453 1024 2586 1083 duos
2603 1036 2696 1102 Le:
2716 1029 3028 1102 opinionem
3053 1033 3177 1085 recti
3205 1024 3425 1102 dognia-

1858 1093 2197 1167 tis_simules,
2220 1096 2351 1167 duos
2391 1107 2563 1153 tamen
2598 1093 2836 1153 Christus
2863 1099 3034 1152 dicere
3076 1093 3424 1167 eonviizcveris,

1856 1170 1911 1240 ει
1939 1163 1993 1219 in
2020 1166 2292 1240 propriam
2318 1166 2682 1240 diversitatem
2704 1168 2990 1240 hominem
3017 1168 3292 1240 Deumque
3317 1163 3425 1227 dis;

1856 1232 2206 1305 tinguerefet
2235 1236 2383 1290 illum
2416 1237 2631 1304 quidem
2652 1236 2720 1290 ad
2741 1238 3072 1305 operaudum
3100 1232 3251 1303 cieri,
3280 1242 3423 1299 hunc

1854 1303 2017 1374 etiam
2044 1304 2111 1358 ad
2131 1320 2265 1374 Opus
2285 1303 2447 1368 ciere,
2493 1306 2710 1363 conaris
2755 1303 3057 1362 ostendere.
3097 1327 3116 1359 ι
3160 1308 3295 1364 Ibid.
3326 1310 3421 1365 fol.

1854 1370 2199 1460 Noverat
2228 1375 2434 1460 scilicet
2471 1375 2717 1460 Cyri‘llus‘
2751 1390 2941 1457 veram
2984 1392 3080 1457 seu
3122 1378 3422 1460 hypostati-

1855 1457 1974 1499 cam
1999 1444 2244 1502 unionem
2267 1444 2538 1511 nunquam
2562 1447 2630 1499 ab
2652 1445 2974 1504 adversariis
3001 1448 3114 1501 suis
3138 1444 3302 1503 fuisse
3325 1451 3420 1504 ad-

1855 1512 2095 1577 missam,
2119 1515 2212 1569 sed
2245 1514 2502 1572 moralem
2533 1514 2812 1579 duntaxat,
2860 1531 2957 1569 seu
2998 1515 3290 1571 secundum
3321 1534 3420 1574 vo-

1856 1581 2135 1648 luntatem,
2165 1599 2326 1652 quam
2352 1592 2406 1656 et
2431 1583 2637 1641 unitate
2674 1583 2788 1656 viri
2812 1594 2870 1656 et
2911 1585 3174 1650 mulieris,
3223 1588 3315 1656 qui
3362 1590 3420 1643 in

1855 1667 1960 1725 una
1990 1667 2153 1709 carne
2175 1667 2295 1725 esse
2340 1652 2613 1725 dicuntur,
2652 1652 3009 1725 explicaliant,
3064 1669 3169 1725 qua
3210 1652 3424 1725 quidem

1855 1722 2065 1781 ratione
2092 1722 2375 1795 manifeste
2406 1721 2930 1795 ‘duarsequebantur
2954 1724 3010 1779 in
3052 1721 3268 1780 Christo
3299 1742 3424 1795 per-

1856 1807 2022 1856 sonae,
2050 1800 2208 1862 prout
2234 1793 2367 1847 duas
2403 1792 2459 1846 in
2485 1791 2564 1846 rei
2614 1790 2840 1847 veritate
2871 1808 3132 1862 personas
3168 1790 3422 1851 esse'viri

1779 1873 1825 1931 Β
1851 1877 1915 1917 ac
1960 1862 2203 1932 mulieris
2242 1862 2639 1932 apertissimum
2678 1871 2803 1932 est,
2860 1863 2964 1916 etsi
3010 1865 3288 1919 moraliter
3317 1880 3426 1921 una

1848 1946 1980 2013 caro
2007 1930 2359 2014 appellentur.
2403 1931 2556 2014 Unde
2593 1938 2653 2014 et_
2676 1930 2905 2014 Vigilius
2932 1948 3082 2014 papa
3100 1935 3154 1989 in
3200 1950 3427 2014 respon-

1849 1948 1980 1989 caro
2007 1948 2359 2055 apsententur.
2407 1948 2556 1991 unde
2593 1948 2647 1984 ει
2686 1948 2905 2055 iugulus
2932 1948 3154 2014 papam
3200 1950 3426 2059 respon-

1849 2002 2001 2074 sione
2034 2016 2063 2058 a
2137 2001 2438 2074 capitulum
2475 2001 2550 2074 ἔξοΑ
2593 1999 2752 2074 Theo
2780 2018 2884 2066 οτι,
2932 2004 3025 2057 ubi
3070 2004 3117 2061 is
3167 2020 3278 2074 pra:
3316 2006 3426 2061 icta

1848 2071 2054 2130 ratione
2103 2071 2557 2143 unionemjierbi
2589 2072 2974 2143 cum_humana
3020 2071 3212 2129 natura
3253 2074 3426 2143 expli-

1848 2148 2083 2213 caverat,
2135 2141 2211 2196 ait
2250 2159 2262 2194 :
2304 2159 2332 2213 «ἓ
2369 2140 2428 2199 in
2469 2140 2835 2210 suprascripto
2875 2143 3153 2213 trigesimo
3189 2140 3429 2213 capitulo

1845 2211 2082 2283 ρθεείωο
2110 2210 2375 2293 esset)“
2415 2210 2913 2293 testatumﬁtetdi
2938 2210 2968 2293 »ζ
2999 2210 3272 2293 ριιυηιοίὲδ
3315 2229 3425 2293 sua

1845 2277 2077 2353 persona
2106 2277 2306 2339 Christi
2329 2277 2766 2353 possitintclligi,
2813 2279 2869 2333 id
2893 2288 2997 2353 est,
3016 2277 3167 2353 sicut
3195 2283 3260 2353 de
3299 2283 3420 2337 viro

1846 2349 1901 2406 et
1926 2350 2150 2405 muliere
2184 2349 2625 2411 convenientibus
2661 2349 2890 2418 legitur,
2914 2351 2994 2405 sic
3019 2358 3074 2407 et
3102 2352 3156 2404 in
3201 2350 3419 2407 Christo

1846 2421 2091 2475 discretis
2118 2420 2347 2483 naturis,
2379 2420 2531 2487 quasi
2561 2434 2724 2477 unam
2762 2434 2880 2489 esse
2905 2435 3191 2489 personam
3225 2438 3238 2475 :
3263 2430 3316 2476 et
3337 2437 3423 2476 se-

1845 2491 2028 2560 quitur
2051 2489 2347 2558 perfectam
2371 2503 2492 2544 esse
2519 2497 2779 2560 naturam
2819 2488 2915 2544 Dei
2952 2490 3133 2554 Verbi,
3162 2499 3216 2544 et
3246 2492 3424 2559 perfe-

1846 2558 1988 2618 ctam
2019 2574 2325 2629 personam,
2359 2567 2413 2612 et
2441 2558 2737 2629 perfectam
2769 2559 3004 2629 hominis
3029 2558 3310 2624 naturam,
3343 2569 3425 2614 at-

1845 2646 1949 2700 que
1974 2627 2260 2698 personam
2280 2645 2305 2700 ;Δ
2326 2637 2382 2683 et
2417 2627 2665 2700 similiter
2698 2645 2710 2681 :
2744 2628 2888 2700 unde
2931 2639 3173 2698 apparet,
3203 2630 3329 2698 quia
3363 2640 3420 2685 et

1845 2696 1911 2755 de
1933 2696 2180 2768 eiemplo
2210 2698 2314 2753 viri
2339 2714 2403 2753 ac
2437 2697 2700 2763 mulieris,
2733 2697 2824 2757 ubi
2851 2696 2976 2753 duae
2994 2696 3238 2767 personui
3267 2710 3414 2765 sunt,

1843 2778 1899 2823 et
1933 2768 1999 2828 de
2028 2767 2113 2825 his
2137 2784 2255 2837 qua:
2296 2776 2614 2835 sequuntur,
2663 2767 2879 2822 tametsi
2902 2777 3116 2822 tacetur
3134 2784 3415 2834 numerus,

1845 2840 1962 2895 duae
1986 2836 2167 2897 autem
2187 2838 2511 2895 inducuntur
2528 2838 2686 2891 unius
2701 2836 2901 2891 Christi
2924 2853 3188 2906 personae.
3213 2858 3232 2891 ι
3263 2838 3420 2894 Tom.

1843 2908 1914 2963 1K
1939 2908 2103 2964 Conc.
2131 2908 2233 2962 col.
2262 2909 2352 2963 8i.
2398 2907 2464 2961 Et
2507 2908 2625 2963 haec
2648 2906 2863 2961 demum
2898 2906 3051 2961 fuere
3094 2923 3267 2974 arma,
3308 2909 3424 2964 hac

1844 2988 2183 3058 argumeuta,
2212 2978 2408 3058 quibus
2437 2976 2647 3058 singula
2681 2991 2926 3032 errorum
2943 2978 3422 3058 capitaoppugna—

1843 3047 1930 3130 vit
1945 3048 2193 3130 Cyrinus,
2233 3056 2287 3130 et
2321 3050 2459 3128 bene
2481 3047 3022 3130 etiamhoppugnasse
3043 3047 3202 3129 facile
3224 3047 3419 3130 depre-

1845 3116 2097 3175 henditur
2125 3119 2194 3173 ab
2232 3118 2300 3173 iis
2352 3117 2463 3185 qui,
2493 3116 2742 3185 sepositis
2780 3116 3127 3184 praeiudiciis,
3173 3118 3419 3173 intimam

1848 3189 2091 3259 mysterii
2129 3188 2521 3259 incarnationis
2565 3195 2819 3259 naturam
2848 3202 2916 3243 ex
2945 3187 3228 3258 principiis
3277 3203 3423 3242 sana:

1851 3257 2128 3327 theologia:
2161 3266 2427 3326 rectaeque
2456 3257 2580 3313 ﬁdei
2610 3264 2944 3315 scrutantur.

1919 3326 2054 3384 XVI.
2096 3327 2294 3383 Iisdem
2345 3327 2637 3382 ratiociniis
2682 3327 2955 3396 respondet
2981 3327 3140 3380 etiam
3170 3326 3427 3381 Alcuinus

1845 3382 2014 3452 Felici
2055 3407 2103 3452 et
2145 3382 2409 3466 Elipondo
2450 3397 2519 3451 ad
2552 3382 2890 3467 assertionem
2932 3396 2996 3451 de
3040 3396 3317 3467 adoptione
3366 3398 3425 3453 in

1847 3467 2361 3525 Clarium—Restat
2376 3468 2488 3537 iam
2515 3476 2576 3520 ut
2601 3466 2813 3521 Alcuini
2842 3467 3122 3537 ratiocinia
3146 3466 3424 3523 videamus

1847 3539 2039 3608 quibus
2066 3539 2113 3593 is
2136 3538 2331 3594 Felicis
2357 3536 2421 3593 ac
2446 3537 2693 3609 Elipandi
2720 3538 2954 3609 assertis,
2972 3536 3240 3609 obviavit;
3266 3546 3331 3609 et_
3347 3538 3425 3592 si-

1847 3606 2061 3678 quidem
2088 3609 2175 3663 illa
2221 3610 2410 3668 iisdem
2454 3606 2819 3668 fundamentis
2850 3608 3032 3667 innixa
3063 3606 3287 3673 fuerint,
3321 3607 3411 3662 im~

1846 3680 2026 3739 munis
2070 3694 2199 3734 sane
2240 3680 2287 3733 is
2315 3680 2419 3734 erit
2460 3694 2492 3734 a
2527 3678 2991 3734 criminationibus
3028 3678 3283 3743 Walchii,
3333 3678 3425 3747 qui

1850 3758 1925 3820 tot
1957 3758 2213 3817 tantaque
2260 3748 2677 3820 reprehensione
2721 3748 2880 3820 digna
2925 3750 2983 3820 in
3023 3747 3139 3815 eius
3165 3750 3430 3820 adversus

1848 3819 1946 3873 hos
1965 3820 2244 3888 episcopos
2262 3833 2438 3887 pugna
2459 3819 2726 3888 detexisse
2757 3819 2860 3888 sibi
2888 3819 3035 3873 visus
3064 3825 3166 3872 est.
3196 3818 3429 3876 Animus

1848 3902 1976 3945 vero
1997 3886 2161 3942 nobis
2188 3886 2441 3947 liaud’est
2462 3886 2671 3956 singula
2698 3887 2896 3954 quibus
2924 3896 3116 3943 contra
3156 3887 3420 3940 adversae

1851 3959 1960 4013 rios
1985 3974 2112 4013 suos
2129 3956 2426 4012 deccrtavit
2447 3957 2707 4013 Alcuinus
2729 3963 3044 4024 argumenta
3072 3956 3160 4009 hic
3184 3956 3421 4017 referre;

1850 4028 1904 4087 id
1930 4029 2071 4085 enim
2101 4035 2155 4080 et
2183 4027 2344 4087 nimis
2384 4025 2601 4094 longum
2628 4024 2788 4086 foret,
2815 4032 2870 4079 et
2900 4041 2928 4079 a
2959 4025 3219 4093 propositi
3249 4026 3422 4079 nostri

1850 4099 2059 4157 ratione
2087 4112 2308 4165 prorsus
2351 4095 2619 4157 alienum;
2672 4094 2868 4163 quippe
2910 4094 3027 4163 qui,
3082 4102 3239 4165 prout
3281 4110 3424 4163 saepe

1851 4164 2289 4233 memoravimus,
2312 4165 2633 4235 scriptorem
2650 4165 2795 4218 hunc
2819 4178 2884 4218 ex
2905 4179 2970 4219 eo
2999 4165 3115 4218 solo
3147 4164 3424 4235 vindicare

1852 4238 2198 4301 intendimus,
2226 4237 2369 4304 quod
2393 4234 2676 4290 ratiocinia
2701 4241 2865 4304 atque
2895 4235 3250 4293 auctoritates
3274 4250 3306 4288 a
3322 4234 3427 4304 Cy—

1852 4307 1971 4362 rillo
1999 4318 2185 4365 contra
2233 4305 2582 4365 Nestorianos
2613 4305 2749 4359 bene
2775 4320 2843 4361 ex
2879 4306 3117 4363 universi
3144 4305 3293 4361 orbis
3335 4320 3426 4357 ca-

1853 4376 2035 4455 tholici
2055 4375 2259 4442 judicio
2278 4376 2574 4455 _adhibitas,
2602 4383 2656 4430 et
2686 4376 2799 4445 ipse
2828 4378 3098 4455 adversus
3142 4375 3428 4455 episcopos

1852 4446 2138 4517 Hispanos,
2188 4448 2400 4517 eadem,
2452 4454 2512 4501 ut
2556 4449 2900 4517 paragrapho
2947 4446 3430 4517 prmcedeutividi-

1853 4514 1995 4581 mus,
2030 4532 2153 4572 cum
2184 4516 2288 4572 illis
2314 4514 2738 4587 dogmatiiantes
2763 4514 3054 4587 usurparit.
3086 4515 3203 4585 ipse
3233 4514 3424 4587 Alcui-

180 4580 855 4659 potentiamnindividu'us,“
882 4584 992 4659 imo
1012 4580 1329 4659 veroidem.
1358 4585 1415 4640 1d
1452 4586 1496 4640 si
1534 4585 1619 4659 ita
1642 4594 1746 4651 est,
1780 4584 1828 4645 D
1852 4580 1953 4659 nus
1981 4587 2171 4659 innuit
2215 4580 2544 4659 adversariis
2598 4588 2858 4659 suismalia
2894 4580 3055 4659 arma
3099 4580 3424 4659 opponenda

181 4651 623 4724 Quomodoillum
659 4662 724 4724 et_
750 4654 1079 4724 individuum
1123 4654 1387 4724 duplicem
1412 4670 1533 4711 esse
1572 4656 1670 4717 ais,
1696 4666 1751 4710 et

185 4734 281 4795 non
314 4721 606 4795 dignitate,
637 4722 730 4789 sed
756 4724 984 4786 natura?
1010 4723 1128 4777 Non
1156 4721 1323 4795 enim,
1346 4725 1474 4795 quia
1512 4724 1607 4780 Dei
1645 4724 1750 4780 Pa-

185 4789 577 4864 trisVerhum
597 4801 866 4864 assumpta
903 4809 1066 4851 carne
1093 4794 1291 4864 prodiit
1327 4789 1507 4859 homo,
1557 4795 1750 4852 similis

185 4860 349 4941 nobis,
382 4860 508 4941 ideo
548 4862 746 4932 duplex
774 4860 857 4941 est
879 4860 1225 4941 appellandus
1249 4879 1264 4917 :
1296 4880 1434 4941 unus
1458 4873 1541 4919 est
1565 4865 1708 4919 enim
1728 4906 1743 4930 ,

182 4937 358 5015 et_non
388 4931 509 4986 sine
538 4931 729 4997 carne,
752 4933 844 5003 qui
869 4931 1161 5015 secundum
1194 4933 1466 5015 propriam
1496 4943 1744 5015 naturam

182 5006 328 5074 extra
351 5015 589 5074 carnem
623 5011 679 5055 et
718 5005 1053 5074 sanguinem.
1104 5002 1175 5059 Ut
1198 5002 1381 5066 enim,
1436 5004 1527 5072 qui
1570 5006 1741 5059 nostri

183 5069 407 5144 similem
428 5071 721 5144 hominem
754 5069 1064 5144 occidisset,
1102 5090 1209 5129 non
1258 5069 1740 5144 utique—tanquam

185 5136 312 5213 duos
337 5138 887 5213 violassctihomines,
911 5144 1032 5213 iure
1052 5136 1419 5213 accusaretur,
1464 5144 1558 5198 sed
1579 5136 1744 5199 unum

184 5206 370 5284 solum,
394 5211 647 5284 quamvis
676 5206 993 5284 fortasse'ex
1023 5214 1203 5277 anima
1236 5221 1293 5284 et
1320 5206 1543 5284 corpore
1570 5215 1740 5269 consi-

185 5275 501 5357 dereturfet
540 5281 626 5357 iis_,
666 5296 786 5357 qua:
825 5276 1380 5357 alterutriaccidunt,
1409 5275 1600 5357 flatura
1637 5299 1744 5339 non

184 5348 253 5425 sit
278 5348 486 5425 eadem,
520 5352 617 5407 sed
663 5348 918 5425 diversa:
947 5354 1021 5411 ita
1047 5354 1284 5425 vicissim
1323 5348 1379 5406 in
1415 5352 1632 5425 Christo
1661 5362 1746 5410 est

186 5416 624 5484 intelligendum:
659 5438 766 5477 non
804 5421 948 5477 enim
991 5431 1074 5478 est
1119 5423 1331 5484 duplex,
1377 5423 1471 5478 sed
1508 5439 1647 5483 unus
1692 5431 1746 5483 et

187 5485 328 5542 solus
348 5485 615 5560 Dominus
641 5506 708 5551 ac
743 5491 908 5547 Filius
937 5492 1069 5547 illud
1092 5507 1160 5548 ex
1186 5485 1295 5549 Deo
1309 5493 1471 5548 Patre
1492 5492 1749 5560 Verbum.

188 5570 288 5609 nun
318 5559 432 5615 sine
466 5576 632 5617 carne
662 5576 678 5615 :
711 5577 836 5617 nam
864 5562 1006 5627 inter
1042 5563 1429 5619 humanitatem
1473 5571 1528 5617 et
1554 5559 1750 5619 divini;

190 5631 349 5685 tatem
382 5631 675 5692 maximam
705 5647 823 5687 esse
861 5632 1246 5697 dilferentiam,
1275 5634 1390 5688 sive
1415 5633 1750 5699 distantiam,

189 5708 283 5776 ego
300 5701 719 5777 quoque__fateor
745 5720 757 5756 :
795 5702 1025 5777 diversa;
1050 5711 1173 5777 sunt
1196 5703 1363 5766 enim,
1400 5718 1520 5777 qua:
1540 5703 1633 5777 his
1658 5719 1754 5758 no-

192 5768 414 5845 minibus
436 5771 763 5845 indicantur,
790 5774 932 5845 quod
961 5774 1027 5845 ad
1056 5774 1321 5845 rationem
1352 5768 1755 5845 essentizepcr-

195 5841 337 5904 tiuct,
364 5848 419 5905 et
457 5841 592 5903 nihil
621 5841 763 5907 inter
786 5859 847 5900 se
890 5843 1084 5907 similia
1124 5843 1394 5899 videntur.
1428 5844 1498 5907 At
1535 5841 1750 5901 ubi—uo-

1852 4658 1995 4721 haud
2023 4671 2162 4723 esse,
2195 4672 2360 4727 quam
2388 4658 2517 4719 olim
2542 4672 2575 4709 a
2598 4656 2878 4727 Cyrilloin
2905 4654 3188 4713 refutando
3232 4654 3427 4727 Nesto-

1851 4727 2110 4787 rianismo
2153 4724 2448 4796 usurpata;
2479 4728 2554 4781 ita
2596 4724 2740 4780 enim
2768 4726 2876 4796 _l_ih.
2922 4741 2985 4796 iv
3006 4727 3268 4783 adversus
3317 4724 3429 4781 Eli-

1847 4798 2107 4865 paudum,
2139 4794 2304 4859 num;
2336 4797 2390 4861 5,
2423 4795 2614 4865 scribit
2652 4812 2666 4846 :
2704 4812 2723 4851 ι
2767 4794 2881 4851 lloc
2898 4795 3071 4865 velim
3115 4796 3425 4855 certissime

1850 4863 1947 4937 vos
1979 4880 2329 4937 cognoscere,
2371 4881 2405 4925 ο
2434 4864 2539 4927 viri
2580 4865 2778 4937 fratres
2821 4863 2980 4933 huius
3023 4866 3429 4937 adoptionisuin

1848 4934 2087 5006 Christo:
2110 4944 2445 5006 assertores,
2477 4934 2622 5002 quod
2646 4936 2904 5006 quidquid
2950 4934 3145 4993 beatus
3193 4934 3427 5006 Cyrillus

1848 5003 2228 5079 Alexandrinae
2251 5005 2503 5079 ecclesia:
2534 5004 2791 5079 pontifex
2832 5006 3076 5079 synodali
3104 5003 3427 5079 auctoritate

1851 5074 2313 5147 impiores‘pondit
2338 5074 2608 5147 Nestorio,
2626 5074 3126 5147 vobisre'sponsum
3154 5088 3273 5147 esse
3295 5075 3424 5147 abs-

1851 5144 1956 5214 que
2003 5144 2165 5207 dubio
2202 5144 2388 5215 sciatis
2434 5162 2446 5197 :
2479 5146 2606 5213 quia
2650 5144 3140 5213 ejusdem—erroris
3179 5145 3431 5215 impietas

1850 5215 2088 5283 eiusdem
2135 5214 2385 5271 veritatis
2428 5217 2871 5284 responsionihus
2919 5216 3128 5272 destrui
3172 5216 3352 5270 debet.
3403 5236 3423 5269 ι

1849 5285 2093 5347 Primum
2146 5284 2333 5356 igitur,
2383 5300 2491 5355 quo
2539 5302 2662 5343 cum
2705 5286 2905 5356 Cyrillo
2942 5286 3115 5356 utitur
3142 5284 3426 5352 Alcuiuus,

1851 5363 2230 5425 argumentum
2253 5356 2560 5425 negativum
2581 5363 2687 5419 est,
2715 5356 2921 5413 scilicet
2946 5355 3253 5417 doctrinam
3277 5369 3310 5425 ιι
3329 5356 3431 5412 Fc-

1850 5424 1951 5489 lice
1971 5435 2025 5480 et
2053 5424 2314 5495 Elipando
2330 5423 2596 5487 traditam
2624 5440 2816 5483 novam
2836 5440 2974 5490 esse,
2994 5425 3181 5482 nullibi
3204 5427 3262 5480 in
3281 5423 3431 5483 Scri-

1856 5496 2031 5566 pturis
2059 5494 2357 5566 fundatam,
2385 5496 2645 5566 hactenus
2672 5496 2726 5553 iu
2754 5496 2994 5566 Ecclesia
3016 5496 3336 5563 inauditam,
3359 5513 3427 5555 ac

1856 5564 1941 5620 vel
1972 5564 2291 5638 idco_s_olum
2319 5564 2689 5638 reiiciendam.
2732 5565 2900 5638 «Hoc
2937 5568 3112 5622 solum
3145 5566 3244 5638 (ait
3270 5567 3365 5623 lih.
3407 5586 3425 5625 ι

1857 5644 2045 5707 contra
2074 5635 2304 5707 Felicem
2330 5650 2481 5707 num.
2510 5634 2566 5707 2)
2594 5635 2640 5691 si
2663 5636 2893 5707 sapienti
2915 5638 3097 5693 animo
3121 5634 3206 5693 vel
3236 5639 3424 5695 humili

1857 5705 2205 5778 iptelligentia
2246 5705 2594 5767 considerare
2620 5705 2897 5778 voluisset,
2928 5708 3212 5778 praefatum
3242 5709 3422 5763 virum

1858 5775 2086 5830 Felicem
2110 5777 2177 5831 ab
2203 5791 2390 5831 errore
2415 5790 2667 5835 revocare
2689 5775 2982 5843 debuisset,
3011 5794 3133 5835 cum
3167 5788 3279 5834 tota
3320 5779 3425 5830 Ec-

1858 5846 2023 5909 etesia
2049 5846 2253 5909 Christi
2280 5847 2350 5909 ab
2376 5847 2528 5907 initio
2557 5848 2867 5917 apostolicae
2887 5849 3289 5919 praedicationis
3321 5847 3426 5902 hoc
