3968 6180
485 282 589 383 ui

486 448 560 502 Da
589 444 715 500 mihi
742 442 1008 514 lacrymas
1031 459 1095 498 ex
1130 451 1223 497 tuo
1264 440 1457 496 affectu
1487 442 1747 506 internas,
1778 455 1900 510 quae
1938 455 2063 509 pec-
2095 447 2140 501 Α

482 547 727 594 catorum
776 552 1016 591 meorum
1065 544 1291 605 possunt
1324 533 1601 588 exsolvere
1627 532 1859 587 vincula.
1900 531 2056 595 Audi,

485 628 627 682 Deus
652 642 823 691 meus,
848 626 971 681 audi
996 626 1174 679 lumen
1201 625 1479 679 oculorum
1507 638 1772 688 meorum,
1801 623 1923 678 andi
1945 639 2065 693 qua:

482 727 625 786 peto,
657 724 711 771 et
732 717 795 771 da
821 732 940 786 qua:
964 725 1145 785 petam
1169 723 1229 768 ιιι
1256 714 1460 768 audias.
1493 711 1551 766 Si
1575 712 1717 766 enim
1744 712 2062 781 dispexeris,

483 824 676 878 pereo;
716 807 762 863 si
804 806 1126 877 respexeris,
1155 804 1296 858 vivo.
1348 802 1405 857 Si
1443 802 1589 873 juste
1632 817 1716 857 me
1746 802 2062 866 intenderis,

484 910 730 955 mortuus
755 898 916 954 feteo.
961 897 1019 953 Si
1046 896 1474 952 misericordiam
1513 893 1836 965 respexeris,
1885 891 2062 948 feten-

485 1003 591 1048 tem
633 993 863 1047 suscitas
901 991 967 1045 de
1008 987 1276 1058 sepulcro.
1327 987 1382 1043 Si
1424 987 1562 1042 mala
1589 985 1893 1056 respexeris
1918 1000 2061 1051 mea,

484 1091 718 1137 tartarea
747 1082 1015 1136 tormenta
1053 1079 1145 1134 vix
1180 1077 1469 1134 sufﬁciunt.
1509 1077 1566 1132 Si
1590 1078 1790 1147 pietate
1815 1075 2062 1132 intendas

481 1174 662 1237 solita,
694 1173 899 1243 poteris
929 1179 1266 1228 commutare
1287 1171 1340 1224 in
1384 1169 1597 1224 melius.
1624 1170 1762 1236 Quid
1801 1185 1907 1223 non
1933 1169 2059 1224 mali

480 1263 618 1331 ego?
640 1263 749 1316 Aut
778 1262 906 1331 quid
929 1277 1038 1316 non
1080 1261 1206 1317 boni
1243 1263 1334 1314 tu?
1372 1262 1509 1328 Quid
1531 1277 1638 1315 non
1671 1261 1795 1315 mali
1823 1275 1923 1331 ego
1945 1276 2064 1315 cor-

479 1352 751 1421 ruptibilis
797 1352 1080 1407 creatura?
1125 1351 1264 1418 Quid
1310 1367 1414 1405 non
1460 1350 1587 1406 boni
1635 1359 1691 1404 tu
1737 1350 1962 1406 Creator
2008 1359 2062 1405 et

480 1454 744 1499 creaturae
792 1445 1022 1499 auctor?
1067 1443 1250 1499 Cecidi
1301 1445 1366 1497 de
1404 1458 1566 1497 manu
1608 1450 1700 1496 tua
1742 1442 1871 1496 vitio
1899 1457 2059 1497 meo:

478 1547 671 1607 potens
697 1554 758 1593 es
786 1538 982 1592 artifex
1012 1538 1109 1593 tibi
1143 1538 1337 1591 iterum
1366 1537 1620 1607 placitum
1648 1538 1902 1608 ﬁgurare.
1930 1537 2063 1592 Cor-

395 1695 401 1701 _
480 1626 594 1696 ripe
634 1642 718 1681 mc
764 1629 818 1681 in
863 1628 1257 1693 misericordia,
1302 1642 1368 1682 ne
1408 1628 1653 1693 deseras,
1696 1644 1869 1697 neque
1897 1629 1949 1683 in
1980 1631 2060 1684 ira

478 1716 757 1784 corripias.
802 1716 957 1783 Quod
1012 1718 1130 1772 odis
1171 1716 1224 1771 in
1272 1733 1395 1781 me,
1464 1718 1649 1787 procul
1700 1718 1784 1774 fac
1840 1735 1870 1773 a
1923 1736 2049 1780 me,

476 1815 531 1861 et
554 1807 606 1861 in
636 1814 725 1861 tua
755 1806 1029 1862 voluntate
1069 1806 1284 1862 intende
1318 1808 1371 1861 in
1417 1824 1521 1863 me.
1553 1807 1775 1862 Hostem
1817 1808 2058 1863 libidinis
2093 1788 2136 1846 Β

479 1897 677 1967 repelle
711 1914 741 1951 a
772 1913 876 1962 me,
904 1906 959 1952 et
994 1898 1260 1954 castitatis
1303 1899 1553 1967 spiritum
1609 1899 1788 1955 insere
1844 1900 1897 1954 in
1949 1915 2055 1953 me.

484 1991 686 2045 Vitium
726 2005 887 2046 omne
926 1991 1194 2047 mortifica
1237 1993 1289 2046 in
1343 2007 1429 2047 mc
1453 2032 1468 2056 ,
1520 2000 1575 2047 et
1610 1992 1845 2047 animam
1884 2009 2059 2048 meam

478 2084 689 2138 vivifica
718 2083 771 2136 in
800 2098 904 2137 me.
935 2082 1040 2137 Per
1069 2083 1354 2138 Dominum

547 2172 778 2229 Secreta.
816 2173 943 2228 llam
964 2174 1082 2240 tibi,
1115 2174 1340 2230 Domine
1368 2175 1529 2229 Pater
1552 2183 1759 2239 sancte,
1794 2175 1923 2231 licet
1947 2191 2060 2230 ma-

478 2262 638 2318 nibus
666 2267 801 2318 meis
833 2263 1068 2334 indignis
1098 2262 1394 2319 offerantur
1426 2280 1672 2331 munera,
1703 2266 1799 2334 qui
1832 2281 1931 2320 nec
1974 2266 2057 2320 in-

475 2357 759 2412 vocatione
796 2356 874 2411 tui
900 2357 1151 2425 nominis
1178 2357 1371 2428 dignus
1403 2373 1555 2422 sum;
1589 2366 1770 2413 tamen
1807 2357 1931 2429 quia
1962 2373 2061 2427 per

476 2456 725 2504 sanctum
754 2457 918 2519 atque
948 2448 1344 2503 sanctiﬁcatum
1374 2446 1491 2502 Filii
1516 2448 1591 2502 tui
1619 2463 1814 2503 nomen
1841 2448 2061 2502 oblatio-

476 2552 575 2593 nes
600 2538 921 2603 offeruntur,
951 2539 1092 2593 sicut
1115 2538 1396 2592 incensum
1416 2538 1468 2591 in
1494 2546 1791 2606 conspectu
1821 2546 1913 2592 tuo
1933 2554 2056 2592 cum

475 2627 642 2681 odore
669 2628 952 2683 suavitatis
977 2628 1292 2683 ascendant.
1321 2626 1443 2681 Per.

548 2716 824 2789 Praefatio.
864 2719 1096 2790 Dignum
1142 2727 1197 2773 et
1232 2719 1437 2789 justum
1482 2728 1584 2784 est,
1626 2736 1808 2791 usque,
1854 2728 2057 2776 aeterne

475 2808 637 2863 Deus.
663 2808 771 2863 Sed
790 2809 920 2878 quid
946 2809 1042 2863 tibi
1063 2809 1282 2881 dignum
1302 2808 1493 2863 offerat
1511 2810 1758 2864 minister
1780 2809 2052 2881 indignus,

475 2900 578 2954 nisi
606 2901 709 2955 hoc
735 2900 931 2970 ipsum,
961 2900 1107 2971 quod
1135 2908 1289 2955 tanto
1310 2900 1561 2973 indignus
1590 2902 1820 2957 habetur
1848 2901 2054 2975 [Forte,

477 2991 689 3065 haberi]
724 2991 898 3047 ofﬁcio
928 2992 1050 3048 fidei
1085 2993 1461 3062 paenitentiam
1500 2991 1708 3065 [Forte,
1748 3009 1845 3063 per
1886 2994 2058 3063 posui-

477 3082 726 3155 tentiam]
753 3082 1020 3138 fateatur?
1049 3072 1155 3138 Sed
1178 3091 1234 3138 tu
1264 3083 1444 3138 multa:
1472 3083 1859 3139 misericordiae
1888 3084 2051 3148 Deus,

476 3198 545 3237 ne
575 3198 694 3248 nos,
726 3197 1059 3252 quaesumus,
1087 3181 1199 3239 oris
1234 3183 1437 3254 proprii
1471 3183 1779 3239 testimonio
1807 3184 2052 3249 damnes,

478 3278 576 3332 sed
615 3287 855 3347 paternae
915 3278 1263 3350 indulgentiae
1306 3280 1679 3336 consolatione
1718 3280 2057 3345 corrobores,

476 3374 640 3434 atque
680 3382 710 3419 a
742 3377 1087 3439 peccatorum
1116 3369 1416 3438 praecipitio
1447 3371 1553 3425 tuis
1582 3386 1795 3440 semper
1811 3371 2059 3429 manibus

478 3470 706 3509 renoves
733 3464 789 3510 et
816 3456 1096 3511 reformes.
1129 3457 1351 3512 Invoeat
1388 3468 1439 3512 te
1469 3459 1650 3513 anima
1691 3474 1831 3525 mea,
1858 3460 1949 3530 qui
1982 3459 2059 3515 fe-

480 3544 608 3598 cisti
640 3559 748 3609 me,
773 3553 834 3599 ut
874 3560 983 3600 non
1008 3546 1347 3602 obliviscaris
1382 3548 1605 3604 oblitum
1649 3551 1747 3615 tui,
1788 3558 1844 3607 et
1872 3553 2059 3621 exqui-

478 3641 688 3687 rentem
723 3643 776 3690 te
809 3650 877 3689 ne
903 3634 1158 3702 deseras,
1188 3637 1297 3691 vita
1328 3653 1447 3707 quae
1485 3655 1760 3710 nunquam
1786 3642 2054 3698 morieris.

473 3720 576 3788 Qui
599 3723 749 3779 novit
774 3731 845 3788 te,
867 3724 1018 3779 novit
1042 3725 1103 3796 8
1126 3727 1505 3783 aeternitatem.
1529 3727 1780 3786 Charitas
1807 3732 1959 3787 novit
1984 3740 2054 3788 te.

473 3812 518 3866 0
546 3819 748 3868 aeterna
780 3814 1012 3881 veritas,
1042 3822 1098 3871 et
1126 3831 1252 3871 vera
1278 3819 1546 3874 charitas!
1581 3820 1725 3877 Deus
1751 3837 1859 3877 nne
1876 3864 1891 3888 ,
1914 3823 2058 3880 Deus

477 3902 749 3971 Trinitas,
781 3906 836 3960 in
865 3905 1021 3976 cujus
1050 3907 1203 3963 valde
1236 3908 1449 3965 conﬁdo
1472 3912 1843 3971 misericordia
1867 3931 1881 3968 :
1911 3913 2059 3969 salus

474 4002 613 4078 esto_
630 3996 931 4053 inﬁrmitati
978 4015 1142 4067 meai,
1181 4009 1238 4055 et
1273 4017 1432 4057 verus
1474 4004 1829 4061 resuscitator
1864 4006 2058 4061 anima:

477 4102 628 4141 meae.
662 4086 806 4142 Doce
841 4103 926 4144 me
952 4090 1273 4159 patientiam
1303 4092 1371 4147 ad
1402 4094 1779 4149 sustinendum
1805 4095 2053 4151 adversa.

476 4176 619 4233 Doce
645 4194 731 4234 me
756 4180 1040 4235 scientiam
1069 4181 1496 4254 Scripturarum,
1539 4195 1600 4240 ut
1635 4188 1715 4244 sic
1763 4188 1955 4260 loquar
1988 4205 2059 4245 ne

474 4268 801 4337 superbiam,
826 4270 906 4326 sic
935 4279 1143 4327 taceam
1169 4290 1239 4329 ne
1269 4282 1593 4346 torpescam.
1611 4276 1705 4334 Sic
1731 4282 1969 4356 contine,
1997 4289 2059 4336 ut

452 4350 579 4413 "non
631 4361 842 4416 cadam.
896 4360 988 4418 Sic
1033 4364 1268 4437 stringe,
1300 4374 1361 4420 ut
1398 4384 1503 4422 non
1540 4350 1826 4426 dimittam.
1871 4373 1948 4427 Tu
1994 4390 2055 4429 es

1342 328 1400 383 Β.
1442 328 1505 383 F.
1544 327 1768 383 ALBINI
1809 327 1941 384 SEU
1968 327 2242 383 ALCUINI
2273 327 2554 385 OI‘ERUM
2593 329 2771 386 PARS
2807 329 2895 386 IV.

3643 337 3749 391 458

2780 443 3010 500 CAPUT
3047 443 3112 499 ll.

2536 553 2696 609 Feria
2721 554 2805 622 II,
2833 558 2993 611 missa
3016 565 3111 629 pro
3137 561 3381 629 peccatis.

2235 664 2439 720 Exaudi
2475 665 2723 731 Domine,
2757 682 3085 737 quaesumus,
3124 669 3424 739 supplicum
3449 687 3656 742 preces,
3689 682 3748 730 et

2165 754 2538 809 conﬁtentium
2568 755 2661 810 tibi
2689 771 2851 826 parce
2878 759 3116 827 peccatis
3147 738 3207 812 ut
3230 738 3466 829 iparitcr'
3484 738 3639 818 nobis
3668 765 3750 819 in-

2164 844 2494 916 dulgentiam
2518 845 2725 901 tribuas
2746 845 3011 918 benignus
3036 856 3092 902 et
3116 864 3323 918 pacem.
3356 849 3477 905 Per.

2235 935 2412 989 Lectio
2458 934 2705 991 Ieremia:
2746 938 3028 1009 prophetae.
3082 938 3140 994 Si
3182 939 3497 1010 iniquitates
3546 952 3752 1000 nostra:

2162 1030 2539 1085 contenderint
2564 1038 2752 1085 contra
2792 1046 2916 1097 nos,
2955 1030 3205 1098 Domine,
3240 1032 3409 1089 libera
3440 1050 3559 1102 nos,
3600 1052 3750 1106 qua:—

2164 1138 2373 1189 sumus,
2404 1121 2491 1177 fac
2513 1131 2736 1193 propter
2764 1138 2957 1179 nomen
2982 1132 3154 1178 tuum.

2235 1209 2410 1266 Lectio
2454 1213 2624 1266 sancti
2667 1212 2941 1284 Evangelii
2979 1216 3267 1270 secundum
3297 1216 3515 1271 Lucam.
3560 1218 3619 1273 ln
3651 1218 3747 1275 illo

2164 1310 2425 1372 tempore.
2451 1302 2583 1357 dixit
2615 1302 2773 1359 Iesus
2800 1305 3076 1375 discipulis
3103 1307 3218 1361 Suis
3244 1326 3257 1361 :
3290 1308 3486 1374 Potite,
3517 1319 3571 1365 et
3595 1312 3753 1366 dabi-

2163 1400 2253 1446 tur
2272 1392 2454 1459 vobis;
2483 1394 2723 1463 quaerite,
2750 1404 2805 1449 et
2834 1396 3153 1464 Invenietis;
3188 1398 3417 1468 pulsate,
3444 1409 3502 1456 et
3543 1404 3753 1473 aperie-

2163 1492 2252 1539 tur
2280 1485 2453 1540 vobis.

2234 1573 2404 1645 Super
2452 1575 2652 1631 oblata.
2716 1577 2935 1634 Hostias
2980 1579 3100 1645 tibi,
3140 1580 3391 1646 Domine,
3428 1581 3751 1651 placationis

2160 1664 2468 1731 oﬁ‘erimus,
2513 1675 2573 1720 ut
2599 1676 2654 1722 et
2682 1668 2877 1723 delicta
2919 1679 3105 1724 nostra
3155 1672 3444 1727 miseratus
3473 1673 3750 1740 absolvas,
3823 1681 3831 1689 '

2161 1764 2217 1809 et
2241 1757 2491 1811 nutantia
2519 1758 2685 1812 corda
2716 1767 2773 1813 tu
2811 1759 3036 1831 dirigas.
3076 1760 3200 1816 Per.

2236 1845 2511 1917 Prwfatio.
2560 1848 2793 1920 Dignum
2837 1858 2894 1904 et
2934 1851 3143 1929 justum
3181 1861 3286 1916 est,
3323 1869 3508 1925 usque,
3546 1863 3757 1911 aeterne

2163 1935 2323 1991 Deus.
2353 1937 2515 1993 Salva
2540 1955 2640 2013 nos
2665 1955 2733 1995 ex
2763 1955 2857 1994 ore
2885 1939 3057 1996 leonis
3083 1943 3392 2009 s:evissimi,
3415 1945 3506 2015 qui
3528 1947 3755 2014 rugiens

2161 2028 2389 2095 circuit,
2414 2044 2665 2099 quaerens
2691 2030 2759 2086 de
2785 2032 2995 2088 unitate
3024 2033 3279 2089 Ecclesiae
3305 2042 3439 2101 tua),
3472 2052 3634 2106 quem
3662 2052 3759 2091 ra-
3834 2074 3843 2083 ι

2162 2123 2275 2192 piat
2300 2130 2465 2193 atque
2500 2123 2744 2179 devoret.
2788 2123 2896 2180 Sed
2942 2134 3018 2190 tu,
3072 2126 3366 2182 fortissime
3402 2128 3649 2194 Domine,
3681 2131 3758 2187 de

2164 2214 2304 2268 tribu
2348 2212 2485 2270 Iuda
2521 2222 2742 2270 contere
2787 2217 3118 2270 contrariam
3159 2218 3373 2274 virtutis
3417 2235 3528 2274 sum
3562 2221 3759 2290 nequi-

2164 2299 2291 2358 tiaiu
2315 2345 2329 2368 ,
2362 2319 2461 2359 nos
2486 2303 2556 2359 ab
2586 2305 2768 2377 ignitis
2793 2306 2909 2376 ejus
2938 2306 3436 2378 impugnationibns
3464 2308 3750 2375 liberatos,

2160 2407 2390 2463 corpore
2417 2409 2517 2449 nos
2555 2410 2843 2461 conserva,
2883 2405 2938 2451 et
2962 2396 3125 2453 corde
3149 2399 3396 2469 puriﬁca.
3424 2399 3528 2456 Per
3556 2401 3747 2460 Domi-

2161 2499 2313 2540 num.

2230 2575 2389 2646 Infra
2419 2586 2693 2631 actionem.
2750 2578 2901 2635 lianc
2931 2581 3091 2651 igitur
3113 2581 3458 2649 oblationem,
3485 2584 3747 2650 Domine,

2158 2681 2319 2735 quam
2350 2666 2445 2720 tibi
2473 2664 2750 2722 oﬁ‘erimus
2779 2684 2876 2738 pro
2897 2671 3136 2740 peccatis
3163 2681 3323 2741 atque
3349 2672 3752 2731 offensionibus

2157 2756 2382 2821 nostris,
2408 2764 2469 2811 ut
2495 2758 2737 2812 omnium
2765 2760 3085 2816 delictorum
3124 2771 3437 2818 nostrorum
3469 2766 3760 2826 remissio-

2158 2861 2284 2900 nem
2311 2847 2568 2916 consequi
2598 2856 2890 2915 mereatur,
2924 2866 3233 2920 quaesumus
3262 2853 3509 2920 Domine,
3537 2864 3616 2909 ut.

2144 2977 2153 2993 .
2228 2938 2309 2992 Ad
2336 2938 2731 3010 Complendum.
2774 2941 2979 2998 Praesta
3014 2944 3200 3010 nobis,
3239 2953 3447 3002 :eterne
3468 2945 3749 3014 Salvator,

2157 3038 2218 3084 ut
2261 3031 2623 3102 percipientes
2671 3032 2775 3088 hoc
2822 3049 3047 3090 munere
3101 3037 3317 3091 veniam
3370 3023 3752 3108 peccatorum,

2083 3141 2129 3203 ο
2162 3120 2420 3192 deinceps
2442 3133 2667 3192 peccata
2692 3124 2941 3179 vitemus.
2975 3125 3098 3181 Per.

2231 3209 2372 3264 Alia.
2412 3210 2574 3278 Deus,
2607 3211 2693 3267 cui
2721 3213 2999 3282 proprium
3038 3222 3125 3270 est
3162 3230 3378 3286 semper
3416 3219 3663 3273 misereri
3693 3227 3758 3274 et

2159 3314 2404 3368 parcere,
2430 3301 2645 3371 suscipe
2666 3301 3103 3371 deprecationem
3129 3314 3393 3372 nostram,
3418 3314 3480 3361 ut
3501 3322 3640 3378 quos
3658 3306 3760 3364 de-

2159 3390 2407 3444 lictorum
2438 3399 2625 3445 catena
2656 3393 3010 3465 constringit,
3045 3396 3325 3452 miseratio
3363 3405 3468 3453 tuae
3524 3396 3760 3469 pietatis

2160 3479 2423 3534 absolvat.
2455 3480 2580 3535 Per.

2489 3615 2626 3671 Item
2647 3632 2749 3686 pro»
2771 3618 3022 3689 petitione
3048 3617 3422 3691 lacrymarum.

2228 3749 2584 3823 Omnipotens
2621 3752 2906 3810 mitissime
2941 3754 3115 3822 Deus,
3153 3757 3249 3826 qui
3286 3756 3491 3812 sitienti
3550 3759 3763 3830 populo
3844 3790 3861 3793 μ

2164 3843 2367 3901 fontem
2397 3846 2628 3902 viventis
2670 3863 2824 3917 aqua:
2850 3849 2916 3903 de
2943 3858 3096 3919 petra
3131 3850 3463 3919 produxisti,
3504 3854 3645 3908 educ
3685 3857 3787 3911 de

2158 3937 2337 3992 cordis
2390 3938 2557 3993 nostri
2606 3939 2803 3994 duritia
2852 3943 3284 4010 eompunctionis
3332 3942 3629 4014 lacrynias,
3695 3958 3760 4003 ut

2157 4037 2382 4097 peccata
2423 4037 2609 4083 nostra
2638 4029 2893 4101 plangere
2919 4031 3217 4096 valeamus,
3257 4034 3759 4109 remissionemque

2158 4124 2212 4171 te
2239 4118 2535 4174 miserante
2566 4135 2878 4174 mereamur
2905 4122 3171 4191 accipere.
3205 4122 3327 4178 Per.

2229 4206 2383 4277 Infra
2438 4210 2714 4264 actionem.
2766 4210 2918 4266 Hanc
2970 4212 3326 4279 oblationem,
3377 4230 3703 4284 qumsumus
3735 4259 3761 4281 μ

2157 4298 2385 4353 Domine
2408 4297 2572 4365 Deus,
2611 4316 2775 4384 quam
2802 4308 2908 4356 tute
2948 4301 3232 4370 maiestati
3255 4320 3353 4373 pro
3377 4307 3617 4375 peccatis
3648 4322 3751 4359 no-

2157 4389 2287 4444 stris
2312 4388 2615 4457 oﬁ‘erimus,
2630 4392 2901 4461 propitius
2931 4394 3161 4463 respice,
3180 4403 3236 4448 et
3256 4395 3458 4464 produc
3483 4398 3550 4451 de
3575 4399 3758 4455 oculis

471 4447 617 4501 enim
645 4449 818 4503 honor
839 4465 1011 4517 meus,
1042 4461 1097 4506 et
1119 4452 1237 4508 laus
1259 4470 1401 4520 mea,
1433 4465 1489 4511 et
1517 4457 1710 4512 ﬁducia
1738 4476 1876 4515 mea.
1911 4461 2055 4519 Deus
2084 4499 2131 4558 ο
2158 4480 2359 4533 nostris
2402 4447 2661 4544 ﬂumina:
2692 4447 2888 4549 (li-libus
2916 4447 3095 4537 debita
3126 4447 3465 4540 namhamm
3492 4487 3755 4543 incendia

472 4552 645 4604 meus,
676 4540 880 4610 gratias
901 4555 1002 4611 ago
1034 4542 1130 4597 tibi
1173 4543 1238 4597 de
1276 4543 1434 4599 donis
1463 4546 1588 4610 tuis,
1620 4548 1715 4601 sed
1747 4557 1801 4601 tu
1830 4550 1960 4610 mihi
1986 4566 2053 4605 ea

470 4641 647 4681 serva.
679 4627 757 4682 ita
786 4631 932 4684 enim
964 4631 1208 4687 servabis
1236 4648 1354 4696 me,
1399 4643 1452 4688 et
1485 4635 1826 4706 augebuntur
1853 4646 1909 4692 et
1935 4655 2053 4709 per-

472 4718 742 4786 ﬁcientur,
767 4737 888 4790 qua:
915 4724 1109 4779 dedisti
1138 4724 1291 4780 mihi.
1330 4724 1396 4780 Et
1417 4726 1527 4781 eris
1549 4742 1760 4782 mecum
1788 4729 1843 4783 in
1873 4732 2051 4785 omni-

469 4811 604 4876 bus;
635 4813 762 4882 quia
791 4822 846 4869 et
873 4822 932 4868 ut
969 4816 1103 4880 sim,
1148 4824 1205 4871 et
1229 4818 1373 4886 quod
1403 4833 1553 4884 sum,
1586 4826 1642 4872 tu
1668 4818 1862 4875 dedisti
1897 4821 2049 4876 mihi.

469 4902 574 4959 Per
604 4904 880 4961 Christum
915 4908 1200 4964 Dominum
1240 4919 1507 4966 nostrum.

543 4995 933 5051 Postcommun.
974 4997 1111 5053 Vota
1142 5010 1327 5056 nostra
1352 5003 1613 5059 Dominus
1651 5004 1948 5061 clementer
1976 5005 2056 5060 in-

470 5084 676 5153 tendat,
705 5092 761 5139 et
784 5095 1008 5156 peccata
1042 5087 1295 5143 dimittat.
1348 5090 1478 5156 Qua:
1514 5100 1782 5162 optamus,
1820 5093 2052 5160 tribuat;

469 5184 525 5229 et
543 5190 663 5245 quae
681 5191 959 5246 pavemus,
985 5177 1170 5247 procul
1189 5177 1439 5247 repellat;
1462 5189 1522 5234 ut
1547 5196 1673 5236 cum
1699 5183 2056 5240 universitate

472 5269 706 5326 fidelium
729 5270 995 5337 vovendo,
1011 5278 1067 5326 et
1087 5271 1360 5327 reddendo
1376 5272 1488 5327 Deo
1508 5275 1835 5330 sacriﬁcium
1857 5275 2050 5343 landis,

471 5358 542 5412 ad
563 5358 792 5415 fructum
825 5360 1053 5430 justitite
1091 5362 1375 5432 pervenire
1410 5364 1699 5433 possimus,
1722 5368 2052 5423 concedente

469 5447 759 5504 clementia
789 5452 1092 5508 divinitatis
1137 5454 1275 5525 ejus.
1327 5453 1430 5509 Per
1473 5455 1759 5511 Dominum
1807 5467 2049 5514 nostrum

469 5537 654 5594 Iesum
685 5539 964 5599 Christum
997 5544 1114 5615 ejus
1157 5546 1496 5617 unigenitum
1540 5547 1753 5615 Filium,
1786 5564 1904 5603 cum
1945 5564 2053 5619 quo

473 5627 527 5682 in
558 5627 763 5682 unitate
793 5629 1028 5700 Spiritus
1064 5635 1238 5688 sancti
1279 5636 1412 5689 vivit
1448 5644 1500 5691 et
1528 5646 1717 5708 regnat
1749 5638 1908 5695 Deus.
1952 5637 2054 5693 Per

477 5730 656 5782 omnia
683 5725 877 5780 saecula
908 5727 1245 5785 surculorum.

2158 4568 2378 4622 valeant
2401 4568 2690 4640 exstingui.
2724 4571 2846 4625 Per.

2232 4653 2509 4727 Pra’fatio.
2551 4658 2783 4730 Dignum
2804 4668 2857 4715 et
2871 4660 3078 4732 justum
3109 4671 3214 4729 est,
3249 4680 3436 4735 usque,
3464 4679 3566 4734 per
3594 4665 3755 4721 Chri-

2158 4754 2302 4801 stum
2320 4744 2606 4802 Dominum
2628 4758 2891 4804 nostrum.
2910 4750 3009 4818 Qui
3038 4753 3257 4807 beatum
3285 4754 3502 4809 Petnim
3530 4765 3755 4825 aposto-

2159 4834 2270 4888 lum
2318 4836 2536 4906 pietatis
2575 4839 2817 4907 respexit
2862 4839 3082 4907 intuitu,
3132 4851 3194 4897 ut
3234 4845 3390 4899 trime
3437 4848 3755 4916 negationis

2158 4933 2440 4994 peccatum
2482 4927 2837 4982 amarissiinis
2867 4928 3096 4985 dilueret
3138 4930 3409 5004 lacrymis,
3449 4950 3549 5004 per
3599 4936 3751 4990 infu-

2156 5012 2366 5067 sionem
2408 5014 2583 5068 sancti
2630 5014 2867 5085 Spiritus
2897 5033 2997 5087 pro
3040 5029 3385 5089 peccatorum
3432 5033 3751 5080 nostrorum

2157 5102 2394 5171 pondere
2427 5104 2695 5175 laerymas
2728 5108 2884 5162 nobis
2923 5108 3056 5164 elice
3094 5112 3444 5181 poenitentiae,
3474 5123 3535 5169 ut
3559 5130 3755 5171 amare

2157 5192 2605 5264 defleamus,qu:e
2618 5195 2799 5265 inique
2820 5200 3117 5269 gessimus:
3141 5211 3409 5271 quatenus
3431 5203 3753 5260 fructuosus

2157 5283 2212 5335 in
2239 5293 2531 5353 conspectu
2556 5285 2774 5355 pietatis
2801 5295 2906 5342 tuae
2934 5297 3134 5344 nostra:
3156 5292 3435 5361 petitionis
3460 5296 3752 5362 perveniat

2157 5371 2399 5441 effectus,
2429 5384 2591 5445 atque
2618 5392 2716 5446 per
2744 5392 2869 5431 eum
2896 5380 3052 5435 nobis
3076 5382 3287 5436 veniam
3311 5397 3531 5453 sperare
3560 5383 3745 5450 liceat,

2158 5466 2247 5534 qui
2294 5467 2521 5522 traditus
2560 5476 2647 5523 est
2691 5483 2789 5538 pro
2841 5471 3051 5527 delictis
3100 5474 3320 5538 nostris,
3347 5483 3408 5528 ut
3452 5475 3751 5532 redimeret

2158 5572 2257 5611 nos
2285 5557 2338 5611 iu
2368 5559 2631 5630 sanguine
2657 5575 2778 5623 suo,
2802 5558 3053 5617 Christus
3074 5561 3324 5621 Salvator
3342 5573 3548 5621 noster.
3567 5566 3744 5632 Quem
3798 5602 3813 5609 κ

2160 5646 2381 5702 laudant
2406 5649 2599 5717 angeli.
2633 5699 2643 5719 ,
3159 5661 3167 5669 '

2227 5738 2283 5808 θ
2319 5740 2430 5801 ,Αά
2479 5739 2871 5810 (ἷοτηριεηάηηι.
2920 5744 3255 5801 Sacrificium
3297 5747 3437 5818 quod
3476 5756 3604 5813 tuae,
3640 5747 3745 5800 Do-
