3968 6180
223 370 305 424 “9

1030 323 1051 329 ἒ
1115 346 1504 407 LITURGlCA.
1548 375 1600 384 —-
1654 341 1858 399 LIBER
1896 302 2531 397 SACRAMENTORUM.

3327 330 3434 385 £530

222 486 362 547 mine,
382 479 667 534 obtunmus
695 469 984 539 maiestati,
1017 467 1172 521 nobis
1195 465 1261 517 ad
1300 462 1512 517 veniam
1538 466 1756 513 uostro—
1783 462 1834 525 Α
1861 454 1985 518 illis,
2026 453 2164 510 dixit
2202 452 2332 507 mihi
2371 449 2594 521 angelus
2619 466 2632 503 :
2667 449 2856 504 Scribe
2881 464 2895 502 :
2923 447 3075 503 Beati
3105 447 3196 520 qui
3225 449 3292 503 ad
3319 464 3437 506 rm-

221 592 318 633 rum
344 568 587 642 proficiat
620 570 983 635 peccatorum,
1027 566 1084 614 et
1114 565 1215 612 tuae
1248 550 1625 609 miserationis
1659 548 1759 602 tri-

220 670 328 724 buat
350 660 615 717 solatium.
645 655 770 708 Per.
854 698 859 701 Α

275 753 403 809 Alia.
439 748 678 805 Gratiam
705 743 880 799 sancti
907 740 1158 810 Spiritus,
1191 736 1416 792 Domine
1441 735 1604 795 Deus,
1644 745 1766 786 cor-

219 844 353 898 dibus
379 837 578 893 nostris
621 835 921 890 clementer
962 829 1204 893 infunde,
1247 841 1365 896 quae
1409 839 1509 879 nos
1553 820 1767 893 gemiti-

218 937 303 989 bus
328 930 521 986 efliciat
558 927 917 997 laerymarum
948 919 1186 975 maculas
1215 924 1523 997 nostrorum
1546 912 1768 965 diluere

220 1031 572 1097 peccatorum,
612 995 776 1084 atque
808 1019 1010 1082 optata:
1053 1007 1233 1097 nobis,
1258 1013 1311 1060 te
1350 995 1632 1074 largiente,
1680 1000 1768 1097 in-

220 1088 478 1182 dulgentiae
523 1112 748 1176 praestet
782 1101 1054 1156 effectum.
1079 1097 1183 1152 Per
1209 1094 1517 1159 Dominum,
1551 1098 1683 1154 etc.,
1714 1088 1769 1140 in

220 1203 399 1257 unitate
420 1196 688 1267 ejusdem.
984 1186 994 1191 ’

545 1303 680 1358 Item
711 1301 874 1356 missa
900 1298 1070 1354 sancti
1103 1296 1400 1368 Augustini.

276 1440 485 1510 Ignosce
520 1435 681 1499 mihi,
722 1445 1049 1501 quaesumus,
1074 1427 1322 1491 Domine,
1377 1440 1537 1495 quem
1586 1440 1772 1479 macu-
1804 1474 1807 1477 .

220 1532 324 1585 latae
355 1531 479 1584 vitae
504 1524 840 1582 conscientia
871 1520 1158 1590 trepidum,
1205 1528 1260 1573 et
1291 1516 1579 1572 criminum
1626 1530 1775 1569 meo-

219 1635 323 1674 rum
352 1616 597 1673 confusio
636 1613 767 1669 facit
792 1611 1083 1682 captivum.
1113 1609 1180 1662 Et
1208 1607 1297 1677 qui
1321 1622 1420 1676 pro
1444 1617 1531 1658 me
1558 1604 1773 1658 veniam

219 1707 438 1763 obtinere
464 1719 571 1758 non
599 1703 775 1764 valeo,
799 1715 896 1770 pro
920 1698 1040 1753 aliis
1066 1704 1352 1765 rogaturus
1383 1693 1580 1749 assiste
1608 1710 1622 1759 ;
1651 1708 1777 1762 pro-

219 1800 318 1852 fero
362 1796 427 1850 ad
455 1803 532 1861 te,
558 1794 605 1848 si
644 1792 830 1846 audire
854 1788 1111 1859 digneris,
1157 1785 1398 1847 Domine,
1432 1785 1769 1852 captivorum
1801 1808 1845 1867 Β

219 1891 444 1960 gemitus,
479 1886 855 1941 tribulationes
882 1881 1135 1952 plebium,
1172 1877 1408 1949 pericula
1434 1876 1768 1947 populorum,

221 1979 546 2034 necessitates
593 1974 1029 2046 peregrinorum,
1075 1969 1311 2038 inopiam
1357 1967 1636 2033 debilium,
1685 1968 1778 2023 de-

220 2072 531 2143 Sperationes
558 2068 950 2140 languentium,
1000 2064 1244 2120 defectus
1289 2077 1501 2126 senum,
1543 2061 1778 2133 suspiria

217 2163 474 2231 iuvenum,
521 2170 655 2216 vota
696 2159 987 2230 virginum,
1035 2157 1272 2210 lamenta
1321 2155 1625 2209 viduarum.
1674 2150 1781 2221 Sed

220 2254 451 2324 quoniam
504 2266 597 2306 me
651 2252 864 2314 eadem,
920 2263 1040 2318 quae
1089 2246 1270 2317 populi
1319 2243 1522 2315 peccati
1590 2252 1779 2297 catena

221 2345 541 2414 constringit,
594 2342 717 2397 ideo
763 2354 1079 2395 communes
1123 2338 1277 2408 lugeo
1318 2335 1615 2405 passiones.
1664 2332 1781 2389 Non

223 2437 364 2500 obsit,
411 2434 666 2498 Domine,
717 2430 913 2501 populo
958 2439 1050 2485 tuo
1100 2429 1276 2484 oratio
1313 2426 1596 2497 coniugata
1649 2426 1779 2498 [Al.,

224 2524 504 2598 subiugata]
531 2522 790 2595 peccatis.
820 2520 925 2575 Per
962 2534 1047 2573 me
1077 2519 1175 2573 tibi
1207 2516 1433 2572 offertur
1454 2524 1657 2580 votum,
1688 2530 1785 2584 per

226 2623 269 2668 te
290 2630 457 2668 meum
483 2604 826 2683 compleatur
857 2609 1116 2665 officium.
1148 2608 1272 2665 Per.
1632 2606 1641 2607 ί

214 2714 224 2725 ·
284 2705 444 2776 Super
486 2703 691 2759 oblata.
765 2701 1031 2757 Memores
1080 2718 1287 2769 sumus,
1342 2711 1563 2759 ceterum
1636 2702 1784 2759 Deus

227 2796 364 2850 Pater
406 2796 778 2864 omnipotens,
810 2792 1208 2861 gloriosissima:
1248 2794 1516 2862 passionis
1536 2792 1658 2847 Filii
1686 2792 1781 2854 tui,

227 2886 625 2943 resurrectionis
652 2884 836 2948 etiam,
869 2882 1311 2953 ascensionisque
1350 2883 1405 2937 in
1434 2883 1652 2939 C(Blllm.
1682 2881 1785 2936 Pe-

230 2978 370 3032 timus
415 2991 548 3045 ergo
592 2972 930 3042 maiestatem
969 2972 1133 3038 Deus,
1164 2980 1224 3026 ut
1269 2973 1561 3028 ascendant
1599 2988 1789 3042 preces

230 3068 525 3123 humilitatis
583 3072 788 3120 nostrae
824 3064 878 3118 in
926 3071 1274 3134 conspectum
1317 3073 1420 3117 ture
1465 3062 1785 3128 clementiae,

1861 558 1987 596 nam
2012 549 2342 612 nuptiarum.

1932 631 2215 703 Sequentia
2244 632 2409 684 sancti
2432 628 2702 699 Evangelii
2750 627 3036 683 secundum
3060 627 3337 682 Joannem.
3379 626 3439 684 In

1863 722 1955 778 illo
1983 730 2242 791 tempore,
2290 720 2532 774 ascendit
2557 718 2714 774 Jesus
2742 718 3187 789 Hierosolymam.
3228 720 3325 775 Est
3344 734 3441 773 au-

1864 825 1972 870 tem
1999 813 2385 883 Hierosolymis
2409 810 2684 881 probatica
2705 811 2932 881 piscina.

2042 925 2177 979 Item
2204 923 2311 977 alia
2340 940 2435 994 pro
2464 923 2835 978 tentationibus
2870 924 3266 994 cogitationum.

1937 1036 2289 1105 Omnipotens
2355 1035 2640 1089 mitissime
2688 1034 2852 1099 Deus,
2904 1036 3114 1104 respice
3179 1035 3448 1104 prepitius

1867 1142 2057 1198 preces
2096 1133 2330 1190 nostras,
2370 1134 2426 1179 et
2461 1125 2629 1178 libera
2675 1126 2836 1180 corda
2864 1133 3044 1179 nostra
3070 1124 3136 1178 de
3180 1126 3445 1180 malarum

1870 1217 2168 1271 tentatione
2197 1216 2606 1285 cogitationum,
2653 1224 2712 1269 ut
2739 1216 2912 1269 sancti
2949 1214 3185 1284 Spiritus
3230 1217 3449 1287 dignum

1870 1308 1988 1364 fieri
2016 1309 2381 1363 habitaculum
2419 1323 2741 1361 mereamur.
2785 1306 2890 1361 Per
2925 1306 3231 1361 Dominum.

1944 1400 2176 1456 Secreta.
2217 1400 2327 1455 llas
2372 1401 2488 1463 tibi,
2522 1400 2747 1454 Domine
2791 1390 2963 1463 Deus,
2990 1398 3268 1453 olierimns
3302 1398 3453 1451 obla-

1872 1490 2048 1544 tiones
2077 1505 2177 1559 pco
2212 1490 2389 1545 salute
2422 1497 2641 1553 'nostra,
2691 1496 2958 1558 quatenus
3001 1489 3209 1541 animas
3238 1494 3454 1540 nostras

1874 1580 2047 1645 sancti
2094 1579 2329 1650 Spiritus
2365 1580 2536 1651 gratia
2568 1578 2874 1633 illuminare
2910 1576 3162 1647 digneris.
3198 1575 3304 1629 Per
3351 1575 3453 1629 Do-

1875 1672 2079 1726 minum
2108 1682 2374 1728 nostrum.

1945 1761 2222 1833 Prmfatio.
2280 1760 2507 1834 Dignum
2553 1771 2607 1816 et
2649 1763 2851 1832 iustum
2889 1768 2992 1824 cst,
3041 1766 3448 1829 usque,:eterne

1878 1855 2036 1909 Deus.
2074 1854 2359 1909 Humiliter
2401 1862 2546 1908 tuam
2596 1855 2952 1922 deprecantes
2984 1849 3344 1911 clementiam,
3392 1854 3452 1901 ut

1876 1945 2105 2014 gratiam
2150 1945 2321 2015 sancti
2371 1943 2607 2013 Spiritus
2654 1942 2850 1997 animis
2904 1942 3105 1995 nostris
3158 1940 3454 1994 clementer

1878 2034 2158 2089 infundere
2200 2034 2462 2104 digneris,
2513 2042 2572 2087 ut
2622 2042 2675 2088 te
2728 2031 2967 2103 perfecte
3016 2031 3257 2102 diligere,
3307 2038 3361 2083 et
3406 2038 3459 2083 te

1880 2126 2043 2196 digne
2064 2125 2287 2179 laudare
2314 2139 2639 2179 mereamur.
2672 2124 2776 2178 Per
2800 2123 3096 2179 Christum.

1955 2217 2058 2286 ιο
2077 2216 2156 2269 Ad
2177 2213 2572 2286 Complendum.
2590 2215 2694 2269 Per
2714 2215 2833 2279 hoc,
2851 2230 3181 2284 qumsnmus,
3210 2213 3457 2276 Domine,

1882 2306 2224 2369 sacrificium,
2258 2315 2362 2360 tum
2387 2305 2529 2375 quod
2557 2305 2850 2360 obtulimus
2875 2305 3082 2374 pietati,
3110 2305 3178 2359 ab
3207 2304 3458 2358 omnibus

1883 2398 2045 2454 corda
2082 2405 2264 2452 nostra
2293 2398 2550 2452 emundes
2579 2396 2984 2451 tentatiouibus.
3026 2395 3130 2450 Per
3173 2393 3462 2448 Dominum

1885 2499 2149 2545 nostrum.

1958 2579 2098 2634 Alia.
2145 2578 2312 2643 Dens,
2357 2579 2447 2647 qui
2478 2578 2750 2633 illuminas
2778 2592 2991 2631 omnem
3032 2574 3319 2635 hominem
3368 2587 3463 2625 ve—

1887 2675 2124 2730 nientem
2182 2673 2236 2726 in
2285 2674 2429 2727 hunc
2486 2671 2767 2733 mundum,
2831 2662 3093 2732 illumina,
3135 2656 3463 2736 qumsmnns,
3504 2660 3507 2661 ⁷

1887 2764 2051 2819 corda
2096 2770 2280 2816 nostra
2307 2762 2493 2827 gratim
2525 2769 2629 2814 tute
2663 2759 2969 2830 splendore,
3020 2765 3080 2810 ut
3112 2756 3271 2826 digna
3299 2752 3469 2822 maie-

1890 2856 2018 2909 stati
2064 2838 2168 2907 ttnc
2207 2853 2446 2923 cogitare
2472 2859 2526 2906 et
2555 2850 2775 2921 diligere
2815 2849 3112 2901 valeamus.
3159 2845 3262 2899 Per
3289 2843 3469 2899 Domi-

1890 2962 2020 3001 num
2050 2953 2314 3001 nostrum.

2249 3054 2381 3108 Item
2416 3054 2576 3107 missa
2605 3052 2776 3107 sancti
2811 3051 3110 3121 Augustini.

230 3168 275 3212 οι
309 3161 599 3214 descendat
628 3173 788 3226 super
814 3158 962 3211 hunc
991 3170 1208 3225 νηηθιη,
1247 3163 1302 3208 ει
1336 3170 1497 3226 super
1522 3156 1666 3210 hunc
1692 3172 1785 3211 (³³·
1815 3144 1862 3206 c
1962 3167 2263 3234 Olferentes
2304 3167 2424 3230 tibi,
2458 3154 2704 3228 Domine,
2744 3163 2978 3218 hostiam
2997 3160 3338 3229 jubilationis
3364 3175 3466 3230 pro

230 3248 366 3304 licem
412 3249 697 3319 plenitudo
747 3256 850 3301 tuze
903 3246 1221 3322 divinitatis.
1271 3245 1809 3310 Descendatetiam,-

232 3340 452 3405 Domine,
478 3340 573 3393 illa
604 3338 780 3392 sancti
828 3336 1063 3406 Spiritus
1109 3336 1185 3390 tui
1229 3335 1791 3407 incomprehensibilis

234 3429 612 3500 invisibilisque
661 3428 933 3497 maiestas,
983 3427 1122 3482 sicut
1168 3428 1437 3497 quondam
1485 3428 1539 3483 in
1578 3437 1789 3498 patrum

235 3521 420 3575 hostias
449 3518 836 3574 descendebat.
867 3516 973 3571 Per
1000 3517 1247 3571 eumdem
1288 3517 1591 3572 Dominum.

296 3612 366 3665 Ad
387 3609 788 3681 Complendum.
820 3607 1032 3664 Gratias
1067 3608 1183 3672 tibi,
1219 3607 1467 3675 Domine,
1501 3610 1797 3666 referentes

235 3718 451 3771 oramus,
491 3712 558 3757 ut
585 3702 815 3756 mundes
846 3701 1111 3771 propitius
1145 3716 1241 3756 cor
1279 3710 1528 3757 nostrum
1561 3720 1590 3756 a
1624 3704 1795 3771 vitiis,

238 3803 283 3847 et
322 3796 522 3863 repleas
550 3793 757 3864 iugiter
796 3792 1127 3863 Spiritalibus
1155 3794 1332 3849 donis.
1362 3793 1466 3849 Per
1510 3794 1796 3850 Dominum

240 3895 482 3941 nostrum.

844 3976 1067 4033 CAPUT
1103 3977 1190 4032 Ill.

274 4093 419 4149 Fen'a
448 4094 570 4161 III,
605 4095 762 4150 missa
784 4094 854 4149 ad
873 4094 1188 4165 postulanda
1226 4094 1459 4173 angelica
1487 4094 1761 4166 su/fragia.

301 4227 626 4300 Perpetuam
647 4230 820 4295 nobis,
851 4230 1097 4297 Domine,
1138 4240 1243 4288 tua:
1276 4232 1639 4288 miserationis
1666 4247 1803 4301 pra!-

243 4324 340 4371 stat
380 4318 704 4384 subsidium,
753 4320 948 4389 quibus
993 4329 1048 4375 et
1088 4322 1328 4390 angelica
1360 4321 1657 4390 praestitisti
1687 4319 1801 4376 suf-

247 4404 400 4477 fragia
434 4426 551 4477 non
586 4409 793 4465 deesse.
824 4408 928 4465 Per
951 4411 1229 4465 Dominum
1259 4420 1522 4465 nostrum.

249 4588 553 4657 suppliciter
584 4590 937 4658 deprecantes
972 4598 1030 4643 ut
1056 4590 1271 4643 easdem
1302 4591 1542 4661 angelico
1577 4605 1676 4660 pro
1704 4607 1805 4646 no-

248 4676 323 4733 bis
358 4680 756 4735 interveniente
790 4679 1064 4750 sulfragio,
1104 4688 1160 4734 et
1201 4680 1443 4748 placatus
1475 4682 1730 4752 accipias,
1756 4692 1810 4738 et

251 4768 310 4821 ad
334 4769 561 4824 salutem
601 4778 843 4824 nostram
869 4769 1150 4838 provenire
1179 4770 1463 4824 concedas.
1489 4768 1593 4824 Per
1630 4769 1813 4824 Domi-

318 4950 720 5005 Postcommum.
743 4949 971 5019 Repleti,
996 4949 1236 5014 Domine,
1289 4950 1659 5004 benedictione
1706 4964 1814 5005 coe-
1842 4990 1849 4993 -

253 5035 363 5096 fasti
399 5042 716 5112 suppliciter
743 5041 1109 5111 imploramus,
1151 5049 1212 5096 ut
1256 5044 1400 5108 quod
1448 5039 1623 5111 fragili
1675 5040 1815 5094 cele-

255 5132 468 5190 bramus
489 5136 685 5201 ollicio,
716 5140 1028 5211 sanctorum
1050 5136 1499 5207 archangelorum
1525 5135 1679 5190 nobis
1696 5149 1817 5204 pro-

256 5220 402 5278 desse
438 5227 734 5280 sentiamus
754 5226 976 5280 auxilio.
1009 5224 1114 5281 Per
1140 5225 1428 5280 Dominum
1457 5232 1722 5279 nostrum.

320 5312 495 5384 Super
540 5316 807 5388 populum.
862 5316 1073 5372 Plebem
1127 5325 1293 5381 tuam,
1344 5328 1670 5385 quaesumus.
1713 5312 1815 5367 DO-

257 5401 413 5468 mine,
450 5415 705 5474 perpetua
720 5407 931 5486 pietate
961 5408 1193 5472 custodi,
1229 5416 1288 5461 ut
1312 5419 1501 5461 secura
1525 5419 1741 5474 semper
1763 5413 1816 5459 et

258 5494 574 5549 necessariis
601 5494 779 5564 adiuta
804 5498 1080 5562 subsidiis,
1107 5497 1393 5566 spirituum
1420 5493 1629 5549 tibimet
1652 5492 1820 5562 placi-

261 5592 429 5639 torum
475 5587 562 5655 pia
590 5603 803 5658 semper
841 5592 1189 5644 veneratione
1233 5587 1458 5641 laetetur.
1502 5584 1604 5639 Per
1642 5583 1820 5637 Domi-

260 5687 379 5725 num
408 5685 653 5730 nostrum
671 5674 871 5732 Jesnm.

331 5760 506 5817 Lectio
552 5765 764 5833 Aperui.
809 5766 943 5819 beati
990 5765 1210 5819 Joannis
1250 5763 1487 5834 apostoli.
1538 5760 1592 5815 In
1633 5758 1818 5814 diebus

1891 3258 2105 3314 delictis
2150 3258 2368 3322 nostris,
2400 3256 2655 3326 pietatem
2687 3264 2834 3309 tuam
2863 3250 3227 3324 exposcimus,
3269 3260 3331 3306 ut
3357 3250 3473 3322 pla--

1890 3348 2051 3404 cabili
2087 3349 2287 3419 pietate
2326 3346 2677 3418 petitionibus
2700 3345 2900 3400 nostris
2934 3358 3124 3398 aurem
3165 3356 3473 3397 accommo-

1892 3441 2007 3504 des,
2035 3448 2217 3493 votum
2260 3447 2502 3492 nostrum
2528 3437 2616 3507 pia
2660 3436 2969 3507 dignatione
2996 3441 3269 3504 acceptes,
3298 3430 3472 3486 tribu-

1893 3533 2121 3587 lationes
2167 3530 2348 3588 cordis
2396 3529 2567 3583 nostri
2612 3527 2896 3597 multiplici
2943 3526 3290 3581 miseratione
3335 3523 3473 3578 laeti-

1896 3623 2044 3684 ﬁces,
2073 3629 2130 3674 et
2173 3621 2314 3689 quod
2358 3620 2410 3673 in
2452 3618 2700 3673 oratione
2748 3616 2931 3688 lingua
2979 3610 3163 3671 nostra
3216 3628 3478 3669 enarrare

1896 3728 2003 3768 non
2040 3710 2259 3777 sufficit,
2292 3720 2368 3775 tu,
2406 3710 2498 3780 qui
2526 3709 2706 3764 cordis
2732 3708 3088 3780 cogitationes
3117 3705 3383 3776 agnoscis,
3425 3712 3480 3757 et

1899 3820 2087 3859 renum
2138 3811 2412 3859 scrutator
2459 3816 2537 3866 es,
2583 3818 2703 3872 quae
2737 3802 3010 3856 desiderat
3053 3814 3208 3853 mens
3259 3797 3475 3861 devota,

1898 3909 1997 3964 per
2041 3902 2189 3948 tuam
2241 3891 2669 3944 misericordiam
2714 3896 3097 3956 consequatur.
3149 3887 3251 3939 Per
3295 3884 3477 3938 Domi-

1899 4001 2050 4042 num.

1974 4076 2207 4133 Secreta.
2236 4074 2536 4143 Acceptare
2568 4071 2824 4142 digneris,
2858 4067 3114 4123 terribilis
3143 4076 3197 4122 et
3238 4066 3477 4137 piissime

1901 4166 2065 4231 Deus,
2099 4166 2200 4219 hoc
2227 4160 2729 4231 sacrificium,quod
2765 4159 2858 4214 tibi
2881 4174 2980 4228 pro
3011 4157 3328 4213 remissione
3356 4173 3481 4225 pec-

1903 4264 2148 4327 catorum
2196 4262 2526 4320 nostrorum,
2581 4252 2666 4311 vel
2715 4267 2814 4323 pro
2867 4250 3054 4321 requie
3104 4248 3479 4304 defunctorum

1904 4343 2133 4398 fratrum
2162 4342 2456 4410 olferimus,
2490 4344 2615 4414 quia
2644 4352 2768 4397 vota
2797 4351 3003 4406 nostra,
3039 4341 3176 4396 dona
3204 4348 3330 4395 sunt
3359 4350 3473 4394 tua.

950 4430 1229 4510 _”°T'“"f“
1259 4430 1522 4510 "‘fSIrgm-
1549 4499 1588 4510 _
1647 4500 1659 4510 _
1819 4438 1877 4510 ’,λ
1908 4434 2021 4489 Nec
2066 4434 2160 4489 tibi
2189 4432 2480 4503 quidquam
2508 4434 2722 4499 melius,
2758 4435 2861 4489 nisi
2897 4434 3041 4503 quod
3075 4432 3313 4495 dederis,
3344 4430 3478 4486 offe-

310 4497 542 4552 Secreta.
603 4498 820 4554 Hostias
869 4499 985 4564 tibi,
1037 4500 1280 4563 Domine,
1309 4499 1481 4555 laudis
1508 4499 1805 4566 offerimus,
1832 4497 1883 4557 Ι)

1910 4528 2119 4582 rimus:
2169 4528 2272 4582 hoc
2313 4536 2397 4582 est
2440 4527 2706 4599 imprimis
2753 4527 2805 4581 in
2850 4525 3381 4589 commemoratione,
3423 4533 3485 4578 ut

1902 4618 2108 4688 iustum
2137 4626 2238 4683 est,
2265 4618 2560 4673 Dominica:
2582 4617 2932 4672 institutionis
2954 4615 3166 4676 offerre,
3199 4615 3253 4669 in
3278 4615 3485 4669 honore

1909 4719 1964 4764 et
1990 4710 2158 4779 gloria
2187 4709 2397 4763 Domini
2426 4708 2598 4762 nostri
2623 4705 2750 4761 Jesu
2793 4705 2994 4761 Christi
3041 4704 3163 4759 Filii
3197 4704 3294 4769 tui,
3340 4704 3484 4775 regis

1905 4800 2213 4869 iudicisqne
2252 4799 2485 4853 venturi.
2513 4798 2617 4852 Per
2643 4796 2892 4850 eumdem
2916 4792 3207 4853 Dominum
3238 4804 3483 4852 nostrum

1910 4888 2093 4943 Jesum
2124 4888 2418 4943 Christum.

1984 4978 2376 5033 Postcommun.
2426 4978 2774 5049 Omnipotens
2840 4980 2980 5036 Deus
3008 4991 3134 5036 vota
3178 4990 3360 5037 nostra
3404 4981 3485 5036 di-

1914 5079 2138 5141 gnanter
2186 5062 2467 5138 suscipiat,
2511 5079 2567 5125 et
2610 5088 2709 5126 nos
2753 5072 2981 5127 famulos
3014 5088 3141 5128 suos
3166 5072 3486 5143 propitiatus

1916 5162 2177 5227 intendat,
2228 5163 2495 5216 desideria
2544 5172 2728 5219 nostra
2764 5165 2816 5218 in
2844 5163 3001 5220 bonis
3039 5164 3293 5234 cperibus
3333 5178 3482 5218 com-

1915 5254 2078 5324 pleat,
2109 5262 2164 5308 ct
2199 5254 2267 5309 ab
2299 5254 2509 5309 insidiis
2543 5254 2882 5310 inimicorum
2931 5271 3030 5311 nos
3080 5254 3349 5311 defendat.
3382 5253 3485 5311 Per

1918 5344 2223 5400 Dominum.

2528 5432 2755 5491 CAPUT
2784 5435 2871 5490 IV.

2167 5545 2326 5602 Fcria
2352 5546 2458 5613 IV,
2487 5548 2647 5601 missa
2671 5546 2736 5600 de
2756 5554 2936 5600 sancta
2962 5547 3239 5617 sapientia.

1990 5663 2131 5718 Deus
2157 5666 2246 5732 qui
2269 5678 2367 5733 per
2386 5672 2710 5718 comternam
2733 5662 2827 5717 tibi
2851 5662 3165 5733 sapientiam
3188 5660 3484 5724 hominem,

1896 5742 2044 5810 cum
2095 5772 2199 5810 non
2226 5765 2391 5821 esset,
2420 5756 2726 5821 condidisti,
2759 5755 3133 5825 perditnmque
3182 5754 3486 5809 misericor-
