3908 6184
412 333 503 388 451

1236 329 1290 381 Β.
1335 328 1395 381 F.
1438 323 1662 379 ALBlNl
1701 319 1831 374 SEU
1872 315 2144 372 ALCUlNl
2181 319 2463 375 OPERUM
2501 319 2679 374 PARS
2712 321 2798 376 Ν.

3546 316 3654 371 ιδθ.

409 445 549 499 diter
577 441 880 498 rel‘ormasti
907 460 921 508 ;
951 451 1167 514 praesta,
1195 456 1522 511 qumsumus,
1553 448 1612 493 ut
1638 440 1824 493 eadem
1853 454 1978 510 pec-
2004 433 2050 490 Δ
2077 447 2177 514 nos
2214 431 2390 513 facere
2423 434 2755 487 voluntatem
2779 440 2944 496 tuam,
2969 433 3093 504 quia
3121 444 3174 488 tu
3198 449 3256 488 es
3280 433 3422 488 Deus
3447 445 3651 488 noster.

409 546 526 591 tora
566 546 772 601 nostra,
805 535 1100 604 inspirante
1143 543 1216 599 te,
1260 545 1370 588 tota
1412 545 1588 589 mente
1612 550 1873 599 amemus,
1923 543 1978 590 et

408 632 476 681 ad
506 636 558 681 te
580 635 691 680 toto
711 627 873 680 corde
901 642 1200 681 curramus.
1228 627 1333 680 Per
1355 626 1658 681 Dominum.

479 718 918 788 LectioEpistolte
939 720 1075 773 beati
1096 719 1253 772 Pauli
1274 720 1515 790 apostoli.
1547 719 1784 788 Fratres,
1808 727 1978 780 scien-

412 821 491 866 tes
519 813 661 880 quod
684 811 808 866 ﬁdei
834 822 1025 866 vestrae
1059 813 1377 882 patientiam
1407 815 1655 883 probatio
1697 830 1971 887 operatur.

481 901 761 972 Sequentia
805 905 972 957 sancti
1011 902 1284 973 Evangelii
1316 906 1607 965 secundum
1643 906 1972 964 Mattharum.

329 999 341 1009 ‘
408 992 464 1046 ln
496 993 584 1047 illo
634 1003 895 1063 tempore,
947 995 1276 1062 respondens
1309 993 1466 1051 Jesus
1499 997 1670 1053 dixit:
1701 1000 1975 1056 Conﬁteor

410 1084 524 1146 tibi,
554 1083 734 1148 Pater,
767 1083 990 1137 Domine
1019 1085 1142 1138 coeli
1178 1094 1234 1138 et
1262 1095 1441 1151 terrai,
1465 1089 1592 1156 quia
1617 1091 1970 1145 abscondisti.

479 1171 710 1224 Secreta.
757 1171 1159 1240 Sanctiﬁcetur,
1205 1192 1531 1244 quaesumus,
1558 1179 1782 1236 Domine
1807 1181 1968 1246 Deus,

407 1260 564 1328 hujus
596 1270 792 1320 nostrm
821 1264 1108 1319 oblationis
1149 1283 1363 1334 munus,
1391 1277 1478 1323 tua
1513 1281 1836 1340 cooperante
1888 1289 1975 1328 sa-

403 1351 626 1418 pientia,
666 1363 727 1406 ut
767 1355 863 1408 tibi
892 1355 1105 1423 placere
1144 1361 1318 1428 possit
1349 1347 1416 1416 ad
1445 1361 1678 1431 laudem,
1719 1373 1774 1419 et
1818 1366 1975 1420 nobis

402 1441 664 1510 proﬁcere
693 1444 760 1498 ad
785 1447 1033 1502 salutem.
1057 1450 1161 1505 Per
1180 1452 1482 1509 Dominum.

475 1530 554 1584 Ad
599 1530 992 1606 Complendum.
1037 1540 1282 1608 lnfunde,
1349 1561 1677 1613 qumsumus,
1728 1548 1971 1614 Domine,

402 1637 498 1690 per
539 1623 654 1678 haec
697 1638 884 1682 sancta
911 1645 1031 1698 quae
1066 1635 1415 1702 sumpsimus,
1445 1644 1549 1690 tum
1590 1639 1843 1693 cordibus
1886 1655 1976 1694 no.

403 1714 530 1768 stris
561 1714 738 1771 lumen
770 1720 1063 1788 sapientiae,
1103 1731 1163 1776 ut
1202 1732 1254 1778 te
1291 1727 1556 1780 veraciter
1591 1743 1968 1797 agnoscamus,

402 1813 459 1858 et
483 1805 710 1862 ﬁdeliter
733 1809 1033 1881 diligamus.
1059 1814 1162 1868 Per
1189 1817 1454 1871 eumdem.

476 1895 648 1966 Super
671 1900 938 1969 populum.
973 1903 1114 1959 Deus
1140 1907 1233 1975 qui
1271 1908 1465 1963 misisti
1503 1909 1695 1964 Filium
1728 1921 1899 1979 tuum,
1922 1924 1977 1969 et

400 1988 686 2042 ostendisti
712 2000 971 2047 creatura:
999 1995 1342 2064 Creatorem;
1368 2001 1575 2070 respice
1600 2003 1864 2071 propitius
1883 2019 1976 2058 su-

400 2092 495 2146 per
541 2096 640 2134 uos
688 2082 915 2140 famulos
979 2094 1120 2152 tuos,
1193 2096 1250 2142 et
1287 2105 1529 2159 prtepara
1582 2093 1716 2163 agla:
1773 2094 1975 2162 sophia:

399 2170 613 2241 dignam
657 2174 710 2226 in
739 2176 991 2232 cordibus
1021 2180 1220 2233 nostris
1252 2179 1660 2238 habitationem.
1695 2183 1797 2239 Per
1825 2200 1974 2239 cum-

403 2260 544 2313 dem.

644 2394 809 2451 Missa
849 2399 918 2451 ad
944 2401 1311 2470 postulandum
1356 2407 1721 2463 humilitatem.

471 2528 611 2582 Deus
639 2531 731 2599 qui
763 2535 1007 2602 superbis
1033 2537 1243 2592 resistis
1269 2546 1324 2592 et
1347 2541 1575 2609 gratiam
1603 2553 1830 2611 pnestas
1871 2546 1971 2599 hu-

396 2619 631 2684 milibus,
687 2637 824 2693 auge
864 2625 918 2678 in
944 2627 1099 2680 nobis
1131 2643 1272 2682 vene
1317 2630 1638 2687 humilitatis
1693 2636 1965 2703 virtutem,

396 2707 548 2777 Cujus
576 2710 630 2763 in
660 2726 718 2765 se
749 2710 976 2767 formam
1012 2714 1258 2772 ﬁdelibus
1284 2720 1590 2790 unigenitus
1633 2723 1800 2780 Filius
1845 2735 1966 2783 tuus

393 2801 656 2866 exhibuit,
684 2811 744 2856 ut
770 2820 1045 2875 nunquam
1077 2808 1498 2880 indignationem
1534 2826 1679 2870 tuam
1707 2834 1968 2887 provoce-
2037 2865 2045 2881 η

396 2908 516 2946 mus
543 2893 692 2958 elati,
723 2897 818 2950 sed
860 2899 1040 2968 potius
1067 2916 1280 2972 semper
1306 2905 1523 2974 pietatis
1556 2917 1660 2965 tuae
1685 2916 1965 2984 capiamus

395 2985 535 3039 dona
567 2987 813 3058 subjecti.
846 2991 950 3046 Per
978 2995 1244 3051 eumdem.

471 3075 701 3132 Secreta.
725 3079 846 3135 llaec
858 3082 1074 3150 oblatio,
1093 3085 1337 3156 Domine,
1360 3108 1687 3164 quaesumus,
1718 3101 1874 3156 nobis
1887 3118 1966 3157 re-

398 3165 707 3221 missionem
747 3173 984 3226 omnium
1003 3185 1346 3243 peccatorum
1379 3193 1434 3238 et
1462 3202 1601 3241 verae
1650 3188 1968 3248 humilitatis

396 3257 639 3314 obtineat
657 3264 904 3330 gratiam,
931 3267 1194 3339 simulque
1217 3288 1247 3326 a
1276 3277 1525 3333 cordibus
1551 3284 1748 3338 nostris
1770 3300 1970 3338 concu-

395 3347 718 3414 piscentiam
764 3355 944 3410 carnis
979 3365 1035 3410 et
1078 3362 1378 3429 oculorum,
1411 3376 1572 3437 atque
1620 3373 1969 3430 ambitionem

398 3439 578 3492 szeculi
619 3441 854 3507 auferas,
883 3457 1148 3514 quatenus
1175 3469 1358 3510 coram
1382 3467 1435 3512 te
1475 3461 1674 3528 sobrie,
1693 3463 1839 3532 juste
1863 3470 1971 3536 pie-

397 3543 503 3596 que
528 3530 787 3599 viventes,
815 3539 1033 3604 prmmia
1061 3555 1459 3614 consequamur
1481 3560 1702 3608 aeterna.
1733 3556 1836 3612 Per
1860 3559 1967 3615 Do-

403 3633 630 3674 mtuum.

470 3705 858 3770 Postcommun.
898 3716 1086 3790 Hujus,
1118 3723 1360 3794 Domine,
1399 3736 1721 3790 sacramenti
1749 3753 1972 3811 percep-

401 3796 492 3862 tio,
537 3810 878 3868 peccatorum
920 3818 1226 3867 nostrorum
1264 3820 1502 3875 maculas
1544 3796 1835 3896 tergatiet
1870 3796 1968 3887 nos

398 3888 465 3943 ad
485 3891 725 3947 cmlestia
760 3912 922 3968 regna
942 3904 1216 3970 perducat.
1250 3906 1353 3963 Per
1379 3888 1684 3972 Dominum.

681 4028 778 4098 ιι
811 4029 947 4086 Item
990 4037 1149 4092 missa
1177 4045 1343 4096 sancti
1365 4045 1664 4118 Augustini.

467 4153 710 4224 Domine,
736 4160 877 4219 Deus
906 4166 1477 4246 incomprehensibilis,
1525 4192 1744 4253 aeterne,
1776 4206 1966 4262 perpe-

400 4254 509 4313 tue,
545 4248 840 4319 benedicte,
869 4259 959 4324 qui
1000 4260 1179 4317 dixisti
1210 4284 1222 4318 :
1255 4267 1371 4323 Non
1404 4275 1524 4328 veni
1554 4292 1747 4336 vocare
1765 4248 1962 4354 justos,

348 4337 353 4342 '
398 4338 491 4391 sed
529 4348 839 4408 peccatores
864 4345 930 4398 ad
981 4353 1386 4425 paenitentiam;
1446 4373 1499 4422 et
1546 4382 1669 4423 cum
1718 4337 1960 4440 pi-ofcctu

395 4436 582 4483 nostro
609 4447 712 4484 non
735 4449 911 4503 egeas,
943 4442 1140 4506 gaudes
1165 4454 1341 4502 tamen
1367 4467 1427 4505 SI]

395 4518 761 4624 paenitentiam
803 4534 1008 4593 agente,
1060 4535 1230 4604 magis
1256 4518 1629 4614 quam'supra

395 4622 584 4662 novem
607 4611 767 4680 jnstis
800 4617 890 4686 qui
937 4635 1043 4674 non
1101 4623 1337 4698 indigent
1365 4611 1678 4701 pmnitentia
1707 4663 1719 4697 :
1753 4611 1877 4715 quia

393 4714 453 4799 es
486 4701 624 4756 Deus
661 4705 825 4771 solus,
857 4720 909 4764 et
935 4723 1135 4780 praeter
1163 4727 1214 4771 te
1260 4737 1367 4778 non
1405 4737 1489 4781 est
1521 4731 1659 4788 alius
1687 4753 1699 4800 ;
1732 4701 1822 4807 qili
1856 4758 1960 4798 non

394 4804 477 4842 vis
505 4801 730 4847 mortem
759 4803 1074 4868 peccatoris,
1110 4809 1203 4862 sed
1228 4821 1286 4866 ut
1332 4829 1678 4876 convertatur
1695 4801 1764 4880 et-
1776 4829 1919 4886 vivat
1945 4852 1958 4888 :

393 4892 644 4937 converte
672 4901 788 4949 nos,
825 4888 1064 4959 Domine,
1116 4899 1182 4951 ad
1213 4909 1286 4967 te,
1318 4915 1372 4959 et
1397 4921 1791 4971 convertemur.
1823 4920 1962 4976 Con-

392 4985 540 5029 verte
565 4990 682 5036 nos.
708 4979 848 5035 Deus
876 4985 1124 5043 salutaris
1144 5003 1341 5062 noster,
1373 5009 1426 5053 et
1450 5014 1632 5059 averte
1658 5008 1790 5064 iram
1815 5020 1962 5068 tuam

397 5076 426 5115 a
446 5065 615 5120 nobis.
656 5067 732 5122 Ne
761 5072 951 5138 perdas
974 5091 1070 5131 nos
1111 5093 1232 5136 cum
1261 5091 1494 5153 peccatis
1519 5097 1736 5165 nostris,
1766 5117 1832 5156 ne
1855 5112 1964 5161 tra-

314 5172 323 5181 ~
395 5155 492 5208 das
528 5157 714 5214 bestiis
748 5162 954 5220 animas
1001 5173 1317 5229 conﬁtentes
1364 5180 1477 5243 tibi,
1508 5199 1574 5238 ne
1619 5155 1961 5262 derelinquas

398 5260 494 5300 uos
524 5247 578 5300 in
598 5248 777 5306 ﬁnem.
810 5253 886 5308 Ne
912 5257 1078 5314 intres
1099 5261 1150 5314 in
1191 5263 1453 5332 judicium
1478 5289 1597 5328 cum
1634 5282 1803 5336 servis
1830 5247 1956 5352 tuis,

397 5349 569 5442 peque
611 5340 665 5394 in
690 5342 770 5396 ira
812 5344 1014 5404 furoris
1059 5353 1131 5405 tui
1165 5357 1445 5427 corripias.
1495 5363 1746 5425 Miserere
1782 5340 1954 5442 nobis,

393 5421 636 5492 Domine,
662 5433 920 5492 miserere
939 5440 1109 5496 nobis.
1139 5443 1312 5514 Opera
1343 5466 1594 5511 manuum
1639 5468 1848 5518 tuarum
1871 5421 1962 5522 su:

396 5529 538 5580 mus,

1432 4469 1528 4522 per
1549 4473 1654 4514 uno
1677 4477 1963 4532 peccatore
1996 4487 2044 4549 Ι)

2076 512 2182 576 Per
2200 511 2483 578 Dominum
2505 534 2748 579 nostrum
2775 524 2957 579 Iesum
2979 526 3274 580 Christum.

2147 610 2373 666 Secreta.
2401 614 2549 667 llanc
2578 629 2790 682 quoque
2816 614 3158 677 oblationem,
3189 614 3433 678 Domine,
3467 615 3657 686 digne-

2077 701 2169 765 ris,
2196 717 2517 770 quaesumus,
2545 704 2963 758 misericorditer
2982 705 3391 768 henedicere,ct
3413 704 3656 759 clemen-

2078 800 2161 846 ter
2193 793 2550 859 sanctiﬁcare,
2585 811 2747 865 quam
2790 797 2887 850 tibi
2916 812 3015 866 pro
3046 797 3362 851 remissione
3411 807 3661 865 peccato-

2076 898 2194 937 rum
2214 893 2543 950 nostrorum,
2580 886 2661 941 vel
2687 901 2786 955 pro
2807 887 2994 956 requie
3020 884 3393 941 defunctorum
3420 885 3657 940 fratrum

2074 973 2369 1039 offerimus,
2416 984 2474 1028 ut
2507 986 2594 1029 tua
2655 976 3009 1032 sanctiﬁcatio
3043 977 3189 1032 salus
3216 977 3286 1032 sit
3327 986 3382 1033 et
3410 976 3658 1033 defensio

2075 1063 2315 1115 omnium
2337 1063 2655 1118 animarum.
2690 1065 2813 1120 Per.

2113 1135 2424 1220 'Pra’fatio.
2476 1153 2706 1222 Dignum
2737 1163 2792 1209 et
2830 1155 3037 1225 justum
3081 1165 3182 1220 est,
3223 1171 3403 1226 usque,
3451 1166 3658 1212 aeterne

2076 1240 2233 1302 Deus,
2269 1257 2362 1296 rex
2403 1244 2682 1308 caelorum,
2717 1261 2810 1300 rex
2855 1262 3065 1316 regum,
3097 1246 3239 1302 Deus
3276 1248 3522 1311 deorum,
3549 1246 3657 1302 Do.

2076 1332 2254 1387 minus
2279 1335 2636 1400 dominorum,
2686 1336 2783 1389 tibi
2824 1338 3027 1406 gratias
3053 1351 3214 1407 agere
3253 1344 3307 1390 et
3349 1336 3522 1390 laudis
3552 1337 3657 1391 ho-

2077 1420 2206 1474 stias
2233 1423 2527 1476 immolare.
2560 1424 2765 1479 Exaudi
2807 1426 3108 1480 orationem
3133 1434 3188 1480 et
3217 1427 3655 1496 deprecationem

2079 1510 2401 1566 faiuulorum
2431 1513 2861 1585 famularumque
2915 1525 3151 1580 tuarum,
3198 1515 3440 1570 omnium
3467 1516 3660 1570 ortho-

2078 1605 2374 1668 doxorum;
2429 1605 2648 1660 auribus
2685 1605 2902 1675 percipe
2948 1605 3214 1676 lacrymas
3241 1619 3449 1659 eorum.
3501 1603 3656 1658 Abba

2077 1691 2255 1754 Pater,
2285 1691 2445 1761 imple
2495 1693 2725 1748 nominis
2770 1693 3105 1748 tuiofﬁcium
3149 1709 3310 1762 super
3358 1693 3499 1747 hinc
3526 1709 3656 1747 con-

2002 1799 2050 1858 Β
2080 1780 2440 1851 gregationcm
2463 1790 2630 1847 team,
2654 1792 2816 1852 atque
2841 1799 3001 1853 super
3023 1785 3322 1839 universam
3352 1783 3655 1838 Ecclesiam

2079 1877 2222 1922 tuam
2269 1871 2610 1936 catholicam,
2639 1888 2758 1941 qum
2803 1880 2888 1928 est
2933 1887 3092 1942 super
3115 1872 3424 1928 universum
3464 1875 3658 1928 orbem

2077 1968 2341 2014 terrarum
2395 1962 2446 2014 in
2472 1977 2602 2030 pace
2631 1961 2842 2017 diﬁ'usa.
2891 1963 2971 2017 Tu
3007 1978 3099 2018 eos
3136 1978 3281 2034 rege,
3308 1965 3658 2033 omnipotens

2075 2051 2256 2116 Pater,
2288 2059 2343 2104 tu
2383 2062 2620 2124 protege,
2653 2063 2706 2108 tu
2736 2071 3017 2121 conserva,
3060 2067 3115 2110 tu
3144 2056 3442 2122 sanctiﬁca,
3471 2067 3528 2111 tu
3561 2075 3661 2128 gu-

2113 2161 2260 2208 erua,
2294 2152 2346 2197 tu
2378 2145 2603 2216 castiga,
2637 2157 2690 2200 tu
2743 2147 3045 2202 consolare.
3085 2147 3239 2203 Sicut
3279 2164 3382 2203 non
3420 2164 3483 2202 es
3513 2151 3662 2204 dedi-

2076 2242 2269 2304 gnatus
2315 2249 2664 2305 congregare,
2695 2244 2751 2290 et
2789 2251 2980 2291 vocare
3008 2253 3122 2303 eos,
3169 2239 3241 2292 ita
3294 2247 3386 2293 tuo
3439 2237 3659 2293 inﬂam-

2074 2330 2289 2383 mentur
2318 2337 2522 2387 altiore,
2579 2330 2638 2376 ut
2662 2338 2693 2376 a
2719 2331 2770 2377 te
2797 2339 2901 2378 non
2945 2325 3308 2395 despiciantur
3346 2328 3661 2382 clementis-

2073 2413 2207 2466 sime
2227 2423 2280 2466 et
2301 2414 2542 2482 piissime
2567 2415 2746 2468 Pater.
2775 2415 3004 2471 Oramus
3045 2427 3118 2484 te,
3146 2419 3389 2482 Domine,
3420 2436 3530 2474 non
3564 2437 3660 2490 pe-

2061 2491 2188 2558 ‘reat
2218 2522 2246 2559 a
2274 2507 2425 2560 nobis
2453 2505 2658 2561 factura
2714 2510 3097 2580 redemptionis
3123 2521 3176 2565 et
3204 2513 3499 2567 vocationis
3523 2521 3656 2579 tuae,

2071 2592 2223 2646 Sicut
2249 2609 2442 2648 vocare
2488 2596 2736 2666 dignatus
2782 2613 2841 2652 es
2863 2609 3130 2666 errantes,
3157 2602 3230 2656 ita
3273 2603 3548 2657 custodire
3577 2604 3663 2657 di-

2069 2684 2249 2752 gneris
2273 2685 2324 2738 in
2353 2686 2455 2740 hoc
2479 2687 2603 2739 ovili
2623 2687 2926 2744 habitantes
2947 2698 3106 2760 atque
3128 2693 3527 2747 convenientes.
3549 2692 3662 2748 Per

2067 2771 2346 2827 Christum
2372 2774 2678 2831 Dominum.
2901 2764 2910 2772 \

2136 2863 2218 2915 Ad
2249 2861 2641 2934 Complendum.
2691 2867 2835 2934 Quos
2862 2869 3090 2936 caelesti,
3121 2871 3363 2936 Domine,
3392 2873 3537 2926 dono
3570 2889 3661 2928 sa-

2067 2954 2232 3016 tiasti,
2261 2965 2477 3024 prtesta,
2525 2972 2854 3026 quaesumus,
2885 2968 2950 3014 ut
2978 2961 3117 3016 sicut
3144 2963 3385 3032 piissima
3434 2965 3661 3020 miscri-

2064 3046 2246 3100 cordia
2275 3056 2364 3100 tua
2391 3047 2584 3102 dedisti
2631 3050 2786 3105 nobis
2825 3051 3155 3107 voluntatem
3201 3054 3448 3108 veniendi
3479 3055 3553 3109 ad
3582 3063 3659 3121 te,

1993 3141 2040 3204 (ζ
2072 3135 2144 3188 ita
2176 3136 2328 3189 nobis
2381 3138 2552 3192 servis
2600 3140 2702 3193 tuis
2749 3140 2949 3195 donare
2981 3143 3219 3213 digneris
3258 3144 3540 3213 sapientiae
3574 3147 3659 3200 in-

2070 3223 2363 3289 tellectum,
2393 3226 2671 3293 virtutem,
2709 3237 2761 3283 et
2811 3231 3239 3300 possibilitatem,
3299 3241 3359 3286 ut
3413 3233 3510 3288 tibi
3573 3250 3663 3289 se-

2067 3317 2301 3368 cundum
2339 3316 2666 3372 voluntatem
2717 3329 2867 3375 tuam
2921 3323 3126 3379 servire
3167 3338 3491 3379 mereamur.
3549 3325 3662 3381 Per

2068 3403 2372 3459 Dominum.
2751 3429 2756 3432 ·

2687 3501 2913 3559 CAPUT
2962 3503 3026 3559 ν.

2510 3586 2675 3643 Feria
2708 3589 2773 3656 γ,
2819 3591 2895 3646 De
2919 3594 3190 3648 charitate.

2136 3679 2487 3750 Omnipotens
2529 3684 2852 3753 sempiterne
2898 3685 3062 3752 Deus,
3112 3689 3204 3758 qui
3247 3686 3517 3757 justitiam
3546 3699 3660 3747 tua:

2066 3771 2199 3842 legis
2221 3773 2274 3826 in
2320 3773 2574 3829 cordibus
2619 3776 2951 3831 credentium
3002 3778 3170 3849 digito
3195 3789 3287 3835 tuo
3331 3783 3555 3848 scribis,
3589 3785 3658 3839 da

2065 3859 2222 3914 nobis
2244 3859 2390 3924 ﬁdei,
2421 3862 2558 3930 spei,
2588 3871 2644 3916 et
2663 3864 2942 3920 charitatis
2987 3878 3352 3937 augmentum,
3373 3879 3428 3925 et
3453 3881 3512 3924 ut
3539 3889 3659 3934 me-

2067 3963 2282 4002 rcamur
2302 3951 2514 4018 assequi
2553 3954 2696 4009 auod
2731 3956 3024 4024 promittis,
3053 3957 3139 4014 fac
3184 3975 3283 4015 nos
3310 3976 3494 4017 amare
3521 3979 3653 4034 qua:

2065 4039 2329 4106 prmcipis.
2368 4039 2488 4094 Per.

2137 4127 2277 4181 Alia.
2314 4129 2456 4183 Deus
2480 4131 2570 4198 qui
2599 4131 2942 4202 diligentibus
2969 4144 3022 4192 te
3052 4138 3186 4194 facis
3212 4153 3405 4196 cuncta
3427 4147 3658 4212 prodes-

2066 4228 2145 4279 se,
2177 4216 2242 4269 da
2265 4217 2518 4271 cordibus
2553 4220 2753 4275 nostris
2799 4222 3160 4282 inviolabilem
3207 4231 3488 4286 charitatis
3515 4233 3657 4287 aﬁ‘e-

2064 4313 2234 4371 ctum,
2265 4316 2320 4360 ut
2347 4308 2610 4364 desideria
2639 4312 2703 4365 de
2731 4322 2818 4368 tua
2848 4315 3196 4386 inspiratione
3225 4332 3506 4393 concepta,
3536 4327 3656 4380 nul-

2065 4396 2115 4449 la
2144 4399 2350 4466 possint
2377 4401 2671 4456 tentatione
2696 4406 2910 4459 mutari.
2939 4407 3042 4463 Per
3066 4410 3369 4467 Dominum.

2139 4487 2312 4540 Lectio
2339 4487 2456 4542 libri
2483 4490 2734 4561 Epistola:
2758 4495 2891 4549 beati
2919 4495 3078 4553 Pauli
3105 4504 3326 4572 apostoli
3354 4507 3424 4560 ad
3454 4505 3656 4565 Corin-

2067 4576 2220 4629 thios.
2251 4576 2491 4646 Fratres,
2542 4583 2776 4639 charitas
2814 4588 3026 4655 patiens
3075 4601 3180 4659 est,
3237 4594 3465 4668 benigna
3515 4613 3649 4668 est;

2064 4665 2304 4720 charitas
2330 4683 2434 4721 non
2469 4671 2768 4727 mmulatur.

2134 4751 2412 4823 Sequentia
2457 4762 2626 4813 sancti
2673 4761 2944 4835 Evangelii
2989 4772 3270 4827 secundum
3303 4774 3649 4838 Matthrrum.

2062 4841 2118 4895 In
2151 4842 2239 4896 illo
2269 4850 2527 4914 tempore,
2556 4849 2693 4904 dixit
2718 4851 2874 4908 Jesus
2929 4857 3203 4930 discipulis
3253 4866 3364 4921 suis
3391 4885 3404 4920 :
3435 4869 3649 4939 Filioli,

2069 4933 2242 4988 adhuc
2273 4938 2538 4992 modicum
2569 4941 2841 4998 vobiscum
2873 4962 3014 5015 sum,
3052 4955 3290 5020 quaeritis
3317 4974 3420 5013 me.

2141 5023 2370 5080 Secreta.
2404 5027 2573 5095 Mitte,
2605 5029 2848 5100 Domine,
2879 5053 3207 5109 quaesumus,
3233 5046 3490 5119 Spiritum
3518 5069 3650 5110 san-

2067 5122 2232 5178 ctum,
2263 5117 2354 5184 qui
2402 5126 2457 5172 et
2505 5119 2619 5175 haec
2669 5135 2891 5180 munera
2940 5135 3225 5198 praesentia
3271 5117 3455 5195 nostra
3485 5150 3650 5198 tuum

2067 5201 2220 5256 nobis
2241 5202 2441 5260 efﬁciat
2466 5221 2884 5279 sacramentum,
2917 5227 2972 5271 et
2991 5221 3057 5273 ad
3088 5223 3188 5278 hoc
3209 5228 3645 5300 percipiendum.

2067 5303 2252 5348 nostra
2295 5298 2457 5351 corda
2502 5301 2766 5368 puriﬁcet.
2813 5305 2932 5360 Per.
2970 5349 2983 5362 .
3019 5352 3032 5364 .
3066 5314 3118 5368 in
3147 5319 3352 5372 unitate
3392 5298 3646 5392 q’esdem

2063 5381 2298 5452 Spiritus
2323 5389 2516 5443 sancti.

2131 5477 2271 5534 Deus
2301 5482 2388 5549 qui
2407 5499 2505 5538 nos
2525 5485 2591 5539 ad
2617 5487 2902 5560 imaginem
2929 5501 3074 5552 tuam
3097 5509 3451 5564 sammentis
3478 5525 3648 5567 reno-

2061 5581 2155 5620 vas
2191 5580 2245 5623 et
2271 5573 2571 5640 praeceptis,
2599 5578 2797 5644 perﬁce
2842 5597 3059 5654 gressus
3089 5599 3301 5649 nostros
3327 5596 3379 5650 in
3427 5601 3647 5658 semitis

2059 5658 2185 5724 tuis,
2229 5669 2281 5714 et
2310 5661 2590 5720 charitatis
2635 5667 2850 5736 donum,
2884 5677 3025 5744 quod
3069 5676 3240 5737 fecisti
3279 5701 3309 5738 a
3336 5687 3490 5743 nobis
3512 5703 3646 5761 spe-
