3968 6180
212 310 312 377 ιι-’ἱὸ

1130 308 1519 363 UTURGICA.
1561 337 1630 346 -—
1668 306 1865 362 LIBER
1907 307 2537 367 SACRADIENTORUM.

3342 310 3445 367 C55

210 436 337 483 rari,
359 431 453 489 per
478 418 597 471 base
620 430 741 485 quae
783 414 1076 479 oﬁcrimus,
1108 415 1272 470 facias
1300 415 1565 471 sacriﬁcia
1591 430 1779 485 apprc—
1808 421 1853 477 Α
1953 416 2229 488 Praefatio.
2287 421 2517 491 Dignum
2540 431 2597 477 et
2629 422 2834 492 iaetum
2880 429 2986 489 est,
3013 440 3196 493 usque,
3243 435 3446 481 :eteme

209 509 382 565 bendi.
408 505 515 560 Per
535 505 825 561 Dominum
854 513 1115 559 nostrum.

272 597 551 668 Prwfatio.
609 597 841 667 Dignum
876 604 932 651 et
970 596 1177 666 justum
1212 605 1318 659 cst,
1349 613 1528 667 usque,
1580 604 1783 651 aeterne

206 689 359 743 Deus.
409 687 514 754 Qui
542 685 729 741 ﬁdeles
751 693 871 741 tuos
892 694 1075 740 mutua
1103 684 1307 745 faciens
1330 684 1445 756 lege
1464 685 1781 751 concordes,

201 787 383 844 pacem
428 780 580 826 tuam
634 769 843 842 [Forte,
886 784 984 839 per
1032 785 1224 839 pacem
1252 770 1424 843 tuam]
1455 771 1548 825 tali
1580 769 1785 826 ﬁndere

201 861 457 926 nexuisti,
490 868 551 915 ut
582 874 683 915 nec
714 859 869 915 alteri
917 860 1019 928 12
1061 861 1347 929 quisquam
1397 859 1678 915 moliretur
1702 859 1785 914 in—

199 950 406 1024 ﬂigere,
455 952 588 1022 quid
637 952 740 1007 sibi
794 951 960 1006 nollct
1006 951 1214 1016 inferri,
1266 962 1322 1009 et
1345 954 1485 1009 bona
1523 969 1644 1025 qua:
1672 953 1786 1009 suis

199 1044 523 1099 utilitatibus
545 1050 769 1112 cuperet
792 1058 821 1096 a
854 1049 1104 1099 consorte
1126 1051 1343 1109 natura,
1365 1049 1479 1098 haec
1507 1043 1650 1098 idem
1670 1042 1786 1112 ipse

199 1149 416 1207 quoque
460 1141 792 1204 praestaret;
832 1139 1102 1203 quatenus
1150 1132 1276 1188 dum
1322 1147 1420 1201 per
1468 1132 1783 1187 alterutram

197 1226 459 1295 pietatem
491 1238 550 1277 se
580 1222 858 1292 reperiunt
887 1219 1091 1293 [Forte,
1126 1221 1456 1293 deperiunt],
1485 1222 1786 1278 communis

200 1315 249 1367 in
273 1312 509 1384 singulis
534 1311 697 1366 fuerit
746 1309 932 1384 [foret]
965 1311 1313 1380 semetipsam
1341 1311 1586 1380 diligens,
1616 1320 1786 1366 esset-

199 1420 299 1475 que
327 1420 492 1460 mens
512 1419 616 1458 una
638 1409 979 1458 cunctorum.
1003 1400 1109 1456 Per
1135 1401 1429 1457 Christum.

263 1492 665 1553 Postcommun.
699 1490 960 1563 Spiritum
988 1491 1165 1559 nobis,
1195 1491 1445 1557 Domine,
1474 1498 1580 1545 tua:
1608 1490 1785 1545 chari-

195 1584 321 1639 tatis
353 1582 618 1647 infunde;
650 1591 711 1637 ut
738 1592 874 1651 quos
893 1594 1002 1636 uno
1037 1580 1244 1637 ctelesti
1264 1594 1401 1651 pane
1427 1580 1655 1645 satiasti,
1681 1594 1785 1633 una

196 1673 337 1747 [tua]
405 1672 575 1728 facias
618 1671 819 1742 pietate
875 1670 1193 1726 concordes.
1231 1668 1337 1725 Per
1369 1670 1675 1725 Dominum.
1714 1709 1728 1722 .
1766 1710 1780 1723 .

191 1766 466 1836 ejusdem.

262 1858 461 1914 Sancti
491 1856 728 1927 Spiritus
752 1856 947 1927 gratia,
990 1869 1318 1925 quaesumus,
1343 1852 1589 1920 Domine,
1622 1853 1785 1908 corda

193 1963 391 2006 nostra
434 1949 721 2014 illuminet,
769 1956 824 2002 et
872 1944 1459 2017 perfecttecharitatis
1507 1944 1789 2000 dulcedine

193 2043 543 2097 abundanter
596 2040 824 2095 reﬁciat.
881 2038 986 2093 Per
1016 2037 1340 2108 Dominum.
1376 2075 1392 2091 .
1428 2076 1441 2089 .
1476 2035 1530 2090 in
1578 2036 1788 2090 unitate

194 2136 446 2206 ejusdem
476 2133 713 2204 Spiritus
740 2132 935 2186 sancti.

262 2223 583 2287 Deus,'vita
621 2221 878 2284 ﬁdelium,
935 2218 1104 2291 gloria
1149 2217 1455 2282 humilium,
1511 2216 1789 2272 beatitudo

190 2319 496 2388 iustorum,
526 2313 791 2386 propitius
811 2312 993 2383 accipe
1018 2311 1315 2382 supplicum
1341 2323 1550 2381 preces,
1583 2316 1642 2364 ut
1673 2307 1790 2362 ani-

192 2427 314 2474 mae,
351 2425 481 2480 qua:
508 2406 896 2478 promissioues
944 2413 1063 2459 tuas
1089 2403 1298 2466 sitiunt,
1347 2402 1414 2457 de
1445 2410 1548 2457 tuae
1574 2415 1790 2471 semper

196 2498 492 2557 charitatis
520 2496 847 2552 abundantia
870 2495 1200 2566 repleantur.
1227 2492 1332 2547 Per
1349 2490 1655 2548 Dominum.

455 2609 588 2665 Item
619 2607 728 2664 alia
754 2616 934 2663 contra
963 2606 1270 2661 tentationes
1296 2605 1498 2659 carnis.

263 2704 393 2760 Ure
414 2701 539 2773 igne
566 2699 739 2755 sancti
791 2697 1024 2768 Spiritus
1063 2711 1221 2751 renes
1264 2704 1478 2751 nostros
1499 2704 1554 2750 et
1578 2711 1673 2751 cur
1695 2710 1792 2749 no—

198 2814 407 2865 strum,
456 2796 704 2861 Domine,
730 2808 789 2849 ut
818 2794 911 2848 tibi
941 2800 1090 2848 caste
1115 2800 1171 2846 et
1192 2805 1417 2860 corpore
1471 2789 1789 2853 serviamus,

198 2901 249 2948 et
274 2890 460 2945 corde
489 2883 725 2958 [Suppl.,
755 2891 810 2937 et
853 2881 1052 2936 mundo
1088 2878 1273 2952 corde]
1311 2879 1637 2949 placeamus.
1666 2877 1789 2932 Per.

265 2980 521 3036 Secreta.
559 2976 860 3044 Disrumpe,
909 2972 1157 3037 Domine,
1209 2970 1421 3025 vincula
1452 2978 1794 3038 peccatorum

1882 511 2041 585 Deus.
2071 512 2424 582 lmplorantes
2475 512 2814 568 clementiam
2867 520 3036 578 tuam,
3066 522 3125 567 ut
3151 528 3243 586 qui
3271 522 3325 570 te
3347 530 3448 569 au-

1878 611 2031 658 ctore
2078 602 2442 669 subsistimus,
2484 612 2537 658 te
2591 603 2935 674 dispensante
2982 603 3299 674 dirigamur.
3331 602 3453 660 Non

1882 692 2082 747 nostris
2125 693 2371 748 sensibus
2412 694 2801 764 relinquamur,
2845 694 2941 750 sed
2985 694 3052 750 ad
3078 703 3183 751 ture
3235 694 3455 752 adducti

1882 796 2097 849 semper
2120 782 2391 837 immitem
2416 783 2681 848 veritatis,
2704 784 2821 839 haec
2846 784 3158 839 Studeamus
3175 798 3454 850 exercere,

1882 885 2002 939 quae
2028 872 2292 942 praecipis,
2315 880 2375 926 ut
2401 873 2670 943 possimus
2690 872 2830 929 dona
2858 874 3157 945 percipere,
3183 888 3305 944 quae
3333 889 3456 945 pro-

1883 962 2072 1017 mittis.
2106 964 2209 1019 Per
2227 963 2517 1020 Christum.

1954 1050 2344 1108 Postcommun.
2395 1055 2633 1122 Gratias,
2684 1056 2802 1120 tibi,
2858 1056 3106 1123 Domine,
3155 1055 3456 1114 referentes

1883 1159 2121 1213 oramus,
2150 1152 2209 1199 ut
2230 1146 2453 1201 mandes
2480 1146 2744 1216 propitius
2771 1161 2867 1202 cor
2887 1155 3130 1202 nostrum
3150 1162 3182 1202 a
3209 1147 3379 1214 vitiis,
3400 1154 3460 1204 et

1887 1232 2096 1303 repleas
2117 1233 2320 1305 jugiter
2347 1235 2677 1306 spiritalibus
2712 1237 2886 1294 donis.
2909 1237 3015 1293 Per
3039 1221 3348 1293 Dominum.

2481 1347 2708 1404 CAPUT
2737 1350 2822 1405 VI.

2138 1434 2301 1491 Feria
2337 1436 2618 1504 V1,,missa
2642 1440 2706 1494 de
2734 1448 2918 1495 sancta
2945 1438 3131 1495 Crucc.

1956 1542 2117 1611 Deus,
2146 1540 2236 1615 qui
2265 1547 2527 1617 unigeniti
2555 1548 2675 1602 Filii
2727 1549 2803 1602 tui
2829 1548 3064 1617 pretioso
3091 1548 3352 1620 sanguine
3379 1551 3458 1606 vi-

1887 1630 2059 1687 viﬁcze
2086 1634 2264 1688 crucis
2289 1633 2540 1689 vexillum
2577 1620 2904 1691 sanctiﬁcari
2938 1636 3171 1701 voluisti,
3200 1638 3456 1703 concede,

1816 1762 1863 1821 Β
1888 1736 2214 1821 quaesumus,
2241 1739 2335 1779 eos
2362 1725 2454 1793 qui
2499 1724 2739 1794 ejusdem
2780 1735 2977 1782 sanctas
3004 1730 3183 1782 crucis
3225 1728 3461 1798 gaudent

1891 1812 2115 1956 lgonorc,
2161 1825 2255 1869 tua
2308 1830 2523 1885 quoque
2570 1816 2767 1887 ubique
2819 1819 3154 1887 protectione
3205 1818 3458 1890 gaudere.

1934 1918 2013 1956 er.

1934 1918 2013 1956 ΕΓ.

1961 1992 2136 2048 Lectio
2172 1994 2422 2066 Epistulae
2452 1998 2587 2053 beati
2609 1997 2769 2053 Pauli
2797 2000 3020 2070 apostoli
3062 2001 3132 2054 ad
3160 1999 3485 2073 ΡΙιὶΙὲρρεη-Δ
3556 1982 3567 2005 ’

1888 2098 1989 2136 ses.
2019 2062 2261 2151 Fratres,
2286 2085 2531 2142 Christus
2558 2088 2730 2147 factus
2768 2062 2853 2145 est
2898 2105 3000 2160 pro
3025 2092 3180 2148 nobis
3205 2062 3487 2149 obe'd'icus6

1890 2171 2035 2226 Patri
2056 2187 2226 2242 usque
2259 2177 2327 2230 ad
2354 2186 2603 2233 mortem.

1962 2262 2241 2335 Sequentia
2286 2271 2452 2324 sancti
2491 2269 2764 2340 Evangelii
2817 2274 3100 2328 secundum
3130 2273 3463 2331 Mattlucum.

1890 2353 1946 2407 In
1999 2354 2090 2409 illo
2139 2365 2422 2428 tempore,
2477 2361 2771 2416 ascendens
2817 2361 2943 2417 Jesu
3001 2363 3462 2436 Hierosolymam,

1891 2447 2201 2516 assumpsit.

1961 2536 2193 2593 Secreta.
2244 2539 2370 2596 Haec
2413 2541 2638 2609 oblatio,
2678 2544 2926 2611 Domine,
2979 2546 3047 2601 ab
3086 2546 3338 2602 omnibus
3365 2562 3467 2602 nos

1890 2637 2082 2700 purget
2104 2628 2343 2696 oﬁ‘ensis,
2374 2647 2493 2701 quae
2520 2634 2571 2687 in
2593 2650 2687 2690 ara
2713 2636 2891 2691 crucis
2909 2636 3072 2691 etiam
3096 2636 3260 2693 totius
3280 2636 3470 2691 mundi

1893 2717 2013 2772 tulit
2040 2718 2289 2775 oﬁ'ensas.
2321 2720 2426 2776 Per
2453 2721 2736 2777 Dominum
2762 2732 3029 2779 nostrum.

1968 2810 2069 2881 13
2124 2807 2400 2882 Praefatio.
2464 2813 2694 2884 Dignum
2752 2825 2806 2870 et
2864 2815 3071 2886 justum
3123 2826 3227 2885 est,
3286 2835 3466 2890 usque,

1892 2908 2092 2956 :eterne
2134 2895 2297 2957 Deus.
2332 2902 2433 2971 Qui
2461 2904 2688 2960 salutem
2731 2907 2951 2962 humani
2994 2907 3208 2978 generis
3241 2907 3297 2962 in
3326 2907 3472 2980 ligno

1894 2991 2071 3048 crucis
2097 2992 2443 3059 constituisti,
2469 3002 2529 3048 ut
2560 2997 2699 3050 unde
2720 3011 2866 3051 mors
2890 2997 3186 3062 oriebatur,
3214 2995 3337 3052 inde
3359 2998 3470 3052 vita

197 3078 543 3161 ιιοειιξςξῖυωι
574 3074 632 3120 ιη
659 3063 965 3161 sacriﬁcare
1005 3062 1109 3161 ubi
1145 3062 1378 3117 ιιοειίεὶω
1426 3060 1603 3161 “uili?
1632 3060 1792 3161 δ’δξξν·
1818 3099 1862 3161 C
1896 3091 2225 3152 resurgeret,
2253 3089 2309 3137 et
2330 3083 2421 3153 qui
2443 3083 2496 3137 in
2523 3084 2669 3155 ligno
2693 3085 2964 3153 vincebat,
2989 3087 3042 3141 in
3079 3060 3226 3158 ligno
3252 3102 3473 3158 quoque

196 3161 306 3215 luta
342 3158 599 3212 libertate
625 3154 891 3225 possimus
915 3170 930 3220 ;
963 3153 1200 3208 retribue
1222 3167 1342 3221 quae
1364 3160 1488 3205 ante
1510 3150 1746 3205 tribuisti
1771 3167 1787 3217 ;

197 3259 250 3303 et
273 3247 441 3305 salva
465 3261 566 3301 nos
592 3260 690 3316 per
717 3242 1127 3313 indulgentiam,
1156 3257 1292 3313 quos
1319 3241 1569 3312 dignatus
1597 3253 1657 3294 es
1687 3238 1795 3294 sal-

198 3356 331 3395 vare
362 3353 464 3408 per
491 3337 737 3409 gratiam.
762 3332 866 3390 Per
889 3333 1194 3389 Dominum.

266 3431 366 3487 Ad
414 3426 811 3499 Complendum.
862 3424 1109 3490 Domine,
1169 3423 1382 3495 adiutor
1418 3430 1473 3475 et
1521 3429 1798 3492 protector

201 3533 425 3584 noster,
444 3534 777 3590 quaesumus,
793 3515 1044 3572 reﬁoreat
1064 3529 1192 3570 caro
1216 3523 1399 3570 nostra
1429 3513 1613 3585 vigore
1640 3513 1797 3584 pudi-

202 3617 380 3679 citiae,
411 3622 467 3669 et
488 3610 853 3668 sanctimonia:
879 3607 1134 3673 novitate,
1164 3616 1512 3677 ereptamque
1534 3606 1603 3661 dc
1631 3621 1795 3660 manu

204 3706 432 3771 tartari,
465 3704 518 3758 in
546 3701 958 3758 resurrectionis
986 3700 1179 3772 gaudio
1225 3698 1417 3767 iubeas
1454 3699 1792 3769 praesentari.

205 3772 312 3854 Pei-
363 3795 664 3857 Dominum,

562 3904 698 3959 Item
725 3904 887 3958 missa
913 3902 1083 3958 sancti
1108 3901 1406 3971 Augustini.

275 3995 539 4059 Domine,
584 3993 730 4049 Deus
774 3992 1134 4062 omnipotens,
1186 3989 1279 4059 qui
1304 3989 1484 4045 salvos
1511 3986 1647 4044 facis
1674 4002 1799 4059 spe-

208 4097 405 4143 rantes
428 4086 486 4140 in
507 4094 596 4150 te;
644 4092 702 4139 tu
722 4082 1164 4147 clementissime,
1219 4080 1311 4150 qui
1338 4094 1561 4135 revocas
1608 4093 1801 4134 erran-

208 4190 342 4244 tes;
377 4186 437 4231 tu
470 4174 795 4241 misericors,
828 4175 920 4244 qui
948 4189 1055 4229 non
1082 4173 1315 4242 despicis
1333 4171 1690 4237 conﬁtentes;
1719 4179 1798 4237 tu,

210 4267 452 4325 Domine
481 4264 653 4327 Pater,
685 4278 809 4319 cum
847 4263 1105 4319 ceciderit
1145 4260 1347 4330 justus,
1392 4276 1613 4316 manum
1633 4276 1802 4331 appo-

210 4360 303 4414 nis
327 4374 350 4422 ;
397 4364 458 4409 tu
477 4353 721 4409 excelsus
740 4353 793 4406 in
820 4351 991 4417 caelis,
1020 4352 1381 4406 habitatorem
1425 4360 1478 4406 te
1506 4349 1802 4421 promisisti

1896 3173 2220 3228 vinceretur.
2252 3173 2358 3229 Per
2378 3174 2670 3231 Christum.

1970 3263 2051 3317 Ad
2081 3263 2355 3318 Commun.
2403 3266 2604 3322 Adesto
2643 3266 2818 3332 nobis,
2849 3264 3076 3322 Domine
3101 3265 3243 3322 Deus
3266 3274 3471 3333 noster,

1895 3364 1951 3410 et
1972 3371 2108 3425 quos
2160 3366 2359 3412 sancta:
2411 3358 2590 3413 crucis
2616 3358 2787 3413 laetari
2844 3358 3049 3413 honore
3099 3357 3297 3425 fecisti,
3354 3356 3477 3431 ejus

1895 3460 2111 3516 quoque
2134 3447 2406 3517 perpetuis
2432 3446 2656 3503 defende
2685 3447 2959 3505 subsidiis.
2991 3448 3115 3505 Per.

1898 3533 2031 3589 Item
2055 3537 2215 3590 missa
2241 3537 2305 3591 de
2332 3537 2667 3593 tribulatione
2707 3549 2756 3593 et
2787 3541 3112 3606 necessitate,
3156 3542 3335 3596 eodem
3368 3541 3473 3596 die.

1967 3625 2319 3698 Omnipotens
2365 3630 2690 3699 sempiterne
2736 3627 2900 3695 Deus,
2949 3631 3157 3700 respice
3212 3630 3480 3701 propitius

1896 3730 2089 3787 preces
2105 3726 2338 3783 nostras,
2361 3726 2416 3773 et
2434 3718 2500 3772 da
2521 3719 2684 3789 capiti
2706 3728 2895 3774 nostro
2915 3721 3303 3775 abundantiam
3322 3736 3480 3790 aquze

1897 3816 1953 3860 et
1979 3806 2151 3861 oculis
2176 3807 2375 3861 nostris
2412 3806 2614 3861 fontem
2640 3807 3021 3877 lacrymarum,
3049 3818 3109 3862 ut
3127 3808 3334 3877 peccati
3359 3824 3473 3862 ma-

1899 3900 2018 3955 cula
2059 3899 2247 3964 abluti,
2280 3898 2502 3952 ultrices
2528 3912 2813 3967 pmnarum
2854 3897 3101 3952 ﬁammas
3128 3897 3287 3952 ﬁctus
3314 3900 3477 3952 uber-

1899 3999 2013 4045 tate
2040 3991 2339 4045 vincamus.
2367 3987 2472 4041 Per
2510 3985 2796 4040 Dominum
2824 3994 3089 4040 nostrum.

1972 4079 2200 4136 Secreta.
2249 4078 2352 4133 Per
2380 4078 2479 4131 has
2508 4074 2830 4140 oblationes,
2861 4089 3189 4146 quaesumus,
3221 4073 3476 4142 Domine,

1901 4180 1960 4226 ut
1986 4186 2091 4225 non
2121 4176 2327 4225 tantum
2354 4166 2526 4221 oculis
2548 4165 2752 4220 nostris
2776 4165 3043 4235 lacrymas
3074 4161 3348 4230 infundas,
3373 4166 3469 4221 sed

1903 4269 1959 4315 ct
2008 4259 2160 4313 cordi
2213 4266 2400 4312 nostro
2460 4256 2687 4312 nimium
2734 4264 3078 4328 peccatorum
3131 4255 3333 4311 luctum
3388 4256 3485 4310 tri-

1904 4350 2060 4404 buas.
2098 4348 2217 4403 Per.

213 4450 270 4503 in
300 4446 492 4510 terris,
518 4443 610 4499 ubi
659 4442 862 4498 fuerint
886 4441 1195 4512 congregati
1248 4440 1303 4495 in
1332 4449 1426 4496 tuo
1460 4443 1677 4495 nomine
1698 4441 1803 4495 duo
1832 4449 1882 4509 ι)
1976 4444 2250 4514 Prmfatio.
2297 4443 2525 4515 Dignum
2555 4452 2610 4498 et
2636 4442 2843 4512 justum
2893 4451 2997 4506 est,
3030 4457 3192 4513 usque
3221 4454 3240 4494 :
3278 4447 3489 4495 aeterne

214 4537 305 4591 vel
348 4544 481 4597 tres,
510 4531 706 4589 essein
735 4531 913 4586 medio
937 4545 1144 4597 eorum,
1172 4539 1245 4596 te,
1275 4530 1518 4595 Domine,
1555 4538 1803 4585 tenemus

219 4623 632 4695 promissorem,
660 4628 721 4674 ut
748 4620 843 4675 des
886 4620 1099 4674 veniam
1136 4619 1542 4690 penitentibus,
1570 4626 1623 4674 te
1652 4618 1802 4673 inve-

220 4714 383 4767 niant
409 4725 598 4765 omnes
637 4708 728 4778 qui
775 4716 1021 4778 quaerunt
1051 4715 1121 4763 te.
1164 4707 1239 4762 Te
1268 4708 1412 4763 enim
1436 4717 1801 4779 perscrutato-

222 4818 347 4856 rem
374 4798 828 4855 conscientiarum
873 4805 1179 4852 nostrarum
1203 4796 1426 4862 scimus,
1447 4796 1568 4851 ideo
1594 4797 1805 4851 veniam

220 4893 466 4963 petimus
508 4889 848 4947 delictorum.
896 4887 976 4943 Tn
1005 4902 1230 4958 magnus
1251 4887 1512 4942 Dominus
1537 4896 1593 4942 ct
1617 4886 1796 4942 lauda.

223 4984 357 5039 bilis
384 4982 557 5037 valde.
586 4980 664 5036 Te
689 4981 1065 5048 deprecamur,
1105 4986 1160 5033 et
1193 4979 1442 5049 petimus,
1473 4986 1532 5032 ut
1554 4978 1629 5033 sis
1654 4979 1809 5035 nobis

224 5071 513 5146 propitius.
538 5069 659 5125 Tibi
683 5068 1002 5124 conﬁtemur
1023 5066 1163 5122 mala
1185 5075 1396 5133 nostra,
1422 5075 1482 5122 ut
1502 5058 1809 5123 mereamur

225 5164 488 5233 consequi
508 5162 652 5218 bona
681 5170 791 5215 tua.
818 5158 941 5214 Per.

305 5255 537 5312 Secreta.
596 5255 751 5311 Unde
801 5269 918 5319 nos,
961 5254 1209 5319 Domine,
1250 5254 1316 5308 de
1343 5262 1433 5308 tua
1461 5253 1665 5324 pietate
1685 5269 1812 5310 con-

228 5349 326 5404 ﬁsi
352 5356 406 5403 et
429 5357 521 5403 tua
551 5346 711 5401 laude
736 5345 936 5409 devoti,
962 5346 1101 5400 hanc
1127 5344 1363 5400 hostiam
1413 5345 1812 5400 immaculatam

224 5440 523 5509 singularis
550 5437 800 5495 sacriﬁcii
830 5439 927 5493 tibi
955 5435 1267 5504 deferimus,
1297 5445 1356 5492 ut
1382 5438 1554 5493 servis
1584 5438 1688 5492 tuis
1716 5453 1813 5493 no-

226 5534 326 5587 bis
348 5532 667 5597 viventibus,
690 5539 1035 5600 peccatorum
1090 5539 1397 5584 nostrorum
1453 5531 1663 5584 veniam
1688 5545 1815 5584 con-

230 5622 417 5689 cedas,
445 5633 500 5678 et
528 5620 799 5678 defunctis
824 5619 1080 5676 fratribus
1117 5620 1320 5675 nostris
1355 5619 1592 5688 requiem
1615 5619 1813 5688 sempi-

235 5723 448 5768 ternam
472 5715 704 5788 tribuas.
732 5712 835 5767 Per
859 5711 1145 5767 Dominum
1165 5720 1431 5765 nostrum.
1564 5714 1573 5717 '

1904 4535 2065 4591 Deus.
2110 4535 2403 4590 Audientes
2448 4533 2615 4589 divini
2652 4532 2918 4589 sermonis
2973 4548 3165 4587 sonum
3204 4530 3482 4586 dicentis:

1903 4626 2052 4681 Beati
2087 4627 2178 4697 qui
2207 4627 2392 4698 lugent
2427 4641 2589 4691 nunc,
2620 4626 2873 4693 quoniam
2909 4623 3009 4693 ipsi
3036 4620 3482 4686 consolabuntur,

1905 4718 2136 4773 inultum
2163 4729 2347 4774 nostra
2375 4716 2503 4771 ﬁere
2545 4724 2767 4785 peccata
2804 4713 3214 4779 desideramus;
3253 4713 3351 4768 sed
3374 4722 3483 4767 non

1905 4819 2132 4879 possunt
2155 4809 2296 4864 oculi
2346 4807 2516 4862 nostri
2545 4806 2759 4875 lapidei,
2789 4812 2845 4859 et
2869 4811 3090 4874 propter
3117 4804 3298 4859 cordis
3331 4803 3483 4858 duri-

1909 4902 2038 4955 tiam
2098 4900 2396 4969 lacrymare
2420 4912 2525 4952 non
2554 4896 2813 4952 valemus.
2840 4894 2965 4950 Ideo
2992 4884 3244 4966 rogamus
3277 4903 3351 4961 te,
3380 4893 3485 4949 Do-

1909 4990 2073 5053 mine,
2105 4996 2164 5042 ut
2196 4986 2401 5042 fontem
2444 4986 2657 5041 duritiae
2709 4985 2892 5042 cordis
2920 4986 3092 5041 nostri
3117 4986 3353 5056 primum
3388 4997 3489 5053 per

1910 5088 2151 5134 nostram
2195 5077 2567 5147 paenitentiam
2618 5078 2881 5142 emollias,
2913 5086 2970 5132 et
3010 5074 3352 5147 postmodum
3389 5089 3489 5144 per

1866 5208 1869 5211 -
1909 5169 2109 5225 donum
2130 5167 2319 5238 gratia:
2336 5175 2441 5221 tua:
2466 5168 2666 5223 nostris
2694 5167 2914 5222 ﬁumina
2939 5166 3300 5236 lacrymarum
3320 5164 3488 5223 oculis

1911 5244 2427 5330 largiter'infundas.
2456 5256 2561 5312 Per
2579 5257 2852 5313 Christum
2878 5257 3184 5312 Dominum.

1986 5347 2374 5403 Postcommun.
2390 5346 2628 5416 Corpore
2654 5354 2711 5400 et
2735 5346 2995 5416 sanguine
3018 5354 3131 5411 tuo,
3158 5358 3486 5415 quaesumus,

1914 5438 2157 5503 Domine,
2179 5436 2380 5501 satiati,
2413 5444 2471 5491 ut
2508 5451 2605 5508 pro
2634 5435 2835 5491 nostris
2881 5433 3094 5505 semper
3119 5435 3361 5507 peccatis
3393 5452 3487 5492 ηο-

1915 5533 1997 5587 bis
2052 5530 2520 5601 compunctionem
2580 5529 2760 5585 cordis
2814 5538 2870 5583 et
2910 5527 3113 5584 luctum
3163 5527 3492 5603 luminaque

1916 5625 2277 5695 lacrymarum
2306 5621 2573 5691 largiaris,
2615 5628 2882 5690 quatenus
2909 5620 3184 5678 caelestem
3228 5622 3285 5678 in
3310 5621 3493 5680 futuro

1919 5712 2335 5769 consolationem
2363 5726 2689 5771 mercamur.
2729 5712 2849 5771 Per.
