  <div class='ocr_page' id='page_1' title='image "/cluster/home/n/w/nwhite01/storage/ocr_20150623/101/hvd.32044054759683/233.png"; bbox 0 0 3968 6180; ppageno 0'>
   <div class='ocr_carea' id='block_1_1' title="bbox 451 318 557 373">
    <p class='ocr_par' dir='ltr' id='par_1_1' title="bbox 451 318 557 373">
     <span class='ocr_line' id='line_1_1' title="bbox 451 318 557 373; baseline -0.009 0"><span class='ocrx_word' id='word_1_1' title='bbox 451 318 557 373; x_wconf 70' lang='grc' dir='ltr'><strong>ιόὅ</strong></span> 
     </span>
    </p>
   </div>
   <div class='ocr_carea' id='block_1_2' title="bbox 881 424 1576 495">
    <p class='ocr_par' dir='ltr' id='par_1_2' title="bbox 881 424 1576 495">
     <span class='ocr_line' id='line_1_2' title="bbox 881 424 1576 495; baseline -0.014 -9"><span class='ocrx_word' id='word_1_2' title='bbox 881 428 1046 486; x_wconf 67' lang='lat' dir='ltr'><strong>Missa</strong></span> <span class='ocrx_word' id='word_1_3' title='bbox 1080 427 1247 482; x_wconf 85' lang='lat' dir='ltr'><strong>sancti</strong></span> <span class='ocrx_word' id='word_1_4' title='bbox 1276 424 1576 495; x_wconf 75' lang='lat' dir='ltr'><strong>Augustini.</strong></span> 
     </span>
    </p>
   </div>
   <div class='ocr_carea' id='block_1_3' title="bbox 520 534 2030 619">
    <p class='ocr_par' dir='ltr' id='par_1_3' title="bbox 520 534 2030 619">
     <span class='ocr_line' id='line_1_3' title="bbox 520 534 2030 619; baseline -0.01 -15"><span class='ocrx_word' id='word_1_5' title='bbox 520 548 869 619; x_wconf 85' lang='lat' dir='ltr'><strong>Omnipotens</strong></span> <span class='ocrx_word' id='word_1_6' title='bbox 889 544 1213 614; x_wconf 88' lang='lat' dir='ltr'><strong>sempiterne</strong></span> <span class='ocrx_word' id='word_1_7' title='bbox 1234 540 1400 605; x_wconf 91' lang='lat' dir='ltr'><strong>Deus,</strong></span> <span class='ocrx_word' id='word_1_8' title='bbox 1434 540 1643 609; x_wconf 81' lang='lat' dir='ltr'><strong>respice</strong></span> <span class='ocrx_word' id='word_1_9' title='bbox 1666 537 1936 609; x_wconf 81' lang='lat' dir='ltr'><strong>prOpitius</strong></span> <span class='ocrx_word' id='word_1_10' title='bbox 1962 534 2030 599; x_wconf 89' lang='lat' dir='ltr'><strong>ad</strong></span> 
     </span>
    </p>
   </div>
   <div class='ocr_carea' id='block_1_4' title="bbox 450 622 2030 709">
    <p class='ocr_par' dir='ltr' id='par_1_4' title="bbox 450 622 2030 709">
     <span class='ocr_line' id='line_1_4' title="bbox 450 622 2030 709; baseline -0.011 -15"><span class='ocrx_word' id='word_1_11' title='bbox 450 652 641 709; x_wconf 80' lang='lat' dir='ltr'><strong>preces</strong></span> <span class='ocrx_word' id='word_1_12' title='bbox 662 635 915 690; x_wconf 66' lang='lat' dir='ltr'><strong>Ecclesia:</strong></span> <span class='ocrx_word' id='word_1_13' title='bbox 937 643 1078 698; x_wconf 71' lang='lat' dir='ltr'><strong>tum;</strong></span> <span class='ocrx_word' id='word_1_14' title='bbox 1114 633 1180 687; x_wconf 91' lang='lat' dir='ltr'><strong>da</strong></span> <span class='ocrx_word' id='word_1_15' title='bbox 1209 630 1367 686; x_wconf 91' lang='lat' dir='ltr'><strong>nobis</strong></span> <span class='ocrx_word' id='word_1_16' title='bbox 1393 629 1554 683; x_wconf 85' lang='lat' dir='ltr'><strong>fidem</strong></span> <span class='ocrx_word' id='word_1_17' title='bbox 1598 636 1824 690; x_wconf 88' lang='lat' dir='ltr'><strong>rectam,</strong></span> <span class='ocrx_word' id='word_1_18' title='bbox 1852 622 2030 679; x_wconf 88' lang='lat' dir='ltr'><strong>chari-</strong></span> 
     </span>
    </p>
   </div>
   <div class='ocr_carea' id='block_1_5' title="bbox 452 714 2035 798">
    <p class='ocr_par' dir='ltr' id='par_1_5' title="bbox 452 714 2035 798">
     <span class='ocr_line' id='line_1_5' title="bbox 452 714 2035 798; baseline -0.009 -13"><span class='ocrx_word' id='word_1_19' title='bbox 452 740 616 785; x_wconf 79' lang='lat' dir='ltr'><strong>tatem</strong></span> <span class='ocrx_word' id='word_1_20' title='bbox 648 726 966 798; x_wconf 75' lang='lat' dir='ltr'><strong>perfectam,</strong></span> <span class='ocrx_word' id='word_1_21' title='bbox 995 722 1352 779; x_wconf 74' lang='lat' dir='ltr'><strong>humilitatem</strong></span> <span class='ocrx_word' id='word_1_22' title='bbox 1400 735 1606 774; x_wconf 81' lang='lat' dir='ltr'><strong>veram.</strong></span> <span class='ocrx_word' id='word_1_23' title='bbox 1635 716 1900 781; x_wconf 82' lang='lat' dir='ltr'><strong>Concede,</strong></span> <span class='ocrx_word' id='word_1_24' title='bbox 1932 714 2035 770; x_wconf 91' lang='lat' dir='ltr'><strong>Do-</strong></span> 
     </span>
    </p>
   </div>
   <div class='ocr_carea' id='block_1_6' title="bbox 452 805 2037 885">
    <p class='ocr_par' dir='ltr' id='par_1_6' title="bbox 452 805 2037 885">
     <span class='ocr_line' id='line_1_6' title="bbox 452 805 2037 885; baseline -0.01 -9"><span class='ocrx_word' id='word_1_25' title='bbox 452 823 616 885; x_wconf 86' lang='lat' dir='ltr'><strong>mine,</strong></span> <span class='ocrx_word' id='word_1_26' title='bbox 649 830 701 873; x_wconf 83' lang='lat' dir='ltr'><strong>ut</strong></span> <span class='ocrx_word' id='word_1_27' title='bbox 735 817 805 871; x_wconf 91' lang='lat' dir='ltr'><strong>sit</strong></span> <span class='ocrx_word' id='word_1_28' title='bbox 840 817 895 870; x_wconf 90' lang='lat' dir='ltr'><strong>in</strong></span> <span class='ocrx_word' id='word_1_29' title='bbox 918 814 1071 869; x_wconf 92' lang='lat' dir='ltr'><strong>nobis</strong></span> <span class='ocrx_word' id='word_1_30' title='bbox 1106 812 1333 882; x_wconf 79' lang='lat' dir='ltr'><strong>simplex</strong></span> <span class='ocrx_word' id='word_1_31' title='bbox 1364 809 1610 875; x_wconf 82' lang='lat' dir='ltr'><strong>affectus,</strong></span> <span class='ocrx_word' id='word_1_32' title='bbox 1638 806 1898 878; x_wconf 80' lang='lat' dir='ltr'><strong>patientia</strong></span> <span class='ocrx_word' id='word_1_33' title='bbox 1926 805 2037 861; x_wconf 90' lang='lat' dir='ltr'><strong>for-</strong></span> 
     </span>
    </p>
   </div>
   <div class='ocr_carea' id='block_1_7' title="bbox 455 907 2037 974">
    <p class='ocr_par' dir='ltr' id='par_1_7' title="bbox 455 907 2037 974">
     <span class='ocr_line' id='line_1_7' title="bbox 455 907 2037 974; baseline -0.009 -10"><span class='ocrx_word' id='word_1_34' title='bbox 455 911 546 974; x_wconf 84' lang='lat' dir='ltr'><strong>tis,</strong></span> <span class='ocrx_word' id='word_1_35' title='bbox 594 907 898 963; x_wconf 88' lang='lat' dir='ltr'><strong>obedientia</strong></span> <span class='ocrx_word' id='word_1_36' title='bbox 952 916 1331 973; x_wconf 78' lang='lat' dir='ltr'><strong>perseverans,</strong></span> <span class='ocrx_word' id='word_1_37' title='bbox 1358 941 1366 948; x_wconf 90' lang='lat'><strong>.</strong></span> <span class='ocrx_word' id='word_1_38' title='bbox 1392 916 1499 971; x_wconf 79' lang='lat' dir='ltr'><strong>pax</strong></span> <span class='ocrx_word' id='word_1_39' title='bbox 1543 908 1826 969; x_wconf 87' lang='lat' dir='ltr'><strong>perpetua,</strong></span> <span class='ocrx_word' id='word_1_40' title='bbox 1884 911 2037 951; x_wconf 90' lang='lat' dir='ltr'><strong>mens</strong></span> 
     </span>
    </p>
   </div>
   <div class='ocr_carea' id='block_1_8' title="bbox 453 990 2040 1072">
    <p class='ocr_par' dir='ltr' id='par_1_8' title="bbox 453 990 2040 1072">
     <span class='ocr_line' id='line_1_8' title="bbox 453 990 2040 1072; baseline -0.009 -16"><span class='ocrx_word' id='word_1_41' title='bbox 453 1017 613 1072; x_wconf 89' lang='lat' dir='ltr'><strong>pura,</strong></span> <span class='ocrx_word' id='word_1_42' title='bbox 654 1008 864 1067; x_wconf 86' lang='lat' dir='ltr'><strong>rectum</strong></span> <span class='ocrx_word' id='word_1_43' title='bbox 891 1004 946 1050; x_wconf 88' lang='lat' dir='ltr'><strong>et</strong></span> <span class='ocrx_word' id='word_1_44' title='bbox 985 995 1242 1053; x_wconf 90' lang='lat' dir='ltr'><strong>mundum</strong></span> <span class='ocrx_word' id='word_1_45' title='bbox 1270 1009 1383 1058; x_wconf 90' lang='lat' dir='ltr'><strong>cor,</strong></span> <span class='ocrx_word' id='word_1_46' title='bbox 1421 992 1670 1047; x_wconf 80' lang='lat' dir='ltr'><strong>voluntas</strong></span> <span class='ocrx_word' id='word_1_47' title='bbox 1718 990 1880 1054; x_wconf 88' lang='lat' dir='ltr'><strong>bona,</strong></span> <span class='ocrx_word' id='word_1_48' title='bbox 1911 1003 2040 1042; x_wconf 88' lang='lat' dir='ltr'><strong>con-</strong></span> 
     </span>
    </p>
   </div>
   <div class='ocr_carea' id='block_1_9' title="bbox 455 1079 2037 1154">
    <p class='ocr_par' dir='ltr' id='par_1_9' title="bbox 455 1079 2037 1154">
     <span class='ocr_line' id='line_1_9' title="bbox 455 1079 2037 1154; baseline -0.009 -9"><span class='ocrx_word' id='word_1_49' title='bbox 455 1090 679 1146; x_wconf 80' lang='lat' dir='ltr'><strong>scientia</strong></span> <span class='ocrx_word' id='word_1_50' title='bbox 710 1096 919 1151; x_wconf 90' lang='lat' dir='ltr'><strong>sancta,</strong></span> <span class='ocrx_word' id='word_1_51' title='bbox 951 1084 1294 1154; x_wconf 85' lang='lat' dir='ltr'><strong>compunctio</strong></span> <span class='ocrx_word' id='word_1_52' title='bbox 1315 1081 1596 1152; x_wconf 79' lang='lat' dir='ltr'><strong>spiritalis,</strong></span> <span class='ocrx_word' id='word_1_53' title='bbox 1627 1081 1798 1134; x_wconf 83' lang='lat' dir='ltr'><strong>virtus</strong></span> <span class='ocrx_word' id='word_1_54' title='bbox 1822 1079 2037 1143; x_wconf 68' lang='lat' dir='ltr'><strong>animat,</strong></span> 
     </span>
    </p>
   </div>
   <div class='ocr_carea' id='block_1_10' title="bbox 455 1169 2042 1241">
    <p class='ocr_par' dir='ltr' id='par_1_10' title="bbox 455 1169 2042 1241">
     <span class='ocr_line' id='line_1_10' title="bbox 455 1169 2042 1241; baseline -0.008 -7"><span class='ocrx_word' id='word_1_55' title='bbox 455 1181 569 1234; x_wconf 81' lang='lat' dir='ltr'><strong>vita</strong></span> <span class='ocrx_word' id='word_1_56' title='bbox 599 1177 963 1237; x_wconf 89' lang='lat' dir='ltr'><strong>immaculata,</strong></span> <span class='ocrx_word' id='word_1_57' title='bbox 994 1174 1392 1229; x_wconf 85' lang='lat' dir='ltr'><strong>consummatio</strong></span> <span class='ocrx_word' id='word_1_58' title='bbox 1444 1169 1951 1241; x_wconf 89' lang='lat' dir='ltr'><strong>irreprehensibilis,</strong></span> <span class='ocrx_word' id='word_1_59' title='bbox 1982 1177 2042 1221; x_wconf 91' lang='lat' dir='ltr'><strong>ut</strong></span> 
     </span>
    </p>
   </div>
   <div class='ocr_carea' id='block_1_11' title="bbox 458 1260 2034 1329">
    <p class='ocr_par' dir='ltr' id='par_1_11' title="bbox 458 1260 2034 1329">
     <span class='ocr_line' id='line_1_11' title="bbox 458 1260 2034 1329; baseline -0.008 -4"><span class='ocrx_word' id='word_1_60' title='bbox 458 1270 685 1325; x_wconf 86' lang='lat' dir='ltr'><strong>viriliter</strong></span> <span class='ocrx_word' id='word_1_61' title='bbox 733 1276 1035 1329; x_wconf 89' lang='lat' dir='ltr'><strong>currentes,</strong></span> <span class='ocrx_word' id='word_1_62' title='bbox 1065 1265 1121 1317; x_wconf 91' lang='lat' dir='ltr'><strong>in</strong></span> <span class='ocrx_word' id='word_1_63' title='bbox 1149 1273 1301 1318; x_wconf 91' lang='lat' dir='ltr'><strong>tuum</strong></span> <span class='ocrx_word' id='word_1_64' title='bbox 1330 1261 1564 1317; x_wconf 88' lang='lat' dir='ltr'><strong>feliciter</strong></span> <span class='ocrx_word' id='word_1_65' title='bbox 1614 1275 1919 1315; x_wconf 88' lang='lat' dir='ltr'><strong>mercamur</strong></span> <span class='ocrx_word' id='word_1_66' title='bbox 1954 1260 2034 1313; x_wconf 86' lang='lat' dir='ltr'><strong>in-</strong></span> 
     </span>
    </p>
   </div>
   <div class='ocr_carea' id='block_1_12' title="bbox 459 1356 1072 1428">
    <p class='ocr_par' dir='ltr' id='par_1_12' title="bbox 459 1356 1072 1428">
     <span class='ocr_line' id='line_1_12' title="bbox 459 1356 1072 1428; baseline -0.013 -11"><span class='ocrx_word' id='word_1_67' title='bbox 459 1362 627 1417; x_wconf 87' lang='lat' dir='ltr'><strong>troire</strong></span> <span class='ocrx_word' id='word_1_68' title='bbox 660 1374 905 1428; x_wconf 79' lang='lat' dir='ltr'><strong>regnum.</strong></span> <span class='ocrx_word' id='word_1_69' title='bbox 948 1356 1072 1410; x_wconf 88' lang='lat' dir='ltr'><strong>Per.</strong></span> 
     </span>
    </p>
   </div>
   <div class='ocr_carea' id='block_1_13' title="bbox 537 1442 2045 1512">
    <p class='ocr_par' dir='ltr' id='par_1_13' title="bbox 537 1442 2045 1512">
     <span class='ocr_line' id='line_1_13' title="bbox 537 1442 2045 1512; baseline -0.007 -7"><span class='ocrx_word' id='word_1_70' title='bbox 537 1451 772 1506; x_wconf 88' lang='lat' dir='ltr'><strong>Secreta.</strong></span> <span class='ocrx_word' id='word_1_71' title='bbox 807 1450 1015 1505; x_wconf 89' lang='lat' dir='ltr'><strong>Oblatis</strong></span> <span class='ocrx_word' id='word_1_72' title='bbox 1043 1449 1162 1512; x_wconf 87' lang='lat' dir='ltr'><strong>tibi,</strong></span> <span class='ocrx_word' id='word_1_73' title='bbox 1191 1447 1437 1510; x_wconf 89' lang='lat' dir='ltr'><strong>Domine,</strong></span> <span class='ocrx_word' id='word_1_74' title='bbox 1470 1446 1816 1500; x_wconf 88' lang='lat' dir='ltr'><strong>libaminibus</strong></span> <span class='ocrx_word' id='word_1_75' title='bbox 1843 1442 2045 1499; x_wconf 88' lang='lat' dir='ltr'><strong>sacrifi-</strong></span> 
     </span>
    </p>
   </div>
   <div class='ocr_carea' id='block_1_14' title="bbox 461 1529 2046 1609">
    <p class='ocr_par' dir='ltr' id='par_1_14' title="bbox 461 1529 2046 1609">
     <span class='ocr_line' id='line_1_14' title="bbox 461 1529 2046 1609; baseline -0.006 -14"><span class='ocrx_word' id='word_1_76' title='bbox 461 1543 691 1605; x_wconf 89' lang='lat' dir='ltr'><strong>ciorum,</strong></span> <span class='ocrx_word' id='word_1_77' title='bbox 722 1540 930 1609; x_wconf 84' lang='lat' dir='ltr'><strong>respice</strong></span> <span class='ocrx_word' id='word_1_78' title='bbox 960 1538 1281 1593; x_wconf 85' lang='lat' dir='ltr'><strong>humilitatis</strong></span> <span class='ocrx_word' id='word_1_79' title='bbox 1317 1546 1519 1592; x_wconf 74' lang='lat' dir='ltr'><strong>nostra:</strong></span> <span class='ocrx_word' id='word_1_80' title='bbox 1544 1529 1960 1599; x_wconf 77' lang='lat' dir='ltr'><strong>confessionem,</strong></span> <span class='ocrx_word' id='word_1_81' title='bbox 1986 1540 2046 1586; x_wconf 91' lang='lat' dir='ltr'><strong>ut</strong></span> 
     </span>
    </p>
   </div>
   <div class='ocr_carea' id='block_1_15' title="bbox 461 1623 2048 1694">
    <p class='ocr_par' dir='ltr' id='par_1_15' title="bbox 461 1623 2048 1694">
     <span class='ocr_line' id='line_1_15' title="bbox 461 1623 2048 1694; baseline -0.004 -11"><span class='ocrx_word' id='word_1_82' title='bbox 461 1629 577 1683; x_wconf 72' lang='lat' dir='ltr'><strong>haec</strong></span> <span class='ocrx_word' id='word_1_83' title='bbox 600 1629 784 1683; x_wconf 88' lang='lat' dir='ltr'><strong>oblata</strong></span> <span class='ocrx_word' id='word_1_84' title='bbox 820 1626 1141 1691; x_wconf 86' lang='lat' dir='ltr'><strong>sanctifices,</strong></span> <span class='ocrx_word' id='word_1_85' title='bbox 1164 1641 1286 1694; x_wconf 70' lang='lat' dir='ltr'><strong>quae</strong></span> <span class='ocrx_word' id='word_1_86' title='bbox 1318 1626 1413 1679; x_wconf 87' lang='lat' dir='ltr'><strong>tibi</strong></span> <span class='ocrx_word' id='word_1_87' title='bbox 1440 1625 1716 1679; x_wconf 79' lang='lat' dir='ltr'><strong>oﬂ‘erimus</strong></span> <span class='ocrx_word' id='word_1_88' title='bbox 1738 1640 1837 1694; x_wconf 86' lang='lat' dir='ltr'><strong>pro</strong></span> <span class='ocrx_word' id='word_1_89' title='bbox 1865 1623 2048 1677; x_wconf 90' lang='lat' dir='ltr'><strong>remis-</strong></span> 
     </span>
    </p>
   </div>
   <div class='ocr_carea' id='block_1_16' title="bbox 467 1711 2045 1788">
    <p class='ocr_par' dir='ltr' id='par_1_16' title="bbox 467 1711 2045 1788">
     <span class='ocr_line' id='line_1_16' title="bbox 467 1711 2045 1788; baseline -0.007 -14"><span class='ocrx_word' id='word_1_90' title='bbox 467 1720 617 1774; x_wconf 87' lang='lat' dir='ltr'><strong>sione</strong></span> <span class='ocrx_word' id='word_1_91' title='bbox 646 1727 993 1788; x_wconf 85' lang='lat' dir='ltr'><strong>peccatorum</strong></span> <span class='ocrx_word' id='word_1_92' title='bbox 1019 1724 1351 1780; x_wconf 86' lang='lat' dir='ltr'><strong>nostrorum,</strong></span> <span class='ocrx_word' id='word_1_93' title='bbox 1402 1715 1484 1769; x_wconf 88' lang='lat' dir='ltr'><strong>vel</strong></span> <span class='ocrx_word' id='word_1_94' title='bbox 1510 1714 1887 1769; x_wconf 86' lang='lat' dir='ltr'><strong>defunctorum</strong></span> <span class='ocrx_word' id='word_1_95' title='bbox 1935 1711 2045 1764; x_wconf 89' lang='lat' dir='ltr'><strong>fra-</strong></span> 
     </span>
    </p>
   </div>
   <div class='ocr_carea' id='block_1_17' title="bbox 462 1805 2049 1881">
    <p class='ocr_par' dir='ltr' id='par_1_17' title="bbox 462 1805 2049 1881">
     <span class='ocr_line' id='line_1_17' title="bbox 462 1805 2049 1881; baseline -0.006 -15"><span class='ocrx_word' id='word_1_96' title='bbox 462 1821 609 1866; x_wconf 85' lang='lat' dir='ltr'><strong>trum</strong></span> <span class='ocrx_word' id='word_1_97' title='bbox 641 1811 849 1881; x_wconf 90' lang='lat' dir='ltr'><strong>requie,</strong></span> <span class='ocrx_word' id='word_1_98' title='bbox 876 1817 933 1865; x_wconf 87' lang='lat' dir='ltr'><strong>et</strong></span> <span class='ocrx_word' id='word_1_99' title='bbox 960 1817 1018 1863; x_wconf 90' lang='lat' dir='ltr'><strong>ut</strong></span> <span class='ocrx_word' id='word_1_100' title='bbox 1051 1808 1375 1862; x_wconf 84' lang='lat' dir='ltr'><strong>sumentium</strong></span> <span class='ocrx_word' id='word_1_101' title='bbox 1424 1807 1727 1860; x_wconf 88' lang='lat' dir='ltr'><strong>ariditatem</strong></span> <span class='ocrx_word' id='word_1_102' title='bbox 1761 1815 1864 1860; x_wconf 79' lang='lat' dir='ltr'><strong>tua:</strong></span> <span class='ocrx_word' id='word_1_103' title='bbox 1885 1805 2049 1858; x_wconf 86' lang='lat' dir='ltr'><strong>bene-</strong></span> 
     </span>
    </p>
   </div>
   <div class='ocr_carea' id='block_1_18' title="bbox 462 1895 1749 1955">
    <p class='ocr_par' dir='ltr' id='par_1_18' title="bbox 462 1895 1749 1955">
     <span class='ocr_line' id='line_1_18' title="bbox 462 1895 1749 1955; baseline -0.006 0"><span class='ocrx_word' id='word_1_104' title='bbox 462 1900 715 1955; x_wconf 81' lang='lat' dir='ltr'><strong>dictionis</strong></span> <span class='ocrx_word' id='word_1_105' title='bbox 741 1900 963 1953; x_wconf 85' lang='lat' dir='ltr'><strong>ubertas</strong></span> <span class='ocrx_word' id='word_1_106' title='bbox 986 1906 1266 1952; x_wconf 87' lang='lat' dir='ltr'><strong>sustentet.</strong></span> <span class='ocrx_word' id='word_1_107' title='bbox 1312 1895 1416 1951; x_wconf 85' lang='lat' dir='ltr'><strong>Per</strong></span> <span class='ocrx_word' id='word_1_108' title='bbox 1445 1895 1749 1949; x_wconf 88' lang='lat' dir='ltr'><strong>Dominum.</strong></span> 
     </span>
    </p>
   </div>
   <div class='ocr_carea' id='block_1_19' title="bbox 538 1982 2052 2055">
    <p class='ocr_par' dir='ltr' id='par_1_19' title="bbox 538 1982 2052 2055">
     <span class='ocr_line' id='line_1_19' title="bbox 538 1982 2052 2055; baseline -0.003 -15"><span class='ocrx_word' id='word_1_109' title='bbox 538 1986 930 2042; x_wconf 85' lang='lat' dir='ltr'><strong>Postcommun.</strong></span> <span class='ocrx_word' id='word_1_110' title='bbox 964 1987 1130 2051; x_wconf 89' lang='lat' dir='ltr'><strong>Deus,</strong></span> <span class='ocrx_word' id='word_1_111' title='bbox 1181 1985 1322 2055; x_wconf 89' lang='lat' dir='ltr'><strong>apud</strong></span> <span class='ocrx_word' id='word_1_112' title='bbox 1374 1984 1533 2054; x_wconf 88' lang='lat' dir='ltr'><strong>quem</strong></span> <span class='ocrx_word' id='word_1_113' title='bbox 1578 1992 1662 2038; x_wconf 89' lang='lat' dir='ltr'><strong>est</strong></span> <span class='ocrx_word' id='word_1_114' title='bbox 1686 1982 2052 2038; x_wconf 87' lang='lat' dir='ltr'><strong>misericordia</strong></span> 
     </span>
    </p>
   </div>
   <div class='ocr_carea' id='block_1_20' title="bbox 463 2074 2047 2149">
    <p class='ocr_par' dir='ltr' id='par_1_20' title="bbox 463 2074 2047 2149">
     <span class='ocr_line' id='line_1_20' title="bbox 463 2074 2047 2149; baseline -0.004 -15"><span class='ocrx_word' id='word_1_115' title='bbox 463 2081 701 2149; x_wconf 86' lang='lat' dir='ltr'><strong>copiosa,</strong></span> <span class='ocrx_word' id='word_1_116' title='bbox 732 2078 935 2132; x_wconf 82' lang='lat' dir='ltr'><strong>efficiat</strong></span> <span class='ocrx_word' id='word_1_117' title='bbox 961 2092 1059 2131; x_wconf 93' lang='lat' dir='ltr'><strong>nos</strong></span> <span class='ocrx_word' id='word_1_118' title='bbox 1086 2076 1188 2130; x_wconf 87' lang='lat' dir='ltr'><strong>sibi</strong></span> <span class='ocrx_word' id='word_1_119' title='bbox 1214 2091 1342 2130; x_wconf 87' lang='lat' dir='ltr'><strong>vasa</strong></span> <span class='ocrx_word' id='word_1_120' title='bbox 1395 2075 1772 2139; x_wconf 83' lang='lat' dir='ltr'><strong>mundissima,</strong></span> <span class='ocrx_word' id='word_1_121' title='bbox 1799 2084 1854 2128; x_wconf 90' lang='lat' dir='ltr'><strong>et</strong></span> <span class='ocrx_word' id='word_1_122' title='bbox 1883 2074 2047 2143; x_wconf 85' lang='lat' dir='ltr'><strong>spiri-</strong></span> 
     </span>
    </p>
   </div>
   <div class='ocr_carea' id='block_1_21' title="bbox 467 2168 2056 2231">
    <p class='ocr_par' dir='ltr' id='par_1_21' title="bbox 467 2168 2056 2231">
     <span class='ocr_line' id='line_1_21' title="bbox 467 2168 2056 2231; baseline -0.006 -4"><span class='ocrx_word' id='word_1_123' title='bbox 467 2174 666 2228; x_wconf 86' lang='lat' dir='ltr'><strong>talibus</strong></span> <span class='ocrx_word' id='word_1_124' title='bbox 723 2171 932 2225; x_wconf 90' lang='lat' dir='ltr'><strong>deliciis</strong></span> <span class='ocrx_word' id='word_1_125' title='bbox 989 2170 1197 2224; x_wconf 86' lang='lat' dir='ltr'><strong>reflciat</strong></span> <span class='ocrx_word' id='word_1_126' title='bbox 1258 2168 1629 2223; x_wconf 87' lang='lat' dir='ltr'><strong>infirmitatem</strong></span> <span class='ocrx_word' id='word_1_127' title='bbox 1684 2174 1945 2231; x_wconf 89' lang='lat' dir='ltr'><strong>nostram,</strong></span> <span class='ocrx_word' id='word_1_128' title='bbox 1994 2174 2056 2219; x_wconf 88' lang='lat' dir='ltr'><strong>ut</strong></span> 
     </span>
    </p>
   </div>
   <div class='ocr_carea' id='block_1_22' title="bbox 467 2256 2057 2329">
    <p class='ocr_par' dir='ltr' id='par_1_22' title="bbox 467 2256 2057 2329">
     <span class='ocr_line' id='line_1_22' title="bbox 467 2256 2057 2329; baseline -0.006 -11"><span class='ocrx_word' id='word_1_129' title='bbox 467 2263 632 2318; x_wconf 86' lang='lat' dir='ltr'><strong>corda</strong></span> <span class='ocrx_word' id='word_1_130' title='bbox 659 2271 843 2316; x_wconf 86' lang='lat' dir='ltr'><strong>nostra</strong></span> <span class='ocrx_word' id='word_1_131' title='bbox 867 2276 991 2315; x_wconf 91' lang='lat' dir='ltr'><strong>eum</strong></span> <span class='ocrx_word' id='word_1_132' title='bbox 1043 2274 1259 2329; x_wconf 88' lang='lat' dir='ltr'><strong>semper</strong></span> <span class='ocrx_word' id='word_1_133' title='bbox 1284 2259 1528 2313; x_wconf 89' lang='lat' dir='ltr'><strong>esuriant</strong></span> <span class='ocrx_word' id='word_1_134' title='bbox 1578 2266 1743 2327; x_wconf 88' lang='lat' dir='ltr'><strong>atque</strong></span> <span class='ocrx_word' id='word_1_135' title='bbox 1766 2256 1975 2321; x_wconf 89' lang='lat' dir='ltr'><strong>sitiant,</strong></span> <span class='ocrx_word' id='word_1_136' title='bbox 2002 2265 2057 2310; x_wconf 91' lang='lat' dir='ltr'><strong>et</strong></span> 
     </span>
    </p>
   </div>
   <div class='ocr_carea' id='block_1_23' title="bbox 466 2347 2058 2409">
    <p class='ocr_par' dir='ltr' id='par_1_23' title="bbox 466 2347 2058 2409">
     <span class='ocr_line' id='line_1_23' title="bbox 466 2347 2058 2409; baseline -0.004 -3"><span class='ocrx_word' id='word_1_137' title='bbox 466 2362 590 2409; x_wconf 86' lang='lat' dir='ltr'><strong>vota</strong></span> <span class='ocrx_word' id='word_1_138' title='bbox 620 2360 819 2407; x_wconf 71' lang='lat' dir='ltr'><strong>nostrae</strong></span> <span class='ocrx_word' id='word_1_139' title='bbox 870 2350 1190 2405; x_wconf 88' lang='lat' dir='ltr'><strong>humilitatis</strong></span> <span class='ocrx_word' id='word_1_140' title='bbox 1226 2349 1478 2405; x_wconf 88' lang='lat' dir='ltr'><strong>clament.</strong></span> <span class='ocrx_word' id='word_1_141' title='bbox 1511 2347 1616 2403; x_wconf 86' lang='lat' dir='ltr'><strong>Per</strong></span> <span class='ocrx_word' id='word_1_142' title='bbox 1643 2347 1933 2401; x_wconf 90' lang='lat' dir='ltr'><strong>Dominum</strong></span> <span class='ocrx_word' id='word_1_143' title='bbox 1960 2361 2058 2401; x_wconf 87' lang='lat' dir='ltr'><strong>no-</strong></span> 
     </span>
    </p>
   </div>
   <div class='ocr_carea' id='block_1_24' title="bbox 468 2439 1178 2499">
    <p class='ocr_par' dir='ltr' id='par_1_24' title="bbox 468 2439 1178 2499">
     <span class='ocr_line' id='line_1_24' title="bbox 468 2439 1178 2499; baseline -0.006 -1"><span class='ocrx_word' id='word_1_144' title='bbox 468 2452 641 2499; x_wconf 84' lang='lat' dir='ltr'><strong>strum</strong></span> <span class='ocrx_word' id='word_1_145' title='bbox 669 2440 855 2497; x_wconf 82' lang='lat' dir='ltr'><strong>Jesum</strong></span> <span class='ocrx_word' id='word_1_146' title='bbox 880 2439 1178 2495; x_wconf 88' lang='lat' dir='ltr'><strong>Christum.</strong></span> 
     </span>
    </p>
   </div>
   <div class='ocr_carea' id='block_1_25' title="bbox 1052 2576 1418 2633">
    <p class='ocr_par' dir='ltr' id='par_1_25' title="bbox 1052 2576 1418 2633">
     <span class='ocr_line' id='line_1_25' title="bbox 1052 2576 1418 2633; baseline -0.011 0"><span class='ocrx_word' id='word_1_147' title='bbox 1052 2576 1280 2633; x_wconf 78' lang='lat' dir='ltr'><strong>CAPUT</strong></span> <span class='ocrx_word' id='word_1_148' title='bbox 1311 2576 1418 2631; x_wconf 81' lang='lat' dir='ltr'><strong>Vll.</strong></span> 
     </span>
    </p>
   </div>
   <div class='ocr_carea' id='block_1_26' title="bbox 790 2682 1733 2740">
    <p class='ocr_par' dir='ltr' id='par_1_26' title="bbox 790 2682 1733 2740">
     <span class='ocr_line' id='line_1_26' title="bbox 790 2682 1733 2740; baseline -0.005 0"><span class='ocrx_word' id='word_1_149' title='bbox 790 2682 1016 2740; x_wconf 87' lang='lat' dir='ltr'><strong>Sabbato</strong></span> <span class='ocrx_word' id='word_1_150' title='bbox 1046 2685 1205 2738; x_wconf 87' lang='lat' dir='ltr'><strong>missa</strong></span> <span class='ocrx_word' id='word_1_151' title='bbox 1235 2683 1299 2737; x_wconf 80' lang='lat' dir='ltr'><strong>de</strong></span> <span class='ocrx_word' id='word_1_152' title='bbox 1326 2692 1505 2737; x_wconf 86' lang='lat' dir='ltr'><strong>sancta</strong></span> <span class='ocrx_word' id='word_1_153' title='bbox 1538 2682 1733 2736; x_wconf 76' lang='lat' dir='ltr'><strong>Maria.</strong></span> 
     </span>
    </p>
   </div>
   <div class='ocr_carea' id='block_1_27' title="bbox 553 2790 2063 2859">
    <p class='ocr_par' dir='ltr' id='par_1_27' title="bbox 553 2790 2063 2859">
     <span class='ocr_line' id='line_1_27' title="bbox 553 2790 2063 2859; baseline -0.002 -10"><span class='ocrx_word' id='word_1_154' title='bbox 553 2793 797 2849; x_wconf 87' lang='lat' dir='ltr'><strong>Concede</strong></span> <span class='ocrx_word' id='word_1_155' title='bbox 822 2794 977 2851; x_wconf 90' lang='lat' dir='ltr'><strong>nobis</strong></span> <span class='ocrx_word' id='word_1_156' title='bbox 1018 2791 1232 2847; x_wconf 86' lang='lat' dir='ltr'><strong>famulis</strong></span> <span class='ocrx_word' id='word_1_157' title='bbox 1284 2792 1412 2857; x_wconf 89' lang='lat' dir='ltr'><strong>tuis,</strong></span> <span class='ocrx_word' id='word_1_158' title='bbox 1469 2807 1792 2859; x_wconf 73' lang='lat' dir='ltr'><strong>quaesumus,</strong></span> <span class='ocrx_word' id='word_1_159' title='bbox 1834 2790 2063 2847; x_wconf 91' lang='lat' dir='ltr'><strong>Domine</strong></span> 
     </span>
    </p>
   </div>
   <div class='ocr_carea' id='block_1_28' title="bbox 472 2882 2065 2955">
    <p class='ocr_par' dir='ltr' id='par_1_28' title="bbox 472 2882 2065 2955">
     <span class='ocr_line' id='line_1_28' title="bbox 472 2882 2065 2955; baseline -0.003 -15"><span class='ocrx_word' id='word_1_160' title='bbox 472 2885 635 2949; x_wconf 90' lang='lat' dir='ltr'><strong>Deus,</strong></span> <span class='ocrx_word' id='word_1_161' title='bbox 666 2893 928 2955; x_wconf 88' lang='lat' dir='ltr'><strong>perpetua</strong></span> <span class='ocrx_word' id='word_1_162' title='bbox 954 2883 1149 2938; x_wconf 87' lang='lat' dir='ltr'><strong>mentis</strong></span> <span class='ocrx_word' id='word_1_163' title='bbox 1179 2891 1235 2937; x_wconf 92' lang='lat' dir='ltr'><strong>et</strong></span> <span class='ocrx_word' id='word_1_164' title='bbox 1286 2883 1529 2952; x_wconf 89' lang='lat' dir='ltr'><strong>corporis</strong></span> <span class='ocrx_word' id='word_1_165' title='bbox 1554 2882 1918 2951; x_wconf 86' lang='lat' dir='ltr'><strong>prosperitate</strong></span> <span class='ocrx_word' id='word_1_166' title='bbox 1938 2897 2065 2953; x_wconf 82' lang='lat' dir='ltr'><strong>gau-</strong></span> 
     </span>
    </p>
   </div>
   <div class='ocr_carea' id='block_1_29' title="bbox 474 2972 2068 3048">
    <p class='ocr_par' dir='ltr' id='par_1_29' title="bbox 474 2972 2068 3048">
     <span class='ocr_line' id='line_1_29' title="bbox 474 2972 2068 3048; baseline -0.005 -15"><span class='ocrx_word' id='word_1_167' title='bbox 474 2979 622 3043; x_wconf 87' lang='lat' dir='ltr'><strong>dere,</strong></span> <span class='ocrx_word' id='word_1_168' title='bbox 654 2987 712 3032; x_wconf 91' lang='lat' dir='ltr'><strong>et</strong></span> <span class='ocrx_word' id='word_1_169' title='bbox 751 2977 984 3048; x_wconf 87' lang='lat' dir='ltr'><strong>gloriosa</strong></span> <span class='ocrx_word' id='word_1_170' title='bbox 1034 2977 1208 3031; x_wconf 68' lang='lat' dir='ltr'><strong>beatte</strong></span> <span class='ocrx_word' id='word_1_171' title='bbox 1250 2973 1431 3028; x_wconf 67' lang='lat' dir='ltr'><strong>Mariae</strong></span> <span class='ocrx_word' id='word_1_172' title='bbox 1487 2987 1703 3042; x_wconf 86' lang='lat' dir='ltr'><strong>semper</strong></span> <span class='ocrx_word' id='word_1_173' title='bbox 1741 2972 1965 3043; x_wconf 78' lang='lat' dir='ltr'><strong>virginis</strong></span> <span class='ocrx_word' id='word_1_174' title='bbox 1988 2972 2068 3026; x_wconf 87' lang='lat' dir='ltr'><strong>in-</strong></span> 
     </span>
    </p>
   </div>
   <div class='ocr_carea' id='block_1_30' title="bbox 1286 292 2847 364">
    <p class='ocr_par' dir='ltr' id='par_1_30' title="bbox 1286 292 2847 364">
     <span class='ocr_line' id='line_1_30' title="bbox 1286 292 2847 364; baseline -0.012 1"><span class='ocrx_word' id='word_1_175' title='bbox 1286 309 1347 364; x_wconf 86' lang='lat' dir='ltr'><strong>B.</strong></span> <span class='ocrx_word' id='word_1_176' title='bbox 1387 308 1450 364; x_wconf 88' lang='lat' dir='ltr'><strong>F.</strong></span> <span class='ocrx_word' id='word_1_177' title='bbox 1483 305 1708 363; x_wconf 77' lang='lat' dir='ltr'><strong>ALBlNl</strong></span> <span class='ocrx_word' id='word_1_178' title='bbox 1745 303 1877 359; x_wconf 87' lang='lat' dir='ltr'><strong>SEU</strong></span> <span class='ocrx_word' id='word_1_179' title='bbox 1917 297 2190 357; x_wconf 81' lang='lat' dir='ltr'><strong>ALCUINI</strong></span> <span class='ocrx_word' id='word_1_180' title='bbox 2228 294 2512 355; x_wconf 78' lang='lat' dir='ltr'><strong>OPERUM</strong></span> <span class='ocrx_word' id='word_1_181' title='bbox 2549 292 2729 350; x_wconf 79' lang='lat' dir='ltr'><strong>PARS</strong></span> <span class='ocrx_word' id='word_1_182' title='bbox 2759 292 2847 349; x_wconf 82' lang='lat' dir='ltr'><strong>IV.</strong></span> 
     </span>
    </p>
   </div>
   <div class='ocr_carea' id='block_1_31' title="bbox 2055 401 3728 476">
    <p class='ocr_par' dir='ltr' id='par_1_31' title="bbox 2055 401 3728 476">
     <span class='ocr_line' id='line_1_31' title="bbox 2055 401 3728 476; baseline -0.004 -12"><span class='ocrx_word' id='word_1_183' title='bbox 2055 419 2106 476; x_wconf 74' lang='grc' dir='ltr'><strong>Α</strong></span> <span class='ocrx_word' id='word_1_184' title='bbox 2201 412 2283 465; x_wconf 81' lang='lat' dir='ltr'><strong>Ad</strong></span> <span class='ocrx_word' id='word_1_185' title='bbox 2305 407 2582 464; x_wconf 87' lang='lat' dir='ltr'><strong>Commun.</strong></span> <span class='ocrx_word' id='word_1_186' title='bbox 2611 407 2952 474; x_wconf 54' lang='lat' dir='ltr'><strong>Quaesumus,</strong></span> <span class='ocrx_word' id='word_1_187' title='bbox 2979 403 3209 458; x_wconf 88' lang='lat' dir='ltr'><strong>Domine</strong></span> <span class='ocrx_word' id='word_1_188' title='bbox 3256 401 3400 457; x_wconf 90' lang='lat' dir='ltr'><strong>Deus</strong></span> <span class='ocrx_word' id='word_1_189' title='bbox 3426 408 3634 469; x_wconf 82' lang='lat' dir='ltr'><strong>noster,</strong></span> <span class='ocrx_word' id='word_1_190' title='bbox 3663 413 3728 458; x_wconf 86' lang='lat' dir='ltr'><strong>ut</strong></span> 
     </span>
    </p>
   </div>
   <div class='ocr_carea' id='block_1_32' title="bbox 2132 491 3729 567">
    <p class='ocr_par' dir='ltr' id='par_1_32' title="bbox 2132 491 3729 567">
     <span class='ocr_line' id='line_1_32' title="bbox 2132 491 3729 567; baseline -0.008 -12"><span class='ocrx_word' id='word_1_191' title='bbox 2132 506 2481 556; x_wconf 83' lang='lat' dir='ltr'><strong>sacrosancta</strong></span> <span class='ocrx_word' id='word_1_192' title='bbox 2524 496 2807 567; x_wconf 85' lang='lat' dir='ltr'><strong>mysteria,</strong></span> <span class='ocrx_word' id='word_1_193' title='bbox 2842 508 2963 564; x_wconf 65' lang='lat' dir='ltr'><strong>quae</strong></span> <span class='ocrx_word' id='word_1_194' title='bbox 3000 507 3098 563; x_wconf 92' lang='lat' dir='ltr'><strong>pro</strong></span> <span class='ocrx_word' id='word_1_195' title='bbox 3124 491 3483 562; x_wconf 87' lang='lat' dir='ltr'><strong>reparationis</strong></span> <span class='ocrx_word' id='word_1_196' title='bbox 3512 499 3729 547; x_wconf 64' lang='lat' dir='ltr'><strong>nostra.</strong></span> 
     </span>
    </p>
   </div>
   <div class='ocr_carea' id='block_1_33' title="bbox 2131 578 3729 653">
    <p class='ocr_par' dir='ltr' id='par_1_33' title="bbox 2131 578 3729 653">
     <span class='ocr_line' id='line_1_33' title="bbox 2131 578 3729 653; baseline -0.005 -10"><span class='ocrx_word' id='word_1_197' title='bbox 2131 588 2434 643; x_wconf 88' lang='lat' dir='ltr'><strong>munimine</strong></span> <span class='ocrx_word' id='word_1_198' title='bbox 2478 578 2777 648; x_wconf 86' lang='lat' dir='ltr'><strong>contulisti,</strong></span> <span class='ocrx_word' id='word_1_199' title='bbox 2815 591 2872 637; x_wconf 90' lang='lat' dir='ltr'><strong>et</strong></span> <span class='ocrx_word' id='word_1_200' title='bbox 2916 596 3156 653; x_wconf 71' lang='lat' dir='ltr'><strong>praesens</strong></span> <span class='ocrx_word' id='word_1_201' title='bbox 3217 581 3374 636; x_wconf 86' lang='lat' dir='ltr'><strong>nobis</strong></span> <span class='ocrx_word' id='word_1_202' title='bbox 3423 580 3729 636; x_wconf 79' lang='lat' dir='ltr'><strong>remedium</strong></span> 
     </span>
    </p>
   </div>
   <div class='ocr_carea' id='block_1_34' title="bbox 2132 676 2827 734">
    <p class='ocr_par' dir='ltr' id='par_1_34' title="bbox 2132 676 2827 734">
     <span class='ocr_line' id='line_1_34' title="bbox 2132 676 2827 734; baseline -0.009 0"><span class='ocrx_word' id='word_1_203' title='bbox 2132 693 2256 734; x_wconf 87' lang='lat' dir='ltr'><strong>esse</strong></span> <span class='ocrx_word' id='word_1_204' title='bbox 2285 676 2456 732; x_wconf 88' lang='lat' dir='ltr'><strong>facias</strong></span> <span class='ocrx_word' id='word_1_205' title='bbox 2479 686 2537 731; x_wconf 86' lang='lat' dir='ltr'><strong>et</strong></span> <span class='ocrx_word' id='word_1_206' title='bbox 2564 676 2827 731; x_wconf 90' lang='lat' dir='ltr'><strong>futurum.</strong></span> 
     </span>
    </p>
   </div>
   <div class='ocr_carea' id='block_1_35' title="bbox 3612 283 3724 340">
    <p class='ocr_par' dir='ltr' id='par_1_35' title="bbox 3612 283 3724 340">
     <span class='ocr_line' id='line_1_35' title="bbox 3612 283 3724 340; baseline 0 -1"><span class='ocrx_word' id='word_1_207' title='bbox 3612 283 3724 340; x_wconf 74' lang='grc'><strong>456</strong></span> 
     </span>
    </p>
   </div>
   <div class='ocr_carea' id='block_1_36' title="bbox 2207 764 3736 835">
    <p class='ocr_par' dir='ltr' id='par_1_36' title="bbox 2207 764 3736 835">
     <span class='ocr_line' id='line_1_36' title="bbox 2207 764 3736 835; baseline -0.001 -12"><span class='ocrx_word' id='word_1_208' title='bbox 2207 769 2345 824; x_wconf 84' lang='lat' dir='ltr'><strong>Item</strong></span> <span class='ocrx_word' id='word_1_209' title='bbox 2372 768 2442 822; x_wconf 82' lang='lat' dir='ltr'><strong>ad</strong></span> <span class='ocrx_word' id='word_1_210' title='bbox 2481 766 2758 822; x_wconf 87' lang='lat' dir='ltr'><strong>Commun.</strong></span> <span class='ocrx_word' id='word_1_211' title='bbox 2809 764 3023 820; x_wconf 86' lang='lat' dir='ltr'><strong>Fideles</strong></span> <span class='ocrx_word' id='word_1_212' title='bbox 3076 774 3217 831; x_wconf 91' lang='lat' dir='ltr'><strong>tuos,</strong></span> <span class='ocrx_word' id='word_1_213' title='bbox 3260 780 3589 835; x_wconf 68' lang='lat' dir='ltr'><strong>quassumus,</strong></span> <span class='ocrx_word' id='word_1_214' title='bbox 3620 766 3736 821; x_wconf 88' lang='lat' dir='ltr'><strong>Do-</strong></span> 
     </span>
    </p>
   </div>
   <div class='ocr_carea' id='block_1_37' title="bbox 2136 856 3727 928">
    <p class='ocr_par' dir='ltr' id='par_1_37' title="bbox 2136 856 3727 928">
     <span class='ocr_line' id='line_1_37' title="bbox 2136 856 3727 928; baseline -0.001 -13"><span class='ocrx_word' id='word_1_215' title='bbox 2136 860 2303 925; x_wconf 89' lang='lat' dir='ltr'><strong>mine,</strong></span> <span class='ocrx_word' id='word_1_216' title='bbox 2334 858 2702 913; x_wconf 85' lang='lat' dir='ltr'><strong>intercedente</strong></span> <span class='ocrx_word' id='word_1_217' title='bbox 2730 858 2890 912; x_wconf 88' lang='lat' dir='ltr'><strong>beata</strong></span> <span class='ocrx_word' id='word_1_218' title='bbox 2920 856 3088 911; x_wconf 76' lang='lat' dir='ltr'><strong>Maria</strong></span> <span class='ocrx_word' id='word_1_219' title='bbox 3116 866 3329 928; x_wconf 86' lang='lat' dir='ltr'><strong>semper</strong></span> <span class='ocrx_word' id='word_1_220' title='bbox 3350 858 3575 928; x_wconf 83' lang='lat' dir='ltr'><strong>virgine,</strong></span> <span class='ocrx_word' id='word_1_221' title='bbox 3603 876 3727 915; x_wconf 84' lang='lat' dir='ltr'><strong>cor-</strong></span> 
     </span>
    </p>
   </div>
   <div class='ocr_carea' id='block_1_38' title="bbox 2137 948 3735 1020">
    <p class='ocr_par' dir='ltr' id='par_1_38' title="bbox 2137 948 3735 1020">
     <span class='ocr_line' id='line_1_38' title="bbox 2137 948 3735 1020; baseline 0.003 -17"><span class='ocrx_word' id='word_1_222' title='bbox 2137 965 2271 1020; x_wconf 88' lang='lat' dir='ltr'><strong>pore</strong></span> <span class='ocrx_word' id='word_1_223' title='bbox 2298 950 2507 1020; x_wconf 87' lang='lat' dir='ltr'><strong>pariter</strong></span> <span class='ocrx_word' id='word_1_224' title='bbox 2556 956 2613 1003; x_wconf 90' lang='lat' dir='ltr'><strong>et</strong></span> <span class='ocrx_word' id='word_1_225' title='bbox 2638 956 2816 1003; x_wconf 84' lang='lat' dir='ltr'><strong>mente</strong></span> <span class='ocrx_word' id='word_1_226' title='bbox 2860 948 3105 1018; x_wconf 87' lang='lat' dir='ltr'><strong>purifica,</strong></span> <span class='ocrx_word' id='word_1_227' title='bbox 3136 957 3199 1003; x_wconf 92' lang='lat' dir='ltr'><strong>ut</strong></span> <span class='ocrx_word' id='word_1_228' title='bbox 3240 958 3332 1003; x_wconf 89' lang='lat' dir='ltr'><strong>tua</strong></span> <span class='ocrx_word' id='word_1_229' title='bbox 3371 951 3735 1020; x_wconf 88' lang='lat' dir='ltr'><strong>inspiratione</strong></span> 
     </span>
    </p>
   </div>
   <div class='ocr_carea' id='block_1_39' title="bbox 2140 1037 3738 1109">
    <p class='ocr_par' dir='ltr' id='par_1_39' title="bbox 2140 1037 3738 1109">
     <span class='ocr_line' id='line_1_39' title="bbox 2140 1037 3738 1109; baseline 0.002 -15"><span class='ocrx_word' id='word_1_230' title='bbox 2140 1038 2449 1109; x_wconf 90' lang='lat' dir='ltr'><strong>compuncti</strong></span> <span class='ocrx_word' id='word_1_231' title='bbox 2472 1038 2663 1093; x_wconf 79' lang='lat' dir='ltr'><strong>noxias</strong></span> <span class='ocrx_word' id='word_1_232' title='bbox 2691 1037 3076 1093; x_wconf 88' lang='lat' dir='ltr'><strong>delectationes</strong></span> <span class='ocrx_word' id='word_1_233' title='bbox 3098 1040 3272 1094; x_wconf 90' lang='lat' dir='ltr'><strong>vitare</strong></span> <span class='ocrx_word' id='word_1_234' title='bbox 3312 1040 3563 1108; x_wconf 81' lang='lat' dir='ltr'><strong>valeant;</strong></span> <span class='ocrx_word' id='word_1_235' title='bbox 3596 1052 3650 1097; x_wconf 91' lang='lat' dir='ltr'><strong>et</strong></span> <span class='ocrx_word' id='word_1_236' title='bbox 3672 1053 3738 1097; x_wconf 84' lang='lat' dir='ltr'><strong>ut</strong></span> 
     </span>
    </p>
   </div>
   <div class='ocr_carea' id='block_1_40' title="bbox 2140 1125 3738 1201">
    <p class='ocr_par' dir='ltr' id='par_1_40' title="bbox 2140 1125 3738 1201">
     <span class='ocr_line' id='line_1_40' title="bbox 2140 1125 3738 1201; baseline 0.002 -20"><span class='ocrx_word' id='word_1_237' title='bbox 2140 1141 2332 1181; x_wconf 88' lang='lat' dir='ltr'><strong>earum</strong></span> <span class='ocrx_word' id='word_1_238' title='bbox 2378 1141 2488 1180; x_wconf 89' lang='lat' dir='ltr'><strong>non</strong></span> <span class='ocrx_word' id='word_1_239' title='bbox 2516 1126 2798 1195; x_wconf 89' lang='lat' dir='ltr'><strong>capiamur</strong></span> <span class='ocrx_word' id='word_1_240' title='bbox 2841 1125 3127 1193; x_wconf 85' lang='lat' dir='ltr'><strong>illecebris,</strong></span> <span class='ocrx_word' id='word_1_241' title='bbox 3161 1136 3253 1182; x_wconf 87' lang='lat' dir='ltr'><strong>tua</strong></span> <span class='ocrx_word' id='word_1_242' title='bbox 3293 1127 3495 1201; x_wconf 85' lang='lat' dir='ltr'><strong>jugiter</strong></span> <span class='ocrx_word' id='word_1_243' title='bbox 3542 1147 3738 1201; x_wconf 89' lang='lat' dir='ltr'><strong>pasca-</strong></span> 
     </span>
    </p>
   </div>
   <div class='ocr_carea' id='block_1_41' title="bbox 2142 1214 2745 1271">
    <p class='ocr_par' dir='ltr' id='par_1_41' title="bbox 2142 1214 2745 1271">
     <span class='ocr_line' id='line_1_41' title="bbox 2142 1214 2745 1271; baseline -0.005 0"><span class='ocrx_word' id='word_1_244' title='bbox 2142 1232 2265 1271; x_wconf 90' lang='lat' dir='ltr'><strong>mur</strong></span> <span class='ocrx_word' id='word_1_245' title='bbox 2289 1215 2591 1271; x_wconf 89' lang='lat' dir='ltr'><strong>dulcedine.</strong></span> <span class='ocrx_word' id='word_1_246' title='bbox 2622 1214 2745 1269; x_wconf 91' lang='lat' dir='ltr'><strong>Per.</strong></span> 
     </span>
    </p>
   </div>
   <div class='ocr_carea' id='block_1_42' title="bbox 2465 1323 3350 1399">
    <p class='ocr_par' dir='ltr' id='par_1_42' title="bbox 2465 1323 3350 1399">
     <span class='ocr_line' id='line_1_42' title="bbox 2465 1323 3350 1399; baseline 0.006 -20"><span class='ocrx_word' id='word_1_247' title='bbox 2465 1323 2601 1379; x_wconf 83' lang='lat' dir='ltr'><strong>Item</strong></span> <span class='ocrx_word' id='word_1_248' title='bbox 2640 1327 2801 1381; x_wconf 85' lang='lat' dir='ltr'><strong>missa</strong></span> <span class='ocrx_word' id='word_1_249' title='bbox 2847 1328 3015 1383; x_wconf 77' lang='lat' dir='ltr'><strong>sancti</strong></span> <span class='ocrx_word' id='word_1_250' title='bbox 3049 1328 3350 1399; x_wconf 79' lang='lat' dir='ltr'><strong>Augustini.</strong></span> 
     </span>
    </p>
   </div>
   <div class='ocr_carea' id='block_1_43' title="bbox 2214 1439 3737 1520">
    <p class='ocr_par' dir='ltr' id='par_1_43' title="bbox 2214 1439 3737 1520">
     <span class='ocr_line' id='line_1_43' title="bbox 2214 1439 3737 1520; baseline 0.006 -27"><span class='ocrx_word' id='word_1_251' title='bbox 2214 1440 2442 1494; x_wconf 91' lang='lat' dir='ltr'><strong>Domine</strong></span> <span class='ocrx_word' id='word_1_252' title='bbox 2491 1439 2633 1496; x_wconf 93' lang='lat' dir='ltr'><strong>Deus</strong></span> <span class='ocrx_word' id='word_1_253' title='bbox 2680 1449 2885 1507; x_wconf 86' lang='lat' dir='ltr'><strong>noster,</strong></span> <span class='ocrx_word' id='word_1_254' title='bbox 2934 1457 3128 1511; x_wconf 81' lang='lat' dir='ltr'><strong>magne</strong></span> <span class='ocrx_word' id='word_1_255' title='bbox 3166 1453 3222 1498; x_wconf 91' lang='lat' dir='ltr'><strong>et</strong></span> <span class='ocrx_word' id='word_1_256' title='bbox 3246 1446 3605 1520; x_wconf 80' lang='lat' dir='ltr'><strong>omnipotens,</strong></span> <span class='ocrx_word' id='word_1_257' title='bbox 3638 1449 3737 1517; x_wconf 90' lang='lat' dir='ltr'><strong>qui</strong></span> 
     </span>
    </p>
   </div>
   <div class='ocr_carea' id='block_1_44' title="bbox 2146 1533 3738 1609">
    <p class='ocr_par' dir='ltr' id='par_1_44' title="bbox 2146 1533 3738 1609">
     <span class='ocr_line' id='line_1_44' title="bbox 2146 1533 3738 1609; baseline 0.004 -23"><span class='ocrx_word' id='word_1_258' title='bbox 2146 1547 2313 1587; x_wconf 90' lang='lat' dir='ltr'><strong>sanas</strong></span> <span class='ocrx_word' id='word_1_259' title='bbox 2333 1533 2598 1609; x_wconf 76' lang='lat' dir='ltr'><strong>contritos</strong></span> <span class='ocrx_word' id='word_1_260' title='bbox 2619 1534 2803 1596; x_wconf 86' lang='lat' dir='ltr'><strong>corde,</strong></span> <span class='ocrx_word' id='word_1_261' title='bbox 2820 1549 3114 1605; x_wconf 86' lang='lat' dir='ltr'><strong>eorumque</strong></span> <span class='ocrx_word' id='word_1_262' title='bbox 3129 1535 3317 1606; x_wconf 77' lang='lat' dir='ltr'><strong>alligas</strong></span> <span class='ocrx_word' id='word_1_263' title='bbox 3352 1538 3738 1604; x_wconf 76' lang='lat' dir='ltr'><strong>contritiones,</strong></span> 
     </span>
    </p>
   </div>
   <div class='ocr_carea' id='block_1_45' title="bbox 2150 1624 3742 1697">
    <p class='ocr_par' dir='ltr' id='par_1_45' title="bbox 2150 1624 3742 1697">
     <span class='ocr_line' id='line_1_45' title="bbox 2150 1624 3742 1697; baseline 0.004 -20"><span class='ocrx_word' id='word_1_264' title='bbox 2150 1631 2240 1677; x_wconf 90' lang='lat' dir='ltr'><strong>tua</strong></span> <span class='ocrx_word' id='word_1_265' title='bbox 2273 1633 2326 1678; x_wconf 93' lang='lat' dir='ltr'><strong>te</strong></span> <span class='ocrx_word' id='word_1_266' title='bbox 2349 1626 2523 1693; x_wconf 85' lang='lat' dir='ltr'><strong>pietas</strong></span> <span class='ocrx_word' id='word_1_267' title='bbox 2549 1624 2705 1679; x_wconf 91' lang='lat' dir='ltr'><strong>nobis</strong></span> <span class='ocrx_word' id='word_1_268' title='bbox 2725 1624 2929 1680; x_wconf 86' lang='lat' dir='ltr'><strong>efficiat</strong></span> <span class='ocrx_word' id='word_1_269' title='bbox 2956 1626 3294 1696; x_wconf 87' lang='lat' dir='ltr'><strong>placabilem,</strong></span> <span class='ocrx_word' id='word_1_270' title='bbox 3325 1644 3462 1697; x_wconf 88' lang='lat' dir='ltr'><strong>quos</strong></span> <span class='ocrx_word' id='word_1_271' title='bbox 3495 1631 3742 1684; x_wconf 83' lang='lat' dir='ltr'><strong>conditio</strong></span> 
     </span>
    </p>
   </div>
   <div class='ocr_carea' id='block_1_46' title="bbox 2150 1710 3739 1783">
    <p class='ocr_par' dir='ltr' id='par_1_46' title="bbox 2150 1710 3739 1783">
     <span class='ocr_line' id='line_1_46' title="bbox 2150 1710 3739 1783; baseline 0.005 -19"><span class='ocrx_word' id='word_1_272' title='bbox 2150 1710 2455 1782; x_wconf 79' lang='lat' dir='ltr'><strong>fragilitatis</strong></span> <span class='ocrx_word' id='word_1_273' title='bbox 2510 1712 2760 1767; x_wconf 75' lang='lat' dir='ltr'><strong>humanae</strong></span> <span class='ocrx_word' id='word_1_274' title='bbox 2812 1715 3093 1768; x_wconf 87' lang='lat' dir='ltr'><strong>constituit</strong></span> <span class='ocrx_word' id='word_1_275' title='bbox 3119 1714 3173 1769; x_wconf 91' lang='lat' dir='ltr'><strong>in</strong></span> <span class='ocrx_word' id='word_1_276' title='bbox 3216 1731 3468 1771; x_wconf 75' lang='lat' dir='ltr'><strong>maerore.</strong></span> <span class='ocrx_word' id='word_1_277' title='bbox 3501 1717 3739 1783; x_wconf 67' lang='lat' dir='ltr'><strong>Exauli,</strong></span> 
     </span>
    </p>
   </div>
   <div class='ocr_carea' id='block_1_47' title="bbox 2154 1802 3744 1873">
    <p class='ocr_par' dir='ltr' id='par_1_47' title="bbox 2154 1802 3744 1873">
     <span class='ocr_line' id='line_1_47' title="bbox 2154 1802 3744 1873; baseline 0.004 -18"><span class='ocrx_word' id='word_1_278' title='bbox 2154 1802 2400 1868; x_wconf 89' lang='lat' dir='ltr'><strong>Domine,</strong></span> <span class='ocrx_word' id='word_1_279' title='bbox 2454 1818 2645 1873; x_wconf 84' lang='lat' dir='ltr'><strong>preces</strong></span> <span class='ocrx_word' id='word_1_280' title='bbox 2693 1813 2931 1869; x_wconf 87' lang='lat' dir='ltr'><strong>nostras,</strong></span> <span class='ocrx_word' id='word_1_281' title='bbox 2985 1813 3040 1859; x_wconf 91' lang='lat' dir='ltr'><strong>et</strong></span> <span class='ocrx_word' id='word_1_282' title='bbox 3067 1805 3176 1859; x_wconf 86' lang='lat' dir='ltr'><strong>dim</strong></span> <span class='ocrx_word' id='word_1_283' title='bbox 3207 1814 3281 1861; x_wconf 87' lang='lat' dir='ltr'><strong>tte</strong></span> <span class='ocrx_word' id='word_1_284' title='bbox 3327 1808 3481 1862; x_wconf 84' lang='lat' dir='ltr'><strong>nobis</strong></span> <span class='ocrx_word' id='word_1_285' title='bbox 3509 1817 3744 1862; x_wconf 88' lang='lat' dir='ltr'><strong>cunctas</strong></span> 
     </span>
    </p>
   </div>
   <div class='ocr_carea' id='block_1_48' title="bbox 2152 1894 3745 1970">
    <p class='ocr_par' dir='ltr' id='par_1_48' title="bbox 2152 1894 3745 1970">
     <span class='ocr_line' id='line_1_48' title="bbox 2152 1894 3745 1970; baseline 0.002 -20"><span class='ocrx_word' id='word_1_286' title='bbox 2152 1894 2498 1950; x_wconf 80' lang='lat' dir='ltr'><strong>offensiones.</strong></span> <span class='ocrx_word' id='word_1_287' title='bbox 2552 1894 2742 1949; x_wconf 79' lang='lat' dir='ltr'><strong>Manus</strong></span> <span class='ocrx_word' id='word_1_288' title='bbox 2772 1904 2876 1949; x_wconf 75' lang='lat' dir='ltr'><strong>tua:</strong></span> <span class='ocrx_word' id='word_1_289' title='bbox 2927 1895 3243 1952; x_wconf 87' lang='lat' dir='ltr'><strong>fortitudine</strong></span> <span class='ocrx_word' id='word_1_290' title='bbox 3269 1913 3299 1951; x_wconf 88' lang='lat' dir='ltr'><strong>a</strong></span> <span class='ocrx_word' id='word_1_291' title='bbox 3322 1900 3533 1954; x_wconf 87' lang='lat' dir='ltr'><strong>cunctis</strong></span> <span class='ocrx_word' id='word_1_292' title='bbox 3561 1915 3745 1970; x_wconf 82' lang='lat' dir='ltr'><strong>angu-</strong></span> 
     </span>
    </p>
   </div>
   <div class='ocr_carea' id='block_1_49' title="bbox 2155 1986 3749 2050">
    <p class='ocr_par' dir='ltr' id='par_1_49' title="bbox 2155 1986 3749 2050">
     <span class='ocr_line' id='line_1_49' title="bbox 2155 1986 3749 2050; baseline 0.003 -10"><span class='ocrx_word' id='word_1_293' title='bbox 2155 1986 2275 2041; x_wconf 84' lang='lat' dir='ltr'><strong>stiis</strong></span> <span class='ocrx_word' id='word_1_294' title='bbox 2303 1986 2615 2050; x_wconf 88' lang='lat' dir='ltr'><strong>liberemur,</strong></span> <span class='ocrx_word' id='word_1_295' title='bbox 2642 1994 2705 2039; x_wconf 90' lang='lat' dir='ltr'><strong>ut</strong></span> <span class='ocrx_word' id='word_1_296' title='bbox 2731 2001 2854 2040; x_wconf 91' lang='lat' dir='ltr'><strong>cum</strong></span> <span class='ocrx_word' id='word_1_297' title='bbox 2885 1987 2992 2041; x_wconf 91' lang='lat' dir='ltr'><strong>tuis</strong></span> <span class='ocrx_word' id='word_1_298' title='bbox 3045 1989 3247 2043; x_wconf 88' lang='lat' dir='ltr'><strong>sanctis</strong></span> <span class='ocrx_word' id='word_1_299' title='bbox 3270 1990 3359 2043; x_wconf 88' lang='lat' dir='ltr'><strong>hic</strong></span> <span class='ocrx_word' id='word_1_300' title='bbox 3397 1998 3454 2043; x_wconf 90' lang='lat' dir='ltr'><strong>et</strong></span> <span class='ocrx_word' id='word_1_301' title='bbox 3500 1991 3555 2043; x_wconf 91' lang='lat' dir='ltr'><strong>in</strong></span> <span class='ocrx_word' id='word_1_302' title='bbox 3579 2001 3749 2045; x_wconf 76' lang='lat' dir='ltr'><strong>teter-</strong></span> 
     </span>
    </p>
   </div>
   <div class='ocr_carea' id='block_1_50' title="bbox 2156 2075 3301 2133">
    <p class='ocr_par' dir='ltr' id='par_1_50' title="bbox 2156 2075 3301 2133">
     <span class='ocr_line' id='line_1_50' title="bbox 2156 2075 3301 2133; baseline 0.002 -3"><span class='ocrx_word' id='word_1_303' title='bbox 2156 2092 2284 2130; x_wconf 93' lang='lat' dir='ltr'><strong>num</strong></span> <span class='ocrx_word' id='word_1_304' title='bbox 2304 2075 2565 2130; x_wconf 69' lang='lat' dir='ltr'><strong>laztcmur.</strong></span> <span class='ocrx_word' id='word_1_305' title='bbox 2595 2076 2699 2130; x_wconf 87' lang='lat' dir='ltr'><strong>Per</strong></span> <span class='ocrx_word' id='word_1_306' title='bbox 2728 2076 3012 2132; x_wconf 90' lang='lat' dir='ltr'><strong>Dominum</strong></span> <span class='ocrx_word' id='word_1_307' title='bbox 3038 2087 3301 2133; x_wconf 85' lang='lat' dir='ltr'><strong>nostrum.</strong></span> 
     </span>
    </p>
   </div>
   <div class='ocr_carea' id='block_1_51' title="bbox 2227 2166 3749 2240">
    <p class='ocr_par' dir='ltr' id='par_1_51' title="bbox 2227 2166 3749 2240">
     <span class='ocr_line' id='line_1_51' title="bbox 2227 2166 3749 2240; baseline 0.003 -18"><span class='ocrx_word' id='word_1_308' title='bbox 2227 2166 2455 2222; x_wconf 87' lang='lat' dir='ltr'><strong>Secreta.</strong></span> <span class='ocrx_word' id='word_1_309' title='bbox 2509 2168 2659 2223; x_wconf 82' lang='lat' dir='ltr'><strong>Hanc</strong></span> <span class='ocrx_word' id='word_1_310' title='bbox 2716 2185 2929 2240; x_wconf 89' lang='lat' dir='ltr'><strong>quoque</strong></span> <span class='ocrx_word' id='word_1_311' title='bbox 2977 2170 3322 2235; x_wconf 89' lang='lat' dir='ltr'><strong>oblationem,</strong></span> <span class='ocrx_word' id='word_1_312' title='bbox 3381 2172 3625 2238; x_wconf 92' lang='lat' dir='ltr'><strong>Domine,</strong></span> <span class='ocrx_word' id='word_1_313' title='bbox 3662 2174 3749 2227; x_wconf 84' lang='lat' dir='ltr'><strong>di-</strong></span> 
     </span>
    </p>
   </div>
   <div class='ocr_carea' id='block_1_52' title="bbox 2157 2260 3750 2329">
    <p class='ocr_par' dir='ltr' id='par_1_52' title="bbox 2157 2260 3750 2329">
     <span class='ocr_line' id='line_1_52' title="bbox 2157 2260 3750 2329; baseline 0.004 -16"><span class='ocrx_word' id='word_1_314' title='bbox 2157 2274 2344 2329; x_wconf 87' lang='lat' dir='ltr'><strong>gnare,</strong></span> <span class='ocrx_word' id='word_1_315' title='bbox 2372 2274 2702 2328; x_wconf 66' lang='lat' dir='ltr'><strong>quaasumus,</strong></span> <span class='ocrx_word' id='word_1_316' title='bbox 2738 2260 3162 2316; x_wconf 88' lang='lat' dir='ltr'><strong>misericorditer</strong></span> <span class='ocrx_word' id='word_1_317' title='bbox 3206 2264 3527 2318; x_wconf 85' lang='lat' dir='ltr'><strong>benedicere</strong></span> <span class='ocrx_word' id='word_1_318' title='bbox 3551 2274 3606 2319; x_wconf 90' lang='lat' dir='ltr'><strong>et</strong></span> <span class='ocrx_word' id='word_1_319' title='bbox 3630 2265 3750 2320; x_wconf 89' lang='lat' dir='ltr'><strong>cle-</strong></span> 
     </span>
    </p>
   </div>
   <div class='ocr_carea' id='block_1_53' title="bbox 2160 2348 3749 2422">
    <p class='ocr_par' dir='ltr' id='par_1_53' title="bbox 2160 2348 3749 2422">
     <span class='ocr_line' id='line_1_53' title="bbox 2160 2348 3749 2422; baseline 0.004 -20"><span class='ocrx_word' id='word_1_320' title='bbox 2160 2356 2368 2402; x_wconf 88' lang='lat' dir='ltr'><strong>menter</strong></span> <span class='ocrx_word' id='word_1_321' title='bbox 2406 2348 2767 2411; x_wconf 83' lang='lat' dir='ltr'><strong>sanctificare,</strong></span> <span class='ocrx_word' id='word_1_322' title='bbox 2817 2364 2980 2418; x_wconf 89' lang='lat' dir='ltr'><strong>quam</strong></span> <span class='ocrx_word' id='word_1_323' title='bbox 3010 2350 3106 2405; x_wconf 87' lang='lat' dir='ltr'><strong>tibi</strong></span> <span class='ocrx_word' id='word_1_324' title='bbox 3154 2351 3446 2407; x_wconf 87' lang='lat' dir='ltr'><strong>obtulimus</strong></span> <span class='ocrx_word' id='word_1_325' title='bbox 3465 2369 3563 2422; x_wconf 91' lang='lat' dir='ltr'><strong>pro</strong></span> <span class='ocrx_word' id='word_1_326' title='bbox 3589 2354 3749 2409; x_wconf 84' lang='lat' dir='ltr'><strong>vivo-</strong></span> 
     </span>
    </p>
   </div>
   <div class='ocr_carea' id='block_1_54' title="bbox 2161 2440 3752 2512">
    <p class='ocr_par' dir='ltr' id='par_1_54' title="bbox 2161 2440 3752 2512">
     <span class='ocr_line' id='line_1_54' title="bbox 2161 2440 3752 2512; baseline 0.003 -18"><span class='ocrx_word' id='word_1_327' title='bbox 2161 2458 2281 2501; x_wconf 85' lang='lat' dir='ltr'><strong>rum</strong></span> <span class='ocrx_word' id='word_1_328' title='bbox 2304 2440 2477 2496; x_wconf 90' lang='lat' dir='ltr'><strong>salute</strong></span> <span class='ocrx_word' id='word_1_329' title='bbox 2519 2449 2575 2495; x_wconf 88' lang='lat' dir='ltr'><strong>et</strong></span> <span class='ocrx_word' id='word_1_330' title='bbox 2604 2450 2942 2495; x_wconf 87' lang='lat' dir='ltr'><strong>mortuorum</strong></span> <span class='ocrx_word' id='word_1_331' title='bbox 2989 2443 3208 2512; x_wconf 85' lang='lat' dir='ltr'><strong>requie;</strong></span> <span class='ocrx_word' id='word_1_332' title='bbox 3236 2451 3290 2496; x_wconf 85' lang='lat' dir='ltr'><strong>ut</strong></span> <span class='ocrx_word' id='word_1_333' title='bbox 3321 2452 3410 2497; x_wconf 88' lang='lat' dir='ltr'><strong>tua</strong></span> <span class='ocrx_word' id='word_1_334' title='bbox 3436 2444 3752 2499; x_wconf 83' lang='lat' dir='ltr'><strong>sanctifica-</strong></span> 
     </span>
    </p>
   </div>
   <div class='ocr_carea' id='block_1_55' title="bbox 2163 2529 3665 2587">
    <p class='ocr_par' dir='ltr' id='par_1_55' title="bbox 2163 2529 3665 2587">
     <span class='ocr_line' id='line_1_55' title="bbox 2163 2529 3665 2587; baseline 0.001 -3"><span class='ocrx_word' id='word_1_335' title='bbox 2163 2532 2236 2584; x_wconf 89' lang='lat' dir='ltr'><strong>tio</strong></span> <span class='ocrx_word' id='word_1_336' title='bbox 2265 2532 2335 2584; x_wconf 88' lang='lat' dir='ltr'><strong>sit</strong></span> <span class='ocrx_word' id='word_1_337' title='bbox 2362 2530 2508 2585; x_wconf 89' lang='lat' dir='ltr'><strong>salus</strong></span> <span class='ocrx_word' id='word_1_338' title='bbox 2538 2539 2595 2584; x_wconf 92' lang='lat' dir='ltr'><strong>et</strong></span> <span class='ocrx_word' id='word_1_339' title='bbox 2613 2529 2856 2585; x_wconf 89' lang='lat' dir='ltr'><strong>defensio</strong></span> <span class='ocrx_word' id='word_1_340' title='bbox 2882 2532 3204 2586; x_wconf 77' lang='lat' dir='ltr'><strong>animarum.</strong></span> <span class='ocrx_word' id='word_1_341' title='bbox 3231 2532 3335 2587; x_wconf 84' lang='lat' dir='ltr'><strong>Per</strong></span> <span class='ocrx_word' id='word_1_342' title='bbox 3357 2533 3665 2587; x_wconf 89' lang='lat' dir='ltr'><strong>Dominum.</strong></span> 
     </span>
    </p>
   </div>
   <div class='ocr_carea' id='block_1_56' title="bbox 2236 2618 3754 2692">
    <p class='ocr_par' dir='ltr' id='par_1_56' title="bbox 2236 2618 3754 2692">
     <span class='ocr_line' id='line_1_56' title="bbox 2236 2618 3754 2692; baseline 0.003 -20"><span class='ocrx_word' id='word_1_343' title='bbox 2236 2619 2507 2688; x_wconf 71' lang='lat' dir='ltr'><strong>Frarfatio.</strong></span> <span class='ocrx_word' id='word_1_344' title='bbox 2564 2618 2790 2688; x_wconf 89' lang='lat' dir='ltr'><strong>Dignum</strong></span> <span class='ocrx_word' id='word_1_345' title='bbox 2818 2628 2871 2673; x_wconf 89' lang='lat' dir='ltr'><strong>et</strong></span> <span class='ocrx_word' id='word_1_346' title='bbox 2892 2620 3099 2689; x_wconf 90' lang='lat' dir='ltr'><strong>justum</strong></span> <span class='ocrx_word' id='word_1_347' title='bbox 3128 2630 3231 2686; x_wconf 88' lang='lat' dir='ltr'><strong>est,</strong></span> <span class='ocrx_word' id='word_1_348' title='bbox 3264 2639 3445 2692; x_wconf 86' lang='lat' dir='ltr'><strong>usque,</strong></span> <span class='ocrx_word' id='word_1_349' title='bbox 3474 2638 3570 2691; x_wconf 87' lang='lat' dir='ltr'><strong>per</strong></span> <span class='ocrx_word' id='word_1_350' title='bbox 3590 2622 3754 2677; x_wconf 87' lang='lat' dir='ltr'><strong>Chri-</strong></span> 
     </span>
    </p>
   </div>
   <div class='ocr_carea' id='block_1_57' title="bbox 2165 2707 3754 2780">
    <p class='ocr_par' dir='ltr' id='par_1_57' title="bbox 2165 2707 3754 2780">
     <span class='ocr_line' id='line_1_57' title="bbox 2165 2707 3754 2780; baseline 0.003 -18"><span class='ocrx_word' id='word_1_351' title='bbox 2165 2717 2307 2763; x_wconf 89' lang='lat' dir='ltr'><strong>stum</strong></span> <span class='ocrx_word' id='word_1_352' title='bbox 2336 2707 2621 2761; x_wconf 88' lang='lat' dir='ltr'><strong>Dominum</strong></span> <span class='ocrx_word' id='word_1_353' title='bbox 2649 2716 2914 2762; x_wconf 89' lang='lat' dir='ltr'><strong>nostrum.</strong></span> <span class='ocrx_word' id='word_1_354' title='bbox 2947 2708 3049 2763; x_wconf 90' lang='lat' dir='ltr'><strong>Per</strong></span> <span class='ocrx_word' id='word_1_355' title='bbox 3078 2709 3253 2779; x_wconf 88' lang='lat' dir='ltr'><strong>ipsum</strong></span> <span class='ocrx_word' id='word_1_356' title='bbox 3297 2718 3369 2773; x_wconf 90' lang='lat' dir='ltr'><strong>te,</strong></span> <span class='ocrx_word' id='word_1_357' title='bbox 3398 2712 3754 2780; x_wconf 88' lang='lat' dir='ltr'><strong>omnipotens</strong></span> 
     </span>
    </p>
   </div>
   <div class='ocr_carea' id='block_1_58' title="bbox 2164 2796 3757 2866">
    <p class='ocr_par' dir='ltr' id='par_1_58' title="bbox 2164 2796 3757 2866">
     <span class='ocr_line' id='line_1_58' title="bbox 2164 2796 3757 2866; baseline 0.003 -16"><span class='ocrx_word' id='word_1_358' title='bbox 2164 2796 2307 2851; x_wconf 88' lang='lat' dir='ltr'><strong>Deus</strong></span> <span class='ocrx_word' id='word_1_359' title='bbox 2334 2796 2514 2862; x_wconf 88' lang='lat' dir='ltr'><strong>Pater,</strong></span> <span class='ocrx_word' id='word_1_360' title='bbox 2544 2797 2816 2866; x_wconf 87' lang='lat' dir='ltr'><strong>supplices</strong></span> <span class='ocrx_word' id='word_1_361' title='bbox 2855 2813 3165 2863; x_wconf 76' lang='lat' dir='ltr'><strong>exoramus,</strong></span> <span class='ocrx_word' id='word_1_362' title='bbox 3199 2808 3257 2853; x_wconf 88' lang='lat' dir='ltr'><strong>ut</strong></span> <span class='ocrx_word' id='word_1_363' title='bbox 3276 2800 3378 2854; x_wconf 92' lang='lat' dir='ltr'><strong>hoc</strong></span> <span class='ocrx_word' id='word_1_364' title='bbox 3415 2800 3757 2855; x_wconf 86' lang='lat' dir='ltr'><strong>sacrificium</strong></span> 
     </span>
    </p>
   </div>
   <div class='ocr_carea' id='block_1_59' title="bbox 2167 2887 3759 2957">
    <p class='ocr_par' dir='ltr' id='par_1_59' title="bbox 2167 2887 3759 2957">
     <span class='ocr_line' id='line_1_59' title="bbox 2167 2887 3759 2957; baseline 0.004 -16"><span class='ocrx_word' id='word_1_365' title='bbox 2167 2896 2413 2957; x_wconf 88' lang='lat' dir='ltr'><strong>acceptes</strong></span> <span class='ocrx_word' id='word_1_366' title='bbox 2439 2888 2582 2957; x_wconf 92' lang='lat' dir='ltr'><strong>quod</strong></span> <span class='ocrx_word' id='word_1_367' title='bbox 2636 2888 2731 2943; x_wconf 86' lang='lat' dir='ltr'><strong>tibi</strong></span> <span class='ocrx_word' id='word_1_368' title='bbox 2761 2887 3056 2955; x_wconf 81' lang='lat' dir='ltr'><strong>offerimus,</strong></span> <span class='ocrx_word' id='word_1_369' title='bbox 3101 2899 3157 2944; x_wconf 91' lang='lat' dir='ltr'><strong>et</strong></span> <span class='ocrx_word' id='word_1_370' title='bbox 3187 2891 3343 2945; x_wconf 88' lang='lat' dir='ltr'><strong>nobis</strong></span> <span class='ocrx_word' id='word_1_371' title='bbox 3394 2889 3610 2945; x_wconf 87' lang='lat' dir='ltr'><strong>famulis</strong></span> <span class='ocrx_word' id='word_1_372' title='bbox 3640 2892 3759 2947; x_wconf 90' lang='lat' dir='ltr'><strong>tuis</strong></span> 
     </span>
    </p>
   </div>
   <div class='ocr_carea' id='block_1_60' title="bbox 2167 2979 3758 3052">
    <p class='ocr_par' dir='ltr' id='par_1_60' title="bbox 2167 2979 3758 3052">
     <span class='ocr_line' id='line_1_60' title="bbox 2167 2979 3758 3052; baseline 0.002 -19"><span class='ocrx_word' id='word_1_373' title='bbox 2167 2979 2385 3049; x_wconf 87' lang='lat' dir='ltr'><strong>pietatis</strong></span> <span class='ocrx_word' id='word_1_374' title='bbox 2412 2989 2514 3034; x_wconf 79' lang='lat' dir='ltr'><strong>tuac</strong></span> <span class='ocrx_word' id='word_1_375' title='bbox 2534 2979 2783 3035; x_wconf 90' lang='lat' dir='ltr'><strong>solatium</strong></span> <span class='ocrx_word' id='word_1_376' title='bbox 2812 2982 3076 3037; x_wconf 77' lang='lat' dir='ltr'><strong>concedas</strong></span> <span class='ocrx_word' id='word_1_377' title='bbox 3125 2983 3407 3052; x_wconf 87' lang='lat' dir='ltr'><strong>propitius.</strong></span> <span class='ocrx_word' id='word_1_378' title='bbox 3439 2982 3613 3037; x_wconf 86' lang='lat' dir='ltr'><strong>Tuum</strong></span> <span class='ocrx_word' id='word_1_379' title='bbox 3641 2991 3758 3048; x_wconf 88' lang='lat' dir='ltr'><strong>est,</strong></span> 
     </span>
    </p>
   </div>
   <div class='ocr_carea' id='block_1_61' title="bbox 473 3062 3761 3171">
    <p class='ocr_par' dir='ltr' id='par_1_61' title="bbox 473 3062 3761 3171">
     <span class='ocr_line' id='line_1_61' title="bbox 473 3062 3761 3171; baseline 0.002 -48"><span class='ocrx_word' id='word_1_380' title='bbox 473 3067 806 3124; x_wconf 87' lang='lat' dir='ltr'><strong>tercessione</strong></span> <span class='ocrx_word' id='word_1_381' title='bbox 835 3082 865 3120; x_wconf 90' lang='lat' dir='ltr'><strong>a</strong></span> <span class='ocrx_word' id='word_1_382' title='bbox 911 3066 1165 3136; x_wconf 59' lang='lat' dir='ltr'><strong>presenti</strong></span> <span class='ocrx_word' id='word_1_383' title='bbox 1216 3064 1437 3119; x_wconf 88' lang='lat' dir='ltr'><strong>liberari</strong></span> <span class='ocrx_word' id='word_1_384' title='bbox 1484 3063 1729 3127; x_wconf 89' lang='lat' dir='ltr'><strong>tristitia,</strong></span> <span class='ocrx_word' id='word_1_385' title='bbox 1777 3071 1834 3117; x_wconf 84' lang='lat' dir='ltr'><strong>et</strong></span> <span class='ocrx_word' id='word_1_386' title='bbox 1882 3062 2064 3117; x_wconf 84' lang='lat' dir='ltr'><strong>futura</strong></span> <span class='ocrx_word' id='word_1_387' title='bbox 2090 3103 2140 3171; x_wconf 77' lang='lat' dir='ltr'>c</span> <span class='ocrx_word' id='word_1_388' title='bbox 2172 3065 2420 3133; x_wconf 88' lang='lat' dir='ltr'><strong>Domine,</strong></span> <span class='ocrx_word' id='word_1_389' title='bbox 2462 3083 2657 3123; x_wconf 88' lang='lat' dir='ltr'><strong>sanare</strong></span> <span class='ocrx_word' id='word_1_390' title='bbox 2687 3070 2949 3125; x_wconf 89' lang='lat' dir='ltr'><strong>contritos</strong></span> <span class='ocrx_word' id='word_1_391' title='bbox 2972 3068 3156 3135; x_wconf 88' lang='lat' dir='ltr'><strong>corde,</strong></span> <span class='ocrx_word' id='word_1_392' title='bbox 3189 3078 3337 3126; x_wconf 89' lang='lat' dir='ltr'><strong>tuum</strong></span> <span class='ocrx_word' id='word_1_393' title='bbox 3367 3080 3452 3126; x_wconf 89' lang='lat' dir='ltr'><strong>est</strong></span> <span class='ocrx_word' id='word_1_394' title='bbox 3476 3072 3761 3129; x_wconf 86' lang='lat' dir='ltr'><strong>consolari</strong></span> 
     </span>
    </p>
   </div>
   <div class='ocr_carea' id='block_1_62' title="bbox 472 3155 1721 3229">
    <p class='ocr_par' dir='ltr' id='par_1_62' title="bbox 472 3155 1721 3229">
     <span class='ocr_line' id='line_1_62' title="bbox 472 3155 1721 3229; baseline -0.005 -17"><span class='ocrx_word' id='word_1_395' title='bbox 472 3157 676 3229; x_wconf 86' lang='lat' dir='ltr'><strong>perfrui</strong></span> <span class='ocrx_word' id='word_1_396' title='bbox 697 3156 900 3211; x_wconf 74' lang='lat' dir='ltr'><strong>laetitia.</strong></span> <span class='ocrx_word' id='word_1_397' title='bbox 931 3155 1035 3210; x_wconf 90' lang='lat' dir='ltr'><strong>Per</strong></span> <span class='ocrx_word' id='word_1_398' title='bbox 1067 3155 1358 3211; x_wconf 89' lang='lat' dir='ltr'><strong>Dominum</strong></span> <span class='ocrx_word' id='word_1_399' title='bbox 1379 3162 1645 3209; x_wconf 88' lang='lat' dir='ltr'><strong>nostrum.</strong></span> <span class='ocrx_word' id='word_1_400' title='bbox 1712 3159 1721 3169; x_wconf 88' lang='lat'><strong>’</strong></span> 
     </span>
    </p>
   </div>
   <div class='ocr_carea' id='block_1_63' title="bbox 548 3243 2055 3315">
    <p class='ocr_par' dir='ltr' id='par_1_63' title="bbox 548 3243 2055 3315">
     <span class='ocr_line' id='line_1_63' title="bbox 548 3243 2055 3315; baseline -0.003 -14"><span class='ocrx_word' id='word_1_401' title='bbox 548 3246 723 3301; x_wconf 81' lang='lat' dir='ltr'><strong>Lectio</strong></span> <span class='ocrx_word' id='word_1_402' title='bbox 770 3245 889 3299; x_wconf 82' lang='lat' dir='ltr'><strong>libri</strong></span> <span class='ocrx_word' id='word_1_403' title='bbox 922 3244 1225 3315; x_wconf 71' lang='lat' dir='ltr'><strong>Sapientiae.</strong></span> <span class='ocrx_word' id='word_1_404' title='bbox 1276 3244 1360 3299; x_wconf 84' lang='lat' dir='ltr'><strong>Ab</strong></span> <span class='ocrx_word' id='word_1_405' title='bbox 1406 3244 1560 3299; x_wconf 91' lang='lat' dir='ltr'><strong>initio</strong></span> <span class='ocrx_word' id='word_1_406' title='bbox 1599 3252 1655 3299; x_wconf 87' lang='lat' dir='ltr'><strong>et</strong></span> <span class='ocrx_word' id='word_1_407' title='bbox 1679 3250 1807 3298; x_wconf 84' lang='lat' dir='ltr'><strong>ante</strong></span> <span class='ocrx_word' id='word_1_408' title='bbox 1856 3243 2055 3298; x_wconf 66' lang='lat' dir='ltr'><strong>smcula</strong></span> 
     </span>
    </p>
   </div>
   <div class='ocr_carea' id='block_1_64' title="bbox 474 3334 1205 3403">
    <p class='ocr_par' dir='ltr' id='par_1_64' title="bbox 474 3334 1205 3403">
     <span class='ocr_line' id='line_1_64' title="bbox 474 3334 1205 3403; baseline -0.004 -14"><span class='ocrx_word' id='word_1_409' title='bbox 474 3343 659 3389; x_wconf 87' lang='lat' dir='ltr'><strong>creata</strong></span> <span class='ocrx_word' id='word_1_410' title='bbox 687 3351 828 3398; x_wconf 88' lang='lat' dir='ltr'><strong>sum,</strong></span> <span class='ocrx_word' id='word_1_411' title='bbox 858 3342 912 3387; x_wconf 89' lang='lat' dir='ltr'><strong>et</strong></span> <span class='ocrx_word' id='word_1_412' title='bbox 940 3349 1111 3403; x_wconf 88' lang='lat' dir='ltr'><strong>usque</strong></span> <span class='ocrx_word' id='word_1_413' title='bbox 1132 3334 1205 3387; x_wconf 92' lang='lat' dir='ltr'><strong>in&#39;.</strong></span> 
     </span>
    </p>
   </div>
   <div class='ocr_carea' id='block_1_65' title="bbox 547 3421 2057 3495">
    <p class='ocr_par' dir='ltr' id='par_1_65' title="bbox 547 3421 2057 3495">
     <span class='ocr_line' id='line_1_65' title="bbox 547 3421 2057 3495; baseline -0.002 -17"><span class='ocrx_word' id='word_1_414' title='bbox 547 3422 826 3495; x_wconf 82' lang='lat' dir='ltr'><strong>Sequentia</strong></span> <span class='ocrx_word' id='word_1_415' title='bbox 864 3423 1033 3477; x_wconf 88' lang='lat' dir='ltr'><strong>sancti</strong></span> <span class='ocrx_word' id='word_1_416' title='bbox 1083 3421 1357 3491; x_wconf 80' lang='lat' dir='ltr'><strong>Evangelii</strong></span> <span class='ocrx_word' id='word_1_417' title='bbox 1411 3423 1700 3476; x_wconf 83' lang='lat' dir='ltr'><strong>secundum</strong></span> <span class='ocrx_word' id='word_1_418' title='bbox 1747 3421 1966 3475; x_wconf 83' lang='lat' dir='ltr'><strong>Lucam.</strong></span> <span class='ocrx_word' id='word_1_419' title='bbox 1997 3421 2057 3475; x_wconf 87' lang='lat' dir='ltr'><strong>In</strong></span> 
     </span>
    </p>
   </div>
   <div class='ocr_carea' id='block_1_66' title="bbox 479 3508 2055 3581">
    <p class='ocr_par' dir='ltr' id='par_1_66' title="bbox 479 3508 2055 3581">
     <span class='ocr_line' id='line_1_66' title="bbox 479 3508 2055 3581; baseline -0.001 -13"><span class='ocrx_word' id='word_1_420' title='bbox 479 3514 571 3569; x_wconf 92' lang='lat' dir='ltr'><strong>illo</strong></span> <span class='ocrx_word' id='word_1_421' title='bbox 598 3521 857 3580; x_wconf 88' lang='lat' dir='ltr'><strong>tempore,</strong></span> <span class='ocrx_word' id='word_1_422' title='bbox 890 3511 1115 3564; x_wconf 88' lang='lat' dir='ltr'><strong>intravit</strong></span> <span class='ocrx_word' id='word_1_423' title='bbox 1140 3508 1297 3565; x_wconf 87' lang='lat' dir='ltr'><strong>Jesus</strong></span> <span class='ocrx_word' id='word_1_424' title='bbox 1329 3511 1383 3564; x_wconf 91' lang='lat' dir='ltr'><strong>in</strong></span> <span class='ocrx_word' id='word_1_425' title='bbox 1431 3512 1702 3581; x_wconf 89' lang='lat' dir='ltr'><strong>quoddam</strong></span> <span class='ocrx_word' id='word_1_426' title='bbox 1751 3511 2055 3568; x_wconf 88' lang='lat' dir='ltr'><strong>castellum.</strong></span> 
     </span>
    </p>
   </div>
   <div class='ocr_carea' id='block_1_67' title="bbox 477 3600 772 3656">
    <p class='ocr_par' dir='ltr' id='par_1_67' title="bbox 477 3600 772 3656">
     <span class='ocr_line' id='line_1_67' title="bbox 477 3600 772 3656; baseline -0.01 0"><span class='ocrx_word' id='word_1_427' title='bbox 477 3611 533 3656; x_wconf 89' lang='lat' dir='ltr'><strong>et</strong></span> <span class='ocrx_word' id='word_1_428' title='bbox 562 3600 772 3656; x_wconf 91' lang='lat' dir='ltr'><strong>mulier.</strong></span> 
     </span>
    </p>
   </div>
   <div class='ocr_carea' id='block_1_68' title="bbox 550 3686 2061 3756">
    <p class='ocr_par' dir='ltr' id='par_1_68' title="bbox 550 3686 2061 3756">
     <span class='ocr_line' id='line_1_68' title="bbox 550 3686 2061 3756; baseline -0.002 -13"><span class='ocrx_word' id='word_1_429' title='bbox 550 3688 781 3744; x_wconf 86' lang='lat' dir='ltr'><strong>Secreta.</strong></span> <span class='ocrx_word' id='word_1_430' title='bbox 812 3686 947 3752; x_wconf 92' lang='lat' dir='ltr'><strong>Tua,</strong></span> <span class='ocrx_word' id='word_1_431' title='bbox 977 3686 1224 3751; x_wconf 87' lang='lat' dir='ltr'><strong>Domine,</strong></span> <span class='ocrx_word' id='word_1_432' title='bbox 1252 3686 1654 3756; x_wconf 89' lang='lat' dir='ltr'><strong>propitiatione,</strong></span> <span class='ocrx_word' id='word_1_433' title='bbox 1677 3698 1733 3742; x_wconf 89' lang='lat' dir='ltr'><strong>et</strong></span> <span class='ocrx_word' id='word_1_434' title='bbox 1762 3687 1930 3743; x_wconf 71' lang='lat' dir='ltr'><strong>beata:</strong></span> <span class='ocrx_word' id='word_1_435' title='bbox 1957 3686 2061 3740; x_wconf 80' lang='lat' dir='ltr'><strong>Ma-</strong></span> 
     </span>
    </p>
   </div>
   <div class='ocr_carea' id='block_1_69' title="bbox 480 3776 2061 3849">
    <p class='ocr_par' dir='ltr' id='par_1_69' title="bbox 480 3776 2061 3849">
     <span class='ocr_line' id='line_1_69' title="bbox 480 3776 2061 3849; baseline -0.003 -14"><span class='ocrx_word' id='word_1_436' title='bbox 480 3781 573 3835; x_wconf 65' lang='lat' dir='ltr'><strong>ria:</strong></span> <span class='ocrx_word' id='word_1_437' title='bbox 601 3794 815 3849; x_wconf 85' lang='lat' dir='ltr'><strong>semper</strong></span> <span class='ocrx_word' id='word_1_438' title='bbox 841 3777 1063 3849; x_wconf 87' lang='lat' dir='ltr'><strong>virginis</strong></span> <span class='ocrx_word' id='word_1_439' title='bbox 1093 3776 1499 3841; x_wconf 87' lang='lat' dir='ltr'><strong>intercessione,</strong></span> <span class='ocrx_word' id='word_1_440' title='bbox 1530 3777 1596 3831; x_wconf 90' lang='lat' dir='ltr'><strong>ad</strong></span> <span class='ocrx_word' id='word_1_441' title='bbox 1635 3785 1953 3847; x_wconf 88' lang='lat' dir='ltr'><strong>perpetuam</strong></span> <span class='ocrx_word' id='word_1_442' title='bbox 1980 3785 2061 3830; x_wconf 89' lang='lat' dir='ltr'><strong>at-</strong></span> 
     </span>
    </p>
   </div>
   <div class='ocr_carea' id='block_1_70' title="bbox 478 3868 2062 3943">
    <p class='ocr_par' dir='ltr' id='par_1_70' title="bbox 478 3868 2062 3943">
     <span class='ocr_line' id='line_1_70' title="bbox 478 3868 2062 3943; baseline -0.002 -17"><span class='ocrx_word' id='word_1_443' title='bbox 478 3888 584 3943; x_wconf 88' lang='lat' dir='ltr'><strong>que</strong></span> <span class='ocrx_word' id='word_1_444' title='bbox 610 3880 934 3943; x_wconf 63' lang='lat' dir='ltr'><strong>praesentem</strong></span> <span class='ocrx_word' id='word_1_445' title='bbox 976 3870 1089 3925; x_wconf 69' lang='lat' dir='ltr'><strong>haec</strong></span> <span class='ocrx_word' id='word_1_446' title='bbox 1131 3868 1333 3924; x_wconf 89' lang='lat' dir='ltr'><strong>oblatio</strong></span> <span class='ocrx_word' id='word_1_447' title='bbox 1374 3870 1531 3924; x_wconf 91' lang='lat' dir='ltr'><strong>nobis</strong></span> <span class='ocrx_word' id='word_1_448' title='bbox 1569 3870 1819 3940; x_wconf 83' lang='lat' dir='ltr'><strong>proficiat</strong></span> <span class='ocrx_word' id='word_1_449' title='bbox 1845 3884 2062 3942; x_wconf 90' lang='lat' dir='ltr'><strong>prospe-</strong></span> 
     </span>
    </p>
   </div>
   <div class='ocr_carea' id='block_1_71' title="bbox 482 3961 1462 4017">
    <p class='ocr_par' dir='ltr' id='par_1_71' title="bbox 482 3961 1462 4017">
     <span class='ocr_line' id='line_1_71' title="bbox 482 3961 1462 4017; baseline -0.004 0"><span class='ocrx_word' id='word_1_450' title='bbox 482 3964 716 4017; x_wconf 87' lang='lat' dir='ltr'><strong>ritatem.</strong></span> <span class='ocrx_word' id='word_1_451' title='bbox 749 3961 853 4016; x_wconf 86' lang='lat' dir='ltr'><strong>Per</strong></span> <span class='ocrx_word' id='word_1_452' title='bbox 878 3961 1167 4015; x_wconf 91' lang='lat' dir='ltr'><strong>Dominum</strong></span> <span class='ocrx_word' id='word_1_453' title='bbox 1195 3968 1462 4015; x_wconf 88' lang='lat' dir='ltr'><strong>nostrum.</strong></span> 
     </span>
    </p>
   </div>
   <div class='ocr_carea' id='block_1_72' title="bbox 558 4051 2064 4122">
    <p class='ocr_par' dir='ltr' id='par_1_72' title="bbox 558 4051 2064 4122">
     <span class='ocr_line' id='line_1_72' title="bbox 558 4051 2064 4122; baseline 0.001 -17"><span class='ocrx_word' id='word_1_454' title='bbox 558 4052 951 4108; x_wconf 87' lang='lat' dir='ltr'><strong>Postcommun.</strong></span> <span class='ocrx_word' id='word_1_455' title='bbox 1013 4051 1275 4122; x_wconf 89' lang='lat' dir='ltr'><strong>Sumptis,</strong></span> <span class='ocrx_word' id='word_1_456' title='bbox 1341 4052 1585 4117; x_wconf 84' lang='lat' dir='ltr'><strong>Domine,</strong></span> <span class='ocrx_word' id='word_1_457' title='bbox 1644 4052 1835 4107; x_wconf 89' lang='lat' dir='ltr'><strong>salutis</strong></span> <span class='ocrx_word' id='word_1_458' title='bbox 1866 4063 2064 4107; x_wconf 71' lang='lat' dir='ltr'><strong>nostra:</strong></span> 
     </span>
    </p>
   </div>
   <div class='ocr_carea' id='block_1_73' title="bbox 481 4141 2066 4213">
    <p class='ocr_par' dir='ltr' id='par_1_73' title="bbox 481 4141 2066 4213">
     <span class='ocr_line' id='line_1_73' title="bbox 481 4141 2066 4213; baseline 0 -16"><span class='ocrx_word' id='word_1_459' title='bbox 481 4143 756 4207; x_wconf 88' lang='lat' dir='ltr'><strong>subsidiis,</strong></span> <span class='ocrx_word' id='word_1_460' title='bbox 802 4142 891 4208; x_wconf 90' lang='lat' dir='ltr'><strong>da,</strong></span> <span class='ocrx_word' id='word_1_461' title='bbox 947 4157 1276 4212; x_wconf 61' lang='lat' dir='ltr'><strong>quesumus,</strong></span> <span class='ocrx_word' id='word_1_462' title='bbox 1321 4141 1436 4211; x_wconf 88' lang='lat' dir='ltr'><strong>ejus</strong></span> <span class='ocrx_word' id='word_1_463' title='bbox 1460 4144 1775 4213; x_wconf 86' lang='lat' dir='ltr'><strong>patrociniis</strong></span> <span class='ocrx_word' id='word_1_464' title='bbox 1822 4159 1920 4199; x_wconf 90' lang='lat' dir='ltr'><strong>nos</strong></span> <span class='ocrx_word' id='word_1_465' title='bbox 1948 4144 2066 4198; x_wconf 90' lang='lat' dir='ltr'><strong>ubi-</strong></span> 
     </span>
    </p>
   </div>
   <div class='ocr_carea' id='block_1_74' title="bbox 481 4232 2065 4304">
    <p class='ocr_par' dir='ltr' id='par_1_74' title="bbox 481 4232 2065 4304">
     <span class='ocr_line' id='line_1_74' title="bbox 481 4232 2065 4304; baseline 0.001 -16"><span class='ocrx_word' id='word_1_466' title='bbox 481 4250 587 4304; x_wconf 89' lang='lat' dir='ltr'><strong>que</strong></span> <span class='ocrx_word' id='word_1_467' title='bbox 611 4234 836 4304; x_wconf 89' lang='lat' dir='ltr'><strong>protegi,</strong></span> <span class='ocrx_word' id='word_1_468' title='bbox 868 4233 919 4288; x_wconf 92' lang='lat' dir='ltr'><strong>in</strong></span> <span class='ocrx_word' id='word_1_469' title='bbox 950 4232 1105 4301; x_wconf 85' lang='lat' dir='ltr'><strong>cujus</strong></span> <span class='ocrx_word' id='word_1_470' title='bbox 1133 4234 1482 4290; x_wconf 89' lang='lat' dir='ltr'><strong>veneratione</strong></span> <span class='ocrx_word' id='word_1_471' title='bbox 1511 4235 1623 4290; x_wconf 75' lang='lat' dir='ltr'><strong>hcec</strong></span> <span class='ocrx_word' id='word_1_472' title='bbox 1643 4244 1746 4291; x_wconf 71' lang='lat' dir='ltr'><strong>tua:</strong></span> <span class='ocrx_word' id='word_1_473' title='bbox 1774 4235 2065 4291; x_wconf 91' lang='lat' dir='ltr'><strong>obtulimus</strong></span> 
     </span>
    </p>
   </div>
   <div class='ocr_carea' id='block_1_75' title="bbox 486 4320 935 4390">
    <p class='ocr_par' dir='ltr' id='par_1_75' title="bbox 486 4320 935 4390">
     <span class='ocr_line' id='line_1_75' title="bbox 486 4320 935 4390; baseline -0.004 -14"><span class='ocrx_word' id='word_1_474' title='bbox 486 4321 781 4390; x_wconf 84' lang='lat' dir='ltr'><strong>majestati.</strong></span> <span class='ocrx_word' id='word_1_475' title='bbox 814 4320 935 4375; x_wconf 91' lang='lat' dir='ltr'><strong>Per.</strong></span> 
     </span>
    </p>
   </div>
   <div class='ocr_carea' id='block_1_76' title="bbox 559 4412 2150 4499">
    <p class='ocr_par' dir='ltr' id='par_1_76' title="bbox 559 4412 2150 4499">
     <span class='ocr_line' id='line_1_76' title="bbox 559 4412 2150 4499; baseline 0.001 -31"><span class='ocrx_word' id='word_1_476' title='bbox 559 4413 663 4486; x_wconf 69' lang='grc'><strong>14</strong></span> <span class='ocrx_word' id='word_1_477' title='bbox 699 4412 870 4484; x_wconf 82' lang='lat' dir='ltr'><strong>Super</strong></span> <span class='ocrx_word' id='word_1_478' title='bbox 895 4412 1162 4483; x_wconf 79' lang='lat' dir='ltr'><strong>populum.</strong></span> <span class='ocrx_word' id='word_1_479' title='bbox 1217 4413 1568 4485; x_wconf 89' lang='lat' dir='ltr'><strong>Omnipotens</strong></span> <span class='ocrx_word' id='word_1_480' title='bbox 1616 4416 1779 4481; x_wconf 90' lang='lat' dir='ltr'><strong>Deus,</strong></span> <span class='ocrx_word' id='word_1_481' title='bbox 1840 4415 2068 4471; x_wconf 84' lang='lat' dir='ltr'><strong>famulos</strong></span> <span class='ocrx_word' id='word_1_482' title='bbox 2103 4441 2150 4499; x_wconf 76' lang='grc' dir='ltr'><strong>ο</strong></span> 
     </span>
    </p>
   </div>
   <div class='ocr_carea' id='block_1_77' title="bbox 488 4508 2074 4580">
    <p class='ocr_par' dir='ltr' id='par_1_77' title="bbox 488 4508 2074 4580">
     <span class='ocr_line' id='line_1_77' title="bbox 488 4508 2074 4580; baseline 0.001 -17"><span class='ocrx_word' id='word_1_483' title='bbox 488 4519 607 4564; x_wconf 92' lang='lat' dir='ltr'><strong>tuos</strong></span> <span class='ocrx_word' id='word_1_484' title='bbox 632 4508 855 4563; x_wconf 76' lang='lat' dir='ltr'><strong>dextera</strong></span> <span class='ocrx_word' id='word_1_485' title='bbox 885 4508 1142 4577; x_wconf 73' lang='lat' dir='ltr'><strong>potentia:</strong></span> <span class='ocrx_word' id='word_1_486' title='bbox 1171 4517 1275 4563; x_wconf 67' lang='lat' dir='ltr'><strong>tua:</strong></span> <span class='ocrx_word' id='word_1_487' title='bbox 1299 4525 1329 4562; x_wconf 90' lang='lat' dir='ltr'><strong>a</strong></span> <span class='ocrx_word' id='word_1_488' title='bbox 1359 4511 1569 4565; x_wconf 90' lang='lat' dir='ltr'><strong>cunctis</strong></span> <span class='ocrx_word' id='word_1_489' title='bbox 1597 4519 1820 4580; x_wconf 87' lang='lat' dir='ltr'><strong>protege</strong></span> <span class='ocrx_word' id='word_1_490' title='bbox 1863 4512 2074 4580; x_wconf 90' lang='lat' dir='ltr'><strong>pericu-</strong></span> 
     </span>
    </p>
   </div>
   <div class='ocr_carea' id='block_1_78' title="bbox 486 4597 2075 4669">
    <p class='ocr_par' dir='ltr' id='par_1_78' title="bbox 486 4597 2075 4669">
     <span class='ocr_line' id='line_1_78' title="bbox 486 4597 2075 4669; baseline 0.003 -17"><span class='ocrx_word' id='word_1_491' title='bbox 486 4599 572 4664; x_wconf 90' lang='lat' dir='ltr'><strong>lis,</strong></span> <span class='ocrx_word' id='word_1_492' title='bbox 599 4608 654 4654; x_wconf 90' lang='lat' dir='ltr'><strong>et</strong></span> <span class='ocrx_word' id='word_1_493' title='bbox 677 4600 835 4653; x_wconf 88' lang='lat' dir='ltr'><strong>beata</strong></span> <span class='ocrx_word' id='word_1_494' title='bbox 863 4597 1029 4653; x_wconf 81' lang='lat' dir='ltr'><strong>Maria</strong></span> <span class='ocrx_word' id='word_1_495' title='bbox 1060 4614 1274 4669; x_wconf 87' lang='lat' dir='ltr'><strong>semper</strong></span> <span class='ocrx_word' id='word_1_496' title='bbox 1316 4599 1522 4669; x_wconf 88' lang='lat' dir='ltr'><strong>virgine</strong></span> <span class='ocrx_word' id='word_1_497' title='bbox 1566 4600 1957 4665; x_wconf 89' lang='lat' dir='ltr'><strong>intercedente,</strong></span> <span class='ocrx_word' id='word_1_498' title='bbox 1989 4601 2075 4656; x_wconf 90' lang='lat' dir='ltr'><strong>fac</strong></span> 
     </span>
    </p>
   </div>
   <div class='ocr_carea' id='block_1_79' title="bbox 488 4688 2001 4759">
    <p class='ocr_par' dir='ltr' id='par_1_79' title="bbox 488 4688 2001 4759">
     <span class='ocr_line' id='line_1_79' title="bbox 488 4688 2001 4759; baseline -0.001 -15"><span class='ocrx_word' id='word_1_499' title='bbox 488 4703 587 4744; x_wconf 90' lang='lat' dir='ltr'><strong>nos</strong></span> <span class='ocrx_word' id='word_1_500' title='bbox 612 4689 865 4758; x_wconf 64' lang='lat' dir='ltr'><strong>praesenti</strong></span> <span class='ocrx_word' id='word_1_501' title='bbox 896 4688 1129 4759; x_wconf 89' lang='lat' dir='ltr'><strong>gaudere</strong></span> <span class='ocrx_word' id='word_1_502' title='bbox 1155 4688 1518 4759; x_wconf 87' lang='lat' dir='ltr'><strong>prosperitate</strong></span> <span class='ocrx_word' id='word_1_503' title='bbox 1548 4696 1603 4743; x_wconf 91' lang='lat' dir='ltr'><strong>et</strong></span> <span class='ocrx_word' id='word_1_504' title='bbox 1624 4696 1847 4743; x_wconf 71' lang='lat' dir='ltr'><strong>azterna.</strong></span> <span class='ocrx_word' id='word_1_505' title='bbox 1879 4688 2001 4743; x_wconf 90' lang='lat' dir='ltr'><strong>Per.</strong></span> 
     </span>
    </p>
   </div>
   <div class='ocr_carea' id='block_1_80' title="bbox 587 4798 1974 4855">
    <p class='ocr_par' dir='ltr' id='par_1_80' title="bbox 587 4798 1974 4855">
     <span class='ocr_line' id='line_1_80' title="bbox 587 4798 1974 4855; baseline 0.003 -4"><span class='ocrx_word' id='word_1_506' title='bbox 587 4798 723 4853; x_wconf 82' lang='lat' dir='ltr'><strong>Item</strong></span> <span class='ocrx_word' id='word_1_507' title='bbox 748 4801 909 4855; x_wconf 85' lang='lat' dir='ltr'><strong>missa</strong></span> <span class='ocrx_word' id='word_1_508' title='bbox 941 4801 996 4854; x_wconf 86' lang='lat' dir='ltr'><strong>in</strong></span> <span class='ocrx_word' id='word_1_509' title='bbox 1029 4800 1519 4854; x_wconf 82' lang='lat' dir='ltr'><strong>commemoratione</strong></span> <span class='ocrx_word' id='word_1_510' title='bbox 1542 4810 1739 4855; x_wconf 72' lang='lat' dir='ltr'><strong>sanctw</strong></span> <span class='ocrx_word' id='word_1_511' title='bbox 1768 4799 1974 4855; x_wconf 70' lang='lat' dir='ltr'><strong>Maria&#39;.</strong></span> 
     </span>
    </p>
   </div>
   <div class='ocr_carea' id='block_1_81' title="bbox 562 4907 2072 4980">
    <p class='ocr_par' dir='ltr' id='par_1_81' title="bbox 562 4907 2072 4980">
     <span class='ocr_line' id='line_1_81' title="bbox 562 4907 2072 4980; baseline 0.001 -17"><span class='ocrx_word' id='word_1_512' title='bbox 562 4907 908 4963; x_wconf 84' lang='lat' dir='ltr'><strong>Famulorum</strong></span> <span class='ocrx_word' id='word_1_513' title='bbox 938 4916 1178 4975; x_wconf 87' lang='lat' dir='ltr'><strong>tuorum,</strong></span> <span class='ocrx_word' id='word_1_514' title='bbox 1225 4926 1553 4980; x_wconf 64' lang='lat' dir='ltr'><strong>quassumus,</strong></span> <span class='ocrx_word' id='word_1_515' title='bbox 1592 4909 1807 4965; x_wconf 79' lang='lat' dir='ltr'><strong>delictis</strong></span> <span class='ocrx_word' id='word_1_516' title='bbox 1836 4910 2072 4980; x_wconf 84' lang='lat' dir='ltr'><strong>ignosce,</strong></span> 
     </span>
    </p>
   </div>
   <div class='ocr_carea' id='block_1_82' title="bbox 492 4999 2078 5071">
    <p class='ocr_par' dir='ltr' id='par_1_82' title="bbox 492 4999 2078 5071">
     <span class='ocr_line' id='line_1_82' title="bbox 492 4999 2078 5071; baseline -0.002 -15"><span class='ocrx_word' id='word_1_517' title='bbox 492 5011 546 5057; x_wconf 89' lang='lat' dir='ltr'><strong>et</strong></span> <span class='ocrx_word' id='word_1_518' title='bbox 566 5003 659 5071; x_wconf 91' lang='lat' dir='ltr'><strong>qui</strong></span> <span class='ocrx_word' id='word_1_519' title='bbox 688 5000 902 5070; x_wconf 87' lang='lat' dir='ltr'><strong>placere</strong></span> <span class='ocrx_word' id='word_1_520' title='bbox 929 5000 995 5054; x_wconf 90' lang='lat' dir='ltr'><strong>de</strong></span> <span class='ocrx_word' id='word_1_521' title='bbox 1024 5001 1236 5055; x_wconf 90' lang='lat' dir='ltr'><strong>actibus</strong></span> <span class='ocrx_word' id='word_1_522' title='bbox 1266 5002 1467 5055; x_wconf 90' lang='lat' dir='ltr'><strong>nostris</strong></span> <span class='ocrx_word' id='word_1_523' title='bbox 1497 5017 1605 5055; x_wconf 90' lang='lat' dir='ltr'><strong>non</strong></span> <span class='ocrx_word' id='word_1_524' title='bbox 1636 5001 1898 5065; x_wconf 87' lang='lat' dir='ltr'><strong>valemus,</strong></span> <span class='ocrx_word' id='word_1_525' title='bbox 1928 4999 2078 5070; x_wconf 84' lang='lat' dir='ltr'><strong>geni-</strong></span> 
     </span>
    </p>
   </div>
   <div class='ocr_carea' id='block_1_83' title="bbox 495 5090 2079 5148">
    <p class='ocr_par' dir='ltr' id='par_1_83' title="bbox 495 5090 2079 5148">
     <span class='ocr_line' id='line_1_83' title="bbox 495 5090 2079 5148; baseline -0.003 0"><span class='ocrx_word' id='word_1_526' title='bbox 495 5093 647 5148; x_wconf 88' lang='lat' dir='ltr'><strong>tricis</strong></span> <span class='ocrx_word' id='word_1_527' title='bbox 678 5090 793 5145; x_wconf 83' lang='lat' dir='ltr'><strong>Filii</strong></span> <span class='ocrx_word' id='word_1_528' title='bbox 826 5091 901 5145; x_wconf 89' lang='lat' dir='ltr'><strong>tui</strong></span> <span class='ocrx_word' id='word_1_529' title='bbox 948 5090 1160 5144; x_wconf 89' lang='lat' dir='ltr'><strong>Domini</strong></span> <span class='ocrx_word' id='word_1_530' title='bbox 1200 5092 1370 5145; x_wconf 83' lang='lat' dir='ltr'><strong>nostri</strong></span> <span class='ocrx_word' id='word_1_531' title='bbox 1416 5090 1545 5146; x_wconf 85' lang='lat' dir='ltr'><strong>Jesu</strong></span> <span class='ocrx_word' id='word_1_532' title='bbox 1587 5090 1787 5145; x_wconf 84' lang='lat' dir='ltr'><strong>Christi</strong></span> <span class='ocrx_word' id='word_1_533' title='bbox 1824 5091 2079 5144; x_wconf 85' lang='lat' dir='ltr'><strong>interces-</strong></span> 
     </span>
    </p>
   </div>
   <div class='ocr_carea' id='block_1_84' title="bbox 495 5180 2075 5253">
    <p class='ocr_par' dir='ltr' id='par_1_84' title="bbox 495 5180 2075 5253">
     <span class='ocr_line' id='line_1_84' title="bbox 495 5180 2075 5253; baseline -0.003 -14"><span class='ocrx_word' id='word_1_534' title='bbox 495 5184 670 5248; x_wconf 84' lang='lat' dir='ltr'><strong>sione,</strong></span> <span class='ocrx_word' id='word_1_535' title='bbox 698 5197 818 5253; x_wconf 69' lang='lat' dir='ltr'><strong>quze</strong></span> <span class='ocrx_word' id='word_1_536' title='bbox 863 5181 960 5235; x_wconf 89' lang='lat' dir='ltr'><strong>tibi</strong></span> <span class='ocrx_word' id='word_1_537' title='bbox 1026 5188 1153 5234; x_wconf 88' lang='lat' dir='ltr'><strong>sunt</strong></span> <span class='ocrx_word' id='word_1_538' title='bbox 1203 5180 1403 5249; x_wconf 86' lang='lat' dir='ltr'><strong>placita</strong></span> <span class='ocrx_word' id='word_1_539' title='bbox 1457 5196 1672 5250; x_wconf 89' lang='lat' dir='ltr'><strong>semper</strong></span> <span class='ocrx_word' id='word_1_540' title='bbox 1731 5180 2075 5246; x_wconf 79' lang='lat' dir='ltr'><strong>meditantes,</strong></span> 
     </span>
    </p>
   </div>
   <div class='ocr_carea' id='block_1_85' title="bbox 499 5267 2075 5341">
    <p class='ocr_par' dir='ltr' id='par_1_85' title="bbox 499 5267 2075 5341">
     <span class='ocr_line' id='line_1_85' title="bbox 499 5267 2075 5341; baseline -0.004 -14"><span class='ocrx_word' id='word_1_541' title='bbox 499 5273 701 5328; x_wconf 88' lang='lat' dir='ltr'><strong>mundo</strong></span> <span class='ocrx_word' id='word_1_542' title='bbox 724 5272 887 5326; x_wconf 76' lang='lat' dir='ltr'><strong>corde</strong></span> <span class='ocrx_word' id='word_1_543' title='bbox 926 5270 1126 5341; x_wconf 74' lang='lat' dir='ltr'><strong>iugiter</strong></span> <span class='ocrx_word' id='word_1_544' title='bbox 1152 5278 1209 5323; x_wconf 93' lang='lat' dir='ltr'><strong>et</strong></span> <span class='ocrx_word' id='word_1_545' title='bbox 1228 5268 1389 5323; x_wconf 89' lang='lat' dir='ltr'><strong>dictis</strong></span> <span class='ocrx_word' id='word_1_546' title='bbox 1427 5284 1787 5339; x_wconf 77' lang='lat' dir='ltr'><strong>exsequamur</strong></span> <span class='ocrx_word' id='word_1_547' title='bbox 1807 5278 1864 5321; x_wconf 89' lang='lat' dir='ltr'><strong>et</strong></span> <span class='ocrx_word' id='word_1_548' title='bbox 1903 5267 2075 5321; x_wconf 89' lang='lat' dir='ltr'><strong>factis.</strong></span> 
     </span>
    </p>
   </div>
   <div class='ocr_carea' id='block_1_86' title="bbox 572 5360 2077 5430">
    <p class='ocr_par' dir='ltr' id='par_1_86' title="bbox 572 5360 2077 5430">
     <span class='ocr_line' id='line_1_86' title="bbox 572 5360 2077 5430; baseline -0.004 -11"><span class='ocrx_word' id='word_1_549' title='bbox 572 5362 800 5419; x_wconf 83' lang='lat' dir='ltr'><strong>Secreta.</strong></span> <span class='ocrx_word' id='word_1_550' title='bbox 825 5362 1200 5419; x_wconf 75' lang='lat' dir='ltr'><strong>Oblationibus</strong></span> <span class='ocrx_word' id='word_1_551' title='bbox 1226 5361 1448 5425; x_wconf 88' lang='lat' dir='ltr'><strong>nostris,</strong></span> <span class='ocrx_word' id='word_1_552' title='bbox 1471 5377 1800 5430; x_wconf 67' lang='lat' dir='ltr'><strong>qutesumus,</strong></span> <span class='ocrx_word' id='word_1_553' title='bbox 1831 5360 2077 5425; x_wconf 85' lang='lat' dir='ltr'><strong>Domine,</strong></span> 
     </span>
    </p>
   </div>
   <div class='ocr_carea' id='block_1_87' title="bbox 500 5449 2080 5525">
    <p class='ocr_par' dir='ltr' id='par_1_87' title="bbox 500 5449 2080 5525">
     <span class='ocr_line' id='line_1_87' title="bbox 500 5449 2080 5525; baseline -0.004 -17"><span class='ocrx_word' id='word_1_554' title='bbox 500 5455 860 5525; x_wconf 82' lang='lat' dir='ltr'><strong>precibusque</strong></span> <span class='ocrx_word' id='word_1_555' title='bbox 923 5453 1207 5523; x_wconf 88' lang='lat' dir='ltr'><strong>susceptis,</strong></span> <span class='ocrx_word' id='word_1_556' title='bbox 1270 5452 1637 5506; x_wconf 83' lang='lat' dir='ltr'><strong>intercedente</strong></span> <span class='ocrx_word' id='word_1_557' title='bbox 1694 5453 1855 5506; x_wconf 86' lang='lat' dir='ltr'><strong>beata</strong></span> <span class='ocrx_word' id='word_1_558' title='bbox 1914 5449 2080 5503; x_wconf 77' lang='lat' dir='ltr'><strong>Maria</strong></span> 
     </span>
    </p>
   </div>
   <div class='ocr_carea' id='block_1_88' title="bbox 499 5524 2095 5611">
    <p class='ocr_par' dir='ltr' id='par_1_88' title="bbox 499 5524 2095 5611">
     <span class='ocr_line' id='line_1_88' title="bbox 499 5524 2095 5611; baseline 0 -18"><span class='ocrx_word' id='word_1_559' title='bbox 499 5556 714 5610; x_wconf 88' lang='lat' dir='ltr'><strong>semper</strong></span> <span class='ocrx_word' id='word_1_560' title='bbox 741 5542 968 5609; x_wconf 86' lang='lat' dir='ltr'><strong>virgine,</strong></span> <span class='ocrx_word' id='word_1_561' title='bbox 992 5552 1216 5611; x_wconf 90' lang='lat' dir='ltr'><strong>peccata</strong></span> <span class='ocrx_word' id='word_1_562' title='bbox 1257 5553 1444 5596; x_wconf 87' lang='lat' dir='ltr'><strong>nostra</strong></span> <span class='ocrx_word' id='word_1_563' title='bbox 1474 5542 1822 5605; x_wconf 79' lang='lat' dir='ltr'><strong>mandentur,</strong></span> <span class='ocrx_word' id='word_1_564' title='bbox 1852 5548 1908 5594; x_wconf 91' lang='lat' dir='ltr'><strong>et</strong></span> <span class='ocrx_word' id='word_1_565' title='bbox 1932 5540 1999 5593; x_wconf 88' lang='lat' dir='ltr'><strong>ad</strong></span> <span class='ocrx_word' id='word_1_566' title='bbox 2030 5524 2095 5593; x_wconf 38' lang='lat' dir='ltr'><strong>te,</strong></span> 
     </span>
    </p>
   </div>
   <div class='ocr_carea' id='block_1_89' title="bbox 503 5632 2079 5705">
    <p class='ocr_par' dir='ltr' id='par_1_89' title="bbox 503 5632 2079 5705">
     <span class='ocr_line' id='line_1_89' title="bbox 503 5632 2079 5705; baseline -0.002 -17"><span class='ocrx_word' id='word_1_567' title='bbox 503 5640 719 5688; x_wconf 86' lang='lat' dir='ltr'><strong>nostras</strong></span> <span class='ocrx_word' id='word_1_568' title='bbox 740 5635 907 5688; x_wconf 81' lang='lat' dir='ltr'><strong>etiam</strong></span> <span class='ocrx_word' id='word_1_569' title='bbox 935 5636 1163 5689; x_wconf 67' lang='lat' dir='ltr'><strong>rebelles</strong></span> <span class='ocrx_word' id='word_1_570' title='bbox 1182 5635 1445 5705; x_wconf 87' lang='lat' dir='ltr'><strong>compelle</strong></span> <span class='ocrx_word' id='word_1_571' title='bbox 1465 5634 1732 5704; x_wconf 90' lang='lat' dir='ltr'><strong>propitius</strong></span> <span class='ocrx_word' id='word_1_572' title='bbox 1753 5632 2079 5697; x_wconf 85' lang='lat' dir='ltr'><strong>voluntates,</strong></span> 
     </span>
    </p>
   </div>
   <div class='ocr_carea' id='block_1_90' title="bbox 507 5722 1632 5794">
    <p class='ocr_par' dir='ltr' id='par_1_90' title="bbox 507 5722 1632 5794">
     <span class='ocr_line' id='line_1_90' title="bbox 507 5722 1632 5794; baseline 0 -17"><span class='ocrx_word' id='word_1_573' title='bbox 507 5722 779 5793; x_wconf 79' lang='lat' dir='ltr'><strong>vitamque</strong></span> <span class='ocrx_word' id='word_1_574' title='bbox 800 5723 953 5781; x_wconf 79' lang='lat' dir='ltr'><strong>nobis</strong></span> <span class='ocrx_word' id='word_1_575' title='bbox 982 5723 1177 5794; x_wconf 83' lang='lat' dir='ltr'><strong>largire</strong></span> <span class='ocrx_word' id='word_1_576' title='bbox 1204 5733 1479 5777; x_wconf 83' lang='lat' dir='ltr'><strong>aeternam.</strong></span> <span class='ocrx_word' id='word_1_577' title='bbox 1516 5724 1632 5777; x_wconf 82' lang='lat' dir='ltr'><strong>Per.</strong></span> 
     </span>
    </p>
   </div>
   <div class='ocr_carea' id='block_1_91' title="bbox 2168 3159 3768 3233">
    <p class='ocr_par' dir='ltr' id='par_1_91' title="bbox 2168 3159 3768 3233">
     <span class='ocr_line' id='line_1_91' title="bbox 2168 3159 3768 3233; baseline 0.004 -21"><span class='ocrx_word' id='word_1_578' title='bbox 2168 3169 2481 3213; x_wconf 63' lang='lat' dir='ltr'><strong>merentes.</strong></span> <span class='ocrx_word' id='word_1_579' title='bbox 2514 3159 2731 3215; x_wconf 82' lang='lat' dir='ltr'><strong>Placeat</strong></span> <span class='ocrx_word' id='word_1_580' title='bbox 2771 3160 2884 3229; x_wconf 82' lang='lat' dir='ltr'><strong>jam</strong></span> <span class='ocrx_word' id='word_1_581' title='bbox 2921 3170 3023 3215; x_wconf 72' lang='lat' dir='ltr'><strong>tum</strong></span> <span class='ocrx_word' id='word_1_582' title='bbox 3051 3163 3258 3232; x_wconf 86' lang='lat' dir='ltr'><strong>pietati,</strong></span> <span class='ocrx_word' id='word_1_583' title='bbox 3291 3164 3501 3233; x_wconf 89' lang='lat' dir='ltr'><strong>eripere</strong></span> <span class='ocrx_word' id='word_1_584' title='bbox 3529 3162 3768 3233; x_wconf 70' lang='lat' dir='ltr'><strong>oppres—</strong></span> 
     </span>
    </p>
   </div>
   <div class='ocr_carea' id='block_1_92' title="bbox 2167 3252 3768 3324">
    <p class='ocr_par' dir='ltr' id='par_1_92' title="bbox 2167 3252 3768 3324">
     <span class='ocr_line' id='line_1_92' title="bbox 2167 3252 3768 3324; baseline 0.003 -20"><span class='ocrx_word' id='word_1_585' title='bbox 2167 3264 2277 3314; x_wconf 88' lang='lat' dir='ltr'><strong>sos,</strong></span> <span class='ocrx_word' id='word_1_586' title='bbox 2309 3265 2566 3304; x_wconf 85' lang='lat' dir='ltr'><strong>revocare</strong></span> <span class='ocrx_word' id='word_1_587' title='bbox 2611 3253 2871 3321; x_wconf 85' lang='lat' dir='ltr'><strong>captivos,</strong></span> <span class='ocrx_word' id='word_1_588' title='bbox 2903 3252 3177 3307; x_wconf 74' lang='lat' dir='ltr'><strong>lmtificare</strong></span> <span class='ocrx_word' id='word_1_589' title='bbox 3228 3254 3282 3308; x_wconf 92' lang='lat' dir='ltr'><strong>in</strong></span> <span class='ocrx_word' id='word_1_590' title='bbox 3330 3255 3596 3324; x_wconf 85' lang='lat' dir='ltr'><strong>angustiis</strong></span> <span class='ocrx_word' id='word_1_591' title='bbox 3625 3270 3768 3309; x_wconf 81' lang='lat' dir='ltr'><strong>con-</strong></span> 
     </span>
    </p>
   </div>
   <div class='ocr_carea' id='block_1_93' title="bbox 2167 3342 3764 3416">
    <p class='ocr_par' dir='ltr' id='par_1_93' title="bbox 2167 3342 3764 3416">
     <span class='ocr_line' id='line_1_93' title="bbox 2167 3342 3764 3416; baseline 0.004 -21"><span class='ocrx_word' id='word_1_592' title='bbox 2167 3342 2401 3396; x_wconf 90' lang='lat' dir='ltr'><strong>stitutos.</strong></span> <span class='ocrx_word' id='word_1_593' title='bbox 2433 3342 2538 3396; x_wconf 89' lang='lat' dir='ltr'><strong>Per</strong></span> <span class='ocrx_word' id='word_1_594' title='bbox 2565 3342 2739 3411; x_wconf 89' lang='lat' dir='ltr'><strong>ipsum</strong></span> <span class='ocrx_word' id='word_1_595' title='bbox 2781 3351 2833 3398; x_wconf 91' lang='lat' dir='ltr'><strong>te</strong></span> <span class='ocrx_word' id='word_1_596' title='bbox 2862 3348 3100 3409; x_wconf 76' lang='lat' dir='ltr'><strong>oramus,</strong></span> <span class='ocrx_word' id='word_1_597' title='bbox 3146 3361 3357 3400; x_wconf 91' lang='lat' dir='ltr'><strong>summe</strong></span> <span class='ocrx_word' id='word_1_598' title='bbox 3387 3347 3565 3411; x_wconf 72' lang='lat' dir='ltr'><strong>Pamr,</strong></span> <span class='ocrx_word' id='word_1_599' title='bbox 3586 3361 3764 3416; x_wconf 83' lang='lat' dir='ltr'><strong>quem</strong></span> 
     </span>
    </p>
   </div>
   <div class='ocr_carea' id='block_1_94' title="bbox 2168 3435 3779 3510">
    <p class='ocr_par' dir='ltr' id='par_1_94' title="bbox 2168 3435 3779 3510">
     <span class='ocr_line' id='line_1_94' title="bbox 2168 3435 3779 3510; baseline 0.002 -22"><span class='ocrx_word' id='word_1_600' title='bbox 2168 3443 2346 3488; x_wconf 81' lang='lat' dir='ltr'><strong>tecum</strong></span> <span class='ocrx_word' id='word_1_601' title='bbox 2369 3442 2566 3489; x_wconf 91' lang='lat' dir='ltr'><strong>etcum</strong></span> <span class='ocrx_word' id='word_1_602' title='bbox 2590 3444 2782 3490; x_wconf 91' lang='lat' dir='ltr'><strong>sancto</strong></span> <span class='ocrx_word' id='word_1_603' title='bbox 2808 3435 3006 3507; x_wconf 88' lang='lat' dir='ltr'><strong>Spiritu</strong></span> <span class='ocrx_word' id='word_1_604' title='bbox 3038 3438 3343 3493; x_wconf 89' lang='lat' dir='ltr'><strong>collaudant</strong></span> <span class='ocrx_word' id='word_1_605' title='bbox 3394 3438 3636 3494; x_wconf 73' lang='lat' dir='ltr'><strong>cmlcstia</strong></span> <span class='ocrx_word' id='word_1_606' title='bbox 3661 3455 3779 3510; x_wconf 83' lang='lat' dir='ltr'><strong>pa-</strong></span> 
     </span>
    </p>
   </div>
   <div class='ocr_carea' id='block_1_95' title="bbox 2168 3525 3752 3604">
    <p class='ocr_par' dir='ltr' id='par_1_95' title="bbox 2168 3525 3752 3604">
     <span class='ocr_line' id='line_1_95' title="bbox 2168 3525 3752 3604; baseline 0.004 -26"><span class='ocrx_word' id='word_1_607' title='bbox 2168 3525 2300 3579; x_wconf 88' lang='lat' dir='ltr'><strong>riter</strong></span> <span class='ocrx_word' id='word_1_608' title='bbox 2324 3540 2389 3579; x_wconf 93' lang='lat' dir='ltr'><strong>ac</strong></span> <span class='ocrx_word' id='word_1_609' title='bbox 2422 3534 2660 3591; x_wconf 87' lang='lat' dir='ltr'><strong>terrena,</strong></span> <span class='ocrx_word' id='word_1_610' title='bbox 2691 3536 2747 3581; x_wconf 92' lang='lat' dir='ltr'><strong>et</strong></span> <span class='ocrx_word' id='word_1_611' title='bbox 2780 3528 2922 3583; x_wconf 84' lang='lat' dir='ltr'><strong>hunc</strong></span> <span class='ocrx_word' id='word_1_612' title='bbox 2952 3529 3209 3604; x_wconf 83' lang='lat' dir='ltr'><strong>hymnum</strong></span> <span class='ocrx_word' id='word_1_613' title='bbox 3248 3529 3389 3584; x_wconf 73' lang='lat' dir='ltr'><strong>dulci</strong></span> <span class='ocrx_word' id='word_1_614' title='bbox 3419 3530 3752 3585; x_wconf 86' lang='lat' dir='ltr'><strong>modulatio-</strong></span> 
     </span>
    </p>
   </div>
   <div class='ocr_carea' id='block_1_96' title="bbox 2170 3615 3769 3685">
    <p class='ocr_par' dir='ltr' id='par_1_96' title="bbox 2170 3615 3769 3685">
     <span class='ocr_line' id='line_1_96' title="bbox 2170 3615 3769 3685; baseline 0.002 -15"><span class='ocrx_word' id='word_1_615' title='bbox 2170 3630 2238 3670; x_wconf 93' lang='lat' dir='ltr'><strong>ne</strong></span> <span class='ocrx_word' id='word_1_616' title='bbox 2284 3615 2636 3685; x_wconf 85' lang='lat' dir='ltr'><strong>proclamant,</strong></span> <span class='ocrx_word' id='word_1_617' title='bbox 2689 3618 2972 3673; x_wconf 90' lang='lat' dir='ltr'><strong>dicentes:</strong></span> <span class='ocrx_word' id='word_1_618' title='bbox 3018 3618 3272 3683; x_wconf 90' lang='lat' dir='ltr'><strong>Sanctus,</strong></span> <span class='ocrx_word' id='word_1_619' title='bbox 3315 3618 3568 3685; x_wconf 87' lang='lat' dir='ltr'><strong>Sanctus,</strong></span> <span class='ocrx_word' id='word_1_620' title='bbox 3613 3617 3769 3673; x_wconf 88' lang='lat' dir='ltr'><strong>San-</strong></span> 
     </span>
    </p>
   </div>
   <div class='ocr_carea' id='block_1_97' title="bbox 2169 3706 2998 3771">
    <p class='ocr_par' dir='ltr' id='par_1_97' title="bbox 2169 3706 2998 3771">
     <span class='ocr_line' id='line_1_97' title="bbox 2169 3706 2998 3771; baseline 0.005 -11"><span class='ocrx_word' id='word_1_621' title='bbox 2169 3715 2309 3771; x_wconf 89' lang='lat' dir='ltr'><strong>ctus,</strong></span> <span class='ocrx_word' id='word_1_622' title='bbox 2339 3706 2564 3761; x_wconf 90' lang='lat' dir='ltr'><strong>Domine</strong></span> <span class='ocrx_word' id='word_1_623' title='bbox 2578 3707 2719 3762; x_wconf 89' lang='lat' dir='ltr'><strong>Deus</strong></span> <span class='ocrx_word' id='word_1_624' title='bbox 2740 3707 2998 3764; x_wconf 88' lang='lat' dir='ltr'><strong>Sabaoth.</strong></span> 
     </span>
    </p>
   </div>
   <div class='ocr_carea' id='block_1_98' title="bbox 2243 3795 3771 3871">
    <p class='ocr_par' dir='ltr' id='par_1_98' title="bbox 2243 3795 3771 3871">
     <span class='ocr_line' id='line_1_98' title="bbox 2243 3795 3771 3871; baseline 0.005 -21"><span class='ocrx_word' id='word_1_625' title='bbox 2243 3795 2632 3853; x_wconf 87' lang='lat' dir='ltr'><strong>Postcommttn.</strong></span> <span class='ocrx_word' id='word_1_626' title='bbox 2684 3798 3039 3870; x_wconf 89' lang='lat' dir='ltr'><strong>Omnipotens</strong></span> <span class='ocrx_word' id='word_1_627' title='bbox 3067 3800 3232 3864; x_wconf 89' lang='lat' dir='ltr'><strong>Deus,</strong></span> <span class='ocrx_word' id='word_1_628' title='bbox 3281 3800 3546 3871; x_wconf 89' lang='lat' dir='ltr'><strong>propitius</strong></span> <span class='ocrx_word' id='word_1_629' title='bbox 3573 3801 3771 3858; x_wconf 77' lang='lat' dir='ltr'><strong>cordis</strong></span> 
     </span>
    </p>
   </div>
   <div class='ocr_carea' id='block_1_99' title="bbox 2170 3889 3773 3961">
    <p class='ocr_par' dir='ltr' id='par_1_99' title="bbox 2170 3889 3773 3961">
     <span class='ocr_line' id='line_1_99' title="bbox 2170 3889 3773 3961; baseline 0.002 -18"><span class='ocrx_word' id='word_1_630' title='bbox 2170 3890 2341 3943; x_wconf 86' lang='lat' dir='ltr'><strong>nostri</strong></span> <span class='ocrx_word' id='word_1_631' title='bbox 2368 3889 2631 3959; x_wconf 89' lang='lat' dir='ltr'><strong>adspiciat</strong></span> <span class='ocrx_word' id='word_1_632' title='bbox 2678 3891 2927 3960; x_wconf 90' lang='lat' dir='ltr'><strong>gemitus,</strong></span> <span class='ocrx_word' id='word_1_633' title='bbox 2965 3899 3020 3945; x_wconf 90' lang='lat' dir='ltr'><strong>et</strong></span> <span class='ocrx_word' id='word_1_634' title='bbox 3046 3891 3394 3961; x_wconf 89' lang='lat' dir='ltr'><strong>petitionibus</strong></span> <span class='ocrx_word' id='word_1_635' title='bbox 3424 3892 3625 3945; x_wconf 90' lang='lat' dir='ltr'><strong>nostris</strong></span> <span class='ocrx_word' id='word_1_636' title='bbox 3646 3906 3773 3946; x_wconf 69' lang='lat' dir='ltr'><strong>sua:</strong></span> 
     </span>
    </p>
   </div>
   <div class='ocr_carea' id='block_1_100' title="bbox 2169 3979 3773 4051">
    <p class='ocr_par' dir='ltr' id='par_1_100' title="bbox 2169 3979 3773 4051">
     <span class='ocr_line' id='line_1_100' title="bbox 2169 3979 3773 4051; baseline 0.001 -18"><span class='ocrx_word' id='word_1_637' title='bbox 2169 3980 2385 4049; x_wconf 87' lang='lat' dir='ltr'><strong>pietatis</strong></span> <span class='ocrx_word' id='word_1_638' title='bbox 2411 3995 2597 4033; x_wconf 90' lang='lat' dir='ltr'><strong>aurem</strong></span> <span class='ocrx_word' id='word_1_639' title='bbox 2618 3979 2858 4046; x_wconf 88' lang='lat' dir='ltr'><strong>inclinet,</strong></span> <span class='ocrx_word' id='word_1_640' title='bbox 2890 3989 3052 4051; x_wconf 90' lang='lat' dir='ltr'><strong>atque</strong></span> <span class='ocrx_word' id='word_1_641' title='bbox 3078 3981 3146 4035; x_wconf 90' lang='lat' dir='ltr'><strong>ab</strong></span> <span class='ocrx_word' id='word_1_642' title='bbox 3170 3982 3318 4036; x_wconf 92' lang='lat' dir='ltr'><strong>omni</strong></span> <span class='ocrx_word' id='word_1_643' title='bbox 3348 3980 3602 4037; x_wconf 84' lang='lat' dir='ltr'><strong>defensos</strong></span> <span class='ocrx_word' id='word_1_644' title='bbox 3620 3995 3773 4035; x_wconf 74' lang='lat' dir='ltr'><strong>mte-</strong></span> 
     </span>
    </p>
   </div>
   <div class='ocr_carea' id='block_1_101' title="bbox 2173 4069 3775 4135">
    <p class='ocr_par' dir='ltr' id='par_1_101' title="bbox 2173 4069 3775 4135">
     <span class='ocr_line' id='line_1_101' title="bbox 2173 4069 3775 4135; baseline 0.002 -11"><span class='ocrx_word' id='word_1_645' title='bbox 2173 4086 2296 4124; x_wconf 90' lang='lat' dir='ltr'><strong>rore</strong></span> <span class='ocrx_word' id='word_1_646' title='bbox 2343 4086 2443 4125; x_wconf 91' lang='lat' dir='ltr'><strong>nos</strong></span> <span class='ocrx_word' id='word_1_647' title='bbox 2493 4069 2769 4135; x_wconf 68' lang='lat' dir='ltr'><strong>laetificet;</strong></span> <span class='ocrx_word' id='word_1_648' title='bbox 2802 4080 3041 4125; x_wconf 89' lang='lat' dir='ltr'><strong>mentem</strong></span> <span class='ocrx_word' id='word_1_649' title='bbox 3096 4082 3338 4127; x_wconf 85' lang='lat' dir='ltr'><strong>nostram</strong></span> <span class='ocrx_word' id='word_1_650' title='bbox 3386 4072 3775 4129; x_wconf 85' lang='lat' dir='ltr'><strong>miserationis</strong></span> 
     </span>
    </p>
   </div>
   <div class='ocr_carea' id='block_1_102' title="bbox 2173 4160 3772 4232">
    <p class='ocr_par' dir='ltr' id='par_1_102' title="bbox 2173 4160 3772 4232">
     <span class='ocr_line' id='line_1_102' title="bbox 2173 4160 3772 4232; baseline 0.001 -17"><span class='ocrx_word' id='word_1_651' title='bbox 2173 4175 2284 4215; x_wconf 81' lang='lat' dir='ltr'><strong>suae</strong></span> <span class='ocrx_word' id='word_1_652' title='bbox 2312 4160 2553 4215; x_wconf 89' lang='lat' dir='ltr'><strong>subsidio</strong></span> <span class='ocrx_word' id='word_1_653' title='bbox 2598 4160 2828 4225; x_wconf 90' lang='lat' dir='ltr'><strong>muniat,</strong></span> <span class='ocrx_word' id='word_1_654' title='bbox 2854 4170 2911 4215; x_wconf 89' lang='lat' dir='ltr'><strong>et</strong></span> <span class='ocrx_word' id='word_1_655' title='bbox 2951 4163 3187 4217; x_wconf 70' lang='lat' dir='ltr'><strong>remedia</strong></span> <span class='ocrx_word' id='word_1_656' title='bbox 3213 4163 3391 4232; x_wconf 83' lang='lat' dir='ltr'><strong>gaudii</strong></span> <span class='ocrx_word' id='word_1_657' title='bbox 3415 4161 3772 4229; x_wconf 83' lang='lat' dir='ltr'><strong>sempiterna</strong></span> 
     </span>
    </p>
   </div>
   <div class='ocr_carea' id='block_1_103' title="bbox 2174 4237 3772 4309">
    <p class='ocr_par' dir='ltr' id='par_1_103' title="bbox 2174 4237 3772 4309">
     <span class='ocr_line' id='line_1_103' title="bbox 2174 4237 3772 4309; baseline 0.001 -5"><span class='ocrx_word' id='word_1_658' title='bbox 2174 4251 2329 4309; x_wconf 87' lang='lat' dir='ltr'><strong>nobis</strong></span> <span class='ocrx_word' id='word_1_659' title='bbox 2358 4251 2655 4305; x_wconf 86' lang='lat' dir='ltr'><strong>clementer</strong></span> <span class='ocrx_word' id='word_1_660' title='bbox 2693 4253 2966 4307; x_wconf 89' lang='lat' dir='ltr'><strong>attribuat.</strong></span> <span class='ocrx_word' id='word_1_661' title='bbox 3026 4237 3129 4307; x_wconf 83' lang='lat' dir='ltr'><strong>Per</strong></span> <span class='ocrx_word' id='word_1_662' title='bbox 3167 4252 3454 4309; x_wconf 82' lang='lat' dir='ltr'><strong>Dominum</strong></span> <span class='ocrx_word' id='word_1_663' title='bbox 3510 4261 3772 4307; x_wconf 86' lang='lat' dir='ltr'><strong>nostrum</strong></span> 
     </span>
    </p>
   </div>
   <div class='ocr_carea' id='block_1_104' title="bbox 2179 4339 2687 4396">
    <p class='ocr_par' dir='ltr' id='par_1_104' title="bbox 2179 4339 2687 4396">
     <span class='ocr_line' id='line_1_104' title="bbox 2179 4339 2687 4396; baseline 0.004 -3"><span class='ocrx_word' id='word_1_664' title='bbox 2179 4339 2364 4395; x_wconf 83' lang='lat' dir='ltr'><strong>Jesum</strong></span> <span class='ocrx_word' id='word_1_665' title='bbox 2388 4342 2687 4396; x_wconf 88' lang='lat' dir='ltr'><strong>Christum.</strong></span> 
     </span>
    </p>
   </div>
   <div class='ocr_carea' id='block_1_105' title="bbox 2745 4431 3132 4489">
    <p class='ocr_par' dir='ltr' id='par_1_105' title="bbox 2745 4431 3132 4489">
     <span class='ocr_line' id='line_1_105' title="bbox 2745 4431 3132 4489; baseline 0 -3"><span class='ocrx_word' id='word_1_666' title='bbox 2745 4431 2973 4489; x_wconf 81' lang='lat' dir='ltr'><strong>CAPUT</strong></span> <span class='ocrx_word' id='word_1_667' title='bbox 3002 4432 3132 4488; x_wconf 79' lang='lat' dir='ltr'><strong>Vill.</strong></span> 
     </span>
    </p>
   </div>
   <div class='ocr_carea' id='block_1_106' title="bbox 2453 4520 3464 4595">
    <p class='ocr_par' dir='ltr' id='par_1_106' title="bbox 2453 4520 3464 4595">
     <span class='ocr_line' id='line_1_106' title="bbox 2453 4520 3464 4595; baseline 0.002 -21"><span class='ocrx_word' id='word_1_668' title='bbox 2453 4520 2619 4575; x_wconf 73' lang='lat' dir='ltr'><strong>Missa</strong></span> <span class='ocrx_word' id='word_1_669' title='bbox 2641 4522 2697 4575; x_wconf 86' lang='lat' dir='ltr'><strong>in</strong></span> <span class='ocrx_word' id='word_1_670' title='bbox 2726 4524 2988 4577; x_wconf 77' lang='lat' dir='ltr'><strong>veratione</strong></span> <span class='ocrx_word' id='word_1_671' title='bbox 3018 4524 3173 4578; x_wconf 85' lang='lat' dir='ltr'><strong>unius</strong></span> <span class='ocrx_word' id='word_1_672' title='bbox 3208 4523 3464 4595; x_wconf 80' lang='lat' dir='ltr'><strong>Apostoli.</strong></span> 
     </span>
    </p>
   </div>
   <div class='ocr_carea' id='block_1_107' title="bbox 2236 4631 3780 4703">
    <p class='ocr_par' dir='ltr' id='par_1_107' title="bbox 2236 4631 3780 4703">
     <span class='ocr_line' id='line_1_107' title="bbox 2236 4631 3780 4703; baseline 0.005 -20"><span class='ocrx_word' id='word_1_673' title='bbox 2236 4631 2378 4685; x_wconf 88' lang='lat' dir='ltr'><strong>Deus</strong></span> <span class='ocrx_word' id='word_1_674' title='bbox 2388 4672 2402 4695; x_wconf 94' lang='lat'><strong>,</strong></span> <span class='ocrx_word' id='word_1_675' title='bbox 2419 4631 2510 4701; x_wconf 91' lang='lat' dir='ltr'><strong>qui</strong></span> <span class='ocrx_word' id='word_1_676' title='bbox 2527 4631 2761 4687; x_wconf 86' lang='lat' dir='ltr'><strong>fidelium</strong></span> <span class='ocrx_word' id='word_1_677' title='bbox 2775 4642 2984 4689; x_wconf 90' lang='lat' dir='ltr'><strong>mentes</strong></span> <span class='ocrx_word' id='word_1_678' title='bbox 2996 4633 3155 4688; x_wconf 90' lang='lat' dir='ltr'><strong>unius</strong></span> <span class='ocrx_word' id='word_1_679' title='bbox 3168 4632 3338 4690; x_wconf 86' lang='lat' dir='ltr'><strong>efficis</strong></span> <span class='ocrx_word' id='word_1_680' title='bbox 3354 4634 3670 4703; x_wconf 83' lang='lat' dir='ltr'><strong>voluntatis,</strong></span> <span class='ocrx_word' id='word_1_681' title='bbox 3686 4636 3780 4691; x_wconf 88' lang='lat' dir='ltr'><strong>in-</strong></span> 
     </span>
    </p>
   </div>
   <div class='ocr_carea' id='block_1_108' title="bbox 2177 4721 3777 4794">
    <p class='ocr_par' dir='ltr' id='par_1_108' title="bbox 2177 4721 3777 4794">
     <span class='ocr_line' id='line_1_108' title="bbox 2177 4721 3777 4794; baseline 0.006 -18"><span class='ocrx_word' id='word_1_682' title='bbox 2177 4722 2508 4777; x_wconf 86' lang='lat' dir='ltr'><strong>tercessione</strong></span> <span class='ocrx_word' id='word_1_683' title='bbox 2561 4721 2706 4777; x_wconf 89' lang='lat' dir='ltr'><strong>beati</strong></span> <span class='ocrx_word' id='word_1_684' title='bbox 2756 4724 2983 4794; x_wconf 87' lang='lat' dir='ltr'><strong>apostoli</strong></span> <span class='ocrx_word' id='word_1_685' title='bbox 3040 4724 3138 4790; x_wconf 89' lang='lat' dir='ltr'><strong>tui,</strong></span> <span class='ocrx_word' id='word_1_686' title='bbox 3192 4726 3257 4779; x_wconf 90' lang='lat' dir='ltr'><strong>da</strong></span> <span class='ocrx_word' id='word_1_687' title='bbox 3288 4726 3445 4781; x_wconf 90' lang='lat' dir='ltr'><strong>nobis</strong></span> <span class='ocrx_word' id='word_1_688' title='bbox 3473 4726 3528 4781; x_wconf 91' lang='lat' dir='ltr'><strong>id</strong></span> <span class='ocrx_word' id='word_1_689' title='bbox 3574 4741 3777 4785; x_wconf 78' lang='lat' dir='ltr'><strong>amare</strong></span> 
     </span>
    </p>
   </div>
   <div class='ocr_carea' id='block_1_109' title="bbox 2176 4812 3777 4886">
    <p class='ocr_par' dir='ltr' id='par_1_109' title="bbox 2176 4812 3777 4886">
     <span class='ocr_line' id='line_1_109' title="bbox 2176 4812 3777 4886; baseline 0.004 -21"><span class='ocrx_word' id='word_1_690' title='bbox 2176 4812 2318 4881; x_wconf 82' lang='lat' dir='ltr'><strong>quod</strong></span> <span class='ocrx_word' id='word_1_691' title='bbox 2342 4813 2611 4883; x_wconf 60' lang='lat' dir='ltr'><strong>praecipis,</strong></span> <span class='ocrx_word' id='word_1_692' title='bbox 2646 4813 2698 4867; x_wconf 92' lang='lat' dir='ltr'><strong>id</strong></span> <span class='ocrx_word' id='word_1_693' title='bbox 2740 4812 3047 4868; x_wconf 85' lang='lat' dir='ltr'><strong>desiderare</strong></span> <span class='ocrx_word' id='word_1_694' title='bbox 3076 4816 3219 4885; x_wconf 90' lang='lat' dir='ltr'><strong>quod</strong></span> <span class='ocrx_word' id='word_1_695' title='bbox 3270 4818 3562 4886; x_wconf 89' lang='lat' dir='ltr'><strong>promittis,</strong></span> <span class='ocrx_word' id='word_1_696' title='bbox 3591 4826 3655 4871; x_wconf 90' lang='lat' dir='ltr'><strong>ut</strong></span> <span class='ocrx_word' id='word_1_697' title='bbox 3683 4820 3777 4872; x_wconf 80' lang='lat' dir='ltr'><strong>in-</strong></span> 
     </span>
    </p>
   </div>
   <div class='ocr_carea' id='block_1_110' title="bbox 2179 4906 3770 4976">
    <p class='ocr_par' dir='ltr' id='par_1_110' title="bbox 2179 4906 3770 4976">
     <span class='ocr_line' id='line_1_110' title="bbox 2179 4906 3770 4976; baseline 0.003 -18"><span class='ocrx_word' id='word_1_698' title='bbox 2179 4915 2261 4959; x_wconf 80' lang='lat' dir='ltr'><strong>ter</strong></span> <span class='ocrx_word' id='word_1_699' title='bbox 2288 4906 2591 4960; x_wconf 90' lang='lat' dir='ltr'><strong>mundanas</strong></span> <span class='ocrx_word' id='word_1_700' title='bbox 2636 4906 2929 4961; x_wconf 87' lang='lat' dir='ltr'><strong>varietates</strong></span> <span class='ocrx_word' id='word_1_701' title='bbox 2958 4908 3031 4961; x_wconf 89' lang='lat' dir='ltr'><strong>ibi</strong></span> <span class='ocrx_word' id='word_1_702' title='bbox 3062 4919 3248 4964; x_wconf 89' lang='lat' dir='ltr'><strong>nostra</strong></span> <span class='ocrx_word' id='word_1_703' title='bbox 3278 4911 3390 4965; x_wconf 90' lang='lat' dir='ltr'><strong>sint</strong></span> <span class='ocrx_word' id='word_1_704' title='bbox 3420 4909 3525 4964; x_wconf 77' lang='lat' dir='ltr'><strong>fixa</strong></span> <span class='ocrx_word' id='word_1_705' title='bbox 3568 4911 3770 4976; x_wconf 86' lang='lat' dir='ltr'><strong>corda,</strong></span> 
     </span>
    </p>
   </div>
   <div class='ocr_carea' id='block_1_111' title="bbox 2178 4999 3379 5070">
    <p class='ocr_par' dir='ltr' id='par_1_111' title="bbox 2178 4999 3379 5070">
     <span class='ocr_line' id='line_1_111' title="bbox 2178 4999 3379 5070; baseline 0.003 -19"><span class='ocrx_word' id='word_1_706' title='bbox 2178 4999 2265 5053; x_wconf 87' lang='lat' dir='ltr'><strong>ubi</strong></span> <span class='ocrx_word' id='word_1_707' title='bbox 2294 5015 2422 5053; x_wconf 90' lang='lat' dir='ltr'><strong>vera</strong></span> <span class='ocrx_word' id='word_1_708' title='bbox 2454 5007 2583 5053; x_wconf 92' lang='lat' dir='ltr'><strong>sunt</strong></span> <span class='ocrx_word' id='word_1_709' title='bbox 2606 4999 2816 5070; x_wconf 88' lang='lat' dir='ltr'><strong>gaudia.</strong></span> <span class='ocrx_word' id='word_1_710' title='bbox 2852 4999 2953 5055; x_wconf 85' lang='lat' dir='ltr'><strong>Per</strong></span> <span class='ocrx_word' id='word_1_711' title='bbox 2974 5001 3279 5055; x_wconf 91' lang='lat' dir='ltr'><strong>Dominum.</strong></span> <span class='ocrx_word' id='word_1_712' title='bbox 3374 5014 3379 5017; x_wconf 86' lang='lat'><em>‘</em></span> 
     </span>
    </p>
   </div>
   <div class='ocr_carea' id='block_1_112' title="bbox 2248 5087 3774 5162">
    <p class='ocr_par' dir='ltr' id='par_1_112' title="bbox 2248 5087 3774 5162">
     <span class='ocr_line' id='line_1_112' title="bbox 2248 5087 3774 5162; baseline 0.004 -20"><span class='ocrx_word' id='word_1_713' title='bbox 2248 5089 2424 5143; x_wconf 82' lang='lat' dir='ltr'><strong>Lectio</strong></span> <span class='ocrx_word' id='word_1_714' title='bbox 2462 5088 2713 5159; x_wconf 60' lang='lat' dir='ltr'><strong>Epistolas</strong></span> <span class='ocrx_word' id='word_1_715' title='bbox 2755 5089 2889 5143; x_wconf 83' lang='lat' dir='ltr'><strong>beati</strong></span> <span class='ocrx_word' id='word_1_716' title='bbox 2927 5087 3086 5144; x_wconf 83' lang='lat' dir='ltr'><strong>Pauli</strong></span> <span class='ocrx_word' id='word_1_717' title='bbox 3109 5091 3351 5162; x_wconf 83' lang='lat' dir='ltr'><strong>apostoli,</strong></span> <span class='ocrx_word' id='word_1_718' title='bbox 3383 5092 3450 5145; x_wconf 85' lang='lat' dir='ltr'><strong>ad</strong></span> <span class='ocrx_word' id='word_1_719' title='bbox 3478 5090 3774 5161; x_wconf 79' lang='lat' dir='ltr'><strong>Ephesios.</strong></span> 
     </span>
    </p>
   </div>
   <div class='ocr_carea' id='block_1_113' title="bbox 2180 5178 3777 5252">
    <p class='ocr_par' dir='ltr' id='par_1_113' title="bbox 2180 5178 3777 5252">
     <span class='ocr_line' id='line_1_113' title="bbox 2180 5178 3777 5252; baseline 0.006 -20"><span class='ocrx_word' id='word_1_720' title='bbox 2180 5178 2417 5246; x_wconf 77' lang='lat' dir='ltr'><strong>Fratres,</strong></span> <span class='ocrx_word' id='word_1_721' title='bbox 2443 5178 2557 5248; x_wconf 86' lang='lat' dir='ltr'><strong>jam</strong></span> <span class='ocrx_word' id='word_1_722' title='bbox 2587 5196 2694 5234; x_wconf 91' lang='lat' dir='ltr'><strong>non</strong></span> <span class='ocrx_word' id='word_1_723' title='bbox 2721 5182 2854 5235; x_wconf 89' lang='lat' dir='ltr'><strong>estis</strong></span> <span class='ocrx_word' id='word_1_724' title='bbox 2876 5182 3115 5252; x_wconf 88' lang='lat' dir='ltr'><strong>hospites</strong></span> <span class='ocrx_word' id='word_1_725' title='bbox 3138 5193 3192 5237; x_wconf 85' lang='lat' dir='ltr'><strong>et</strong></span> <span class='ocrx_word' id='word_1_726' title='bbox 3215 5179 3463 5246; x_wconf 52' lang='lat' dir='ltr'><strong>advenm,‘</strong></span> <span class='ocrx_word' id='word_1_727' title='bbox 3488 5184 3584 5238; x_wconf 89' lang='lat' dir='ltr'><strong>sed</strong></span> <span class='ocrx_word' id='word_1_728' title='bbox 3629 5187 3777 5241; x_wconf 87' lang='lat' dir='ltr'><strong>estis</strong></span> 
     </span>
    </p>
   </div>
   <div class='ocr_carea' id='block_1_114' title="bbox 2179 5272 3209 5336">
    <p class='ocr_par' dir='ltr' id='par_1_114' title="bbox 2179 5272 3209 5336">
     <span class='ocr_line' id='line_1_114' title="bbox 2179 5272 3209 5336; baseline 0.003 -11"><span class='ocrx_word' id='word_1_729' title='bbox 2179 5273 2325 5326; x_wconf 88' lang='lat' dir='ltr'><strong>cives</strong></span> <span class='ocrx_word' id='word_1_730' title='bbox 2353 5281 2687 5336; x_wconf 86' lang='lat' dir='ltr'><strong>sanctorum,</strong></span> <span class='ocrx_word' id='word_1_731' title='bbox 2714 5280 2770 5325; x_wconf 92' lang='lat' dir='ltr'><strong>et</strong></span> <span class='ocrx_word' id='word_1_732' title='bbox 2789 5272 3070 5327; x_wconf 81' lang='lat' dir='ltr'><strong>domestici</strong></span> <span class='ocrx_word' id='word_1_733' title='bbox 3095 5274 3209 5328; x_wconf 89' lang='lat' dir='ltr'><strong>Dei.</strong></span> 
     </span>
    </p>
   </div>
   <div class='ocr_carea' id='block_1_115' title="bbox 2250 5360 3777 5433">
    <p class='ocr_par' dir='ltr' id='par_1_115' title="bbox 2250 5360 3777 5433">
     <span class='ocr_line' id='line_1_115' title="bbox 2250 5360 3777 5433; baseline 0.003 -18"><span class='ocrx_word' id='word_1_734' title='bbox 2250 5360 2530 5431; x_wconf 85' lang='lat' dir='ltr'><strong>Sequentia</strong></span> <span class='ocrx_word' id='word_1_735' title='bbox 2560 5362 2728 5414; x_wconf 86' lang='lat' dir='ltr'><strong>sancti</strong></span> <span class='ocrx_word' id='word_1_736' title='bbox 2773 5360 3046 5433; x_wconf 82' lang='lat' dir='ltr'><strong>Evangelii</strong></span> <span class='ocrx_word' id='word_1_737' title='bbox 3087 5363 3369 5417; x_wconf 81' lang='lat' dir='ltr'><strong>secundum</strong></span> <span class='ocrx_word' id='word_1_738' title='bbox 3392 5363 3676 5417; x_wconf 85' lang='lat' dir='ltr'><strong>Joannem.</strong></span> <span class='ocrx_word' id='word_1_739' title='bbox 3709 5365 3777 5420; x_wconf 80' lang='lat' dir='ltr'><strong>In</strong></span> 
     </span>
    </p>
   </div>
   <div class='ocr_carea' id='block_1_116' title="bbox 2182 5450 3777 5519">
    <p class='ocr_par' dir='ltr' id='par_1_116' title="bbox 2182 5450 3777 5519">
     <span class='ocr_line' id='line_1_116' title="bbox 2182 5450 3777 5519; baseline 0.003 -14"><span class='ocrx_word' id='word_1_740' title='bbox 2182 5451 2272 5505; x_wconf 92' lang='lat' dir='ltr'><strong>illo</strong></span> <span class='ocrx_word' id='word_1_741' title='bbox 2304 5459 2565 5519; x_wconf 89' lang='lat' dir='ltr'><strong>tempore,</strong></span> <span class='ocrx_word' id='word_1_742' title='bbox 2620 5450 2758 5505; x_wconf 78' lang='lat' dir='ltr'><strong>dixit</strong></span> <span class='ocrx_word' id='word_1_743' title='bbox 2787 5450 2972 5507; x_wconf 90' lang='lat' dir='ltr'><strong>Simon</strong></span> <span class='ocrx_word' id='word_1_744' title='bbox 3026 5452 3221 5507; x_wconf 90' lang='lat' dir='ltr'><strong>Petrus</strong></span> <span class='ocrx_word' id='word_1_745' title='bbox 3250 5456 3317 5508; x_wconf 89' lang='lat' dir='ltr'><strong>ad</strong></span> <span class='ocrx_word' id='word_1_746' title='bbox 3345 5452 3528 5507; x_wconf 84' lang='lat' dir='ltr'><strong>Jesum</strong></span> <span class='ocrx_word' id='word_1_747' title='bbox 3566 5472 3578 5507; x_wconf 94' lang='lat'>:</span> <span class='ocrx_word' id='word_1_748' title='bbox 3620 5453 3777 5510; x_wconf 81' lang='lat' dir='ltr'><strong>Ecce</strong></span> 
     </span>
    </p>
   </div>
   <div class='ocr_carea' id='block_1_117' title="bbox 2183 5539 3427 5609">
    <p class='ocr_par' dir='ltr' id='par_1_117' title="bbox 2183 5539 3427 5609">
     <span class='ocr_line' id='line_1_117' title="bbox 2183 5539 3427 5609; baseline 0.002 -15"><span class='ocrx_word' id='word_1_749' title='bbox 2183 5555 2281 5594; x_wconf 92' lang='lat' dir='ltr'><strong>nos</strong></span> <span class='ocrx_word' id='word_1_750' title='bbox 2303 5539 2616 5609; x_wconf 89' lang='lat' dir='ltr'><strong>reliquimus</strong></span> <span class='ocrx_word' id='word_1_751' title='bbox 2641 5542 2844 5607; x_wconf 90' lang='lat' dir='ltr'><strong>omnia,</strong></span> <span class='ocrx_word' id='word_1_752' title='bbox 2868 5551 2924 5596; x_wconf 90' lang='lat' dir='ltr'><strong>et</strong></span> <span class='ocrx_word' id='word_1_753' title='bbox 2950 5544 3119 5597; x_wconf 90' lang='lat' dir='ltr'><strong>secuti</strong></span> <span class='ocrx_word' id='word_1_754' title='bbox 3143 5559 3328 5598; x_wconf 91' lang='lat' dir='ltr'><strong>sumus</strong></span> <span class='ocrx_word' id='word_1_755' title='bbox 3358 5553 3427 5597; x_wconf 90' lang='lat' dir='ltr'><strong>te.</strong></span> 
     </span>
    </p>
   </div>
   <div class='ocr_carea' id='block_1_118' title="bbox 2259 5628 3776 5709">
    <p class='ocr_par' dir='ltr' id='par_1_118' title="bbox 2259 5628 3776 5709">
     <span class='ocr_line' id='line_1_118' title="bbox 2259 5628 3776 5709; baseline 0.003 -26"><span class='ocrx_word' id='word_1_756' title='bbox 2259 5628 2360 5698; x_wconf 79' lang='lat'><strong>15</strong></span> <span class='ocrx_word' id='word_1_757' title='bbox 2392 5629 2625 5685; x_wconf 87' lang='lat' dir='ltr'><strong>Secreta.</strong></span> <span class='ocrx_word' id='word_1_758' title='bbox 2658 5630 2753 5685; x_wconf 81' lang='lat' dir='ltr'><strong>His</strong></span> <span class='ocrx_word' id='word_1_759' title='bbox 2781 5633 2956 5697; x_wconf 91' lang='lat' dir='ltr'><strong>nobis,</strong></span> <span class='ocrx_word' id='word_1_760' title='bbox 2987 5633 3231 5709; x_wconf 81' lang='lat' dir='ltr'><strong>Domine,</strong></span> <span class='ocrx_word' id='word_1_761' title='bbox 3251 5633 3520 5704; x_wconf 85' lang='lat' dir='ltr'><strong>mysteriis</strong></span> <span class='ocrx_word' id='word_1_762' title='bbox 3550 5633 3776 5703; x_wconf 83' lang='lat' dir='ltr'><strong>suppli-</strong></span> 
     </span>
    </p>
   </div>
   <div class='ocr_carea' id='block_1_119' title="bbox 2186 5721 3774 5793">
    <p class='ocr_par' dir='ltr' id='par_1_119' title="bbox 2186 5721 3774 5793">
     <span class='ocr_line' id='line_1_119' title="bbox 2186 5721 3774 5793; baseline 0.004 -20"><span class='ocrx_word' id='word_1_763' title='bbox 2186 5722 2399 5775; x_wconf 88' lang='lat' dir='ltr'><strong>catione</strong></span> <span class='ocrx_word' id='word_1_764' title='bbox 2447 5721 2590 5775; x_wconf 90' lang='lat' dir='ltr'><strong>beati</strong></span> <span class='ocrx_word' id='word_1_765' title='bbox 2634 5724 2863 5793; x_wconf 88' lang='lat' dir='ltr'><strong>apostoli</strong></span> <span class='ocrx_word' id='word_1_766' title='bbox 2905 5726 2979 5780; x_wconf 90' lang='lat' dir='ltr'><strong>tui</strong></span> <span class='ocrx_word' id='word_1_767' title='bbox 3026 5726 3372 5787; x_wconf 81' lang='lat' dir='ltr'><strong>conferatur,</strong></span> <span class='ocrx_word' id='word_1_768' title='bbox 3404 5738 3509 5785; x_wconf 77' lang='lat' dir='ltr'><strong>auo</strong></span> <span class='ocrx_word' id='word_1_769' title='bbox 3544 5733 3774 5780; x_wconf 79' lang='lat' dir='ltr'><strong>terrena</strong></span> 
     </span>
    </p>
   </div>
  </div>
