3968 6180
262 281 346 338 857

256 396 507 455 desideria
534 395 843 464 mitigantes
871 436 884 459 ,
917 394 1189 449 discamus
1216 405 1398 446 amare
1426 391 1665 445 ccelestia
1695 429 1710 454 ,
1760 398 1817 444 et
1843 397 1892 453 Α

253 492 309 545 de
331 489 417 544 die
440 489 498 543 in
525 488 671 542 diem
695 488 762 541 ad
791 485 1026 541 caalestis
1059 486 1185 539 vitae
1225 481 1639 546 transferamur,
1670 480 1817 550 puri-

253 585 412 640 ﬁeatis
438 580 734 643 mentibus,
761 578 1051 632 actionem.
1080 574 1183 629 Per
1210 574 1515 653 Dominum.

312 698 704 753 Postcommun.
735 693 939 747 Tribue
964 691 1142 755 nobis,
1176 690 1423 751 Domine,
1449 686 1817 742 intercedente

246 793 396 848 beato
425 786 672 860 apostolo
698 795 812 863 tuo,
845 784 1081 839 caelestis
1117 797 1319 836 mensae
1346 780 1563 834 virtutis
1589 778 1817 834 societa-

248 892 369 945 tem,
400 887 458 934 et
520 877 830 932 desiderare
876 889 995 944 qua:
1046 880 1195 926 recta
1224 879 1377 935 sunt,
1429 877 1483 923 et
1513 867 1815 923 desiderata

244 971 537 1043 percipere;
559 967 666 1023 Per
692 965 1002 1021 Dominum.

847 1113 1206 1183 mwrm

306 1239 491 1293 Missa
519 1236 575 1290 in
615 1231 943 1289 veneratione
974 1206 1321 1299 plurimbrum
1348 1220 1725 1295 apostolorum.

304 1355 600 1409 Beatorum
625 1345 988 1417 apostolorum
1017 1357 1115 1397 nos
1138 1382 1153 1405 ,
1184 1339 1408 1393 Domine
1425 1379 1438 1400 ,
1467 1348 1775 1406 quaerimus
1801 1372 1816 1395 ,

242 1445 496 1501 continua
522 1440 769 1495 oratione
794 1433 1038 1498 custodi,
1067 1440 1128 1485 ut
1153 1430 1341 1485 iisdem
1369 1422 1819 1495 sull'ragatoribus

240 1530 785 1605 dirigaturEcelesia,
807 1525 1003 1594 quibus
1024 1519 1355 1592 principibus
1380 1517 1658 1589 gloriatur.
1690 1512 1816 1566 Per.

303 1626 486 1681 Lectio
515 1620 767 1693 Epistolas
791 1619 926 1671 beati
958 1614 1116 1668 Pauli
1153 1609 1375 1680 apostoli
1419 1607 1488 1660 ad
1531 1605 1816 1658 Romanos.

239 1719 482 1778 Fratres,
508 1714 673 1769 corde
692 1711 835 1765 enim
861 1707 1102 1762 creditur
1128 1702 1192 1758 ad
1210 1701 1610 1769 justitiam,ore
1638 1702 1819 1749 autem

238 1806 510 1864 confessio
537 1804 598 1857 lit
621 1803 688 1856 ad
719 1800 970 1855 salutem.

302 1894 596 1967 Sequentia
627 1890 799 1946 sancti
834 1885 1104 1958 Evangelii
1130 1889 1413 1940 secundum
1445 1881 1724 1936 Joannem.
1755 1876 1814 1930 ln

237 1989 325 2045 illo
357 1996 606 2055 tempore
630 2023 646 2047 ,
697 1980 836 2034 dixit
885 1978 1046 2034 Jesus
1080 1974 1356 2044 discipulis
1383 1972 1497 2029 suis
1525 1985 1540 2024 :
1572 1970 1686 2024 Hoc
1733 1973 1818 2022 est

239 2085 570 2151 praeceptum
597 2086 777 2127 meum
804 2110 821 2135 ,
846 2077 907 2123 ut
935 2067 1173 2138 diligatis
1197 2064 1430 2119 invicem
1446 2101 1464 2127 ,
1488 2061 1630 2117 sicut
1652 2057 1816 2113 dilexi

237 2186 352 2226 vos.
386 2167 667 2237 Majorem.

304 2259 542 2315 Secreta.
569 2254 818 2325 Respice,
854 2251 1100 2314 Domine,
1145 2258 1454 2317 quaesumus
1480 2283 1497 2309 ,
1542 2255 1766 2297 munera
1798 2279 1815 2304 ,

238 2365 359 2421 quae
388 2348 441 2402 in
468 2353 787 2401 sanctorum
813 2351 1027 2397 tuorum
1050 2336 1416 2409 apostolorum
1464 2332 1530 2387 N.
1582 2344 1817 2386 comme-

242 2437 548 2494 moratione
572 2432 871 2490 deferimus
886 2472 900 2495 ,
927 2438 989 2484 ut
1012 2442 1241 2500 quorum
1272 2425 1369 2481 tibi
1395 2430 1548 2495 grata
1571 2428 1695 2477 sunt
1719 2421 1818 2475 ho-

240 2544 371 2586 nore
395 2570 411 2593 ,
450 2542 645 2583 eorum
672 2524 829 2580 nobis
854 2519 1239 2578 intercessione
1281 2516 1390 2572 sint
1422 2512 1679 2571 salubria.
1711 2510 1815 2565 Per

243 2623 551 2679 Dominum.

304 2714 592 2785 Prcfatio.
622 2712 853 2781 Dignum
904 2716 960 2762 et
995 2713 1201 2777 justum
1240 2709 1358 2765 est,
1401 2712 1562 2769 usque
1611 2702 1815 2751 :eterne

241 2806 404 2862 Deus.
429 2801 760 2874 Suppliciter
780 2804 1069 2854 exorantes
1085 2835 1101 2861 ,
1126 2802 1186 2848 ut
1212 2805 1427 2863 gregem
1452 2796 1603 2842 tuum
1630 2791 1817 2855 pastor

240 2906 443 2952 aeterne
468 2910 580 2950 non
609 2895 833 2947 deseras
861 2929 878 2954 ,
906 2889 1003 2944 sed
1025 2902 1123 2957 per
1147 2884 1335 2939 beatos
1378 2877 1650 2951 apostolos
1694 2883 1818 2929 tuos

240 2986 308 3040 Ν.
338 2985 597 3041 continua
620 2979 958 3053 protectione
983 2974 1254 3031 custodias
1278 3013 1294 3038 ,
1337 2978 1400 3025 ut
1423 2967 1612 3024 iisdem
1641 2971 1819 3020 recto-

243 3076 397 3131 ribus
417 3074 706 3144 dirigatur,
732 3084 868 3140 quos
891 3065 1071 3137 operis
1097 3065 1172 3118 tui
1194 3061 1449 3125 vicarios,
1478 3057 1652 3113 eidem
1689 3068 1820 3110 oon-

243 3165 415 3221 tulisti
438 3176 673 3236 praeesse
695 3146 963 3230 pastores.
991 3155 1095 3209 Per
1120 3152 1397 3208 Christum
1420 3146 1728 3202 Dominum.

315 3253 710 3309 Postcommun.
739 3249 943 3319 Pignus
968 3245 1092 3300 vitm
1115 3251 1329 3299 aeternae
1348 3240 1624 3310 capientes
1644 3236 1819 3292 humi-

243 3348 367 3403 liter
386 3346 756 3417 irnploramus,
774 3339 1081 3412 apostolicis
1100 3346 1159 3394 ut
1183 3336 1301 3391 fulti
1329 3332 1662 3406 patrociniis,
1677 3331 1821 3401 quod

247 3443 301 3496 in
329 3440 565 3511 imagine
592 3434 952 3505 contingimus
976 3473 992 3498 ,
1021 3428 1342 3486 sacramenti
1373 3424 1662 3481 manifesta
1691 3439 1816 3494 per-

246 3531 494 3602 ceptione
514 3540 813 3584 sumamus.
842 3522 965 3577 Per.

319 3621 493 3691 Super
514 3614 785 3689 populum.
803 3613 1082 3668 Protector
1103 3609 1158 3663 in
1184 3616 1237 3661 te
1264 3604 1626 3676 sperantium,
1653 3601 1816 3663 Deus,

248 3709 509 3764 familiam
565 3716 715 3762 tuam
780 3700 1045 3774 propitius
1109 3698 1314 3767 respice
1340 3736 1355 3758 ,
1404 3701 1459 3749 et
1490 3708 1588 3763 per
1633 3692 1821 3745 beatos

246 3801 521 3872 apostolos
540 3797 606 3853 N.
632 3813 664 3851 a
689 3795 897 3852 eunetis
922 3793 1086 3848 etiam
1131 3786 1547 3843 adversitatibus
1570 3782 1822 3853 potentiae

248 3899 358 3944 tum
380 3906 479 3945 nos
501 3886 722 3944 brachio
746 3883 1018 3940 defendas.
1040 3879 1144 3933 Per
1166 3875 1452 3930 Dominum
1483 3881 1745 3928 nostrum.

863 4033 1091 4092 CAPUT
1131 4031 1198 4086 Χ.

490 4151 654 4208 Missa
678 4152 736 4205 in
762 4147 1091 4203 veneratione
1118 4145 1274 4199 unius
1302 4143 1569 4212 martyris.

324 4268 489 4332 Deus,
510 4267 565 4323 in
602 4274 657 4321 te
682 4263 1017 4335 sperantium
1043 4260 1321 4323 fortitudo,
1350 4255 1607 4328 martyris
1634 4254 1711 4310 tui
1743 4255 1811 4309 in~

246 4357 580 4413 tercessione
606 4354 867 4426 praeclara
892 4353 1079 4408 adesto
1107 4349 1372 4421 propitius
1394 4345 1826 4402 invocationibus

246 4448 455 4504 nostris
478 4488 494 4513 ,
520 4457 575 4503 et
600 4447 729 4519 quia
758 4445 874 4501 sine
920 4452 974 4497 te
1000 4442 1135 4497 nihil
1176 4448 1356 4513 potest
1400 4438 1645 4494 mortalis
1673 4435 1825 4492 inﬁr-

246 4539 439 4603 mitas,
466 4545 662 4608 praesta
713 4535 870 4590 nobis
908 4532 1167 4588 auxilium
1213 4529 1401 4602 gratia:
1432 4537 1556 4594 tum,
1579 4537 1640 4583 ut
1665 4542 1822 4583 exse-

247 4629 486 4700 quendis
513 4625 779 4682 mandatis
807 4624 945 4689 tuis,
977 4630 1032 4678 et
1075 4622 1354 4676 voluntate
1384 4619 1480 4675 tibi
1518 4628 1575 4673 et
1612 4618 1825 4674 actione

249 4718 578 4790 placeamus.
608 4717 715 4773 Per
747 4713 1032 4771 Dominum
1060 4719 1326 4767 nostrum.

326 4831 495 4902 Super
516 4829 713 4886 oblata.
744 4827 987 4897 Suscipe,
1044 4824 1302 4890 Domine,
1354 4821 1594 4877 ﬁdelium
1640 4835 1830 4892 preces

248 4936 383 4978 cum
402 4920 762 4977 oblationibus
787 4917 1089 4973 hostiarum
1117 4955 1131 4980 ,
1161 4922 1221 4968 ut
1244 4911 1582 4967 orationibus
1608 4909 1831 4981 gloriosi

250 5016 514 5088 martyris
541 5016 617 5070 tui
643 5029 740 5086 per
766 5014 883 5068 haec
905 5012 1009 5082 pia:
1035 5008 1336 5065 devotionis
1359 5003 1533 5061 ollicia
1561 5003 1833 5059 remissio-

247 5121 385 5163 nem
431 5107 673 5161 omnium
716 5112 1062 5175 peccatorum
1106 5099 1470 5171 percipiamus
1495 5138 1510 5163 ,
1543 5104 1597 5153 et
1626 5096 1695 5151 ad
1722 5111 1833 5151 coe-

250 5200 449 5255 lestem
477 5200 703 5270 gloriam
731 5207 1093 5252 transeamus.
1123 5194 1225 5248 Per
1251 5192 1537 5247 Dominum
1564 5196 1829 5244 nostrum.

338 5311 721 5368 Postcommun.
754 5310 1020 5380 Sumptis,
1045 5307 1290 5372 Domine,
1324 5306 1659 5370 muneribus,
1688 5319 1834 5375 qum-

250 5420 467 5470 sumus,
495 5414 555 5460 ut
601 5406 761 5460 beato
805 5412 1047 5473 martyre
1092 5409 1184 5455 tuo
1233 5398 1628 5460 intercedente,
1661 5395 1835 5451 sancti

1171 275 1558 330 LITURGICA.
1595 306 1665 315 —-—
1701 275 1898 331 LIBER
1937 275 2570 332 SACBAMENTORUM.

2526 286 2570 330 ¹ο
3392 286 3495 343 ιείε

2526 387 2753 443 CAPUT
2793 388 2881 441 XI.
3376 408 3381 413 -

1923 501 2085 556 Missa
2123 503 2278 557 unius
2324 501 2547 573 apostoli
2588 500 2693 555 sive
2736 509 2982 568 martyras
3026 501 3107 555 vel
3149 503 3485 573 confessoris.

1990 611 2057 666 In
2079 612 2279 682 vigilia.
2306 611 2552 667 Concede
2575 611 2755 678 nobis,
2785 625 3123 679 qutesumus,
3148 615 3493 683 omnipotens

1920 704 2063 758 Deus
2084 744 2100 768 ,
2140 714 2421 759 venturam
2452 702 2595 758 beati
2625 702 2690 774 Ν.
2733 702 2961 772 apostoli
2987 743 3002 768 ,
3032 705 3361 761 confessoris
3407 709 3492 761 vel

1921 793 2176 864 martyris
2222 793 2621 849 solemnitatem
2648 805 2889 864 congruo
2916 794 3218 861 praevenire
3239 796 3447 850 honore
3472 837 3485 858 ,

1918 893 1974 938 et
2020 885 2326 940 venientem
2354 885 2514 955 digna
2556 884 2832 939 celebrare
2883 882 3188 939 devotione.
3234 884 3340 939 Per
3390 885 3492 939 Do-

1920 977 2147 1032 minum.

1991 1065 2222 1121 Secreta.
2244 1066 2479 1136 Accepta
2506 1067 2603 1121 tibi
2635 1069 2707 1121 sit
2726 1107 2741 1130 ,
2773 1068 3029 1133 Domine,
3076 1079 3277 1125 nostrae
3325 1070 3488 1124 devo-

1921 1156 2083 1212 tionis
2112 1156 2331 1220 oblatio,
2360 1164 2414 1210 et
2442 1156 2510 1210 ad
2539 1157 2889 1226 apostolicam
2919 1159 3165 1228 puriores
3203 1158 3364 1213 faciat
3393 1176 3492 1214 nos

1920 1247 2105 1303 venire
2124 1246 2498 1301 festivitatem.
2518 1246 2644 1300 Per.

1990 1337 2383 1391 Postcommun.
2398 1335 2799 1390 Benedictionis
2814 1343 2937 1399 tum,
2960 1336 3209 1400 Domine,
3239 1337 3490 1406 gratiam,

1919 1428 2284 1483 intercedente
2307 1429 2467 1482 beato
2491 1426 2737 1495 apostolo
2760 1435 2871 1491 tuo,
2894 1426 3226 1490 confessore,
3244 1428 3328 1481 vel
3352 1442 3495 1481 mar—

1920 1526 2037 1589 tyre
2063 1517 2128 1570 N.
2157 1518 2549 1587 suscipiamus;
2581 1525 2641 1569 ut
2669 1515 2825 1584 cujus
2862 1517 3237 1587 praeveniendo
3265 1517 3492 1587 gloriam

1919 1606 2276 1671 celebramus,
2313 1607 2430 1676 ejus
2464 1605 2816 1675 supplicando
2865 1605 3124 1663 auxilium
3175 1606 3489 1659 sentiamus.

1919 1698 2042 1754 Per.

2301 1787 2407 1858 16
2427 1784 2561 1859 Item
2594 1788 2756 1841 missa
2783 1786 2841 1840 in
2870 1785 2975 1840 die.

1990 1898 2133 1952 Deus
2163 1937 2177 1962 ,
2230 1897 2322 1966 qui
2364 1911 2423 1949 es
2446 1897 2684 1951 omnium
2732 1904 3041 1952 sanctorum
3073 1904 3282 1950 tuorum
3315 1895 3486 1966 Splen-

1921 1989 2022 2043 dor
2082 1987 2384 2051 mirabilis,
2454 1988 2652 2056 quique
2709 1990 2853 2043 hune
2916 1990 3056 2044 diem
3119 1990 3351 2060 apostoli
3414 1987 3498 2043 tui

1921 2078 1986 2132 Ν.
2018 2077 2280 2148 martyrio
2307 2077 2659 2140 eousecrasti,
2697 2076 2764 2130 da
2802 2077 3056 2132 Ecclesiae
3102 2086 3206 2132 tute
3248 2078 3314 2132 de
3342 2087 3496 2132 nata-

1919 2167 2033 2222 litia
2063 2166 2199 2220 tanti
2228 2164 2497 2235 pontilieis
2521 2162 2814 2219 festivitate
2841 2165 3031 2230 lzetari,
3054 2174 3112 2219 ut
3154 2167 3292 2236 apud
3332 2167 3495 2221 mise-

1919 2257 2207 2310 ricordiam
2235 2263 2382 2308 tuam
2406 2255 2667 2326 exemplis
2685 2253 2803 2322 ejus
2819 2264 3165 2326 protegamur
3184 2265 3239 2310 et
3266 2256 3492 2311 meritis.

1919 2345 2024 2401 Per
2052 2345 2363 2400 Dominum.
2716 2414 2721 2419 _
2762 2406 2779 2411 _

1994 2434 2164 2489 Lectio
2195 2434 2318 2487 libri
2345 2432 2648 2505 Sapientiw.
2674 2434 2873 2489 Beatus
2905 2436 2990 2490 vir
3014 2437 3104 2507 qui
3136 2438 3386 2491 inventus
3413 2446 3499 2492 est

1916 2526 2035 2581 sine
2069 2524 2277 2580 macula
2304 2566 2318 2590 ,
2353 2532 2409 2579 et
2437 2526 2529 2594 qui
2566 2533 2688 2595 post
2719 2541 2909 2580 aurum
2933 2542 3039 2580 non
3068 2527 3219 2581 abiit.

1988 2617 2268 2689 Sequentia
2315 2618 2482 2672 sancti
2520 2617 2794 2689 Evangelii
2829 2618 3116 2672 secundum
3164 2618 3495 2674 Matthwum.

1916 2713 1975 2769 In
2002 2714 2093 2769 illo
2124 2722 2366 2784 tempore
2390 2754 2404 2778 ,
2436 2705 2573 2767 dixit
2599 2712 2757 2768 Jesus
2785 2711 3064 2782 discipulis
3093 2712 3210 2767 suis
3241 2731 3252 2765 :
3290 2711 3495 2777 Amen,

1920 2817 2097 2867 amen,
2128 2803 2250 2857 dico
2275 2802 2428 2856 vobis
2460 2819 2474 2855 :
2508 2801 2619 2855 Nisi
2645 2817 2874 2869 granum
2898 2800 3176 2856 frumenti.

1992 2892 2222 2947 Secreta.
2249 2893 2400 2947 Beati
2427 2891 2656 2962 apostoli
2706 2892 2783 2945 tui
2810 2889 2901 2956 N.,
2950 2891 3196 2956 Domine,
3241 2891 3501 2946 solemnia

1920 2991 2268 3039 recensentes
2296 2980 2507 3054 [Forte,
2535 2990 2884 3037 recensentes
2913 2981 3245 3052 quresumus]
3265 3022 3279 3045 ,
3309 2990 3367 3034 ut
3386 2981 3502 3050 ejus

1844 3111 1892 3174 ο
1922 3072 2123 3127 auxilio
2164 3080 2256 3126 tua
2291 3071 2553 3126 beneﬁcia
2584 3071 2885 3140 capiamus,
2914 3083 3016 3137 pro
3041 3086 3148 3138 quo
3174 3070 3270 3123 tibi
3296 3069 3504 3124 hostias

1924 3164 2101 3220 laudis
2125 3161 2423 3218 otl'erimns.
2456 3159 2560 3214 Per
2580 3159 2890 3214 Dominum.

1994 3257 2387 3312 Postcommun.
2401 3252 2702 3322 Perceptis,
2731 3251 2978 3316 Domine,
2996 3249 3353 3305 sacramentis
3377 3263 3505 3322 sup-

1922 3350 2137 3422 pliciter
2175 3361 2482 3410 exoramus,
2527 3343 2901 3398 intercedente
2952 3343 3111 3396 beato
3152 3340 3217 3394 N.
3262 3339 3506 3410 apostolo

1926 3451 2037 3505 tuo,
2067 3448 2127 3493 ut
2158 3453 2277 3508 qtre
2315 3451 2413 3506 pro
2444 3435 2586 3490 illius
2610 3434 2917 3488 veneranda
2967 3432 3203 3503 gerimus
3231 3431 3503 3502 passione,

1924 3532 2080 3587 nobis
2101 3529 2391 3600 proficiant
2413 3528 2479 3583 ad
2495 3524 2781 3582 medelam.
2800 3523 2904 3578 Per
2925 3523 3210 3577 Dominum
3234 3530 3500 3576 nostrum.

1993 3623 2133 3678 Alia.
2164 3623 2239 3677 Da
2266 3622 2443 3684 nobis,
2481 3619 2725 3679 Domine,
2760 3632 3087 3687 quaesumus,
3130 3614 3273 3669 Deus
3298 3622 3500 3675 noster,

1922 3713 2069 3769 beati
2099 3711 2327 3780 apostoli
2356 3711 2434 3764 tui
2466 3708 2530 3763 Ν.
2566 3707 3047 3764 intercessionibus
3092 3702 3402 3768 sublevari,
3442 3708 3504 3756 ut

1924 3820 2021 3874 per
2043 3817 2180 3873 quos
2207 3800 2460 3856 Ecclesia:
2490 3809 2596 3853 tua:
2642 3798 2863 3868 superni
2904 3796 3148 3851 muneris
3196 3795 3501 3851 rudimenta

1926 3897 2135 3951 donasti
2145 3909 2282 3965 φρει·
2310 3907 2404 3947 eos
2433 3889 2673 3945 subsidia
2693 3895 2966 3958 perpetua:
2986 3887 3178 3941 salutis
3206 3885 3506 3956 impendas.

1927 3985 2028 4042 Per
2055 3987 2339 4042 Dominum
2366 3990 2627 4037 nostrum.

2514 4090 2742 4161 CAPUT
2782 4089 2900 4144 xu.

2287 4185 2451 4241 Missa
2485 4178 2835 4256 plurimorum
2869 4190 3180 4252 martyrum.

2004 4284 2147 4357 Deus
2169 4299 2265 4371 qui
2292 4297 2496 4354 sanctis
2539 4296 2873 4365 martyribus
2895 4294 2963 4350 ad
2988 4294 3371 4364 sempiternam
3393 4291 3510 4362 glo-

1930 4396 2071 4452 riam
2095 4391 2347 4448 veniendi
2391 4390 2669 4460 c0piosum
2716 4403 2913 4443 munus
2954 4386 3144 4458 gratize
3188 4384 3511 4449 contulisti,

1857 4484 1904 4545 D
1929 4486 1999 4542 da
2023 4485 2181 4541 nobis
2202 4482 2419 4539 famulis
2445 4481 2552 4537 tuis
2573 4490 2880 4536 nostrorum
2898 4479 3115 4533 veniam
3139 4483 3509 4546 peccatorum,

1931 4586 1993 4633 ut
2019 4585 2332 4633 sanctorum
2381 4578 2595 4630 tuorum
2654 4570 3117 4627 intercedentibus
3162 4568 3398 4635 meritis,
3440 4568 3509 4623 ab

1933 4669 2186 4729 omnibus
2215 4681 2524 4722 mereamur
2560 4661 2977 4718 adversitatibus
3022 4660 3273 4727 liberari,
3325 4670 3513 4731 quate-

1935 4759 2134 4827 nusad
2157 4772 2347 4813 eorum
2386 4769 2487 4815 nos
2518 4752 2686 4807 facias
2715 4749 2909 4822 gaudia
2935 4756 3137 4804 aeterna
3163 4749 3473 4820 pertingere
3495 4790 3512 4815 ,

1937 4853 2004 4909 de
2032 4865 2264 4923 quorum
2294 4862 2395 4903 nos
2421 4847 2623 4902 virtute
2653 4843 2846 4898 tribuis
2890 4842 3204 4912 quotidiana
3259 4840 3515 4898 solemni-

1936 4949 2047 4997 tate
2073 4939 2328 5013 gaudere.
2356 4936 2481 4992 Per.

2008 5031 2182 5086 Lectio
2231 5028 2354 5083 libri
2384 5024 2670 5098 Apocalyp.
2703 5024 2837 5079 beati
2858 5022 3083 5079 Joannis
3111 5032 3281 5095 apost.
3310 5021 3370 5076 In
3400 5022 3515 5078 die-

1937 5124 2039 5179 bus
2065 5121 2193 5185 illis,
2221 5120 2327 5174 vidi
2357 5118 2572 5173 turbam
2599 5130 2875 5187 magnam,
2903 5129 3065 5184 quam
3093 5114 3462 5169 dinumerare.

2009 5210 2289 5283 Sequentia
2309 5208 2478 5263 sancti
2494 5206 2765 5277 Evangelii
2785 5204 3072 5261 secundum
3098 5202 3432 5258 Mattltautm.
3456 5203 3516 5260 ln

1936 5306 2028 5362 illo
2057 5314 2318 5375 tempore,
2343 5301 2535 5356 videns
2582 5300 2741 5356 Jesus
2770 5300 2974 5363 turbas,
3007 5297 3252 5354 ascendit
3278 5298 3333 5353 in
3364 5313 3518 5353 mon-

1888 5388 1897 5397 ’
1939 5408 2069 5453 tem.
2097 5395 2166 5451 Et
2191 5409 2315 5451 cum
2337 5394 2585 5458 sedisset,
2616 5396 2962 5449 accesserunt
3004 5390 3075 5444 ad
3116 5403 3241 5445 eum
3267 5388 3517 5461 discipuli

253 5496 493 5551 nominis
530 5496 608 5550 tui
639 5495 889 5548 timorem
933 5491 1138 5562 pariter
1179 5497 1235 5544 et
1265 5502 1504 5543 amorem
1532 5485 1700 5541 facias
1742 5500 1841 5540 nos
1939 5486 2094 5555 ejus;
2124 5492 2180 5541 et
2223 5484 2473 5555 aperiens
2521 5497 2585 5538 os
2621 5496 2778 5538 suum
2808 5520 2825 5547 ,
2864 5479 3091 5536 docebat
3114 5494 3210 5537 eos
3233 5519 3249 5547 ,
3285 5480 3516 5539 dicens:

258 5585 461 5641 habere
492 5592 811 5656 perpetuum
837 5622 852 5646 ,
877 5590 937 5635 ut
965 5580 1101 5636 cum
1120 5578 1548 5650 frequentatione
1571 5577 1837 5648 mysterii,

255 5684 467 5731 crescat
491 5683 689 5730 nostrae
715 5670 903 5725 salutis
930 5668 1173 5726 effectus.
1206 5668 1312 5725 Per
1337 5668 1639 5725 Dominum.

698 5767 975 5828 Pnaon.
1031 5762 1134 5826 CI.

1940 5578 2090 5635 Beati
2116 5591 2383 5648 pauperes
2408 5574 2601 5646 spiritu
2621 5614 2638 5641 ,
2668 5572 2945 5646 quoniam.

2014 5667 2186 5742 Super
2206 5666 2401 5722 oblata.
2432 5666 2677 5729 Suscipe.
2716 5664 2963 5736 Domine,
2992 5679 3239 5733 munera,
3268 5678 3391 5736 qua!
3419 5663 3517 5719 tibi

3046 5755 3125 5821 15
