3968 6180
436 310 537 363 459

1282 307 1341 358 Β.
1382 307 1442 359 F.
1484 303 1708 359 ALBINI
1746 304 1874 359 SEU
1915 302 2188 358 ALCUINI
2226 299 2504 357 OPERUM
2544 298 2720 355 PARS
2755 298 2843 353 IV.

3572 299 3683 351 M50

440 425 492 477 in
522 424 726 476 honore
759 429 1071 475 sanctorum
1106 425 1406 490 martyrum
1455 426 1668 471 tuorum
1695 416 1759 471 de
1784 423 1873 469 tua
1896 414 2003 469 lar-
2032 418 2076 475 Α
2106 415 2207 469 hac
2230 413 2451 469 basilica
2476 411 2716 481 reliquias
2741 418 2870 465 sunt
2899 408 3207 465 reconditae.
3232 404 3335 462 Per
3363 407 3678 466 Dominum.

437 512 603 583 gitate
644 509 972 578 deferimus,
1024 515 1084 564 ut
1135 524 1321 565 eorum
1372 507 1849 563 intercessionibus
1895 507 2010 562 haec

436 610 782 657 sacrosancta
806 600 1085 671 mysteria,
1131 599 1319 671 gratiae
1348 607 1454 653 tua:
1489 605 1748 669 operante
1771 597 1969 652 virtute
1990 636 2006 660 ,

437 691 718 761 praesentis
753 691 878 745 vitae
899 705 998 745 nos
1021 689 1430 746 conversatione
1449 686 1790 742 sanctifieent
1817 726 1832 752 ,
1858 694 1915 741 et
1940 687 2009 741 ad

437 778 633 850 gaudia
660 780 992 850 sempiterna
1018 777 1338 850 perducant.
1368 777 1491 832 Per.

508 871 908 927 Postcommun.
935 870 1018 925 Sit
1044 870 1219 933 nobis,
1246 870 1490 936 Domine,
1521 868 1792 941 reparatio
1814 868 2009 924 mentis

434 970 492 1018 et
540 965 782 1034 corporis
823 958 1044 1018 ctBleste
1088 962 1405 1033 mysterium
1433 999 1450 1027 ,
1497 961 1653 1033 cuius
1694 961 2010 1032 operatione

435 1070 740 1127 precamur,
765 1062 826 1108 ut
853 1054 985 1108 vitia
1012 1061 1195 1108 nostra
1224 1061 1523 1124 purgentur
1542 1093 1559 1119 ,
1589 1059 1645 1109 et
1670 1049 2010 1107 interceden-

435 1146 580 1201 tibus
605 1145 807 1200 sanctis
832 1144 1164 1214 martyribus
1197 1143 1324 1207 tuis,
1361 1141 1510 1211 justa
1556 1142 1821 1199 desideria
1864 1156 2008 1196 com-

433 1235 705 1305 pleantur.
739 1234 861 1290 Per.

506 1325 647 1377 Alia.
681 1323 1032 1394 Omnipotens
1060 1325 1386 1394 sempiterne
1416 1322 1578 1388 Deus,
1615 1324 1707 1393 qui
1737 1323 2008 1377 abundan-

437 1416 510 1469 tia
540 1414 759 1484 pietatis
784 1421 890 1468 tua:
920 1423 975 1468 et
1002 1415 1194 1468 merita
1218 1413 1515 1484 supplicum
1541 1413 1758 1468 excedis
1779 1421 1836 1466 et
1862 1421 2007 1477 vota,

436 1502 650 1561 ell‘unde
700 1521 861 1574 super
904 1521 1005 1560 nos
1044 1504 1468 1559 misericordiam
1498 1511 1670 1569 tuam,
1702 1511 1763 1558 ut
1804 1502 2011 1556 meritis

438 1607 736 1668 martyrum
790 1606 1004 1651 tuorum
1035 1596 1279 1651 dimittas
1310 1597 1466 1651 nobis
1493 1598 1677 1651 omnia
1718 1610 1839 1664 qua:
1885 1610 2010 1648 con-

434 1690 663 1744 scientia
702 1689 894 1743 metuit
921 1728 935 1746 .
986 1697 1043 1743 et
1083 1687 1304 1756 adjicias
1331 1703 1450 1756 qua:
1474 1687 1649 1742 oratio
1675 1701 1780 1741 non
1806 1701 2011 1755 praesu-

436 1783 552 1836 mit.
584 1782 705 1838 Per.

1025 1850 1254 1907 CAPUT
1293 1848 1429 1903 XIII.

628 1926 813 1996 .Jlissa
840 1942 895 1996 in
920 1940 1138 1996 ecclesia
1169 1951 1468 1995 sanctorum
1491 1947 1780 2008 martyrum

504 2031 821 2103 Propitiare,
850 2031 1096 2097 Domine,
1136 2032 1290 2086 nobis
1318 2030 1532 2084 famulis
1562 2030 1670 2083 tuis
1695 2044 1791 2100 per
1815 2029 2009 2082 borum

435 2133 735 2194 martyrum
765 2131 1004 2188 tuorum,
1030 2123 1123 2191 qui
1160 2122 1212 2176 in
1251 2121 1502 2191 praesenti
1546 2121 1889 2189 requiescunt
1924 2134 2013 2174 ee-

434 2211 617 2277 elesia,
661 2213 857 2268 merita
897 2213 1147 2285 gloriosa,
1175 2222 1236 2268 ut
1258 2227 1446 2268 eorum
1488 2212 1576 2282 pia
1623 2212 2011 2266 intercessione

435 2305 503 2359 ab
526 2304 778 2359 omnibus
816 2312 1163 2376 protegamur
1206 2302 1469 2358 adversis.
1495 2302 1600 2357 Per
1629 2301 1935 2356 Dominum.

502 2394 678 2450 Lectio
731 2394 853 2450 libri
906 2393 1212 2466 Sapientiw.
1244 2393 1451 2464 Lingua
1479 2393 1804 2461 sapientium
1851 2397 2011 2447 ornat

433 2488 714 2546 scientiam
740 2529 754 2553 ,
797 2502 859 2543 os
886 2486 1157 2542 fatuorum
1193 2484 1387 2540 ebullit
1410 2484 1674 2539 stultiam.

505 2579 790 2650 Sequentiu
836 2579 1002 2631 sancti
1055 2575 1328 2645 Evangelii
1374 2575 1661 2628 secundum
1692 2572 1908 2627 Lucam.
1945 2570 2008 2626 In

433 2671 525 2724 illo
548 2678 807 2738 tempore,
853 2667 988 2721 dixit
1017 2667 1175 2721 Jesus
1214 2665 1490 2736 discipulis
1519 2664 1667 2719 suis:
1700 2664 1821 2719 Sint
1842 2662 2007 2717 lumbi

435 2759 603 2814 vestri
630 2757 931 2829 praecincti,
958 2765 1013 2812 et
1038 2757 1272 2811 lucernae
1298 2757 1570 2811 ardentes.

504 2847 740 2903 Secreta.
796 2844 1066 2917 Suscipiat
1104 2845 1347 2902 Ecclesia
1379 2843 1713 2918 [clementia]
1734 2854 1859 2911 tua,
1898 2844 2007 2899 Do-

434 2938 598 3004 mine,
627 2953 951 3008 quzesumus,
973 2937 1042 2993 de
1063 2937 1312 2994 manibus
1330 2938 1526 2993 vestris
1547 2937 1793 3009 [nostris]
1816 2954 2014 2993 munus

433 3027 691 3095 oblatum,
722 3038 776 3083 et
802 3043 901 3099 per
926 3029 1118 3085 borum
1142 3029 1426 3085 beatorum
1457 3039 1759 3100 martyrum
1792 3037 2004 3084 tuorum

2175 503 2566 560 Postcommun.
2613 502 2803 558 Divina
2852 500 3086 557 libantes
3121 499 3374 569 mysteria
3399 537 3417 565 ,
3463 514 3685 569 minasa-

2107 611 2247 660 mus,
2278 596 2522 660 Domine,
2558 602 2620 649 ut
2646 608 2834 649 eorum
2856 607 2958 647 nos
2990 590 3188 659 ubique
3207 589 3526 645 intercessio
3553 607 3685 661 pro-

2107 693 2280 757 tegat,
2311 699 2539 754 quorum
2588 682 2679 737 hic
2714 696 2867 736 sacra
2899 680 3195 750 gaudemus
3222 680 3531 749 praesentia.
3574 680 3685 735 Per

2105 773 2409 829 Dominum.

2179 864 2350 936 Super
2372 866 2643 936 populum.
2667 862 2892 927 Exaudi,
2929 859 3156 915 Domine
3192 859 3355 927 Deus,
3384 859 3686 916 clementer

2108 958 2161 1011 in
2187 957 2291 1012 bac
2311 956 2469 1011 domo
2496 963 2587 1009 tua
2613 969 2804 1024 preces
2833 966 3114 1009 servorum
3137 958 3372 1017 tuorum,
3411 959 3685 1022 quatenus

2109 1045 2319 1101 illorum
2359 1045 2567 1100 meritis
2590 1055 2735 1098 tuam
2761 1057 3157 1111 consequamur
3175 1042 3427 1109 gratiam,
3444 1054 3685 1112 quorum

2108 1134 2196 1189 bic
2220 1135 2517 1205 patrocinia
2540 1148 2881 1190 veneramur.
2898 1132 3020 1187 Per.

2699 1240 2927 1297 CAPUT
2965 1241 3080 1295 XV.

2476 1353 2638 1408 Missa
2665 1352 2968 1424 quotidiana
2991 1362 3316 1407 sanctorum.

2179 1464 2339 1529 Deus,
2375 1464 2467 1533 qui
2508 1478 2608 1518 nos
2636 1463 2808 1517 beata:
2849 1460 3032 1517 Mariae
3072 1475 3290 1530 semper
3316 1460 3581 1530 virginis,
3629 1470 3687 1515 et

2109 1556 2391 1611 beatorum
2422 1554 2785 1625 apostolorum
2809 1593 2824 1618 ,
2871 1560 3172 1624 martyrum
3199 1591 3215 1618 ,
3261 1550 3641 1607 cnnfessorum
3668 1593 3691 1615 ,

2109 1646 2377 1715 virginum
2402 1655 2566 1715 atque
2589 1644 2830 1698 omnium
2876 1642 3038 1699 simul
3082 1651 3392 1698 sanctorum
3428 1643 3689 1698 continua

2039 1759 2085 1819 Β
2110 1734 2352 1790 laetiﬁcas
2394 1733 2772 1798 solemnitate;
2820 1740 3018 1803 praesta
3041 1771 3056 1797 ,
3106 1746 3436 1801 quaesumus,
3465 1741 3524 1786 ut
3547 1746 3689 1802 quos

2111 1824 2424 1895 quotidiano
2462 1839 2785 1878 veneramur
2809 1823 2985 1878 ollieio
3007 1863 3023 1888 ,
3048 1824 3213 1878 etiam
3256 1824 3361 1893 pia:
3397 1835 3693 1879 conversa-

2112 1915 2273 1970 tionis
2297 1928 2584 1983 sequamur
2613 1914 2880 1983 exemplo.
2907 1914 3031 1969 Per.

2180 2004 2413 2060 Secreta.
2445 2004 2663 2058 Munera
2690 1994 2807 2070 tibi,
2850 2004 3098 2068 Domine,
3138 2012 3339 2059 nostra:
3381 2004 3696 2059 devotionis

2109 2093 2408 2159 offerimus,
2442 2109 2561 2163 quas
2591 2102 2646 2148 et
2668 2109 2766 2164 pro
2792 2103 3009 2149 tuorum
3032 2094 3129 2149 tibi
3157 2101 3313 2165 grata
3341 2095 3452 2150 sint
3480 2095 3694 2150 honore

2111 2193 2420 2240 sanctorum
2446 2224 2461 2251 ,
2493 2192 2547 2238 et
2578 2184 2733 2239 nobis
2762 2184 3018 2240 salutaria
3047 2225 3063 2250 ,
3106 2193 3158 2240 te
3203 2185 3495 2241 miserante
3518 2224 3535 2251 ,
3566 2187 3698 2239 red-

2113 2277 2311 2332 dantur

2181 2363 2573 2437 Rostcommun.
2606 2367 2833 2432 Praesta,
2881 2382 3209 2436 quaesumus,
3241 2367 3488 2434 Domine,
3510 2368 3690 2435 nobis,

2109 2456 2567 2513 intercedentibus
2594 2458 2836 2513 omnium
2862 2467 3171 2513 sanctorum
3212 2467 3429 2513 tuorum
3453 2458 3690 2523 meritis,

2109 2559 2168 2605 ut
2193 2564 2314 2620 quae
2339 2565 2434 2605 ore
2464 2551 2846 2622 contingimus,
2880 2566 3019 2621 puro
3067 2555 3232 2608 corde
3257 2553 3550 2623 capiamus.
3582 2550 3698 2607 νει*

2109 2639 2394 2694 Dominum
2421 2650 2685 2695 nostrum.

2178 2730 2349 2801 Super
2372 2732 2640 2802 populum.
2671 2731 2779 2790 Fac
2823 2750 2951 2801 nos,
3004 2735 3228 2791 Domine
3266 2736 3431 2803 Deus,
3475 2748 3688 2793 sancta?

2109 2822 2290 2877 Mariae
2334 2840 2549 2894 semper
2599 2826 2824 2898 virginis
2863 2829 3119 2885 subsidiis
3145 2831 3343 2898 attolli,
3366 2840 3423 2887 et
3451 2831 3697 2903 gloriosa

2107 2914 2390 2971 beatorum
2449 2918 2809 2987 apostolorum
2829 2959 2845 2985 ,
2876 2929 3176 2992 martyrum
3208 2963 3222 2987 ,
3272 2923 3647 2979 confessorum
3676 2966 3696 2989 ,

2108 3005 2405 3078 virginum,
2434 3010 2783 3082 omniumque
2827 3013 2989 3068 simul
3010 3025 3324 3070 sanctorum
3350 3017 3702 3087 protectione

434 3118 756 3186 orationem,
790 3095 858 3176 ab
885 3120 1138 3175 omnibus
1161 3135 1262 3176 nos
1285 3095 1816 3190 emundetptaccatis.
1846 3118 1968 3175 Per.
2035 3106 2079 3166 (ἶ
2110 3095 2345 3190 fidem“
2377 3107 2437 3153 ut
2464 3100 2593 3155 dum
2636 3117 2825 3158 eorum
2863 3105 3068 3175 Pam"
3107 3107 3350 3176 Ψίθιίίῆθ
3390 3107 3525 3163 rem
3546 3109 3704 3163 (³⁸⁸³⁸

510 3208 611 3284 1'7
640 3211 723 3265 Ad
754 3210 1149 3283 Compleudum.
1199 3211 1391 3266 Divina
1445 3211 1677 3266 libantes
1709 3210 1965 3281 mysteria
1990 3250 2009 3274 ,

433 3320 553 3376 qua:
581 3320 679 3374 pro
709 3312 1023 3360 εειηοῑοωῐιι
1060 3313 1362 3374 martyrum
1406 3311 1621 3359 tuorum
1663 3303 2010 3359 veneratione

436 3405 540 3449 tua:
565 3393 857 3449 obtulimus
882 3393 1172 3465 majestati,
1199 3401 1419 3462 praesta,
1461 3410 1791 3463 quaesumus,
1823 3394 2005 3449 Domi-

434 3499 503 3537 ne
528 3523 541 3548 ,
574 3492 631 3535 ιιι
676 3497 773 3553 per
821 3496 885 3535 ea
928 3482 1138 3535 veniam
1181 3496 1487 3536 mereamur
1528 3490 1875 3550 peccatorum
1904 3528 1919 3553 ,
1955 3494 2009 3538 et

434 3572 675 3627 cmlcstis
701 3571 888 3642 gratia-
901 3570 1055 3625 donis
1078 3569 1406 3625 reficiamur.
1441 3571 1544 3628 Per
1571 3572 1876 3627 Dominum.

505 3661 643 3715 Alia.
676 3661 772 3727 Da,
798 3670 1015 3715 aeterna:
1055 3661 1442 3717 consolationis
1467 3642 1630 3717 Pater
1660 3704 1675 3729 ,
1701 3679 1799 3732 per
1826 3665 2011 3717 beato-

436 3768 555 3808 rum
597 3761 898 3823 martyrum
935 3760 1150 3806 tuorum
1183 3766 1374 3820 preces
1400 3753 1595 3824 populo
1622 3762 1712 3808 tuo
1741 3768 1927 3823 pacem
1957 3762 2012 3807 et

436 3842 685 3910 salutem,
710 3853 770 3897 ut
793 3842 899 3897 tuis
918 3849 1024 3897 tota
1061 3842 1347 3899 dilectione
1388 3844 1684 3899 inhzcrcaut
1724 3845 2010 3916 praeceptis

434 3944 487 3988 et
501 3951 619 4004 qua:
650 3934 747 3989 tibi
774 3933 971 4004 placita
997 3936 1127 3998 sint,
1157 3944 1267 3989 tota
1285 3935 1569 4007 perﬁciant
1589 3936 1880 3993 voltuitatc.
1910 3936 2012 3990 l’cr

396 4098 400 4102 _
436 4026 719 4080 Dominum
748 4036 1013 4081 nostrum.

1010 4117 1238 4173 CAPUT
1278 4118 1414 4173 XIV.

436 4204 501 4259 In
537 4206 702 4259 notat.
730 4218 1026 4260 sanctorum
1049 4249 1071 4273 ,
1096 4225 1318 4278 quorum
1346 4209 1578 4280 reliquiae
1622 4210 1678 4263 in
1704 4227 1810 4264 uno
1854 4209 2007 4263 domo

1126 4288 1268 4332 sunt.

500 4389 768 4455 Concede,
796 4404 1128 4459 quaesumus,
1150 4391 1487 4461 omnipotens
1513 4391 1681 4458 Deus,
1717 4401 1778 4445 ut
1818 4400 2006 4448 sancta

433 4482 526 4538 Dei
556 4480 803 4537 Genitrix
823 4522 837 4546 ,
863 4481 1143 4551 sanctique
1171 4481 1248 4535 tui
1274 4483 1532 4552 apostoli,
1557 4492 1850 4554 martyres,
1877 4500 2005 4538 con-
2031 4469 2083 4524 ο

432 4575 688 4639 t’essores,
711 4574 947 4645 virgines
982 4582 1143 4644 atque
1167 4589 1355 4629 omnes
1395 4574 1600 4639 sancti,
1651 4590 1879 4644 quorum
1922 4591 2006 4629 re-

432 4666 611 4736 liquize
635 4667 690 4721 iu
710 4667 812 4721 ista
833 4667 1180 4722 continentur
1200 4666 1446 4731 ecclesia,
1474 4667 1773 4736 patrocinia
1797 4664 2003 4737 [ἕπου-ιε,

431 4757 766 4831 patrociniis]
796 4775 893 4814 nos
915 4760 1114 4829 ubique
1142 4758 1414 4826 adiuvent,
1448 4767 1717 4828 quatenus
1756 4758 1843 4812 hic
1890 4758 2008 4812 illo-

432 4864 551 4904 rum
579 4850 828 4919 praesenti
866 4847 1121 4919 suﬂ‘ragio
1150 4848 1442 4920 tranquilla
1470 4862 1603 4919 pace
1644 4850 1696 4903 in
1736 4858 1826 4904 tua
1850 4848 2005 4904 laude

429 4941 696 4997 hutemur.
724 4938 846 4995 Per.

502 5031 638 5117 Item
679 5028 807 5084 alia.
842 5029 1114 5083 Auxilium
1143 5039 1293 5085 tuum
1324 5032 1500 5098 nobis,
1527 5031 1773 5097 Domine,
1797 5046 2008 5101 quaesu-

432 5140 575 5191 mus,
616 5123 859 5194 placatus
901 5122 1149 5191 impende
1175 5163 1195 5186 ,
1229 5132 1283 5177 et
1322 5124 1777 5179 intercedentibus
1807 5123 2010 5178 sanctis

434 5218 581 5282 tuis,
628 5229 858 5285 quorum
904 5214 957 5267 in
989 5215 1093 5268 hac
1119 5215 1371 5284 praesenti
1415 5215 1656 5270 Ecclesia
1706 5216 2003 5285 patrocinia

431 5307 692 5380 colligere
733 5307 1039 5362 curavimus
1067 5349 1079 5372 ,
1128 5307 1213 5362 fac
1255 5324 1351 5362 nos
1390 5311 1457 5363 ab
1490 5311 1637 5364 omni
1682 5312 2005 5365 adversitate

432 5401 650 5455 liberari
675 5441 689 5465 ,
715 5408 772 5455 et
800 5401 854 5454 in
883 5408 1085 5454 aeterna
1118 5400 1299 5454 l:etitia
1327 5402 1560 5471 gaudere
1587 5417 1707 5456 cum
1734 5402 1855 5456 illis.
1885 5400 2007 5455 Per.

504 5491 725 5548 Munera
774 5506 910 5557 tute,
956 5495 1269 5549 misericors
1298 5492 1442 5550 Deus
1469 5536 1482 5559 ,
1527 5494 1793 5563 maiestati
1829 5495 2009 5550 oblata

432 5586 685 5655 benigno,
709 5598 1038 5655 quaesumus,
1069 5589 1280 5656 suscipe
1304 5587 1519 5651 intuitu,
1564 5598 1622 5642 ut
1650 5598 1837 5642 eorum
1859 5587 2011 5641 nobis

436 5676 682 5739 precibus
722 5676 850 5730 fiant
899 5678 1197 5747 salutaria,
1250 5694 1488 5750 quorum
1531 5682 1911 5735 sacratissima:
1955 5679 2013 5733 in

2114 3188 2356 3253 bramus,
2375 3206 2565 3245 eorum
2590 3194 2796 3261 pariter
2824 3194 3064 3263 quotidie
3087 3195 3156 3250 ab
3173 3198 3422 3253 omnibus
3448 3199 3703 3255 adversis

2111 3287 2461 3350 protegantur
2487 3283 2709 3339 auxilio.
2742 3285 2865 3341 Per.

2699 3401 2931 3458 CAPUT
2967 3405 3105 3460 XVI.

2611 3492 2775 3548 Missa
2797 3512 2892 3565 pro
2919 3497 3167 3551 inimicis.

2181 3609 2322 3662 Dens
2371 3610 2519 3681 pacis
2573 3610 2960 3680 cltaritatisque
3012 3622 3223 3669 amator
3268 3624 3323 3670 et
3364 3624 3567 3681 custos,
3619 3616 3697 3673 da

2111 3698 2361 3752 omnibus
2400 3699 2635 3754 inimicis
2675 3701 2878 3756 nostris
2926 3717 3115 3771 pacem
3146 3704 3574 3775 charitatcmque
3603 3722 3707 3761 ve-

2111 3801 2246 3848 ram,
2278 3795 2700 3858 eunctorumquc
2730 3790 2809 3844 eis
2835 3792 3205 3846 remissionem
3245 3794 3418 3848 tribue
3443 3804 3707 3865 peccato-

2113 3894 2254 3943 rum,
2284 3894 2488 3951 nosque
2514 3879 2581 3934 ab
2612 3895 2802 3935 eorum
2829 3881 3038 3937 insidiis
3058 3894 3306 3954 potenter
3334 3886 3501 3958 eripe.
3532 3886 3661 3943 Per.

2182 3971 2412 4027 Secreta.
2449 3972 2673 4038 Oblatis,
2700 3975 2946 4041 Domine,
2975 3993 3301 4048 quaesumus,
3330 3980 3547 4051 placare
3575 3999 3709 4037 mu—

2112 4064 2331 4120 neribus
2361 4084 2373 4119 :
2408 4075 2463 4120 et
2490 4081 2588 4121 nos
2609 4067 2678 4122 ab
2707 4068 2944 4125 inimicis
2972 4073 3175 4128 nostris
3199 4073 3493 4128 dementer
3515 4076 3697 4144 eripe,

2109 4156 2294 4225 eisque
2316 4156 2705 4229 indulgentiam
2725 4160 2900 4215 tribue
2927 4161 3264 4218 delictorum.
3282 4163 3386 4221 Per
3402 4164 3707 4222 Dominum

2111 4254 2373 4301 ηοεῐτιιιη.

2179 4337 2260 4391 Ad
2290 4337 2685 4410 Complendum.
2718 4342 2859 4397 Deus
2888 4344 2981 4414 qui
3018 4342 3248 4401 famulos
3275 4355 3416 4411 tuos,
3448 4345 3701 4419 Moysen,

2110 4426 2348 4495 Samuel,
2388 4438 2443 4485 ct
2497 4430 2831 4501 Stephanum
2869 4444 3325 4507 protomartyrcm
3358 4437 3558 4493 virtute
3596 4454 3705 4509 pa—

2110 4521 2312 4575 tientiae
2337 4522 2567 4587 donaSIi,
2612 4532 2671 4578 ut
2713 4540 2815 4596 pro
2858 4541 3075 4581 suorum
3106 4528 3318 4584 delictis
3345 4529 3706 4589 inimicorum

2110 4613 2484 4682 :equanimiter
2521 4627 2839 4685 exorarent;
2873 4620 2938 4673 da
2966 4620 3141 4687 nobis,
3177 4637 3484 4692 quaesumus
3508 4664 3524 4689 ,
3569 4640 3709 4681 om-

2110 4701 2260 4756 nium
2306 4704 2516 4759 meritis
2563 4714 2900 4775 sanctorum,
2938 4719 2997 4763 ut
3027 4710 3274 4767 inimicos
3302 4722 3518 4768 nostros
3546 4728 3707 4771 verae

2110 4792 2411 4848 dilectionis
2450 4809 2632 4850 amore
2660 4796 2941 4869 diligamus
2960 4840 2974 4864 ,
3002 4814 3296 4870 eorumque
3322 4816 3419 4872 pro
3452 4804 3706 4861 excessiv-

2113 4886 2212 4941 bus
2243 4893 2353 4941 tota
2384 4887 2581 4942 mentis
2618 4888 2913 4944 intentione
2960 4906 3149 4961 preces
3190 4895 3432 4950 assiduas
3466 4896 3524 4950 in
3561 4910 3701 4953 eon-

2112 4984 2296 5046 spectu
2332 4977 2628 5047 maiestatis
2652 4985 2758 5034 tua:
2784 4979 3084 5035 fundamus.
3118 4981 3242 5038 Per.

2622 5089 2729 5160 ιε
2760 5089 2990 5147 CAPUT
3021 5094 3182 5150 XVII.

2418 5195 2581 5254 Missa
2608 5217 2702 5272 pro
2725 5204 3001 5273 conﬁtente
3025 5217 3238 5276 peccata
3264 5226 3387 5264 sua.

2184 5311 2533 5382 Omnipotens
2561 5315 2883 5382 sempitemc
2912 5317 3073 5384 Deus,
3119 5322 3210 5389 qui
3254 5339 3315 5378 es
3358 5338 3537 5387 verus,
3567 5341 3705 5381 san-

2113 5416 2233 5462 ctus
2268 5448 2282 5471 ,
2326 5417 2381 5463 ct
2406 5417 2715 5464 sanctorum
2742 5411 2983 5465 omnium
3010 5425 3307 5483 protector,
3336 5416 3429 5470 tibi
3462 5418 3549 5486 pio
3581 5418 3702 5474 Do-

2116 5499 2261 5554 mino
2289 5499 2495 5554 devotis
2520 5499 2791 5556 mentibus
2816 5501 3019 5557 hostias
3042 5502 3221 5561 laudis
3239 5505 3535 5571 oderimus,
3562 5525 3705 5578 sup-

2114 5589 2429 5660 pliciterque
2455 5607 2553 5661 pro
2588 5591 2788 5647 famqu
2815 5601 2906 5647 tuo
2933 5594 2997 5648 Ν.
3023 5597 3394 5666 deprecamur,
3435 5608 3493 5652 ut
3529 5601 3579 5653 ci
3607 5603 3702 5655 in-

2115 5681 2439 5750 dulgentiam
2489 5684 2695 5739 tribuas
2737 5685 2985 5740 omnium
3008 5687 3325 5743 delictorum
3354 5706 3574 5744 sum-tun
3597 5735 3610 5754 ,
3644 5704 3704 5748 et
