3968 6180
305 285 385 342 861

1193 287 1579 344 Ll'l‘UltGlCA.
1603 320 1671 326 ——
1707 280 1908 343 LIBER
1943 276 2573 346 saanMim'ronUM.

3420 278 3527 338 itii

305 413 361 455 ne
400 399 586 453 iterum
635 397 701 451 ad
730 396 1055 451 voluntatem
1087 399 1291 465 peccati
1324 397 1547 460 redeat,
1589 399 1857 467 propitius
1889 404 1929 458 Α
1960 390 2190 453 illustret
2213 441 2227 464 ,
2274 396 2490 454 roboret
2518 414 2580 453 ac
2611 396 2891 452 confirmet
2927 438 2940 459 ,
2992 396 3262 465 praeterita
3309 403 3524 463 peccata

302 503 408 544 eum
432 487 698 543 custodire
722 486 978 557 digneris.
1008 486 1114 541 Per
1140 487 1422 542 Dominum
1446 497 1710 543 nostrum.

355 577 578 634 Secreta.
612 577 873 647 Suscipe,
921 576 1342 631 clementissime
1384 588 1537 646 pater
1564 618 1578 642 ,
1626 577 1859 631 hostiam

298 670 595 741 placationis
624 680 676 724 et
700 669 894 734 laudis,
926 686 1062 740 quas
1094 684 1194 740 ego
1223 668 1471 741 indignus
1505 679 1560 725 et
1604 678 1860 740 peccator

297 764 507 818 famulus
527 772 651 817 tuus
674 758 766 817 tibi
792 760 987 817 oﬂ'crre
1012 777 1277 832 prresumo
1297 756 1363 817 ad
1389 764 1647 816 honorem
1677 762 1860 831 gloria":

296 859 509 912 nominis
559 857 634 908 tui
664 896 677 915 ,
714 863 769 908 et
808 860 910 924 pro
955 854 1321 909 incolumitate
1358 852 1543 909 famuli
1593 853 1671 907 tui
1700 852 1763 906 N.
1800 863 1861 908 ut

293 949 512 1002 omnium
543 948 863 1001 delictorum
887 958 1106 999 suorum
1130 945 1344 999 veniam
1364 944 1621 1012 consequi
1651 959 1862 998 merea-

295 1048 389 1091 tur.
418 1034 521 1089 Per
553 1035 841 1090 Deminnm
867 1043 1136 1089 nostrum.

356 1125 745 1180 Postcommun.
774 1125 1084 1189 Preeamur,
1110 1125 1361 1188 Domine,
1409 1132 1471 1180 ut
1521 1126 1861 1181 interceden-

292 1215 419 1270 tibus
446 1216 653 1271 sanctis
680 1216 788 1271 tuis
824 1232 923 1286 pro
951 1215 1150 1270 famulo
1179 1225 1270 1271 tuo
1292 1215 1358 1271 Ν.
1394 1217 1781 1286 indulgentiam
1809 1217 1857 1272 ei

290 1304 483 1358 tribuas
522 1304 767 1359 omnium
810 1313 1190 1374 peccatorum,
1238 1321 1374 1375 opus
1416 1305 1536 1375 ejus
1572 1306 1629 1359 in
1659 1307 1858 1360 bonum

289 1394 560 1462 perﬁcias;
593 1411 719 1449 nam
763 1406 817 1448 et
843 1396 1070 1465 gratiam
1103 1406 1249 1449 tuam
1296 1396 1344 1449 ei
1391 1399 1692 1461 concedas,
1723 1395 1852 1462 fide,

288 1501 373 1557 spe
396 1496 450 1542 et
480 1487 751 1544 charitate
787 1500 912 1543 eum
956 1487 1196 1556 rcpleas,
1226 1495 1461 1542 mentem
1505 1485 1623 1555 ejus
1651 1488 1719 1541 ad
1749 1503 1860 1543 cte-

287 1580 427 1635 lcstia
484 1581 757 1637 desideria
789 1582 998 1652 erigas,
1037 1587 1093 1635 et
1121 1581 1188 1635 ab
1219 1583 1363 1636 omni
1395 1582 1707 1637 diversitate
1734 1597 1856 1638 eum

287 1670 570 1736 defendas,
605 1679 663 1727 ct
712 1672 781 1727 ad
825 1671 1019 1727 bonam
1056 1673 1511 1741 persevcrantiam
1570 1675 1855 1742 perducas.

286 1761 381 1816 Per
404 1761 722 1816 Dominum.

850 1870 1078 1929 CAPUT
1119 1872 1303 1928 XVI“.

355 1984 517 2040 "isset
545 2000 640 2055 pro
681 1982 850 2038 Salute
878 1981 1109 2037 vivorum
1150 1992 1197 2037 et
1236 1984 1410 2054 requie
1440 1994 1785 2038 mortuorum.

345 2096 704 2166 Omnipotens
737 2094 1061 2165 sempiterne
1109 2090 1283 2159 Deus,
1333 2094 1424 2165 qui
1470 2095 1718 2150 vivorum
1763 2096 1861 2150 do-

285 2189 507 2245 minaris
534 2186 779 2254 simulet
816 2193 1149 2240 mortuorum
1180 2225 1194 2249 ,
1252 2184 1601 2254 omniumque
1647 2183 1818 2257 [Adde
1843 2225 1857 2248 ,

285 2276 585 2351 misereris]
650 2292 785 2347 quos
849 2287 971 2331 tuos
1002 2275 1106 2329 ﬁde
1166 2282 1223 2329 et
1265 2288 1429 2343 opere
1498 2272 1706 2328 futuros
1742 2289 1862 2328 esse

281 2368 596 2441 prteuoscis,
631 2377 683 2424 te
732 2367 1045 2438 suppliciter
1076 2381 1264 2431 exoro,
1300 2374 1361 2420 ut
1412 2380 1512 2437 pro
1554 2366 1750 2436 quibus
1785 2364 1862 2419 ef-

281 2460 505 2517 fundere
540 2474 736 2532 preces
761 2458 1005 2524 decrevi;
1036 2473 1277 2528 quosque
1301 2455 1387 2512 vel
1413 2470 1652 2526 praesens
1697 2470 1862 2509 siccu-

281 2554 383 2609 lum
410 2555 597 2609 adhuc
626 2554 680 2608 in
725 2567 885 2607 carne
910 2552 1126 2616 retinet,
1155 2548 1237 2605 vel
1265 2549 1502 2604 futurum
1527 2546 1641 2617 jam
1670 2555 1864 2603 exutos

284 2660 509 2715 corpore
536 2645 794 2716 suscepit.
821 2644 1038 2715 pietatis
1069 2651 1170 2699 tua:
1190 2643 1474 2699 clementia
1496 2683 1511 2707 ,
1544 2641 1862 2697 delictorum

279 2751 499 2792 suorum
557 2736 772 2791 veniam
824 2745 1249 2805 consequantur.
1293 2731 1397 2788 Per
1440 2730 1725 2787 Dominum
1767 2747 1864 2787 no-

280 2820 449 2882 strum
478 2824 668 2882 Iesum
692 2822 987 2881 Christum.

347 2916 588 2973 Secreta.
619 2916 795 2981 Deus,
826 2918 914 2972 cui
941 2916 1042 2972 soli
1069 2917 1314 2987 cognitus
1348 2926 1431 2972 est
1456 2926 1713 2971 numerus
1758 2915 1864 2971 ele-

281 3018 495 3064 ctorum
533 3008 590 3062 in
627 3021 858 3077 superna
905 3003 1161 3062 felicitate
1203 3005 1551 3062 locandorum
1578 3046 1593 3070 ,
1645 3005 1821 3060 tribue
1844 3043 1860 3068 ,

1961 488 2252 558 indulgeat,
2274 489 2559 557 praesentia
2584 504 2648 543 ac
2670 487 2850 541 futura
2871 486 3118 557 protegat
3145 501 3209 540 ac
3240 484 3489 540 defendat
3513 504 3526 539 :

1961 579 2032 633 sit
2058 593 2250 633 manus
2275 578 2487 633 Domini
2517 579 2825 634 auxiliatrix
2855 579 2954 641 tui,
2986 587 3042 633 et
3085 576 3365 633 brachium
3407 592 3533 633 san-

1960 674 2106 723 ctum
2155 665 2275 735 ejus
2324 669 2421 723 tibi
2460 670 2715 724 auxilium
2745 669 3004 725 concedat
3051 666 3300 725 omnibus
3345 666 3532 725 diebus

1958 759 2082 811 vitae
2110 765 2233 812 tuas.
2267 758 2456 814 Amen.

2028 845 2319 902 Benedicat
2335 848 2594 903 Dominus
2616 849 2779 904 corda
2804 859 2859 904 et
2881 865 3106 919 corpora
3129 848 3334 914 nnStra;
3364 858 3420 906 et
3447 852 3531 907 de!

1960 950 2124 1005 super
2154 952 2253 991 nos
2286 937 2742 1003 benedictionem,
2786 940 2925 993 sicut
2960 940 3111 993 Isaac
3139 940 3415 996 benedixit
3446 930 3533 996 la-

1959 1025 2083 1079 cob.
2115 1023 2306 1080 Manus
2333 1024 2545 1081 Domini
2573 1040 2733 1096 super
2752 1040 2871 1093 nos,
2898 1029 3079 1083 mittat
3104 1027 3353 1099 angelum
3376 1040 3533 1087 suum

1960 1117 2257 1183 custodem,
2285 1118 2374 1188 qui
2404 1119 2669 1172 custodiat
2704 1134 2802 1173 nos
2830 1117 2884 1172 in
2910 1117 3160 1175 omnibus
3185 1120 3292 1175 viis
3310 1119 3532 1184 nostris.

1959 1204 2311 1276 perﬁciatque
2335 1222 2556 1278 gressus
2592 1216 2808 1262 nostros
2832 1249 2846 1273 ,
2877 1217 2938 1263 ut
2964 1222 3071 1262 non
3100 1210 3417 1276 pioveantur
3443 1209 3534 1265 vc-

1961 1297 2120 1368 stigia
2162 1305 2380 1363 nostra,
2425 1296 2557 1353 furis
2596 1313 2695 1353 nos
2741 1307 2991 1370 protegat
3036 1308 3197 1370 atque
3242 1302 3494 1359 defendat
3520 1344 3532 1363 ς

1962 1387 2107 1441 intus
2136 1389 2448 1443 corroboret
2482 1396 2536 1443 et
2569 1387 2852 1444 confirmet
2888 1389 2941 1443 in
2983 1392 3133 1446 omni
3159 1391 3300 1448 bono
3328 1394 3383 1449 et
3419 1393 3536 1450 feli—

1961 1477 2142 1532 citate.
2177 1476 2369 1532 Amen.

2261 1587 2489 1644 Collccla
2519 1608 2676 1663 super
2696 1590 2962 1661 judicium
2991 1591 3234 1646 dicenda.

2034 1698 2387 1771 Omnipotens
2411 1704 2738 1772 sempiterno
2778 1704 2951 1770 Dens,
2984 1707 3075 1776 qui
3103 1716 3196 1761 tua
3218 1705 3423 1775 judicia
3458 1709 3539 1763 in-

1962 1791 2328 1845 commutabili
2360 1793 2710 1861 dispositione
2733 1792 2914 1860 justus
2939 1795 3136 1865 ubique
3152 1796 3318 1867 judex
3348 1798 3535 1854 decer-

1963 1882 2068 1946 nis,
2101 1888 2158 1936 tn
2181 1883 2418 1939 clemens
2450 1885 2505 1939 in
2532 1886 2636 1942 hoc
2677 1895 2767 1941 tuo
2788 1885 3015 1957 judicio,
3050 1888 3117 1942 ad
3143 1888 3537 1945 invocationem

1967 1975 2071 2045 19
2101 1977 2272 2031 sancti
2321 1978 2397 2031 tui
2442 1979 2695 2044 nominis,
2717 1981 2859 2051 quod
2886 1996 2917 2035 a
2952 1990 3002 2036 te
3036 1981 3272 2037 ﬁdelium
3311 1984 3538 2039 intentio

1963 2063 2237 2134 implorat,
2277 2076 2368 2120 tua
2392 2056 2695 2135 justissima
2728 2071 3125 2127 examinatione
3148 2074 3381 2129 declara.
3414 2074 3535 2128 Per.

2034 2155 2061 2195 ι)
2100 2155 2234 2209 Item
2258 2156 2384 2211 alia.
2428 2159 2572 2214 Deus
2606 2158 2772 2228 jndex
2801 2159 3002 2229 justus,
3026 2163 3184 2218 fortis
3214 2175 3271 2219 et
3303 2167 3535 2233 patiens,

1963 2245 2053 2313 qui
2080 2253 2270 2301 auctor
2287 2248 2436 2316 pacis
2457 2263 2538 2312 es,
2558 2258 2612 2303 et
2633 2250 2844 2320 iudicas
2866 2253 3193 2321 aequitatem.
3232 2254 3311 2308 Tu
3328 2253 3534 2323 iudica,

1963 2337 2107 2405 quod
2126 2335 2331 2404 justum
2359 2346 2466 2403 est,
2509 2339 2824 2405 Domine,et
2846 2352 3052 2398 rectum
3070 2343 3332 2413 judicium
3356 2355 3536 2401 tuum:

1963 2428 2056 2497 qui
2085 2428 2307 2505 respicis
2327 2443 2486 2499 super
2509 2437 2731 2496 terram,
2762 2440 2817 2486 et
2831 2432 2964 2490 facis
2988 2450 3107 2490 eam
3131 2444 3380 2491 tremere.
3435 2436 3538 2501 Tu,

1963 2517 2107 2572 Deus
2130 2519 2489 2589 omnipotens,
2519 2522 2611 2589 qui
2638 2536 2735 2590 per
2762 2523 3048 2580 adventum
3069 2526 3192 2581 Filii
3213 2528 3292 2582 tui
3322 2528 3536 2582 Domini

1965 2613 2135 2667 nostri
2159 2611 2286 2668 Jesu
2309 2612 2510 2669 Christi
2536 2614 2797 2671 mundum
2841 2617 3083 2684 salvasti,
3122 2627 3176 2672 et
3196 2633 3293 2689 per
3313 2621 3546 2677 sancti:k

1964 2703 2158 2759 simam
2201 2704 2319 2775 ejus
2362 2707 2666 2776 passionem
2715 2722 2885 2778 genus
2909 2710 3201 2766 humanum
3246 2712 3541 2769 redemisti.

1965 2796 2043 2850 Tu
2060 2796 2201 2851 hanc
2230 2811 2423 2866 aquam
2449 2797 2572 2867 igne
2598 2795 2913 2863 ferventem,
2945 2800 3059 2857 sive
3077 2799 3279 2857 ferrum
3302 2802 3536 2858 calidum

1964 2884 2262 2952 sanctiﬁca,
2299 2884 2391 2954 qui
2416 2894 2527 2943 tres
2557 2902 2777 2957 pueros,
2810 2888 2864 2943 id
2886 2898 2993 2954 est,
3041 2889 3249 2958 Sidrac,
3282 2891 3451 2948 Nisae
3492 2902 3548 2947 et

1965 2975 2274 3050 Abdenego,
2313 2978 2538 3050 iubente
2559 2996 2683 3053 rege
2706 2981 3220 3051 Nabuchodonosor,
3248 2986 3301 3041 in
3332 2988 3545 3047 camino

279 3116 486 3170 qumso,
522 3109 587 3155 ut
628 3101 1003 3155 universorum
1035 3140 1049 3165 ,
1077 3110 1213 3170 quos
1245 3100 1299 3154 in
1326 3100 1572 3155 oratione
1598 3109 1866 3153 commen-

1977 3066 2124 3138 iguis.
2175 3082 2399 3126 accensa
2424 3067 2663 3138 fornace,
2687 3070 2905 3129 salvasti
2941 3071 3157 3143 illtesos,
3186 3083 3242 3128 et
3273 3089 3367 3148 per
3388 3093 3544 3153 auge-2

281 3192 437 3249 datos
464 3192 680 3261 Suscepi
699 3233 714 3256 ,
741 3191 824 3248 vel
853 3192 1091 3246 omnium
1128 3190 1361 3247 fidelium
1402 3190 1617 3246 nomina
1645 3231 1659 3255 ,
1703 3188 1870 3243 beatae

280 3283 776 3355 pratdestinationls
820 3283 958 3339 liber
999 3285 1233 3354 ascripta
1269 3284 1514 3338 retineat.
1557 3278 1663 3338 Per
1686 3280 1871 3335 Domi-

286 3390 437 3431 num.

353 3466 755 3524 Pasicommun.
796 3468 999 3524 Divina!
1029 3469 1252 3541 largitor
1289 3468 1498 3543 [Forte,
1529 3467 1672 3526 Deus
1699 3472 1871 3527 venim

284 3560 537 3633 largitor]
568 3568 624 3615 et
652 3560 900 3615 humana:
929 3560 1118 3615 salutis
1146 3569 1375 3627 amator,
1424 3577 1734 3632 quaesumus
1762 3564 1870 3619 cle-

286 3652 549 3707 mentiam
582 3660 750 3715 tuam,
768 3659 825 3704 ut
852 3652 1068 3706 nomina
1097 3650 1416 3706 famulorum
1441 3651 1870 3723 famularumque

290 3752 509 3797 uiarum
533 3782 547 3807 ,
573 3755 693 3812 quae
721 3742 809 3796 hic
837 3741 927 3811 pio
959 3741 1260 3796 dilectionis
1302 3740 1478 3797 ofﬁcio
1507 3744 1712 3812 pariter
1745 3758 1873 3797 con-

289 3834 639 3907 scripsimus,
670 3833 722 3887 in
756 3832 895 3887 libro
918 3832 1070 3898 vitae,
1100 3833 1462 3887 miserationis
1501 3840 1604 3886 tua:
1653 3834 1820 3902 gratia
1857 3874 1870 3896 ,

285 3925 486 3995 iubeas
534 3920 826 3981 conscribi.
886 3918 991 3991 Per
1048 3920 1334 3977 Dominum
1391 3930 1635 3978 uestrum
1690 3921 1873 3977 Jesum

289 4014 597 4072 Christum.

597 4143 625 4172 ι
663 4120 1204 4185 BENEDICTIONES
1239 4122 1583 4184 DIVEBSAZ.

368 4265 662 4320 Benedicat
693 4272 746 4318 te
773 4263 1031 4320 Dominus
1060 4276 1124 4317 ex
1153 4261 1304 4326 Sion,
1330 4261 1422 4330 qui
1444 4260 1575 4315 fecit
1602 4261 1794 4317 omium
1820 4269 1875 4315 et

293 4364 538 4422 terram,
562 4355 616 4409 in
650 4353 913 4426 sapientia
952 4368 1049 4409 sua
1087 4352 1456 4408 benedictione
1493 4360 1695 4406 aeterna
1721 4394 1735 4415 ,
1783 4353 1875 4422 qui

1971 3156 2083 3213 lum
2117 3166 2267 3213 tuum
2294 3159 2549 3216 eduxisti.
2597 3163 2698 3229 Tu,
2735 3164 2974 3221 clemens
2997 3169 3347 3225 secretissima
3372 3172 3546 3226 domic

1970 3255 2148 3315 natur,
2184 3257 2399 3319 praesta,
2452 3253 2583 3307 utsi
2632 3253 2891 3312 innocens
2948 3258 3014 3313 de
3062 3259 3163 3315 hoc
3187 3260 3330 3317 furto
3359 3263 3440 3317 vel
3484 3264 3550 3321 de

1969 3348 2174 3409 stupro,
2207 3340 2261 3394 in
2285 3355 2479 3411 aquam
2500 3343 2641 3400 hanc
2672 3346 2794 3414 igne
2831 3346 3148 3416 ferventem,
3198 3352 3311 3407 sive
3349 3351 3547 3408 ferrum

1969 3431 2200 3487 calidum
2224 3447 2441 3490 manum
2473 3451 2625 3491 suam
2649 3438 2877 3503 miserit,
2917 3441 3057 3497 sicut
3084 3449 3197 3499 tres
3238 3460 3437 3516 pueros
3463 3461 3551 3501 sus

1968 3534 2067 3589 pra
2094 3521 2265 3578 dictos
2294 3522 2348 3577 in
2377 3525 2588 3581 camino
2636 3527 2776 3599 ignis
2798 3530 3028 3597 solvisti,
3070 3541 3126 3589 et
3150 3533 3452 3591 Susannam
3483 3538 3549 3591 de

1969 3612 2104 3669 falso
2129 3615 2355 3671 crimine
2376 3617 2638 3685 liberasti,
2691 3621 2767 3676 ita
2818 3623 2886 3678 de
2925 3625 3028 3680 hac
3081 3642 3238 3696 aqua,
3291 3630 3411 3700 igne
3443 3630 3552 3685 i‘er-~

1970 3711 2148 3770 vente,
2188 3705 2300 3759 sive
2323 3705 2467 3762 ferro
2498 3708 2695 3775 calido,
2741 3727 2960 3768 manum
3012 3716 3215 3773 salvam
3252 3728 3306 3772 et
3330 3720 3549 3775 ilhesam

1971 3793 2186 3850 educat.
2265 3794 2321 3849 Si
2377 3812 2506 3852 vero
2535 3799 2747 3868 culpam
2788 3802 3100 3870 ingravante
3155 3807 3367 3863 diabolo
3395 3847 3411 3873 ,
3460 3826 3554 3865 cor

1972 3884 2277 3940 induratum
2305 3891 2709 3956 praesumpserit
2759 3891 2808 3943 in
2856 3894 2995 3947 hanc
3040 3909 3235 3962 aquam
3293 3898 3414 3966 igne
3449 3898 3554 3954 fer—

1972 3985 2208 4043 ventem,
2257 3978 2370 4036 sive
2411 3978 2617 4035 fcrram
2665 3981 2917 4048 calidum,
2971 3999 3190 4040 manum
3235 4002 3388 4044 suam
3424 3992 3548 4047 mit-

1975 4075 2111 4133 tere,
2158 4078 2247 4151 tna
2268 4070 2569 4141 justissima
2622 4073 2824 4129 veritas
2874 4074 2977 4129 hoc
2999 4075 3253 4145 declaret,
3294 4083 3426 4137 etin
3457 4085 3555 4139 hu~

1968 4162 2059 4230 jus
2085 4176 2306 4230 corpore
2329 4171 2473 4217 tuam
2495 4164 2778 4220 veritatem
2809 4165 3111 4232 manifesta,
3157 4181 3216 4227 ut
3253 4173 3429 4228 anima
3459 4192 3556 4245 per

1973 4251 2344 4318 pmnitcntiam
2393 4255 2645 4310 salvetur.
2710 4257 2776 4312 Et
2822 4259 2868 4313 si
2914 4261 3195 4331 culpabilis
3239 4279 3338 4333 per
3374 4265 3553 4336 aliqua

1978 4342 2269 4410 maleﬁcia,
2312 4355 2406 4401 aut
2447 4362 2543 4416 per
2588 4348 2786 4405 herbas
2815 4390 2830 4415 ,
2879 4361 3099 4423 peccata
3158 4369 3253 4412 sua
3310 4360 3553 4413 contueri

294 4446 584 4502 benedixit
608 4460 798 4502 omnes
818 4454 1039 4509 sanctos
1081 4452 1274 4516 patres
1312 4450 1528 4499 nostros
1567 4452 1623 4499 et
1650 4443 1869 4514 patriar~

1978 4433 2232 4499 voluerit,
2289 4444 2379 4492 tua
2427 4437 2650 4495 dextera
2701 4440 2806 4497 hoc
2832 4458 3099 4500 cvacuare
3139 4446 3407 4515 dignetur.
3455 4446 3559 4502 Per

297 4537 443 4591 chas
492 4544 728 4601 nostros,
775 4536 1071 4600 Abraham,
1118 4534 1269 4591 lsaac
1299 4542 1356 4588 et
1379 4531 1547 4590 Jaeob
1572 4575 1587 4600 ,
1615 4543 1672 4590 et
1702 4534 1883 4589 multi-

297 4626 477 4696 plicat
499 4626 555 4680 in
583 4638 637 4680 te
665 4626 890 4697 gratiam
925 4641 1079 4681 suam
1104 4625 1398 4694 spiritalem
1418 4665 1434 4690 ,
1456 4626 1597 4683 sicut
1624 4625 1881 4695 multipli-

299 4716 460 4770 eavit
501 4729 686 4772 setnen
711 4730 899 4772 eorum
924 4725 1181 4786 tanquam
1223 4717 1408 4772 stellas
1450 4717 1606 4779 eali,
1640 4727 1697 4771 et
1740 4717 1887 4772 velut

306 4820 538 4861 arenam
566 4822 689 4878 qua:
712 4808 875 4863 estin
904 4807 1085 4862 littore
1110 4809 1294 4871 maris,
1323 4808 1436 4876 ipse
1457 4815 1701 4878 protegat
1725 4816 1888 4876 atque

304 4896 569 4956 defendat
592 4902 844 4957 omnibus
870 4901 1061 4957 diebus
1089 4902 1212 4957 vitae
1241 4910 1363 4963 tute,
1392 4910 1447 4955 et
1473 4902 1730 4970 perducat
1753 4909 1804 4956 te
1833 4901 1887 4954 in

310 5000 542 5059 meum
568 4989 754 5060 glorize
772 5004 903 5045 suae.
934 4989 1128 5045 Amen.

392 5077 712 5150 Aspieiatin
754 5087 811 5137 te
847 5079 1076 5138 Creator
1120 5093 1376 5147 aeternus,
1404 5091 1691 5139 conservet
1734 5084 1786 5138 in
1838 5093 1890 5138 te

312 5171 545 5239 gratiam
572 5186 750 5238 suam,
770 5188 935 5243 quam
964 5189 1125 5259 super
1159 5184 1211 5231 te
1244 5173 1458 5240 infudit,
1486 5181 1719 5230 mentem
1746 5184 1891 5230 tuam

1984 4524 2318 4597 unigenitum
2348 4524 2629 4585 Dominum
2662 4541 2904 4590 nostrum
2944 4533 3126 4591 Jesum
3152 4535 3424 4593 Christum
3464 4537 3555 4594 Fi-

1985 4616 2114 4672 lium
2139 4626 2312 4684 tuum,
2328 4621 2418 4689 qui
2442 4629 2620 4677 tecum
2640 4623 2771 4678 vivit
2791 4632 2845 4678 et
2871 4633 3061 4695 regnat
3088 4625 3250 4693 Deus,
3278 4628 3333 4683 in
3354 4628 3562 4689 unitate

1988 4705 2219 4778 Spiritus
2240 4713 2431 4776 sancti,
2455 4727 2552 4781 per
2574 4713 2755 4767 omnia
2782 4712 2974 4768 mula
2998 4717 3339 4775 saeculorum.
3362 4718 3550 4775 Anien.

2296 4835 2316 4862 ε
2362 4823 2638 4879 Orationes
2669 4826 2738 4878 ad
2762 4826 2918 4880 horas
2948 4831 3245 4885 canonicos.

2061 4909 2244 4965 Oratio
2290 4913 2359 4966 ad
2409 4911 2669 4967 Primam.
2763 4914 2903 4971 Deus
2932 4959 2946 4982 ,
2999 4921 3089 4988 qui
3138 4922 3202 4975 ad
3236 4922 3556 4995 principium

1991 5001 2148 5055 istius
2191 5003 2295 5057 diei
2323 5016 2421 5074 per
2463 5012 2609 5060 tuam
2652 5008 2880 5078 gratiam
2913 5027 3011 5066 nos
3042 5015 3321 5083 pervenire
3365 5014 3557 5079 fecisti,

1991 5102 2083 5147 tua
2132 5108 2230 5148 nos
2270 5095 2414 5149 salva
2457 5096 2685 5164 virtute;
2732 5109 2792 5155 ut
2844 5102 2897 5156 in
2954 5103 3055 5158 hac
3109 5106 3195 5160 die
3240 5106 3306 5160 ad
3356 5096 3559 5164 nullum

1994 5186 2322 5241 declinemus
2351 5195 2647 5257 peccatum,
2696 5193 2790 5248 sed
2809 5206 3025 5265 semper
3044 5196 3112 5251 ad
3135 5202 3277 5251 tuam
3296 5197 3560 5267 justitiam

310 5270 498 5330 regat,
520 5264 641 5319 vias
668 5272 790 5321 tuas
820 5266 1018 5338 dirigat
1036 5263 1061 5334 ,’
1081 5268 1435 5339 cogitationes
1481 5275 1604 5322 tuas
1646 5268 1702 5322 in
1752 5269 1895 5324 bono
1995 5276 2298 5336 faciendam
2324 5288 2505 5336 nostra
2529 5285 2826 5352 procedant
2843 5263 3077 5358 eloquia.
3117 5286 3220 5345 Per
3255 5263 3559 5346 Dominum.

402 5428 427 5512 bl
455 5416 582 5512 (ἔαξε
610 5430 929 5512 sequuntur,
958 5422 1220 5512 in'cpdicc
1240 5441 1346 5495 quo
1369 5423 1739 5491 Quercctanus
1770 5441 1866 5480 usu

1996 5432 2119 5495 467,
2135 5440 2204 5512 _et
2226 5449 2349 5489 cum
2372 5435 2540 5512 altera
2563 5438 2770 5512 p,_474,
2796 5447 2855 5496 et
2873 5454 2997 5512 pag.
3022 5440 3145 5498 482.

315 5494 434 5563 est,
468 5490 793 5563 gppendieis
816 5493 934 5547 loco
956 5494 1197 5563 subjecta
1225 5490 1368 5549 sunt.

403 5558 432 5598 δ
464 5558 767 5635 concordat
790 5563 847 5617 in
873 5558 1144 5635 aliquibus
1162 5579 1283 5619 cum
1306 5563 1680 5619 benedictione
1724 5578 1896 5635 aquae,

2072 5513 2097 5589 ξ
2135 5503 2644 5589 lstte_oratioiies'§d
2680 5503 2847 5589 horas
2861 5503 3181 5589 (ΞείιξοιιίίξξιεΔ
3196 5514 3412 5589 inserta
3438 5531 3567 5589 quo:

1999 5585 2275 5659 quemsunt
2316 5573 2526 5632 Libello
2573 5577 2885 5635 Precatorio
2928 5576 3106 5638 Caroli
3143 5578 3317 5654 Calvi,
3347 5573 3473 5659 pag:
3501 5586 3568 5641 Si

321 5642 490 5695 «tuam
508 5645 576 5686 ex
599 5631 770 5687 veteri
812 5631 998 5687 codice
1027 5632 1296 5689 Uticensis
1321 5635 1634 5689 monasterii
1684 5631 1905 5689 exhibet
2000 5631 2057 5697 et
2089 5640 2177 5697 25.

325 5696 565 5757 Hancne
588 5701 665 5757 Dc
687 5702 923 5776 antiquis
959 5698 1209 5761 Ecclesize
1242 5702 1451 5759 Ritibns
1478 5713 1606 5758 tum.
1640 5702 1722 5768 lll,
1777 5719 1898 5777 pag.
