3968 6180
315 326 422 382 465

1169 303 1232 361 ιι.
1271 300 1336 360 1⁵,
1375 294 1601 355 ALBINI
1638 291 1770 351 SEU
1808 286 2083 347 ALCUINI
2119 281 2403 343 OPERUM
2438 278 2616 335 PARS
2651 278 2741 335 iV.

3477 264 3582 322 ιιι

391 435 576 492 Oratio
597 431 666 486 ad
692 426 941 485 Tertiam.
972 422 1197 481 Domine
1218 417 1362 473 Deus
1385 413 1515 468 .lcsu
1536 407 1775 473 Christe,
1804 403 1896 475 qui
1924 407 1975 465 Α
2073 401 2187 455 Tua
2211 413 2329 464 nos,
2360 410 2689 469 qutesumus,
2713 392 2957 453 Domine,
2984 385 3318 460 protectione
3345 382 3576 447 custodi.

320 532 451 584 hora
462 523 570 581 dici
591 520 752 577 tertia
770 516 838 573 ad
866 526 1084 571 crucem
1105 505 1375 582 passionis
1389 516 1492 574 pro
1517 497 1704 556 mundi
1728 495 1901 551 salute

319 622 510 674 ductus
538 627 633 678 es;
665 619 719 665 te
745 605 1014 678 supplices
1036 602 1393 670 deprecamur
1414 599 1477 647 ιιι
1504 596 1690 644 nostra
1722 586 1906 642 deleas

321 717 560 782 peccata,
593 677 649 761 et
680 711 743 759 ut
762 702 828 756 de
851 677 1144 770 przetcritis
1171 690 1327 746 malis
1350 684 1559 741 nostris
1584 693 1798 749 semper
1818 677 1901 730 in-

321 774 599 856 veniamus
615 793 827 849 veniam
841 832 854 855 ,
880 798 936 843 et
958 788 1023 842 de
1049 782 1245 838 futuris
1265 778 1466 857 jugiter
1490 774 1784 829 habeamus
1805 784 1901 821 cu-

322 891 579 948 stodiam.
631 884 735 952 Qui
757 881 916 938 vivis.

392 980 579 1036 Oratio
700 974 937 1031 Sextum.
975 965 1201 1021 Domine
1223 962 1365 1016 Deus
1387 956 1515 1014 Jesu
1544 954 1780 1014 Christe,
1810 949 1904 1020 qui

323 1075 456 1129 hora
508 1076 663 1124 sexta
710 1075 810 1132 pro
859 1053 1227 1125 redemptione
1270 1046 1458 1104 mundi
1487 1042 1666 1100 crucis
1700 1040 1906 1111 lignum

324 1157 637 1220 ascendisti,
655 1160 716 1209 ut
735 1149 1020 1206 universus
1047 1142 1302 1203 mundus,
1326 1137 1417 1209 qui
1440 1137 1494 1191 in
1508 1132 1746 1190 tenebris
1763 1136 1903 1193 erat,

325 1250 754 1309 illuminaretur;
794 1248 847 1295 te
868 1236 1139 1309 supplices
1162 1234 1535 1303 deprecamur,
1565 1233 1627 1280 nt
1653 1223 1799 1278 illam
1826 1220 1908 1274 lu-

323 1358 442 1399 cem
472 1337 695 1395 nobisin
722 1332 904 1389 animo
921 1339 977 1386 et
1001 1340 1229 1397 corpore
1250 1329 1435 1378 nostro
1453 1332 1665 1388 semper
1680 1314 1908 1376 tribuas,

327 1711 461 1765 hora
487 1716 629 1759 nona
673 1700 740 1755 de
776 1694 956 1751 crucis
987 1689 1229 1763 patibulo
1255 1684 1603 1741 confitentem
1648 1678 1909 1731 latronem

2003 500 2060 548 et
2095 490 2322 546 vividae
2354 489 2533 543 crucis
2569 484 2764 541 vexillo
2817 481 2887 536 ab
2913 478 3164 536 omnibus
3208 474 3448 546 peccatis
3490 473 3588 527 ab.

2005 584 2170 647 solve,
2217 597 2316 651 per
2341 587 2418 645 te,
2444 577 2574 632 Jesu
2599 574 2831 639 Christe,
2860 570 2952 642 qui
2977 585 3076 640 per
3102 578 3362 638 tropaeum
3384 571 3589 620 sanctae

2005 677 2183 733 crucis
2210 675 2469 730 mundum
2499 669 2767 725 redimere
2787 666 3037 736 dignatus
3062 676 3142 718 es.
3188 656 3438 714 Concede
3457 669 3589 726 pro.

2007 769 2189 840 pitius,
2221 774 2281 820 ut
2305 764 2398 834 qui
2420 759 2789 830 redemptione
2815 758 3085 820 laetamur,
3113 750 3329 807 aeternis
3351 746 3591 821 gaudiis,

2007 872 2062 916 te
2087 861 2338 923 donante,
2360 853 2565 927 perfrui
2587 865 2913 908 mereamur.
2980 847 3085 915 Qui
3111 845 3268 901 vivis.

2399 965 2681 1021 Orationes
2708 962 2772 1017 de
2792 969 2977 1017 sancta
3000 957 3198 1013 Maria.

2078 1064 2324 1122 Concede
2339 1075 2438 1116 nos
2449 1057 2678 1114 famulos
2694 1065 2835 1119 tuos,
2847 1066 3170 1122 quaesumus.
3188 1048 3413 1104 Domine
3423 1049 3593 1113 Deus,

2010 1164 2265 1228 perpetua
2287 1152 2486 1208 mentis
2506 1156 2561 1204 et
2579 1145 2826 1217 corporis
2843 1140 3346 1211 sanitategaudere,
3388 1147 3446 1193 et
3480 1137 3597 1209 glo-

2010 1250 2157 1304 riosa
2184 1246 2358 1300 beata:
2390 1240 2572 1295 Mariae
2614 1250 2826 1307 semper
2870 1233 3096 1305 virginis
3119 1229 3527 1293 intercessione,
3560 1242 3598 1282 ι

2012 1337 2261 1411 praesenti
2280 1332 2502 1390 liberari
2517 1329 2756 1396 tristitia,
2772 1336 2829 1383 et
2849 1326 3028 1382 futura
3042 1322 3249 1395 perfrui
3264 1323 3461 1377 laetitia.
3492 1322 3605 1377 Per

2016 1429 2322 1486 Dominum.

2086 1519 2436 1587 Omnipotens
2474 1513 2638 1577 Dens,
2676 1509 2909 1566 famulos
2937 1516 3058 1562 tuos
3079 1506 3299 1562 dextera
3342 1503 3606 1575 potentia:

2018 1620 2123 1666 tuae
2155 1625 2186 1664 a
2209 1607 2421 1664 cunctis
2448 1612 2697 1677 protegat
2720 1601 2995 1672 periculis,
3024 1600 3249 1655 etbeata
3266 1596 3430 1651 Maria
3457 1611 3605 1651 sem-

2017 1718 2114 1773 per
2127 1700 2335 1771 virgine
2373 1696 2761 1759 intercedente,
2799 1691 2886 1748 fac
2936 1705 3031 1746 eos
3058 1688 3311 1759 presenti
3363 1686 3606 1758 gaudere

330 1800 397 1854 ad
450 1794 677 1866 gloriam
721 1786 958 1860 paradisi
1013 1782 1245 1838 transire
1294 1775 1487 1837 fecisti,
1540 1781 1597 1827 te
1645 1769 1912 1840 supplices
1946 1753 1988 1812 Β
2016 1753 2375 1864 ὖῶέιςεξίίθιθ
2399 1796 2454 1842 ει
2482 1784 2684 1840 futura.
2737 1753 2861 1837 per.

330 1892 702 1965 deprecamur,
734 1889 796 1937 ιιι
816 1887 937 1952 post
951 1877 1156 1932 obitum
1181 1880 1430 1927 nostrum
1448 1867 1501 1921 in
1526 1862 1766 1935 paradisi
1788 1874 1914 1930 por-

333 1952 417 2037 tas
468 1994 569 2033 nos
625 1974 792 2030 facias
838 1967 1066 2025 introire
1125 1964 1441 2037 gaudentes.
1510 1955 1619 2021 Qui
1672 1952 1811 2007 vivis
1859 1956 1916 2003 ct

335 2080 553 2137 regnas.

726 2146 1013 2219 Orationes
1039 2141 1105 2195 de
1129 2147 1313 2195 sancta
1337 2152 1509 2190 crure.
1833 2104 1868 2150 l

406 2228 608 2301 Adesto
640 2240 856 2298 familia:
882 2245 987 2292 tua:
1007 2234 1243 2290 clemens
1263 2239 1320 2286 et
1341 2228 1650 2283 misericors
1670 2224 1831 2287 Deus,
1857 2228 1920 2274 ut

337 2338 392 2391 in
414 2334 657 2390 adversis
684 2339 740 2387 et
759 2326 1035 2401 prosperis
1054 2336 1245 2395 preces
1272 2317 1547 2382 exaudias,
1581 2323 1636 2370 et
1658 2329 1756 2384 per
1770 2311 1923 2367 auxi-

335 2429 465 2484 lium
488 2432 690 2483 sancta:
702 2421 881 2478 crucis
905 2416 1056 2473 nefas
1082 2411 1515 2471 adversariorum
1534 2405 1772 2477 digneris
1792 2418 1926 2457 con-

340 2530 538 2584 terere,
571 2524 631 2571 ut
654 2521 872 2587 portum
892 2508 1083 2564 salutis
1116 2513 1223 2560 tua:
1250 2502 1464 2557 valeant
1493 2496 1900 2569 apprehendere

339 2611 444 2668 Per
468 2609 759 2665 Dominum
787 2610 1032 2659 nostrum
1055 2597 1261 2653 Iesum.
1339 2615 1343 2619 ν

414 2701 558 2755 Deus
578 2698 668 2755 cui
687 2704 899 2753 cunctm
924 2690 1473 2748 obediuntcreaturte,
1491 2691 1547 2738 et
1565 2680 1747 2737 omnia
1776 2678 1926 2734 verbi

341 2791 422 2848 tui
475 2787 651 2845 fecisti
704 2782 991 2856 sapientia,
1038 2778 1307 2850 supplices
1335 2788 1643 2845 quaesumus
1687 2768 1931 2825 ineffabi-

342 2884 451 2939 lem
484 2878 823 2937 clementiam
849 2884 1032 2938 tuam,
1064 2882 1138 2940 ιιι
1174 2886 1312 2941 quos
1340 2884 1437 2940 per
1481 2867 1684 2938 lignum
1731 2871 1931 2918 sanctae

345 2971 526 3028 crucis
552 2969 675 3025 Filii
725 2968 802 3023 tui
852 2967 942 3038 pio
967 2978 1162 3020 cruore
1190 2961 1441 3033 dignatus
1464 2973 1525 3013 es
1560 2956 1846 3017 redimere,
1872 2963 1930 3006 tu

344 3064 437 3135 qui
470 3077 530 3119 es
575 3061 779 3134 lignum
808 3059 934 3114 vitae
968 3053 1318 3128 paradisique
1345 3057 1648 3122 reparator,
1679 3044 1933 3102 omnibus

347 3159 401 3212 in
428 3165 480 3211 te
506 3150 853 3211 credentibus
873 3147 991 3204 dira
1007 3145 1276 3217 serpentis
1314 3156 1521 3199 venena
1552 3139 1852 3208 exstingue,
1875 3143 1930 3189 et

345 3267 442 3322 per
469 3249 701 3322 gratiam
728 3245 901 3303 sancti
937 3242 1174 3315 Spiritus
1198 3238 1452 3311 poculum
1499 3235 1690 3291 salutis
1715 3244 1932 3301 semper

349 3343 590 3400 infunde.
637 3341 760 3396 Per.

699 3428 976 3484 Orationes
1001 3425 1070 3479 ad
1093 3438 1295 3478 crucem
1322 3418 1577 3474 dicenda’.

424 3524 467 3578 Δ
505 3520 718 3578 cunctis
761 3531 896 3582 nos,
950 3527 1288 3584 quaesumus,
1342 3508 1568 3562 Domine
1604 3503 1845 3559 rentibus
1882 3509 1937 3555 et

355 3611 610 3685 periculis
635 3608 931 3664 clementer
966 3602 1204 3665 absolve,
1258 3613 1395 3669 quos
1438 3611 1538 3666 per
1571 3595 1772 3665 lignum
1806 3607 1935 3647 san-

353 3712 455 3758 ctze
476 3700 654 3757 crucis
674 3697 939 3753 redimere
960 3694 1212 3765 dignatus
1233 3704 1314 3745 es.
1344 3687 1448 3757 Qui
1473 3687 1612 3741 vivis
1636 3693 1693 3738 et
1717 3696 1934 3754 regnas.

425 3792 683 3853 Tueatur,
731 3798 1057 3857 quaesumus,
1113 3780 1360 3845 Domine,
1411 3779 1629 3833 dextera
1657 3783 1747 3829 tua
1772 3786 1940 3845 popu-

355 3883 468 3942 lum
505 3876 916 3953 supplicantem,
947 3881 1001 3930 et
1046 3871 1279 3945 gloriosa
1331 3869 1451 3925 Filii
1495 3868 1574 3922 tui
1601 3865 1850 3938 passione
1873 3862 1942 3916 ah

354 3975 606 4037 omnibus
630 3970 869 4044 peccatis
890 3965 1152 4023 absolvat.
1198 3962 1305 4018 Per
1336 3961 1624 4016 Dominum
1670 3963 1937 4011 nostrum.

427 4063 662 4138 goTua
685 4075 783 4116 nos
812 4055 1203 4120 misericordia,
1228 4052 1388 4117 Dens,
1409 4064 1509 4121 per
1535 4050 1791 4103 virtutem
1819 4058 1935 4099 san-

359 4165 462 4215 cta'.
489 4153 688 4216 crucis,
743 4150 812 4206 ab
846 4147 1097 4205 omnibus
1125 4152 1339 4200 tueatur
1380 4139 1643 4205 adversis,
1671 4146 1729 4192 et
1761 4148 1939 4191 reme-

360 4248 465 4304 diis
485 4240 829 4315 sempiternis
856 4239 1138 4293 instauret.
1189 4233 1295 4288 Per
1319 4232 1629 4288 Dominum.

430 4336 632 4392 Adesto
659 4326 1139 4402 supplicationibus
1164 4325 1385 4390 nostris,
1416 4322 1753 4399 omnipotens
1778 4318 1941 4381 Deus,

361 4438 414 4484 et
443 4442 580 4500 quos
602 4423 874 4493 triumpho
900 4419 1083 4475 crucis
1118 4416 1414 4481 redemisti,
1463 4415 1531 4469 al)
1576 4413 1828 4469 omnibus
1850 4410 1946 4465 ad-

365 4516 710 4588 versitatibus
734 4522 789 4570 et
803 4510 1041 4585 peccatis
1059 4508 1259 4577 ubique
1286 4504 1532 4561 defende.
1579 4503 1701 4570 Qui.

432 4610 635 4666 Praesta
662 4647 678 4674 ,
734 4615 1072 4676 quaesumus,
1125 4596 1470 4667 omnipotens
1532 4601 1589 4648 et
1636 4588 1948 4646 misericors

366 4702 528 4765 Deus,
584 4708 641 4755 ut
676 4696 876 4752 virtute
918 4699 1121 4749 sanctze
1152 4686 1350 4752 crucis,
1401 4686 1469 4740 ab
1513 4682 1661 4737 omni
1706 4680 1947 4735 adversi-

367 4799 479 4845 tate
532 4787 730 4843 mentis
773 4793 829 4841 et
876 4781 1119 4853 corporis
1146 4778 1461 4835 liberemur.
1517 4771 1623 4828 Per
1654 4768 1947 4824 Dominum

369 4887 615 4935 nostrum
653 4874 862 4931 Iesum.

436 4968 779 5036 Qumsumus,
806 4961 1147 5033 omnipotens
1173 4959 1341 5023 Deus,
1374 4963 1436 5010 ut
1466 4955 1533 5010 ab
1552 4951 1699 5009 omni
1719 4947 1946 5005 tribula-

368 5056 519 5113 tione
542 5055 856 5119 liberemur,
902 5064 1039 5121 quos
1071 5047 1194 5103 Filii
1244 5048 1321 5103 tui
1359 5045 1610 5116 passione
1649 5038 1946 5098 redemisti.

370 5152 476 5222 Qui
501 5159 704 5207 tecum.

439 5239 671 5296 Absolve
689 5277 706 5303 ,
736 5230 1067 5306 quaesumus,
1096 5228 1323 5286 Domine
1345 5269 1361 5294 ,
1396 5236 1706 5284 nostrorum
1735 5220 1948 5279 vincula

370 5340 740 5402 peccatorum,
791 5333 847 5381 et
882 5323 1084 5378 virtute
1128 5329 1332 5376 sancta:
1374 5319 1552 5374 crucis
1604 5333 1704 5372 nos
1749 5315 1949 5385 ubique

373 5419 604 5474 custodi.
650 5417 776 5471 Per.

446 5511 672 5564 Peccata
719 5515 925 5572 nostra,
980 5505 1247 5567 Domine,
1292 5503 1488 5573 quibus
1548 5500 1950 5570 impugnamur,

375 5600 573 5652 virtute
593 5605 793 5651 sancta:
815 5595 993 5651 crucis
1015 5595 1238 5665 expelle,
1275 5602 1329 5650 et
1357 5603 1449 5649 tua
1484 5592 1827 5647 miseratione
1854 5604 1952 5645 nos

378 5691 443 5748 ah
468 5688 615 5745 υιιιιιί
642 5689 965 5745 adversitatc
1001 5689 1246 5745 defende.
1276 5684 1382 5742 Per
1402 5685 1704 5740 Dominum.

2085 1883 2307 1951 Porrigo
2327 1878 2480 1934 nobis
2493 1877 2773 1932 dexteram
2795 1883 2965 1938 tuam,
2982 1880 3036 1927 et
3050 1869 3606 1942 perintercessionem

2016 1979 2188 2034 beata:
2215 1984 2271 2031 et
2285 1972 2533 2047 gloriosa:
2560 1982 2880 2039 semperque
2932 1964 3156 2036 virginis
3185 1962 3282 2019 Dei
3322 1960 3611 2032 genitricis

2020 2068 2220 2131 Mariae,
2271 2065 2530 2120 auxilium
2573 2063 2731 2117 nobis
2786 2075 3033 2130 superna:
3066 2056 3284 2110 virtutis
3330 2051 3606 2125 impende.

2020 2161 2124 2216 Per
2148 2158 2438 2214 Dominum
2465 2162 2709 2210 nostrum
2744 2150 2926 2208 Iesum
2950 2150 3250 2206 Christum.

2092 2250 2344 2320 Protege,
2376 2246 2625 2309 Domine,
2650 2241 2884 2298 famulos
2905 2249 3028 2295 tuos
3066 2237 3326 2293 subsidiis
3352 2235 3503 2307 pacis
3552 2244 3615 2288 et

2022 2343 2195 2396 beatae
2221 2338 2399 2393 Mariae
2428 2333 2744 2407 patrociniis
2769 2330 3091 2387 confitentes
3117 2345 3148 2384 a
3192 2327 3405 2384 cunctis
3435 2326 3613 2380 hosti-

2024 2436 2126 2490 bus
2151 2432 2318 2487 redde
2354 2445 2597 2485 securos.
2650 2426 2755 2481 Per
2778 2425 3092 2480 Dominum.

2097 2526 2275 2580 Beatce
2300 2532 2356 2577 et
2391 2521 2637 2591 gloriosa:
2686 2532 3007 2587 semperque
3060 2512 3288 2583 virginis
3326 2510 3421 2565 Dei
3461 2509 3621 2581 geni-

2027 2617 2181 2673 tricis
2226 2615 2405 2669 Mariaa
2451 2628 2570 2676 nos,
2593 2610 2841 2673 Domine,
2867 2620 3210 2685 quzesumus,
3243 2603 3434 2658 merita
3479 2615 3620 2672 pro-

2029 2716 2345 2781 sequantur,
2391 2714 2446 2760 et
2476 2713 2623 2758 tuam
2653 2701 2808 2757 nobis
2844 2688 3228 2769 indulgentiam
3256 2706 3473 2764 semper
3506 2691 3621 2747 im-

2029 2800 2260 2872 plorent.
2339 2796 2445 2850 Per
2474 2793 2769 2850 Dominum
2808 2798 3054 2846 nostrum
3103 2786 3287 2843 Jesum
3335 2783 3622 2840 Christum

2033 2885 2228 2947 Filium
2243 2899 2414 2952 tuum,
2442 2887 2555 2958 qui.

2463 2997 2761 3054 Benedictio
2797 3009 3192 3049 canopitarum.

1953 3113 2004 3176 ρ
2102 3094 2327 3158 Praesta,
2377 3092 2621 3156 Domine,
2666 3103 2998 3160 quaesumus,
3035 3084 3253 3141 famulis
3273 3082 3402 3149 tuis,
3424 3096 3627 3135 renun-

2036 3184 2294 3240 tiantibus
2332 3179 2680 3237 saecularibus
2722 3176 2977 3247 pompis,
3028 3173 3219 3246 gratia:
3275 3181 3379 3227 tua:
3421 3170 3628 3241 jauuas

2034 3274 2254 3348 aperiri,
2303 3273 2396 3344 qui
2425 3272 2678 3341 despecto
2715 3267 2929 3323 diabolo
2976 3263 3291 3334 confugiunt
3334 3261 3435 3316 sub
3465 3258 3628 3312 titulo

2035 3367 2256 3424 Christi.
2303 3363 2439 3419 Juhe
2476 3362 2755 3415 venientes
2801 3359 2869 3413 ad
2909 3367 2964 3411 te
2990 3369 3185 3411 sereno
3204 3352 3356 3407 vultu
3397 3348 3627 3417 suscipi,

2037 3473 2105 3515 ne
2150 3460 2217 3513 de
2259 3456 2338 3511 eis
2389 3453 2642 3510 inimicus
2672 3451 2848 3505 valeat
2890 3447 3244 3517 triumphare.
3310 3441 3510 3498 Tribue
3541 3440 3631 3495 eis

2036 3551 2321 3609 brachium
2379 3543 2708 3616 infatigabile
2772 3539 2955 3595 auxilii
2995 3537 3115 3602 tui,
3170 3542 3380 3589 mentes
3433 3545 3631 3585 eorum

2040 3643 2161 3699 fidei
2208 3640 2377 3696 lorica
2426 3635 2702 3693 circumda
2731 3673 2746 3700 ,
2798 3640 2854 3686 et
2901 3628 3117 3703 [ΡΜ-ιε,
3162 3624 3252 3698 ιιι]
3294 3623 3437 3679 felici
3467 3637 3632 3676 muro

2039 3733 2244 3799 vallati,
2290 3731 2550 3787 mundum
2589 3743 2649 3784 se
2675 3723 2945 3799 gaudeant
2993 3719 3250 3775 evasisse.
3301 3715 3407 3772 Per
3432 3712 3630 3770 Domi-

2041 3842 2170 3882 num
2190 3833 2456 3881 nostrum.

2400 3911 2584 3968 Oratio
2604 3924 2765 3981 super
2792 3903 3265 3961 Hebdomadarios.

2115 4008 2279 4074 Deus,
2301 4006 2384 4062 cui
2410 4018 2625 4073 semper
2646 3999 2931 4057 humilium
2954 4004 3176 4068 accepta
3205 4002 3331 4050 sunt
3357 4000 3483 4047 vota
3509 3992 3638 4045 ani—

2043 4116 2278 4167 marum,
2330 4096 2541 4167 respice
2584 4092 2853 4166 propitius
2897 4106 3061 4161 super
3107 4090 3300 4144 horum
3341 4099 3635 4142 servorum

2044 4205 2260 4252 tuorum
2287 4192 2516 4246 fratrum
2544 4196 2850 4244 nostrorum
2878 4184 3162 4255 obsequia,
3191 4191 3247 4237 et
3274 4182 3342 4237 ad
3368 4190 3513 4235 tuam
3540 4177 3637 4235 fac

2043 4299 2139 4340 eos
2165 4283 2474 4354 pertingere
2509 4279 2737 4351 gratiam
2768 4296 2781 4331 :
2814 4285 2873 4330 ut
2907 4275 3032 4346 quia
3073 4290 3215 4328 nunc
3235 4272 3394 4343 hujus
3424 4269 3636 4325 hebdo-

2046 4376 2219 4432 madae
2244 4374 2462 4430 servitia
2484 4372 2677 4427 devota
2707 4378 2887 4425 mente
2918 4365 3343 4437 compleverunt,
3380 4362 3625 4433 plenissi.

1970 4470 2021 4529 Ι)
2047 4482 2191 4522 mam
2221 4474 2382 4536 atque
2411 4462 2772 4533 largissimam
2792 4460 3007 4516 veniam
3028 4464 3447 4526 consequantur.
3525 4452 3641 4507 Per

2048 4559 2337 4615 Dominum
2369 4564 2614 4610 nostrum
2640 4552 2844 4607 Jesum.

2123 4650 2428 4706 Misericors
2457 4665 2522 4703 ac
2549 4647 2790 4717 piissime
2834 4645 2993 4708 Deus,
3037 4643 3130 4711 qui
3154 4641 3355 4711 ubique
3400 4636 3643 4694 famulos

2048 4752 2170 4799 tuos
2192 4741 2361 4797 tueris
2386 4755 2451 4795 ac
2463 4738 2640 4807 juvas,
2656 4739 2850 4793 horum
2865 4748 3143 4790 servorum
3169 4741 3383 4788 tuorum
3400 4727 3641 4782 fratrum

2048 4842 2357 4891 nostrorum
2372 4829 2652 4887 accumula
2673 4836 2879 4892 votum,
2894 4840 3030 4897 auge
3049 4824 3396 4885 desiderium,
3409 4829 3472 4875 ut
3486 4831 3644 4875 recte

2053 4925 2313 4979 fratribus
2332 4924 2445 4978 suis
2464 4921 2776 4992 impendant
2798 4919 3038 4974 servitia.
3094 4916 3199 4972 Per
3230 4915 3514 4970 Dominum
3538 4929 3642 4967 uo-

2055 5024 2228 5071 strum
2248 5012 2432 5069 Jesum
2464 5011 2760 5067 Christum.

2472 5124 2751 5179 Orationes
2786 5123 2855 5177 ad
2878 5120 3207 5176 mandatum.

2124 5218 2344 5282 Adesto,
2371 5216 2619 5280 Domine,
2653 5213 2831 5268 ofﬁcio
2860 5221 3062 5268 nostra:
3087 5209 3381 5273 servitutis,
3424 5189 3553 5278 quia
3579 5219 3647 5262 ιιι

2051 5313 2218 5383 pedes
2249 5311 2430 5364 lavare
2458 5308 2783 5378 dignatuses
2812 5305 2920 5360 tuis
2947 5302 3244 5373 discipulis,
3274 5315 3342 5355 ne
3366 5298 3647 5369 despicias

2052 5418 2220 5474 opera
2258 5415 2512 5456 manuum
2543 5408 2779 5461 tuarum,
2826 5411 2948 5465 qua:
2976 5395 3132 5449 nobis
3160 5389 3439 5447 retinenda
3483 5404 3645 5442 man-

2056 5494 2215 5557 dasti,
2244 5502 2303 5547 ut
2324 5492 2463 5545 sicut
2482 5489 2570 5544 hic
2595 5488 2862 5541 exteriora
2890 5484 3182 5539 abluuntur
3206 5480 3649 5550 inquinamenta,

2057 5589 2136 5644 sic
2155 5604 2185 5641 a
2212 5596 2264 5641 te
2295 5584 2535 5640 omnium
2583 5589 2894 5635 nostrorum
2942 5577 3199 5653 interiora
3230 5574 3474 5628 laventur
3510 5584 3656 5641 pec-

2059 5691 2198 5735 cata.
2242 5677 2395 5745 Quod
2420 5676 2535 5745 ipse
2561 5681 2838 5745 praestare.
