  <div class='ocr_page' id='page_1' title='image "/cluster/home/n/w/nwhite01/storage/ocr_20150623/101/hvd.32044054759683/238.png"; bbox 0 0 3968 6180; ppageno 0'>
   <div class='ocr_carea' id='block_1_1' title="bbox 361 338 466 396">
    <p class='ocr_par' dir='ltr' id='par_1_1' title="bbox 361 338 466 396">
     <span class='ocr_line' id='line_1_1' title="bbox 361 338 466 396; baseline 0 0"><span class='ocrx_word' id='word_1_1' title='bbox 361 338 466 396; x_wconf 65' lang='grc'><strong>865</strong></span> 
     </span>
    </p>
   </div>
   <div class='ocr_carea' id='block_1_2' title="bbox 1240 345 2735 428">
    <p class='ocr_par' dir='ltr' id='par_1_2' title="bbox 1240 345 2735 428">
     <span class='ocr_line' id='line_1_2' title="bbox 1240 345 2735 428; baseline 0.013 -22"><span class='ocrx_word' id='word_1_2' title='bbox 1240 345 1629 411; x_wconf 63' lang='grc' dir='ltr'><strong>ιιτυιὶθιαΑ.</strong></span> <span class='ocrx_word' id='word_1_3' title='bbox 1665 386 1738 398; x_wconf 93' lang='grc'><strong>-</strong></span> <span class='ocrx_word' id='word_1_4' title='bbox 1771 355 1862 414; x_wconf 83' lang='lat' dir='ltr'><strong>DE</strong></span> <span class='ocrx_word' id='word_1_5' title='bbox 1897 357 2146 417; x_wconf 74' lang='grc' dir='ltr'><strong>ΡεΑωι.</strong></span> <span class='ocrx_word' id='word_1_6' title='bbox 2183 360 2341 422; x_wconf 88' lang='lat' dir='ltr'><strong>USU.</strong></span> <span class='ocrx_word' id='word_1_7' title='bbox 2379 381 2452 408; x_wconf 75' lang='lat'><strong>‘--</strong></span> <span class='ocrx_word' id='word_1_8' title='bbox 2483 368 2671 428; x_wconf 59' lang='lat' dir='ltr'><strong>PARS</strong></span> <span class='ocrx_word' id='word_1_9' title='bbox 2694 373 2735 427; x_wconf 93' lang='grc'><strong>1.</strong></span> 
     </span>
    </p>
   </div>
   <div class='ocr_carea' id='block_1_3' title="bbox 3518 384 3623 441">
    <p class='ocr_par' dir='ltr' id='par_1_3' title="bbox 3518 384 3623 441">
     <span class='ocr_line' id='line_1_3' title="bbox 3518 384 3623 441; baseline 0 0"><span class='ocrx_word' id='word_1_10' title='bbox 3518 384 3623 441; x_wconf 68' lang='grc' dir='ltr'><strong>εδδ</strong></span> 
     </span>
    </p>
   </div>
   <div class='ocr_carea' id='block_1_4' title="bbox 427 433 3625 552">
    <p class='ocr_par' dir='ltr' id='par_1_4' title="bbox 427 433 3625 552">
     <span class='ocr_line' id='line_1_4' title="bbox 427 433 3625 552; baseline 0.015 -50"><span class='ocrx_word' id='word_1_11' title='bbox 427 447 578 552; x_wconf 67' lang='lat' dir='ltr'><strong>Deus</strong></span> <span class='ocrx_word' id='word_1_12' title='bbox 613 449 710 552; x_wconf 81' lang='lat' dir='ltr'><strong>qui</strong></span> <span class='ocrx_word' id='word_1_13' title='bbox 731 450 1118 552; x_wconf 75' lang='lat' dir='ltr'><strong>discipulorum</strong></span> <span class='ocrx_word' id='word_1_14' title='bbox 1143 433 1358 552; x_wconf 79' lang='lat' dir='ltr'><strong>tuorum</strong></span> <span class='ocrx_word' id='word_1_15' title='bbox 1393 461 1558 532; x_wconf 80' lang='lat' dir='ltr'><strong>pedes</strong></span> <span class='ocrx_word' id='word_1_16' title='bbox 1577 463 1818 531; x_wconf 87' lang='lat' dir='ltr'><strong>abluens,</strong></span> <span class='ocrx_word' id='word_1_17' title='bbox 1854 468 1944 536; x_wconf 85' lang='lat' dir='ltr'><strong>pio</strong></span> <span class='ocrx_word' id='word_1_18' title='bbox 1969 475 2020 532; x_wconf 75' lang='grc' dir='ltr'><strong>Α</strong></span> <span class='ocrx_word' id='word_1_19' title='bbox 2046 482 2221 529; x_wconf 82' lang='lat' dir='ltr'><strong>torum</strong></span> <span class='ocrx_word' id='word_1_20' title='bbox 2245 483 2478 546; x_wconf 87' lang='lat' dir='ltr'><strong>tuorum,</strong></span> <span class='ocrx_word' id='word_1_21' title='bbox 2507 495 2694 537; x_wconf 90' lang='lat' dir='ltr'><strong>eorum</strong></span> <span class='ocrx_word' id='word_1_22' title='bbox 2717 483 2942 541; x_wconf 80' lang='lat' dir='ltr'><strong>obtentu</strong></span> <span class='ocrx_word' id='word_1_23' title='bbox 2969 485 3152 544; x_wconf 80' lang='lat' dir='ltr'><strong>detuo</strong></span> <span class='ocrx_word' id='word_1_24' title='bbox 3196 490 3314 548; x_wconf 85' lang='lat' dir='ltr'><strong>sine</strong></span> <span class='ocrx_word' id='word_1_25' title='bbox 3335 491 3441 548; x_wconf 76' lang='lat' dir='ltr'><strong>ﬁne</strong></span> 
     </span>
    </p>
   </div>
   <div class='ocr_carea' id='block_1_5' title="bbox 353 538 3058 648">
    <p class='ocr_par' dir='ltr' id='par_1_5' title="bbox 353 538 3058 648">
     <span class='ocr_line' id='line_1_5' title="bbox 353 538 3058 648; baseline 0.016 -58"><span class='ocrx_word' id='word_1_26' title='bbox 602 541 686 597; x_wconf 83' lang='lat' dir='ltr'><strong>eis</strong></span> <span class='ocrx_word' id='word_1_27' title='bbox 720 543 1024 648; x_wconf 59' lang='lat' dir='ltr'><strong>exemplum</strong></span> <span class='ocrx_word' id='word_1_28' title='bbox 1070 549 1372 618; x_wconf 61' lang='lat' dir='ltr'><strong>praebuisti,</strong></span> <span class='ocrx_word' id='word_1_29' title='bbox 1410 557 1828 648; x_wconf 76' lang='lat' dir='ltr'><strong>mandatumque</strong></span> <span class='ocrx_word' id='word_1_30' title='bbox 2049 581 2170 620; x_wconf 89' lang='lat' dir='ltr'><strong>mur</strong></span> <span class='ocrx_word' id='word_1_31' title='bbox 2192 579 2430 640; x_wconf 89' lang='lat' dir='ltr'><strong>aspectu.</strong></span> <span class='ocrx_word' id='word_1_32' title='bbox 2464 538 2582 639; x_wconf 37' lang='lat' dir='ltr'><strong>&#39;Qui</strong></span> <span class='ocrx_word' id='word_1_33' title='bbox 2602 573 2739 630; x_wconf 81' lang='lat' dir='ltr'><strong>vivis</strong></span> <span class='ocrx_word' id='word_1_34' title='bbox 2763 538 3058 648; x_wconf 49' lang='lat' dir='ltr'><strong>etrcg—nas.</strong></span> 
     </span>
    </p>
   </div>
   <div class='ocr_carea' id='block_1_6' title="bbox 351 624 1943 714">
    <p class='ocr_par' dir='ltr' id='par_1_6' title="bbox 351 624 1943 714">
     <span class='ocr_line' id='line_1_6' title="bbox 351 624 1943 714; baseline 0.015 -34"><span class='ocrx_word' id='word_1_35' title='bbox 351 624 480 682; x_wconf 86' lang='lat' dir='ltr'><strong>disti</strong></span> <span class='ocrx_word' id='word_1_36' title='bbox 511 643 527 682; x_wconf 89' lang='lat'><strong>:</strong></span> <span class='ocrx_word' id='word_1_37' title='bbox 555 631 798 686; x_wconf 83' lang='lat' dir='ltr'><strong>concede</strong></span> <span class='ocrx_word' id='word_1_38' title='bbox 820 633 1108 704; x_wconf 89' lang='lat' dir='ltr'><strong>propitius,</strong></span> <span class='ocrx_word' id='word_1_39' title='bbox 1141 646 1200 692; x_wconf 93' lang='lat' dir='ltr'><strong>ut</strong></span> <span class='ocrx_word' id='word_1_40' title='bbox 1246 654 1344 710; x_wconf 88' lang='lat' dir='ltr'><strong>per</strong></span> <span class='ocrx_word' id='word_1_41' title='bbox 1381 641 1699 714; x_wconf 87' lang='lat' dir='ltr'><strong>obsequium</strong></span> <span class='ocrx_word' id='word_1_42' title='bbox 1724 624 1943 702; x_wconf 80' lang='lat' dir='ltr'><strong>manda-</strong></span> 
     </span>
    </p>
   </div>
   <div class='ocr_carea' id='block_1_7' title="bbox 363 769 3616 824">
    <p class='ocr_par' dir='ltr' id='par_1_7' title="bbox 363 769 3616 824">
     <span class='ocr_line' id='line_1_7' title="bbox 363 769 3616 824; baseline 0.002 -34"><span class='ocrx_word' id='word_1_43' title='bbox 363 769 3616 824; x_wconf 43' lang='grc' dir='ltr'>...Ἥ-...Ἦ</span> 
     </span>
    </p>
   </div>
   <div class='ocr_carea' id='block_1_8' title="bbox 1045 887 2943 1012">
    <p class='ocr_par' dir='ltr' id='par_1_8' title="bbox 1045 887 2943 1012">
     <span class='ocr_line' id='line_1_8' title="bbox 1045 887 2943 1012; baseline 0.004 -9"><span class='ocrx_word' id='word_1_44' title='bbox 1045 903 1150 975; x_wconf 68' lang='grc'><strong>21</strong></span> <span class='ocrx_word' id='word_1_45' title='bbox 1208 887 1650 1004; x_wconf 83' lang='lat' dir='ltr'><strong>OPUSC</strong></span> <span class='ocrx_word' id='word_1_46' title='bbox 1668 891 2055 1006; x_wconf 92' lang='lat' dir='ltr'><strong>ULUM</strong></span> <span class='ocrx_word' id='word_1_47' title='bbox 2136 889 2943 1012; x_wconf 82' lang='lat' dir='ltr'><strong>SECUNDUM.</strong></span> 
     </span>
    </p>
   </div>
   <div class='ocr_carea' id='block_1_9' title="bbox 781 1114 3123 1232">
    <p class='ocr_par' dir='ltr' id='par_1_9' title="bbox 781 1114 3123 1232">
     <span class='ocr_line' id='line_1_9' title="bbox 781 1114 3123 1232; baseline 0 0"><span class='ocrx_word' id='word_1_48' title='bbox 781 1115 1032 1232; x_wconf 84' lang='lat' dir='ltr'><strong>.DE</strong></span> <span class='ocrx_word' id='word_1_49' title='bbox 1157 1114 2109 1223; x_wconf 79' lang='lat' dir='ltr'><strong>PSALMORUM</strong></span> <span class='ocrx_word' id='word_1_50' title='bbox 2243 1117 2540 1225; x_wconf 86' lang='lat' dir='ltr'><strong>USU</strong></span> <span class='ocrx_word' id='word_1_51' title='bbox 2669 1121 3123 1232; x_wconf 78' lang='lat' dir='ltr'><strong>LIBER</strong></span> 
     </span>
    </p>
   </div>
   <div class='ocr_carea' id='block_1_10' title="bbox 891 1329 3066 1401">
    <p class='ocr_par' dir='ltr' id='par_1_10' title="bbox 891 1329 3066 1401">
     <span class='ocr_line' id='line_1_10' title="bbox 891 1329 3066 1401; baseline 0.006 -15"><span class='ocrx_word' id='word_1_52' title='bbox 891 1329 1035 1388; x_wconf 82' lang='lat' dir='ltr'><strong>CUM</strong></span> <span class='ocrx_word' id='word_1_53' title='bbox 1072 1329 1298 1387; x_wconf 76' lang='lat' dir='ltr'><strong>VARIIS</strong></span> <span class='ocrx_word' id='word_1_54' title='bbox 1331 1331 1684 1388; x_wconf 79' lang='lat' dir='ltr'><strong>FORMUUS</strong></span> <span class='ocrx_word' id='word_1_55' title='bbox 1722 1330 1815 1386; x_wconf 86' lang='lat' dir='ltr'><strong>AD</strong></span> <span class='ocrx_word' id='word_1_56' title='bbox 1848 1330 1981 1386; x_wconf 80' lang='lat' dir='ltr'><strong>RES</strong></span> <span class='ocrx_word' id='word_1_57' title='bbox 2018 1333 2480 1401; x_wconf 78' lang='lat' dir='ltr'><strong>QUOTIDIANAS</strong></span> <span class='ocrx_word' id='word_1_58' title='bbox 2513 1337 3066 1399; x_wconf 80' lang='lat' dir='ltr'><strong>ACCOMMODATIS.</strong></span> 
     </span>
    </p>
   </div>
   <div class='ocr_carea' id='block_1_11' title="bbox 1791 1469 2190 1485">
    <p class='ocr_par' dir='ltr' id='par_1_11' title="bbox 1791 1469 2190 1485">
     <span class='ocr_line' id='line_1_11' title="bbox 1791 1469 2190 1485; baseline 0.005 -2"><span class='ocrx_word' id='word_1_59' title='bbox 1791 1469 2190 1485; x_wconf 60' lang='grc'><strong>-----“</strong></span> 
     </span>
    </p>
   </div>
   <div class='ocr_carea' id='block_1_12' title="bbox 1650 1563 2313 1641">
    <p class='ocr_par' dir='ltr' id='par_1_12' title="bbox 1650 1563 2313 1641">
     <span class='ocr_line' id='line_1_12' title="bbox 1650 1563 2313 1641; baseline 0.002 -3"><span class='ocrx_word' id='word_1_60' title='bbox 1650 1563 1899 1639; x_wconf 80' lang='lat' dir='ltr'><strong>PARS</strong></span> <span class='ocrx_word' id='word_1_61' title='bbox 1973 1563 2313 1641; x_wconf 81' lang='lat' dir='ltr'><strong>PRIMA.</strong></span> 
     </span>
    </p>
   </div>
   <div class='ocr_carea' id='block_1_13' title="bbox 987 1757 2966 1820">
    <p class='ocr_par' dir='ltr' id='par_1_13' title="bbox 987 1757 2966 1820">
     <span class='ocr_line' id='line_1_13' title="bbox 987 1757 2966 1820; baseline 0.004 -19"><span class='ocrx_word' id='word_1_62' title='bbox 987 1757 1108 1801; x_wconf 77' lang='lat' dir='ltr'><strong>HOC</strong></span> <span class='ocrx_word' id='word_1_63' title='bbox 1154 1758 1333 1812; x_wconf 66' lang='lat' dir='ltr'><strong>OPL‘S,</strong></span> <span class='ocrx_word' id='word_1_64' title='bbox 1379 1760 1498 1803; x_wconf 80' lang='lat' dir='ltr'><strong>HOC</strong></span> <span class='ocrx_word' id='word_1_65' title='bbox 1541 1761 1799 1804; x_wconf 77' lang='lat' dir='ltr'><strong>CARMEN</strong></span> <span class='ocrx_word' id='word_1_66' title='bbox 1835 1787 1852 1817; x_wconf 64' lang='grc' dir='ltr'><strong>ν</strong></span> <span class='ocrx_word' id='word_1_67' title='bbox 1895 1760 2066 1814; x_wconf 85' lang='lat' dir='ltr'><strong>QUOD</strong></span> <span class='ocrx_word' id='word_1_68' title='bbox 2107 1762 2333 1805; x_wconf 70' lang='lat' dir='ltr'><strong>CEBNIS</strong></span> <span class='ocrx_word' id='word_1_69' title='bbox 2375 1763 2658 1806; x_wconf 72' lang='lat' dir='ltr'><strong>TRAMITE</strong></span> <span class='ocrx_word' id='word_1_70' title='bbox 2702 1765 2966 1820; x_wconf 74' lang='lat' dir='ltr'><strong>LECTOR,</strong></span> 
     </span>
    </p>
   </div>
   <div class='ocr_carea' id='block_1_14' title="bbox 1347 1859 2626 1904">
    <p class='ocr_par' dir='ltr' id='par_1_14' title="bbox 1347 1859 2626 1904">
     <span class='ocr_line' id='line_1_14' title="bbox 1347 1859 2626 1904; baseline 0.002 -4"><span class='ocrx_word' id='word_1_71' title='bbox 1347 1860 1652 1902; x_wconf 63' lang='lat' dir='ltr'><strong>ALCL&#39;INL&#39;S</strong></span> <span class='ocrx_word' id='word_1_72' title='bbox 1697 1859 1930 1902; x_wconf 70' lang='lat' dir='ltr'><strong>DOMINI</strong></span> <span class='ocrx_word' id='word_1_73' title='bbox 1974 1861 2161 1903; x_wconf 75' lang='lat' dir='ltr'><strong>FECIT</strong></span> <span class='ocrx_word' id='word_1_74' title='bbox 2201 1859 2460 1904; x_wconf 66' lang='lat' dir='ltr'><strong>llOtVOBE</strong></span> <span class='ocrx_word' id='word_1_75' title='bbox 2501 1860 2626 1904; x_wconf 79' lang='lat' dir='ltr'><strong>SUI.</strong></span> 
     </span>
    </p>
   </div>
   <div class='ocr_carea' id='block_1_15' title="bbox 920 2065 1362 2122">
    <p class='ocr_par' dir='ltr' id='par_1_15' title="bbox 920 2065 1362 2122">
     <span class='ocr_line' id='line_1_15' title="bbox 920 2065 1362 2122; baseline -0.009 0"><span class='ocrx_word' id='word_1_76' title='bbox 920 2080 945 2109; x_wconf 81' lang='grc' dir='ltr'><strong>ι</strong></span> <span class='ocrx_word' id='word_1_77' title='bbox 978 2065 1362 2122; x_wconf 55' lang='grc' dir='ltr'><strong>ΡΒΙΕΡΑΤῘΟ.</strong></span> 
     </span>
    </p>
   </div>
   <div class='ocr_carea' id='block_1_16' title="bbox 401 2177 1920 2252">
    <p class='ocr_par' dir='ltr' id='par_1_16' title="bbox 401 2177 1920 2252">
     <span class='ocr_line' id='line_1_16' title="bbox 401 2177 1920 2252; baseline -0.004 -14"><span class='ocrx_word' id='word_1_78' title='bbox 401 2181 715 2252; x_wconf 72' lang='lat' dir='ltr'><strong>Prophetia:</strong></span> <span class='ocrx_word' id='word_1_79' title='bbox 747 2180 967 2252; x_wconf 78' lang='lat' dir='ltr'><strong>spiritus</strong></span> <span class='ocrx_word' id='word_1_80' title='bbox 989 2194 1094 2234; x_wconf 91' lang='lat' dir='ltr'><strong>non</strong></span> <span class='ocrx_word' id='word_1_81' title='bbox 1117 2193 1331 2247; x_wconf 89' lang='lat' dir='ltr'><strong>semper</strong></span> <span class='ocrx_word' id='word_1_82' title='bbox 1359 2177 1742 2248; x_wconf 86' lang='lat' dir='ltr'><strong>prophetarum</strong></span> <span class='ocrx_word' id='word_1_83' title='bbox 1769 2193 1920 2232; x_wconf 88' lang='lat' dir='ltr'><strong>men-</strong></span> 
     </span>
    </p>
   </div>
   <div class='ocr_carea' id='block_1_17' title="bbox 341 2267 1922 2343">
    <p class='ocr_par' dir='ltr' id='par_1_17' title="bbox 341 2267 1922 2343">
     <span class='ocr_line' id='line_1_17' title="bbox 341 2267 1922 2343; baseline -0.004 -15"><span class='ocrx_word' id='word_1_84' title='bbox 341 2275 476 2330; x_wconf 87' lang='lat' dir='ltr'><strong>tibus</strong></span> <span class='ocrx_word' id='word_1_85' title='bbox 499 2279 708 2343; x_wconf 66' lang='lat' dir='ltr'><strong>praesto</strong></span> <span class='ocrx_word' id='word_1_86' title='bbox 731 2279 835 2335; x_wconf 82' lang='lat' dir='ltr'><strong>est,</strong></span> <span class='ocrx_word' id='word_1_87' title='bbox 864 2278 1130 2342; x_wconf 81' lang='lat' dir='ltr'><strong>quatenus</strong></span> <span class='ocrx_word' id='word_1_88' title='bbox 1152 2284 1273 2323; x_wconf 91' lang='lat' dir='ltr'><strong>cum</strong></span> <span class='ocrx_word' id='word_1_89' title='bbox 1297 2282 1508 2337; x_wconf 84' lang='lat' dir='ltr'><strong>semper</strong></span> <span class='ocrx_word' id='word_1_90' title='bbox 1530 2267 1674 2323; x_wconf 87' lang='lat' dir='ltr'><strong>hunc</strong></span> <span class='ocrx_word' id='word_1_91' title='bbox 1695 2283 1802 2322; x_wconf 90' lang='lat' dir='ltr'><strong>non</strong></span> <span class='ocrx_word' id='word_1_92' title='bbox 1830 2268 1922 2322; x_wconf 87' lang='lat' dir='ltr'><strong>ha-</strong></span> 
     </span>
    </p>
   </div>
   <div class='ocr_carea' id='block_1_18' title="bbox 338 2359 1914 2432">
    <p class='ocr_par' dir='ltr' id='par_1_18' title="bbox 338 2359 1914 2432">
     <span class='ocr_line' id='line_1_18' title="bbox 338 2359 1914 2432; baseline -0.004 -12"><span class='ocrx_word' id='word_1_93' title='bbox 338 2363 477 2427; x_wconf 89' lang='lat' dir='ltr'><strong>bent,</strong></span> <span class='ocrx_word' id='word_1_94' title='bbox 502 2378 563 2420; x_wconf 88' lang='lat' dir='ltr'><strong>se</strong></span> <span class='ocrx_word' id='word_1_95' title='bbox 580 2363 735 2419; x_wconf 88' lang='lat' dir='ltr'><strong>hunc</strong></span> <span class='ocrx_word' id='word_1_96' title='bbox 755 2370 1048 2432; x_wconf 88' lang='lat' dir='ltr'><strong>agnoscant</strong></span> <span class='ocrx_word' id='word_1_97' title='bbox 1069 2377 1136 2417; x_wconf 83' lang='lat' dir='ltr'><strong>ex</strong></span> <span class='ocrx_word' id='word_1_98' title='bbox 1155 2359 1298 2417; x_wconf 87' lang='lat' dir='ltr'><strong>dono</strong></span> <span class='ocrx_word' id='word_1_99' title='bbox 1311 2361 1531 2426; x_wconf 87' lang='lat' dir='ltr'><strong>habere,</strong></span> <span class='ocrx_word' id='word_1_100' title='bbox 1554 2375 1675 2414; x_wconf 91' lang='lat' dir='ltr'><strong>cum</strong></span> <span class='ocrx_word' id='word_1_101' title='bbox 1696 2360 1914 2414; x_wconf 88' lang='lat' dir='ltr'><strong>habent.</strong></span> 
     </span>
    </p>
   </div>
   <div class='ocr_carea' id='block_1_19' title="bbox 339 2449 1912 2526">
    <p class='ocr_par' dir='ltr' id='par_1_19' title="bbox 339 2449 1912 2526">
     <span class='ocr_line' id='line_1_19' title="bbox 339 2449 1912 2526; baseline -0.003 -15"><span class='ocrx_word' id='word_1_102' title='bbox 339 2451 487 2512; x_wconf 82' lang='lat' dir='ltr'><strong>Unde</strong></span> <span class='ocrx_word' id='word_1_103' title='bbox 504 2455 777 2526; x_wconf 83' lang='lat' dir='ltr'><strong>propheta</strong></span> <span class='ocrx_word' id='word_1_104' title='bbox 804 2453 1044 2518; x_wconf 64' lang='lat' dir='ltr'><strong>Elisaius,</strong></span> <span class='ocrx_word' id='word_1_105' title='bbox 1077 2468 1201 2508; x_wconf 90' lang='lat' dir='ltr'><strong>cum</strong></span> <span class='ocrx_word' id='word_1_106' title='bbox 1221 2451 1288 2507; x_wconf 92' lang='lat' dir='ltr'><strong>de</strong></span> <span class='ocrx_word' id='word_1_107' title='bbox 1317 2449 1512 2506; x_wconf 77' lang='lat' dir='ltr'><strong>futuris</strong></span> <span class='ocrx_word' id='word_1_108' title='bbox 1534 2459 1678 2506; x_wconf 88' lang='lat' dir='ltr'><strong>esset</strong></span> <span class='ocrx_word' id='word_1_109' title='bbox 1691 2451 1912 2521; x_wconf 88' lang='lat' dir='ltr'><strong>requisi-</strong></span> 
     </span>
    </p>
   </div>
   <div class='ocr_carea' id='block_1_20' title="bbox 339 2543 1918 2617">
    <p class='ocr_par' dir='ltr' id='par_1_20' title="bbox 339 2543 1918 2617">
     <span class='ocr_line' id='line_1_20' title="bbox 339 2543 1918 2617; baseline -0.001 -18"><span class='ocrx_word' id='word_1_110' title='bbox 339 2553 440 2608; x_wconf 89' lang='lat' dir='ltr'><strong>tus,</strong></span> <span class='ocrx_word' id='word_1_111' title='bbox 463 2555 521 2600; x_wconf 92' lang='lat' dir='ltr'><strong>ut</strong></span> <span class='ocrx_word' id='word_1_112' title='bbox 548 2545 854 2617; x_wconf 74' lang='lat' dir='ltr'><strong>prophetia:</strong></span> <span class='ocrx_word' id='word_1_113' title='bbox 879 2544 1126 2616; x_wconf 86' lang='lat' dir='ltr'><strong>spiritum</strong></span> <span class='ocrx_word' id='word_1_114' title='bbox 1157 2543 1260 2599; x_wconf 86' lang='lat' dir='ltr'><strong>sibi</strong></span> <span class='ocrx_word' id='word_1_115' title='bbox 1305 2544 1493 2599; x_wconf 86' lang='lat' dir='ltr'><strong>deesse</strong></span> <span class='ocrx_word' id='word_1_116' title='bbox 1513 2543 1750 2615; x_wconf 80' lang='lat' dir='ltr'><strong>agnovit,</strong></span> <span class='ocrx_word' id='word_1_117' title='bbox 1776 2544 1918 2614; x_wconf 84' lang='lat' dir='ltr'><strong>psal—</strong></span> 
     </span>
    </p>
   </div>
   <div class='ocr_carea' id='block_1_21' title="bbox 337 2633 1916 2707">
    <p class='ocr_par' dir='ltr' id='par_1_21' title="bbox 337 2633 1916 2707">
     <span class='ocr_line' id='line_1_21' title="bbox 337 2633 1916 2707; baseline 0.003 -18"><span class='ocrx_word' id='word_1_118' title='bbox 337 2644 440 2690; x_wconf 88' lang='lat' dir='ltr'><strong>tem</strong></span> <span class='ocrx_word' id='word_1_119' title='bbox 468 2635 600 2692; x_wconf 77' lang='lat' dir='ltr'><strong>fecit</strong></span> <span class='ocrx_word' id='word_1_120' title='bbox 641 2636 921 2707; x_wconf 81' lang='lat' dir='ltr'><strong>applicari,</strong></span> <span class='ocrx_word' id='word_1_121' title='bbox 971 2643 1032 2690; x_wconf 89' lang='lat' dir='ltr'><strong>ut</strong></span> <span class='ocrx_word' id='word_1_122' title='bbox 1073 2634 1366 2705; x_wconf 71' lang='lat' dir='ltr'><strong>prophetia:</strong></span> <span class='ocrx_word' id='word_1_123' title='bbox 1405 2633 1474 2688; x_wconf 91' lang='lat' dir='ltr'><strong>ad</strong></span> <span class='ocrx_word' id='word_1_124' title='bbox 1507 2635 1651 2692; x_wconf 91' lang='lat' dir='ltr'><strong>hunc</strong></span> <span class='ocrx_word' id='word_1_125' title='bbox 1695 2637 1916 2706; x_wconf 87' lang='lat' dir='ltr'><strong>spiritus</strong></span> 
     </span>
    </p>
   </div>
   <div class='ocr_carea' id='block_1_22' title="bbox 334 2723 1915 2798">
    <p class='ocr_par' dir='ltr' id='par_1_22' title="bbox 334 2723 1915 2798">
     <span class='ocr_line' id='line_1_22' title="bbox 334 2723 1915 2798; baseline 0.002 -18"><span class='ocrx_word' id='word_1_126' title='bbox 334 2739 424 2794; x_wconf 84' lang='lat' dir='ltr'><strong>per</strong></span> <span class='ocrx_word' id='word_1_127' title='bbox 469 2726 696 2782; x_wconf 79' lang='lat' dir='ltr'><strong>laudem</strong></span> <span class='ocrx_word' id='word_1_128' title='bbox 748 2726 1056 2798; x_wconf 77' lang='lat' dir='ltr'><strong>psalmodia:</strong></span> <span class='ocrx_word' id='word_1_129' title='bbox 1091 2723 1289 2796; x_wconf 79' lang='lat' dir='ltr'><strong>[Apud</strong></span> <span class='ocrx_word' id='word_1_130' title='bbox 1347 2724 1558 2791; x_wconf 83' lang='lat' dir='ltr'><strong>Querc.,</strong></span> <span class='ocrx_word' id='word_1_131' title='bbox 1607 2725 1915 2796; x_wconf 78' lang='lat' dir='ltr'><strong>spalmodize</strong></span> 
     </span>
    </p>
   </div>
   <div class='ocr_carea' id='block_1_23' title="bbox 332 2815 1912 2888">
    <p class='ocr_par' dir='ltr' id='par_1_23' title="bbox 332 2815 1912 2888">
     <span class='ocr_line' id='line_1_23' title="bbox 332 2815 1912 2888; baseline 0.002 -19"><span class='ocrx_word' id='word_1_132' title='bbox 332 2815 542 2884; x_wconf 85' lang='lat' dir='ltr'><strong>spahnis</strong></span> <span class='ocrx_word' id='word_1_133' title='bbox 577 2834 592 2882; x_wconf 93' lang='lat'><strong>;</strong></span> <span class='ocrx_word' id='word_1_134' title='bbox 616 2818 693 2871; x_wconf 84' lang='lat' dir='ltr'><strong>ita</strong></span> <span class='ocrx_word' id='word_1_135' title='bbox 717 2815 936 2888; x_wconf 81' lang='lat' dir='ltr'><strong>semper]</strong></span> <span class='ocrx_word' id='word_1_136' title='bbox 959 2815 1325 2878; x_wconf 82' lang='lat' dir='ltr'><strong>descenderet,</strong></span> <span class='ocrx_word' id='word_1_137' title='bbox 1355 2823 1518 2886; x_wconf 86' lang='lat' dir='ltr'><strong>atque</strong></span> <span class='ocrx_word' id='word_1_138' title='bbox 1530 2816 1646 2886; x_wconf 85' lang='lat' dir='ltr'><strong>ejus</strong></span> <span class='ocrx_word' id='word_1_139' title='bbox 1675 2816 1912 2872; x_wconf 89' lang='lat' dir='ltr'><strong>animum</strong></span> 
     </span>
    </p>
   </div>
   <div class='ocr_carea' id='block_1_24' title="bbox 333 2903 1914 2977">
    <p class='ocr_par' dir='ltr' id='par_1_24' title="bbox 333 2903 1914 2977">
     <span class='ocr_line' id='line_1_24' title="bbox 333 2903 1914 2977; baseline 0.001 -19"><span class='ocrx_word' id='word_1_140' title='bbox 333 2905 394 2958; x_wconf 88' lang='lat' dir='ltr'><strong>de</strong></span> <span class='ocrx_word' id='word_1_141' title='bbox 415 2906 619 2962; x_wconf 78' lang='lat' dir='ltr'><strong>futuris</strong></span> <span class='ocrx_word' id='word_1_142' title='bbox 641 2905 874 2977; x_wconf 85' lang='lat' dir='ltr'><strong>repleret</strong></span> <span class='ocrx_word' id='word_1_143' title='bbox 903 2904 956 2976; x_wconf 87' lang='lat' dir='ltr'><strong>(I</strong></span> <span class='ocrx_word' id='word_1_144' title='bbox 971 2903 1010 2958; x_wconf 81' lang='grc' dir='ltr'><em>γ</em></span> <span class='ocrx_word' id='word_1_145' title='bbox 1037 2905 1163 2976; x_wconf 82' lang='lat' dir='ltr'><strong>Reg.</strong></span> <span class='ocrx_word' id='word_1_146' title='bbox 1191 2921 1270 2967; x_wconf 89' lang='lat' dir='ltr'><strong>III,</strong></span> <span class='ocrx_word' id='word_1_147' title='bbox 1290 2905 1400 2975; x_wconf 78' lang='lat' dir='ltr'><strong>l5).</strong></span> <span class='ocrx_word' id='word_1_148' title='bbox 1459 2907 1574 2961; x_wconf 76' lang='lat' dir='ltr'><strong>Vox</strong></span> <span class='ocrx_word' id='word_1_149' title='bbox 1599 2907 1743 2961; x_wconf 90' lang='lat' dir='ltr'><strong>enim</strong></span> <span class='ocrx_word' id='word_1_150' title='bbox 1771 2907 1914 2976; x_wconf 87' lang='lat' dir='ltr'><strong>psal-</strong></span> 
     </span>
    </p>
   </div>
   <div class='ocr_carea' id='block_1_25' title="bbox 335 2995 1913 3066">
    <p class='ocr_par' dir='ltr' id='par_1_25' title="bbox 335 2995 1913 3066">
     <span class='ocr_line' id='line_1_25' title="bbox 335 2995 1913 3066; baseline 0.002 -18"><span class='ocrx_word' id='word_1_151' title='bbox 335 2995 688 3056; x_wconf 53' lang='lat' dir='ltr'><strong>modiacum</strong></span> <span class='ocrx_word' id='word_1_152' title='bbox 717 3011 812 3065; x_wconf 89' lang='lat' dir='ltr'><strong>per</strong></span> <span class='ocrx_word' id='word_1_153' title='bbox 833 2995 1183 3050; x_wconf 85' lang='lat' dir='ltr'><strong>intentionem</strong></span> <span class='ocrx_word' id='word_1_154' title='bbox 1209 2995 1388 3050; x_wconf 85' lang='lat' dir='ltr'><strong>cordis</strong></span> <span class='ocrx_word' id='word_1_155' title='bbox 1413 2996 1615 3064; x_wconf 82' lang='lat' dir='ltr'><strong>agitur,</strong></span> <span class='ocrx_word' id='word_1_156' title='bbox 1642 3010 1742 3066; x_wconf 89' lang='lat' dir='ltr'><strong>per</strong></span> <span class='ocrx_word' id='word_1_157' title='bbox 1772 2997 1913 3052; x_wconf 87' lang='lat' dir='ltr'><strong>hanc</strong></span> 
     </span>
    </p>
   </div>
   <div class='ocr_carea' id='block_1_26' title="bbox 332 3086 1910 3159">
    <p class='ocr_par' dir='ltr' id='par_1_26' title="bbox 332 3086 1910 3159">
     <span class='ocr_line' id='line_1_26' title="bbox 332 3086 1910 3159; baseline 0.003 -19"><span class='ocrx_word' id='word_1_158' title='bbox 332 3087 690 3158; x_wconf 79' lang='lat' dir='ltr'><strong>omnipotenti</strong></span> <span class='ocrx_word' id='word_1_159' title='bbox 715 3086 826 3143; x_wconf 85' lang='lat' dir='ltr'><strong>Deo</strong></span> <span class='ocrx_word' id='word_1_160' title='bbox 844 3088 911 3143; x_wconf 87' lang='lat' dir='ltr'><strong>ad</strong></span> <span class='ocrx_word' id='word_1_161' title='bbox 925 3103 1020 3144; x_wconf 87' lang='lat' dir='ltr'><strong>cor</strong></span> <span class='ocrx_word' id='word_1_162' title='bbox 1038 3088 1143 3144; x_wconf 89' lang='lat' dir='ltr'><strong>iter</strong></span> <span class='ocrx_word' id='word_1_163' title='bbox 1155 3096 1397 3159; x_wconf 90' lang='lat' dir='ltr'><strong>paratur,</strong></span> <span class='ocrx_word' id='word_1_164' title='bbox 1421 3097 1483 3144; x_wconf 85' lang='lat' dir='ltr'><strong>ut</strong></span> <span class='ocrx_word' id='word_1_165' title='bbox 1505 3089 1722 3144; x_wconf 74' lang='lat' dir='ltr'><strong>intentae</strong></span> <span class='ocrx_word' id='word_1_166' title='bbox 1743 3089 1910 3144; x_wconf 88' lang='lat' dir='ltr'><strong>menti</strong></span> 
     </span>
    </p>
   </div>
   <div class='ocr_carea' id='block_1_27' title="bbox 328 3178 1908 3251">
    <p class='ocr_par' dir='ltr' id='par_1_27' title="bbox 328 3178 1908 3251">
     <span class='ocr_line' id='line_1_27' title="bbox 328 3178 1908 3251; baseline 0.004 -21"><span class='ocrx_word' id='word_1_167' title='bbox 328 3178 405 3232; x_wconf 88' lang='lat' dir='ltr'><strong>vel</strong></span> <span class='ocrx_word' id='word_1_168' title='bbox 433 3180 746 3250; x_wconf 67' lang='lat' dir='ltr'><strong>prophetiae</strong></span> <span class='ocrx_word' id='word_1_169' title='bbox 779 3181 1053 3251; x_wconf 83' lang='lat' dir='ltr'><strong>mysteria,</strong></span> <span class='ocrx_word' id='word_1_170' title='bbox 1101 3181 1184 3236; x_wconf 90' lang='lat' dir='ltr'><strong>vel</strong></span> <span class='ocrx_word' id='word_1_171' title='bbox 1220 3181 1650 3251; x_wconf 86' lang='lat' dir='ltr'><strong>compunctionis</strong></span> <span class='ocrx_word' id='word_1_172' title='bbox 1677 3181 1908 3250; x_wconf 85' lang='lat' dir='ltr'><strong>gratiam</strong></span> 
     </span>
    </p>
   </div>
   <div class='ocr_carea' id='block_1_28' title="bbox 329 3268 1910 3340">
    <p class='ocr_par' dir='ltr' id='par_1_28' title="bbox 329 3268 1910 3340">
     <span class='ocr_line' id='line_1_28' title="bbox 329 3268 1910 3340; baseline 0.002 -16"><span class='ocrx_word' id='word_1_173' title='bbox 329 3268 537 3326; x_wconf 80' lang='lat' dir='ltr'><strong>infanda</strong></span> <span class='ocrx_word' id='word_1_174' title='bbox 549 3279 594 3326; x_wconf 85' lang='grc' dir='ltr'><strong>ι.</strong></span> <span class='ocrx_word' id='word_1_175' title='bbox 632 3269 788 3326; x_wconf 86' lang='lat' dir='ltr'><strong>Unde</strong></span> <span class='ocrx_word' id='word_1_176' title='bbox 807 3271 1066 3340; x_wconf 90' lang='lat' dir='ltr'><strong>scriptum</strong></span> <span class='ocrx_word' id='word_1_177' title='bbox 1099 3279 1184 3326; x_wconf 88' lang='lat' dir='ltr'><strong>est</strong></span> <span class='ocrx_word' id='word_1_178' title='bbox 1213 3285 1227 3326; x_wconf 91' lang='lat'><strong>:</strong></span> <span class='ocrx_word' id='word_1_179' title='bbox 1259 3269 1595 3340; x_wconf 82' lang='lat' dir='ltr'><strong>Sacri/icium</strong></span> <span class='ocrx_word' id='word_1_180' title='bbox 1623 3271 1797 3326; x_wconf 76' lang='lat' dir='ltr'><strong>laudis</strong></span> <span class='ocrx_word' id='word_1_181' title='bbox 1816 3273 1910 3327; x_wconf 80' lang='grc' dir='ltr'><strong>Ιιο-</strong></span> 
     </span>
    </p>
   </div>
   <div class='ocr_carea' id='block_1_29' title="bbox 333 3360 1907 3434">
    <p class='ocr_par' dir='ltr' id='par_1_29' title="bbox 333 3360 1907 3434">
     <span class='ocr_line' id='line_1_29' title="bbox 333 3360 1907 3434; baseline 0.001 -19"><span class='ocrx_word' id='word_1_182' title='bbox 333 3363 625 3432; x_wconf 74' lang='lat' dir='ltr'><strong>noriﬁcabit</strong></span> <span class='ocrx_word' id='word_1_183' title='bbox 651 3378 752 3427; x_wconf 85' lang='lat' dir='ltr'><strong>me,</strong></span> <span class='ocrx_word' id='word_1_184' title='bbox 791 3371 839 3416; x_wconf 89' lang='lat' dir='ltr'><strong>et</strong></span> <span class='ocrx_word' id='word_1_185' title='bbox 876 3360 1002 3416; x_wconf 73' lang='lat' dir='ltr'><strong>illuc</strong></span> <span class='ocrx_word' id='word_1_186' title='bbox 1032 3362 1133 3416; x_wconf 86' lang='lat' dir='ltr'><strong>iter</strong></span> <span class='ocrx_word' id='word_1_187' title='bbox 1173 3363 1312 3434; x_wconf 84' lang='lat' dir='ltr'><strong>quod</strong></span> <span class='ocrx_word' id='word_1_188' title='bbox 1361 3363 1633 3418; x_wconf 74' lang='lat' dir='ltr'><strong>ostendam</strong></span> <span class='ocrx_word' id='word_1_189' title='bbox 1662 3362 1742 3417; x_wconf 84' lang='lat' dir='ltr'><strong>illi</strong></span> <span class='ocrx_word' id='word_1_190' title='bbox 1762 3361 1907 3418; x_wconf 79' lang='lat' dir='ltr'><strong>salu-</strong></span> 
     </span>
    </p>
   </div>
   <div class='ocr_carea' id='block_1_30' title="bbox 1932 3406 1980 3470">
    <p class='ocr_par' dir='ltr' id='par_1_30' title="bbox 1932 3406 1980 3470">
     <span class='ocr_line' id='line_1_30' title="bbox 1932 3406 1980 3470; baseline 0 -2"><span class='ocrx_word' id='word_1_191' title='bbox 1932 3406 1980 3470; x_wconf 88' lang='lat' dir='ltr'><strong><em>C</em></strong></span> 
     </span>
    </p>
   </div>
   <div class='ocr_carea' id='block_1_31' title="bbox 1951 2063 3604 2136">
    <p class='ocr_par' dir='ltr' id='par_1_31' title="bbox 1951 2063 3604 2136">
     <span class='ocr_line' id='line_1_31' title="bbox 1951 2063 3604 2136; baseline 0.011 -19"><span class='ocrx_word' id='word_1_192' title='bbox 1951 2066 1996 2124; x_wconf 81' lang='lat' dir='ltr'><strong>B</strong></span> <span class='ocrx_word' id='word_1_193' title='bbox 2023 2063 2370 2118; x_wconf 88' lang='lat' dir='ltr'><strong>sericordiam</strong></span> <span class='ocrx_word' id='word_1_194' title='bbox 2397 2063 2491 2120; x_wconf 88' lang='lat' dir='ltr'><strong>Dei</strong></span> <span class='ocrx_word' id='word_1_195' title='bbox 2518 2065 2590 2120; x_wconf 85' lang='lat' dir='ltr'><strong>ad</strong></span> <span class='ocrx_word' id='word_1_196' title='bbox 2616 2073 2668 2120; x_wconf 88' lang='lat' dir='ltr'><strong>te</strong></span> <span class='ocrx_word' id='word_1_197' title='bbox 2693 2081 2970 2136; x_wconf 82' lang='lat' dir='ltr'><strong>provocas.</strong></span> <span class='ocrx_word' id='word_1_198' title='bbox 3022 2069 3223 2127; x_wconf 82' lang='lat' dir='ltr'><strong>Omnes</strong></span> <span class='ocrx_word' id='word_1_199' title='bbox 3251 2076 3394 2130; x_wconf 90' lang='lat' dir='ltr'><strong>enim</strong></span> <span class='ocrx_word' id='word_1_200' title='bbox 3433 2082 3604 2136; x_wconf 72' lang='lat' dir='ltr'><strong>virtu-</strong></span> 
     </span>
    </p>
   </div>
   <div class='ocr_carea' id='block_1_32' title="bbox 2025 2154 3598 2234">
    <p class='ocr_par' dir='ltr' id='par_1_32' title="bbox 2025 2154 3598 2234">
     <span class='ocr_line' id='line_1_32' title="bbox 2025 2154 3598 2234; baseline 0.013 -26"><span class='ocrx_word' id='word_1_201' title='bbox 2025 2162 2105 2209; x_wconf 89' lang='lat' dir='ltr'><strong>tes</strong></span> <span class='ocrx_word' id='word_1_202' title='bbox 2131 2155 2184 2208; x_wconf 89' lang='lat' dir='ltr'><strong>in</strong></span> <span class='ocrx_word' id='word_1_203' title='bbox 2231 2154 2452 2224; x_wconf 86' lang='lat' dir='ltr'><strong>psalmis</strong></span> <span class='ocrx_word' id='word_1_204' title='bbox 2491 2155 2748 2221; x_wconf 85' lang='lat' dir='ltr'><strong>invenies,</strong></span> <span class='ocrx_word' id='word_1_205' title='bbox 2791 2157 2836 2213; x_wconf 92' lang='lat' dir='ltr'><strong>si</strong></span> <span class='ocrx_word' id='word_1_206' title='bbox 2865 2173 2895 2212; x_wconf 87' lang='lat' dir='ltr'><strong>a</strong></span> <span class='ocrx_word' id='word_1_207' title='bbox 2926 2158 3035 2216; x_wconf 84' lang='lat' dir='ltr'><strong>Deo</strong></span> <span class='ocrx_word' id='word_1_208' title='bbox 3071 2165 3334 2221; x_wconf 88' lang='lat' dir='ltr'><strong>merueris</strong></span> <span class='ocrx_word' id='word_1_209' title='bbox 3359 2206 3374 2234; x_wconf 94' lang='lat'><strong>,</strong></span> <span class='ocrx_word' id='word_1_210' title='bbox 3402 2177 3462 2224; x_wconf 91' lang='lat' dir='ltr'><strong>ut</strong></span> <span class='ocrx_word' id='word_1_211' title='bbox 3501 2171 3598 2228; x_wconf 85' lang='lat' dir='ltr'><strong>tibi</strong></span> 
     </span>
    </p>
   </div>
   <div class='ocr_carea' id='block_1_33' title="bbox 2022 2243 2815 2316">
    <p class='ocr_par' dir='ltr' id='par_1_33' title="bbox 2022 2243 2815 2316">
     <span class='ocr_line' id='line_1_33' title="bbox 2022 2243 2815 2316; baseline 0.006 -19"><span class='ocrx_word' id='word_1_212' title='bbox 2022 2243 2222 2300; x_wconf 75' lang='lat' dir='ltr'><strong>revolet</strong></span> <span class='ocrx_word' id='word_1_213' title='bbox 2257 2253 2464 2300; x_wconf 88' lang='lat' dir='ltr'><strong>secreta</strong></span> <span class='ocrx_word' id='word_1_214' title='bbox 2485 2245 2815 2316; x_wconf 82' lang='lat' dir='ltr'><strong>psalmorum</strong></span> 
     </span>
    </p>
   </div>
   <div class='ocr_carea' id='block_1_34' title="bbox 2433 2355 3189 2432">
    <p class='ocr_par' dir='ltr' id='par_1_34' title="bbox 2433 2355 3189 2432">
     <span class='ocr_line' id='line_1_34' title="bbox 2433 2355 3189 2432; baseline 0.009 -21"><span class='ocrx_word' id='word_1_215' title='bbox 2433 2355 2650 2414; x_wconf 87' lang='lat' dir='ltr'><strong>Primus</strong></span> <span class='ocrx_word' id='word_1_216' title='bbox 2691 2377 2818 2415; x_wconf 87' lang='lat' dir='ltr'><strong>usus</strong></span> <span class='ocrx_word' id='word_1_217' title='bbox 2846 2360 3189 2432; x_wconf 80' lang='lat' dir='ltr'><strong>psalmorum.</strong></span> 
     </span>
    </p>
   </div>
   <div class='ocr_carea' id='block_1_35' title="bbox 2090 2446 3598 2527">
    <p class='ocr_par' dir='ltr' id='par_1_35' title="bbox 2090 2446 3598 2527">
     <span class='ocr_line' id='line_1_35' title="bbox 2090 2446 3598 2527; baseline 0.011 -25"><span class='ocrx_word' id='word_1_218' title='bbox 2090 2446 2147 2502; x_wconf 88' lang='lat' dir='ltr'><strong>Si</strong></span> <span class='ocrx_word' id='word_1_219' title='bbox 2179 2448 2260 2504; x_wconf 90' lang='lat' dir='ltr'><strong>vis</strong></span> <span class='ocrx_word' id='word_1_220' title='bbox 2285 2463 2382 2518; x_wconf 88' lang='lat' dir='ltr'><strong>pro</strong></span> <span class='ocrx_word' id='word_1_221' title='bbox 2406 2449 2642 2518; x_wconf 85' lang='lat' dir='ltr'><strong>peccatis</strong></span> <span class='ocrx_word' id='word_1_222' title='bbox 2664 2449 2772 2506; x_wconf 90' lang='lat' dir='ltr'><strong>tuis</strong></span> <span class='ocrx_word' id='word_1_223' title='bbox 2785 2451 3157 2522; x_wconf 69' lang='lat' dir='ltr'><strong>paenitentiam</strong></span> <span class='ocrx_word' id='word_1_224' title='bbox 3187 2471 3369 2527; x_wconf 80' lang='lat' dir='ltr'><strong>agere,</strong></span> <span class='ocrx_word' id='word_1_225' title='bbox 3391 2472 3446 2515; x_wconf 89' lang='lat' dir='ltr'><strong>et</strong></span> <span class='ocrx_word' id='word_1_226' title='bbox 3467 2479 3598 2519; x_wconf 83' lang='lat' dir='ltr'><strong>con-</strong></span> 
     </span>
    </p>
   </div>
   <div class='ocr_carea' id='block_1_36' title="bbox 2019 2536 3594 2617">
    <p class='ocr_par' dir='ltr' id='par_1_36' title="bbox 2019 2536 3594 2617">
     <span class='ocr_line' id='line_1_36' title="bbox 2019 2536 3594 2617; baseline 0.01 -25"><span class='ocrx_word' id='word_1_227' title='bbox 2019 2536 2249 2593; x_wconf 78' lang='lat' dir='ltr'><strong>fessionc</strong></span> <span class='ocrx_word' id='word_1_228' title='bbox 2274 2547 2622 2608; x_wconf 82' lang='lat' dir='ltr'><strong>peccatorum</strong></span> <span class='ocrx_word' id='word_1_229' title='bbox 2651 2547 2868 2596; x_wconf 87' lang='lat' dir='ltr'><strong>tuorum</strong></span> <span class='ocrx_word' id='word_1_230' title='bbox 2903 2543 3118 2598; x_wconf 84' lang='lat' dir='ltr'><strong>veniam</strong></span> <span class='ocrx_word' id='word_1_231' title='bbox 3145 2561 3338 2616; x_wconf 88' lang='lat' dir='ltr'><strong>rogare</strong></span> <span class='ocrx_word' id='word_1_232' title='bbox 3359 2549 3594 2617; x_wconf 86' lang='lat' dir='ltr'><strong>delictis,</strong></span> 
     </span>
    </p>
   </div>
   <div class='ocr_carea' id='block_1_37' title="bbox 2015 2626 3594 2706">
    <p class='ocr_par' dir='ltr' id='par_1_37' title="bbox 2015 2626 3594 2706">
     <span class='ocr_line' id='line_1_37' title="bbox 2015 2626 3594 2706; baseline 0.011 -26"><span class='ocrx_word' id='word_1_233' title='bbox 2015 2637 2276 2696; x_wconf 85' lang='lat' dir='ltr'><strong>quantum</strong></span> <span class='ocrx_word' id='word_1_234' title='bbox 2313 2626 2459 2683; x_wconf 86' lang='lat' dir='ltr'><strong>vales</strong></span> <span class='ocrx_word' id='word_1_235' title='bbox 2503 2627 2728 2694; x_wconf 89' lang='lat' dir='ltr'><strong>intente,</strong></span> <span class='ocrx_word' id='word_1_236' title='bbox 2778 2643 2887 2684; x_wconf 87' lang='lat' dir='ltr'><strong>non</strong></span> <span class='ocrx_word' id='word_1_237' title='bbox 2923 2631 3237 2690; x_wconf 86' lang='lat' dir='ltr'><strong>celebritate</strong></span> <span class='ocrx_word' id='word_1_238' title='bbox 3285 2639 3594 2706; x_wconf 89' lang='lat' dir='ltr'><strong>verborum,</strong></span> 
     </span>
    </p>
   </div>
   <div class='ocr_carea' id='block_1_38' title="bbox 2017 2719 3596 2800">
    <p class='ocr_par' dir='ltr' id='par_1_38' title="bbox 2017 2719 3596 2800">
     <span class='ocr_line' id='line_1_38' title="bbox 2017 2719 3596 2800; baseline 0.011 -27"><span class='ocrx_word' id='word_1_239' title='bbox 2017 2719 2110 2773; x_wconf 89' lang='lat' dir='ltr'><strong>sed</strong></span> <span class='ocrx_word' id='word_1_240' title='bbox 2131 2725 2312 2772; x_wconf 89' lang='lat' dir='ltr'><strong>mente</strong></span> <span class='ocrx_word' id='word_1_241' title='bbox 2331 2719 2620 2790; x_wconf 88' lang='lat' dir='ltr'><strong>cogitando</strong></span> <span class='ocrx_word' id='word_1_242' title='bbox 2649 2733 2715 2775; x_wconf 89' lang='lat' dir='ltr'><strong>ac</strong></span> <span class='ocrx_word' id='word_1_243' title='bbox 2737 2723 3050 2788; x_wconf 86' lang='lat' dir='ltr'><strong>scrutando,</strong></span> <span class='ocrx_word' id='word_1_244' title='bbox 3093 2723 3320 2782; x_wconf 87' lang='lat' dir='ltr'><strong>decanta</strong></span> <span class='ocrx_word' id='word_1_245' title='bbox 3344 2741 3596 2800; x_wconf 88' lang='lat' dir='ltr'><strong>septenos</strong></span> 
     </span>
    </p>
   </div>
   <div class='ocr_carea' id='block_1_39' title="bbox 2014 2807 3594 2896">
    <p class='ocr_par' dir='ltr' id='par_1_39' title="bbox 2014 2807 3594 2896">
     <span class='ocr_line' id='line_1_39' title="bbox 2014 2807 3594 2896; baseline 0.011 -34"><span class='ocrx_word' id='word_1_246' title='bbox 2014 2808 2248 2878; x_wconf 85' lang='lat' dir='ltr'><strong>psalmos</strong></span> <span class='ocrx_word' id='word_1_247' title='bbox 2289 2807 2595 2874; x_wconf 76' lang='lat' dir='ltr'><strong>Davidiws,</strong></span> <span class='ocrx_word' id='word_1_248' title='bbox 2645 2825 2878 2880; x_wconf 90' lang='lat' dir='ltr'><strong>quorum</strong></span> <span class='ocrx_word' id='word_1_249' title='bbox 2909 2811 3124 2868; x_wconf 89' lang='lat' dir='ltr'><strong>initium</strong></span> <span class='ocrx_word' id='word_1_250' title='bbox 3167 2816 3274 2874; x_wconf 86' lang='lat' dir='ltr'><strong>duo</strong></span> <span class='ocrx_word' id='word_1_251' title='bbox 3303 2833 3318 2872; x_wconf 92' lang='lat'><strong>:</strong></span> <span class='ocrx_word' id='word_1_252' title='bbox 3352 2819 3594 2896; x_wconf 81' lang='lat' dir='ltr'><strong>Domine,</strong></span> 
     </span>
    </p>
   </div>
   <div class='ocr_carea' id='block_1_40' title="bbox 2014 2899 3596 2984">
    <p class='ocr_par' dir='ltr' id='par_1_40' title="bbox 2014 2899 3596 2984">
     <span class='ocr_line' id='line_1_40' title="bbox 2014 2899 3596 2984; baseline 0.009 -30"><span class='ocrx_word' id='word_1_253' title='bbox 2014 2917 2078 2954; x_wconf 87' lang='lat' dir='ltr'><strong>ne</strong></span> <span class='ocrx_word' id='word_1_254' title='bbox 2123 2900 2180 2953; x_wconf 92' lang='lat' dir='ltr'><strong>in</strong></span> <span class='ocrx_word' id='word_1_255' title='bbox 2203 2899 2414 2969; x_wconf 79' lang='lat' dir='ltr'><strong>furore;</strong></span> <span class='ocrx_word' id='word_1_256' title='bbox 2466 2908 2524 2955; x_wconf 88' lang='lat' dir='ltr'><strong>et</strong></span> <span class='ocrx_word' id='word_1_257' title='bbox 2557 2899 2684 2965; x_wconf 91' lang='lat' dir='ltr'><strong>duo,</strong></span> <span class='ocrx_word' id='word_1_258' title='bbox 2740 2901 2984 2967; x_wconf 88' lang='lat' dir='ltr'><strong>Domine,</strong></span> <span class='ocrx_word' id='word_1_259' title='bbox 3031 2905 3258 2972; x_wconf 71' lang='lat' dir='ltr'><strong>exaudi;</strong></span> <span class='ocrx_word' id='word_1_260' title='bbox 3287 2908 3439 2964; x_wconf 80' lang='lat' dir='ltr'><strong>Beati</strong></span> <span class='ocrx_word' id='word_1_261' title='bbox 3463 2929 3596 2984; x_wconf 84' lang='lat' dir='ltr'><strong>quo-</strong></span> 
     </span>
    </p>
   </div>
   <div class='ocr_carea' id='block_1_41' title="bbox 2015 2989 3592 3061">
    <p class='ocr_par' dir='ltr' id='par_1_41' title="bbox 2015 2989 3592 3061">
     <span class='ocr_line' id='line_1_41' title="bbox 2015 2989 3592 3061; baseline 0.008 -17"><span class='ocrx_word' id='word_1_262' title='bbox 2015 3007 2130 3044; x_wconf 89' lang='lat' dir='ltr'><strong>rum</strong></span> <span class='ocrx_word' id='word_1_263' title='bbox 2153 2989 2379 3044; x_wconf 63' lang='lat' dir='ltr'><strong>remissae</strong></span> <span class='ocrx_word' id='word_1_264' title='bbox 2397 2998 2554 3054; x_wconf 86' lang='lat' dir='ltr'><strong>sunt;</strong></span> <span class='ocrx_word' id='word_1_265' title='bbox 2591 2997 2647 3044; x_wconf 87' lang='lat' dir='ltr'><strong>et</strong></span> <span class='ocrx_word' id='word_1_266' title='bbox 2675 2989 2923 3046; x_wconf 73' lang='lat' dir='ltr'><strong>Miserere</strong></span> <span class='ocrx_word' id='word_1_267' title='bbox 2948 2993 3085 3058; x_wconf 87' lang='lat' dir='ltr'><strong>mei;</strong></span> <span class='ocrx_word' id='word_1_268' title='bbox 3117 2992 3278 3061; x_wconf 87' lang='lat' dir='ltr'><strong>Deus,</strong></span> <span class='ocrx_word' id='word_1_269' title='bbox 3304 3003 3592 3058; x_wconf 85' lang='lat' dir='ltr'><strong>secundum</strong></span> 
     </span>
    </p>
   </div>
   <div class='ocr_carea' id='block_1_42' title="bbox 2011 3077 3594 3150">
    <p class='ocr_par' dir='ltr' id='par_1_42' title="bbox 2011 3077 3594 3150">
     <span class='ocr_line' id='line_1_42' title="bbox 2011 3077 3594 3150; baseline 0.009 -16"><span class='ocrx_word' id='word_1_270' title='bbox 2011 3095 2286 3150; x_wconf 80' lang='lat' dir='ltr'><strong>magnam;</strong></span> <span class='ocrx_word' id='word_1_271' title='bbox 2311 3085 2368 3135; x_wconf 88' lang='lat' dir='ltr'><strong>et</strong></span> <span class='ocrx_word' id='word_1_272' title='bbox 2385 3077 2462 3133; x_wconf 88' lang='lat' dir='ltr'><strong>De</strong></span> <span class='ocrx_word' id='word_1_273' title='bbox 2483 3078 2782 3149; x_wconf 75' lang='lat' dir='ltr'><strong>profundis.</strong></span> <span class='ocrx_word' id='word_1_274' title='bbox 2820 3081 2887 3136; x_wconf 85' lang='lat' dir='ltr'><strong>Et</strong></span> <span class='ocrx_word' id='word_1_275' title='bbox 2913 3081 3192 3140; x_wconf 86' lang='lat' dir='ltr'><strong>celerrime</strong></span> <span class='ocrx_word' id='word_1_276' title='bbox 3219 3085 3461 3146; x_wconf 83' lang='lat' dir='ltr'><strong>invenies</strong></span> <span class='ocrx_word' id='word_1_277' title='bbox 3483 3093 3594 3149; x_wconf 47' lang='lat' dir='ltr'><strong>cle‘</strong></span> 
     </span>
    </p>
   </div>
   <div class='ocr_carea' id='block_1_43' title="bbox 2011 3168 2410 3224">
    <p class='ocr_par' dir='ltr' id='par_1_43' title="bbox 2011 3168 2410 3224">
     <span class='ocr_line' id='line_1_43' title="bbox 2011 3168 2410 3224; baseline -0.003 0"><span class='ocrx_word' id='word_1_278' title='bbox 2011 3173 2268 3224; x_wconf 85' lang='lat' dir='ltr'><strong>mentiam</strong></span> <span class='ocrx_word' id='word_1_279' title='bbox 2295 3168 2410 3224; x_wconf 88' lang='lat' dir='ltr'><strong>Dei.</strong></span> 
     </span>
    </p>
   </div>
   <div class='ocr_carea' id='block_1_44' title="bbox 2573 3261 3025 3321">
    <p class='ocr_par' dir='ltr' id='par_1_44' title="bbox 2573 3261 3025 3321">
     <span class='ocr_line' id='line_1_44' title="bbox 2573 3261 3025 3321; baseline 0.002 -2"><span class='ocrx_word' id='word_1_280' title='bbox 2573 3261 2848 3320; x_wconf 82' lang='lat' dir='ltr'><strong>Secundus</strong></span> <span class='ocrx_word' id='word_1_281' title='bbox 2879 3282 3025 3321; x_wconf 83' lang='lat' dir='ltr'><strong>usus.</strong></span> 
     </span>
    </p>
   </div>
   <div class='ocr_carea' id='block_1_45' title="bbox 2081 3354 3589 3431">
    <p class='ocr_par' dir='ltr' id='par_1_45' title="bbox 2081 3354 3589 3431">
     <span class='ocr_line' id='line_1_45' title="bbox 2081 3354 3589 3431; baseline 0.005 -22"><span class='ocrx_word' id='word_1_282' title='bbox 2081 3354 2138 3410; x_wconf 89' lang='lat' dir='ltr'><strong>Si</strong></span> <span class='ocrx_word' id='word_1_283' title='bbox 2159 3356 2240 3411; x_wconf 90' lang='lat' dir='ltr'><strong>vis</strong></span> <span class='ocrx_word' id='word_1_284' title='bbox 2273 3365 2510 3412; x_wconf 88' lang='lat' dir='ltr'><strong>mentem</strong></span> <span class='ocrx_word' id='word_1_285' title='bbox 2564 3366 2710 3412; x_wconf 88' lang='lat' dir='ltr'><strong>tuam</strong></span> <span class='ocrx_word' id='word_1_286' title='bbox 2765 3359 3027 3428; x_wconf 87' lang='lat' dir='ltr'><strong>spirituali</strong></span> <span class='ocrx_word' id='word_1_287' title='bbox 3061 3361 3257 3431; x_wconf 86' lang='lat' dir='ltr'><strong>gaudio</strong></span> <span class='ocrx_word' id='word_1_288' title='bbox 3309 3371 3364 3416; x_wconf 87' lang='lat' dir='ltr'><strong>et</strong></span> <span class='ocrx_word' id='word_1_289' title='bbox 3407 3361 3589 3418; x_wconf 72' lang='lat' dir='ltr'><strong>lietitia</strong></span> 
     </span>
    </p>
   </div>
   <div class='ocr_carea' id='block_1_46' title="bbox 332 3444 3589 3525">
    <p class='ocr_par' dir='ltr' id='par_1_46' title="bbox 332 3444 3589 3525">
     <span class='ocr_line' id='line_1_46' title="bbox 332 3444 3589 3525; baseline 0.003 -26"><span class='ocrx_word' id='word_1_290' title='bbox 332 3462 434 3507; x_wconf 67' lang='lat' dir='ltr'><strong>(an</strong></span> <span class='ocrx_word' id='word_1_291' title='bbox 455 3453 554 3508; x_wconf 74' lang='grc' dir='ltr'><strong>υεξ</strong></span> <span class='ocrx_word' id='word_1_292' title='bbox 585 3450 766 3525; x_wconf 74' lang='grc' dir='ltr'><strong>(Ρεηι,</strong></span> <span class='ocrx_word' id='word_1_293' title='bbox 807 3467 954 3519; x_wconf 70' lang='grc' dir='ltr'><strong>χιιι,</strong></span> <span class='ocrx_word' id='word_1_294' title='bbox 983 3449 1097 3524; x_wconf 72' lang='lat'><strong>25).</strong></span> <span class='ocrx_word' id='word_1_295' title='bbox 1133 3451 1192 3506; x_wconf 82' lang='grc' dir='ltr'><strong>ιη</strong></span> <span class='ocrx_word' id='word_1_296' title='bbox 1221 3453 1487 3508; x_wconf 73' lang='lat' dir='ltr'><strong>sacriﬁcio</strong></span> <span class='ocrx_word' id='word_1_297' title='bbox 1517 3453 1681 3523; x_wconf 64' lang='lat' dir='ltr'><strong>igitur</strong></span> <span class='ocrx_word' id='word_1_298' title='bbox 1709 3453 1904 3507; x_wconf 62' lang='lat' dir='ltr'><strong>divina;</strong></span> <span class='ocrx_word' id='word_1_299' title='bbox 1932 3444 1980 3470; x_wconf 72' lang='grc' dir='ltr'>ν</span> <span class='ocrx_word' id='word_1_300' title='bbox 2010 3444 2332 3512; x_wconf 78' lang='lat' dir='ltr'><strong>illuminare,</strong></span> <span class='ocrx_word' id='word_1_301' title='bbox 2362 3455 2418 3503; x_wconf 91' lang='lat' dir='ltr'><strong>et</strong></span> <span class='ocrx_word' id='word_1_302' title='bbox 2449 3462 2700 3518; x_wconf 79' lang='lat' dir='ltr'><strong>magnam</strong></span> <span class='ocrx_word' id='word_1_303' title='bbox 2737 3465 2888 3519; x_wconf 89' lang='lat' dir='ltr'><strong>spem</strong></span> <span class='ocrx_word' id='word_1_304' title='bbox 2918 3449 2984 3506; x_wconf 90' lang='lat' dir='ltr'><strong>de</strong></span> <span class='ocrx_word' id='word_1_305' title='bbox 3011 3449 3104 3505; x_wconf 81' lang='lat' dir='ltr'><strong>Dei</strong></span> <span class='ocrx_word' id='word_1_306' title='bbox 3136 3451 3466 3523; x_wconf 84' lang='lat' dir='ltr'><strong>indulgentia</strong></span> <span class='ocrx_word' id='word_1_307' title='bbox 3495 3453 3589 3509; x_wconf 88' lang='lat' dir='ltr'><strong>tibi</strong></span> 
     </span>
    </p>
   </div>
   <div class='ocr_carea' id='block_1_47' title="bbox 331 3541 1904 3614">
    <p class='ocr_par' dir='ltr' id='par_1_47' title="bbox 331 3541 1904 3614">
     <span class='ocr_line' id='line_1_47' title="bbox 331 3541 1904 3614; baseline 0.001 -17"><span class='ocrx_word' id='word_1_308' title='bbox 331 3543 608 3601; x_wconf 84' lang='lat' dir='ltr'><strong>laudis&#39;ﬁt</strong></span> <span class='ocrx_word' id='word_1_309' title='bbox 649 3545 718 3599; x_wconf 91' lang='lat' dir='ltr'><strong>ad</strong></span> <span class='ocrx_word' id='word_1_310' title='bbox 759 3541 942 3600; x_wconf 73' lang='lat' dir='ltr'><strong>Iesum</strong></span> <span class='ocrx_word' id='word_1_311' title='bbox 985 3543 1092 3600; x_wconf 83' lang='lat' dir='ltr'><strong>iter</strong></span> <span class='ocrx_word' id='word_1_312' title='bbox 1119 3544 1466 3607; x_wconf 90' lang='lat' dir='ltr'><strong>ostensionis,</strong></span> <span class='ocrx_word' id='word_1_313' title='bbox 1506 3545 1632 3612; x_wconf 90' lang='lat' dir='ltr'><strong>quia</strong></span> <span class='ocrx_word' id='word_1_314' title='bbox 1657 3543 1784 3599; x_wconf 90' lang='lat' dir='ltr'><strong>dum</strong></span> <span class='ocrx_word' id='word_1_315' title='bbox 1808 3558 1904 3614; x_wconf 89' lang='lat' dir='ltr'><strong>per</strong></span> 
     </span>
    </p>
   </div>
   <div class='ocr_carea' id='block_1_48' title="bbox 332 3635 1903 3706">
    <p class='ocr_par' dir='ltr' id='par_1_48' title="bbox 332 3635 1903 3706">
     <span class='ocr_line' id='line_1_48' title="bbox 332 3635 1903 3706; baseline -0.002 -14"><span class='ocrx_word' id='word_1_316' title='bbox 332 3635 681 3704; x_wconf 81' lang='lat' dir='ltr'><strong>psalmodiam</strong></span> <span class='ocrx_word' id='word_1_317' title='bbox 703 3637 1044 3706; x_wconf 88' lang='lat' dir='ltr'><strong>compunctio</strong></span> <span class='ocrx_word' id='word_1_318' title='bbox 1057 3635 1369 3701; x_wconf 83' lang='lat' dir='ltr'><strong>eﬁunditur,</strong></span> <span class='ocrx_word' id='word_1_319' title='bbox 1385 3635 1470 3690; x_wconf 89' lang='lat' dir='ltr'><strong>via</strong></span> <span class='ocrx_word' id='word_1_320' title='bbox 1491 3635 1647 3691; x_wconf 87' lang='lat' dir='ltr'><strong>nobis</strong></span> <span class='ocrx_word' id='word_1_321' title='bbox 1669 3635 1722 3690; x_wconf 91' lang='lat' dir='ltr'><strong>in</strong></span> <span class='ocrx_word' id='word_1_322' title='bbox 1739 3635 1903 3690; x_wconf 86' lang='lat' dir='ltr'><strong>corde</strong></span> 
     </span>
    </p>
   </div>
   <div class='ocr_carea' id='block_1_49' title="bbox 331 3725 1902 3800">
    <p class='ocr_par' dir='ltr' id='par_1_49' title="bbox 331 3725 1902 3800">
     <span class='ocr_line' id='line_1_49' title="bbox 331 3725 1902 3800; baseline -0.001 -19"><span class='ocrx_word' id='word_1_323' title='bbox 331 3727 403 3789; x_wconf 88' lang='lat' dir='ltr'><strong>ﬁt,</strong></span> <span class='ocrx_word' id='word_1_324' title='bbox 425 3745 524 3798; x_wconf 90' lang='lat' dir='ltr'><strong>per</strong></span> <span class='ocrx_word' id='word_1_325' title='bbox 571 3743 740 3800; x_wconf 88' lang='lat' dir='ltr'><strong>quam</strong></span> <span class='ocrx_word' id='word_1_326' title='bbox 766 3727 835 3782; x_wconf 91' lang='lat' dir='ltr'><strong>ad</strong></span> <span class='ocrx_word' id='word_1_327' title='bbox 863 3725 1047 3784; x_wconf 84' lang='lat' dir='ltr'><strong>Jesum</strong></span> <span class='ocrx_word' id='word_1_328' title='bbox 1093 3726 1390 3782; x_wconf 89' lang='lat' dir='ltr'><strong>veniamus.</strong></span> <span class='ocrx_word' id='word_1_329' title='bbox 1429 3725 1658 3796; x_wconf 82' lang='lat' dir='ltr'><strong>Dignum</strong></span> <span class='ocrx_word' id='word_1_330' title='bbox 1705 3725 1902 3796; x_wconf 88' lang='lat' dir='ltr'><strong>quippe</strong></span> 
     </span>
    </p>
   </div>
   <div class='ocr_carea' id='block_1_50' title="bbox 329 3816 1899 3889">
    <p class='ocr_par' dir='ltr' id='par_1_50' title="bbox 329 3816 1899 3889">
     <span class='ocr_line' id='line_1_50' title="bbox 329 3816 1899 3889; baseline -0.001 -18"><span class='ocrx_word' id='word_1_331' title='bbox 329 3827 422 3884; x_wconf 83' lang='lat' dir='ltr'><strong>est,</strong></span> <span class='ocrx_word' id='word_1_332' title='bbox 452 3827 512 3874; x_wconf 92' lang='lat' dir='ltr'><strong>ut</strong></span> <span class='ocrx_word' id='word_1_333' title='bbox 565 3833 725 3873; x_wconf 88' lang='lat' dir='ltr'><strong>mens</strong></span> <span class='ocrx_word' id='word_1_334' title='bbox 769 3834 802 3873; x_wconf 92' lang='lat' dir='ltr'><strong>a</strong></span> <span class='ocrx_word' id='word_1_335' title='bbox 827 3817 1182 3889; x_wconf 66' lang='lat' dir='ltr'><strong>praesentibus</strong></span> <span class='ocrx_word' id='word_1_336' title='bbox 1220 3816 1506 3880; x_wconf 88' lang='lat' dir='ltr'><strong>universis,</strong></span> <span class='ocrx_word' id='word_1_337' title='bbox 1555 3816 1608 3871; x_wconf 90' lang='lat' dir='ltr'><strong>in</strong></span> <span class='ocrx_word' id='word_1_338' title='bbox 1639 3823 1899 3886; x_wconf 86' lang='lat' dir='ltr'><strong>quantum</strong></span> 
     </span>
    </p>
   </div>
   <div class='ocr_carea' id='block_1_51' title="bbox 329 3907 1900 3978">
    <p class='ocr_par' dir='ltr' id='par_1_51' title="bbox 329 3907 1900 3978">
     <span class='ocr_line' id='line_1_51' title="bbox 329 3907 1900 3978; baseline 0.002 -20"><span class='ocrx_word' id='word_1_339' title='bbox 329 3907 478 3976; x_wconf 87' lang='lat' dir='ltr'><strong>valet,</strong></span> <span class='ocrx_word' id='word_1_340' title='bbox 507 3924 572 3965; x_wconf 84' lang='lat' dir='ltr'><strong>se</strong></span> <span class='ocrx_word' id='word_1_341' title='bbox 597 3909 846 3974; x_wconf 81' lang='lat' dir='ltr'><strong>mandet,</strong></span> <span class='ocrx_word' id='word_1_342' title='bbox 864 3919 921 3964; x_wconf 93' lang='lat' dir='ltr'><strong>et</strong></span> <span class='ocrx_word' id='word_1_343' title='bbox 940 3908 1137 3964; x_wconf 89' lang='lat' dir='ltr'><strong>divinis</strong></span> <span class='ocrx_word' id='word_1_344' title='bbox 1169 3907 1416 3963; x_wconf 88' lang='lat' dir='ltr'><strong>laudibus</strong></span> <span class='ocrx_word' id='word_1_345' title='bbox 1452 3915 1614 3978; x_wconf 90' lang='lat' dir='ltr'><strong>atque</strong></span> <span class='ocrx_word' id='word_1_346' title='bbox 1641 3907 1900 3976; x_wconf 89' lang='lat' dir='ltr'><strong>spiritua-</strong></span> 
     </span>
    </p>
   </div>
   <div class='ocr_carea' id='block_1_52' title="bbox 325 3993 1900 4068">
    <p class='ocr_par' dir='ltr' id='par_1_52' title="bbox 325 3993 1900 4068">
     <span class='ocr_line' id='line_1_52' title="bbox 325 3993 1900 4068; baseline -0.001 -16"><span class='ocrx_word' id='word_1_347' title='bbox 325 3993 458 4055; x_wconf 79' lang='lat' dir='ltr'><strong>iihus</strong></span> <span class='ocrx_word' id='word_1_348' title='bbox 505 3999 798 4064; x_wconf 68' lang='lat' dir='ltr'><strong>inhaereat,</strong></span> <span class='ocrx_word' id='word_1_349' title='bbox 829 4005 891 4052; x_wconf 93' lang='lat' dir='ltr'><strong>ut</strong></span> <span class='ocrx_word' id='word_1_350' title='bbox 915 3998 1158 4054; x_wconf 66' lang='lat' dir='ltr'><strong>caelestia</strong></span> <span class='ocrx_word' id='word_1_351' title='bbox 1201 3999 1252 4052; x_wconf 89' lang='lat' dir='ltr'><strong>ei</strong></span> <span class='ocrx_word' id='word_1_352' title='bbox 1285 3997 1610 4052; x_wconf 87' lang='lat' dir='ltr'><strong>revelentur.</strong></span> <span class='ocrx_word' id='word_1_353' title='bbox 1639 3997 1782 4052; x_wconf 80' lang='lat' dir='ltr'><strong>Nihil</strong></span> <span class='ocrx_word' id='word_1_354' title='bbox 1817 4009 1900 4068; x_wconf 81' lang='lat' dir='ltr'><strong>est</strong></span> 
     </span>
    </p>
   </div>
   <div class='ocr_carea' id='block_1_53' title="bbox 326 4087 1900 4160">
    <p class='ocr_par' dir='ltr' id='par_1_53' title="bbox 326 4087 1900 4160">
     <span class='ocr_line' id='line_1_53' title="bbox 326 4087 1900 4160; baseline 0 -16"><span class='ocrx_word' id='word_1_355' title='bbox 326 4087 377 4144; x_wconf 84' lang='lat' dir='ltr'><strong>in</strong></span> <span class='ocrx_word' id='word_1_356' title='bbox 397 4091 496 4146; x_wconf 88' lang='lat' dir='ltr'><strong>hac</strong></span> <span class='ocrx_word' id='word_1_357' title='bbox 523 4089 746 4146; x_wconf 84' lang='lat' dir='ltr'><strong>mortali</strong></span> <span class='ocrx_word' id='word_1_358' title='bbox 771 4090 902 4154; x_wconf 88' lang='lat' dir='ltr'><strong>vita,</strong></span> <span class='ocrx_word' id='word_1_359' title='bbox 939 4091 996 4144; x_wconf 89' lang='lat' dir='ltr'><strong>in</strong></span> <span class='ocrx_word' id='word_1_360' title='bbox 1018 4105 1127 4160; x_wconf 91' lang='lat' dir='ltr'><strong>quo</strong></span> <span class='ocrx_word' id='word_1_361' title='bbox 1154 4089 1422 4160; x_wconf 87' lang='lat' dir='ltr'><strong>possimus</strong></span> <span class='ocrx_word' id='word_1_362' title='bbox 1441 4089 1550 4143; x_wconf 89' lang='lat' dir='ltr'><strong>Deo</strong></span> <span class='ocrx_word' id='word_1_363' title='bbox 1582 4087 1900 4144; x_wconf 83' lang='lat' dir='ltr'><strong>familiarius</strong></span> 
     </span>
    </p>
   </div>
   <div class='ocr_carea' id='block_1_54' title="bbox 327 4175 1899 4250">
    <p class='ocr_par' dir='ltr' id='par_1_54' title="bbox 327 4175 1899 4250">
     <span class='ocr_line' id='line_1_54' title="bbox 327 4175 1899 4250; baseline 0 -16"><span class='ocrx_word' id='word_1_364' title='bbox 327 4177 610 4247; x_wconf 63' lang='lat' dir='ltr'><strong>inhaerere,</strong></span> <span class='ocrx_word' id='word_1_365' title='bbox 639 4195 802 4250; x_wconf 89' lang='lat' dir='ltr'><strong>quam</strong></span> <span class='ocrx_word' id='word_1_366' title='bbox 846 4179 1015 4250; x_wconf 87' lang='lat' dir='ltr'><strong>ipsius</strong></span> <span class='ocrx_word' id='word_1_367' title='bbox 1061 4179 1117 4234; x_wconf 90' lang='lat' dir='ltr'><strong>in</strong></span> <span class='ocrx_word' id='word_1_368' title='bbox 1158 4177 1422 4234; x_wconf 86' lang='lat' dir='ltr'><strong>laudibus.</strong></span> <span class='ocrx_word' id='word_1_369' title='bbox 1482 4175 1670 4234; x_wconf 85' lang='lat' dir='ltr'><strong>Nullus</strong></span> <span class='ocrx_word' id='word_1_370' title='bbox 1717 4179 1899 4249; x_wconf 79' lang='lat' dir='ltr'><strong>itaque</strong></span> 
     </span>
    </p>
   </div>
   <div class='ocr_carea' id='block_1_55' title="bbox 329 4267 1898 4341">
    <p class='ocr_par' dir='ltr' id='par_1_55' title="bbox 329 4267 1898 4341">
     <span class='ocr_line' id='line_1_55' title="bbox 329 4267 1898 4341; baseline -0.001 -16"><span class='ocrx_word' id='word_1_371' title='bbox 329 4271 628 4327; x_wconf 74' lang='lat' dir='ltr'><strong>mortalium</strong></span> <span class='ocrx_word' id='word_1_372' title='bbox 649 4276 959 4341; x_wconf 87' lang='lat' dir='ltr'><strong>potestnec</strong></span> <span class='ocrx_word' id='word_1_373' title='bbox 1011 4267 1200 4334; x_wconf 83' lang='lat' dir='ltr'><strong>verbo,</strong></span> <span class='ocrx_word' id='word_1_374' title='bbox 1252 4283 1355 4322; x_wconf 89' lang='lat' dir='ltr'><strong>nec</strong></span> <span class='ocrx_word' id='word_1_375' title='bbox 1397 4277 1598 4333; x_wconf 85' lang='lat' dir='ltr'><strong>mente,</strong></span> <span class='ocrx_word' id='word_1_376' title='bbox 1641 4268 1898 4324; x_wconf 86' lang='lat' dir='ltr'><strong>virtutem</strong></span> 
     </span>
    </p>
   </div>
   <div class='ocr_carea' id='block_1_56' title="bbox 324 4357 1895 4432">
    <p class='ocr_par' dir='ltr' id='par_1_56' title="bbox 324 4357 1895 4432">
     <span class='ocr_line' id='line_1_56' title="bbox 324 4357 1895 4432; baseline -0.003 -14"><span class='ocrx_word' id='word_1_377' title='bbox 324 4362 670 4430; x_wconf 80' lang='lat' dir='ltr'><strong>psalmorum,</strong></span> <span class='ocrx_word' id='word_1_378' title='bbox 701 4360 747 4418; x_wconf 85' lang='lat' dir='ltr'><strong>si</strong></span> <span class='ocrx_word' id='word_1_379' title='bbox 775 4375 884 4414; x_wconf 90' lang='lat' dir='ltr'><strong>non</strong></span> <span class='ocrx_word' id='word_1_380' title='bbox 906 4358 1148 4432; x_wconf 83' lang='lat' dir='ltr'><strong>[Al.,qui</strong></span> <span class='ocrx_word' id='word_1_381' title='bbox 1179 4357 1608 4430; x_wconf 82' lang='lat' dir='ltr'><strong>non]superﬁeie</strong></span> <span class='ocrx_word' id='word_1_382' title='bbox 1633 4358 1895 4415; x_wconf 88' lang='lat' dir='ltr'><strong>labiorum</strong></span> 
     </span>
    </p>
   </div>
   <div class='ocr_carea' id='block_1_57' title="bbox 326 4449 1896 4520">
    <p class='ocr_par' dir='ltr' id='par_1_57' title="bbox 326 4449 1896 4520">
     <span class='ocr_line' id='line_1_57' title="bbox 326 4449 1896 4520; baseline 0 -14"><span class='ocrx_word' id='word_1_383' title='bbox 326 4461 545 4520; x_wconf 84' lang='lat' dir='ltr'><strong>tantum,</strong></span> <span class='ocrx_word' id='word_1_384' title='bbox 573 4452 671 4508; x_wconf 87' lang='lat' dir='ltr'><strong>sed</strong></span> <span class='ocrx_word' id='word_1_385' title='bbox 696 4449 902 4505; x_wconf 87' lang='lat' dir='ltr'><strong>intenta</strong></span> <span class='ocrx_word' id='word_1_386' title='bbox 947 4457 1126 4505; x_wconf 85' lang='lat' dir='ltr'><strong>mente</strong></span> <span class='ocrx_word' id='word_1_387' title='bbox 1159 4449 1214 4503; x_wconf 91' lang='lat' dir='ltr'><strong>in</strong></span> <span class='ocrx_word' id='word_1_388' title='bbox 1243 4449 1627 4519; x_wconf 89' lang='lat' dir='ltr'><strong>omnipotentis</strong></span> <span class='ocrx_word' id='word_1_389' title='bbox 1650 4449 1743 4506; x_wconf 87' lang='lat' dir='ltr'><strong>Dei</strong></span> <span class='ocrx_word' id='word_1_390' title='bbox 1783 4451 1896 4506; x_wconf 90' lang='lat' dir='ltr'><strong>lau-</strong></span> 
     </span>
    </p>
   </div>
   <div class='ocr_carea' id='block_1_58' title="bbox 321 4541 1086 4612">
    <p class='ocr_par' dir='ltr' id='par_1_58' title="bbox 321 4541 1086 4612">
     <span class='ocr_line' id='line_1_58' title="bbox 321 4541 1086 4612; baseline -0.003 -16"><span class='ocrx_word' id='word_1_391' title='bbox 321 4541 436 4598; x_wconf 87' lang='lat' dir='ltr'><strong>dem</strong></span> <span class='ocrx_word' id='word_1_392' title='bbox 463 4551 762 4607; x_wconf 87' lang='lat' dir='ltr'><strong>canuntur,</strong></span> <span class='ocrx_word' id='word_1_393' title='bbox 793 4541 1086 4612; x_wconf 76' lang='lat' dir='ltr'><strong>explicare.</strong></span> 
     </span>
    </p>
   </div>
   <div class='ocr_carea' id='block_1_59' title="bbox 384 4632 1894 4704">
    <p class='ocr_par' dir='ltr' id='par_1_59' title="bbox 384 4632 1894 4704">
     <span class='ocr_line' id='line_1_59' title="bbox 384 4632 1894 4704; baseline 0.001 -17"><span class='ocrx_word' id='word_1_394' title='bbox 384 4633 440 4688; x_wconf 89' lang='lat' dir='ltr'><strong>In</strong></span> <span class='ocrx_word' id='word_1_395' title='bbox 463 4633 692 4704; x_wconf 85' lang='lat' dir='ltr'><strong>psalmis</strong></span> <span class='ocrx_word' id='word_1_396' title='bbox 716 4633 896 4703; x_wconf 85' lang='lat' dir='ltr'><strong>itaque</strong></span> <span class='ocrx_word' id='word_1_397' title='bbox 923 4632 1222 4697; x_wconf 87' lang='lat' dir='ltr'><strong>inveniens,</strong></span> <span class='ocrx_word' id='word_1_398' title='bbox 1253 4633 1298 4688; x_wconf 88' lang='lat' dir='ltr'><strong>si</strong></span> <span class='ocrx_word' id='word_1_399' title='bbox 1332 4634 1540 4690; x_wconf 85' lang='lat' dir='ltr'><strong>intenta</strong></span> <span class='ocrx_word' id='word_1_400' title='bbox 1565 4641 1747 4688; x_wconf 91' lang='lat' dir='ltr'><strong>mente</strong></span> <span class='ocrx_word' id='word_1_401' title='bbox 1773 4647 1894 4704; x_wconf 85' lang='lat' dir='ltr'><strong>per—</strong></span> 
     </span>
    </p>
   </div>
   <div class='ocr_carea' id='block_1_60' title="bbox 2001 3525 3590 3606">
    <p class='ocr_par' dir='ltr' id='par_1_60' title="bbox 2001 3525 3590 3606">
     <span class='ocr_line' id='line_1_60' title="bbox 2001 3525 3590 3606; baseline 0.006 -16"><span class='ocrx_word' id='word_1_402' title='bbox 2001 3537 2352 3606; x_wconf 88' lang='lat' dir='ltr'><strong>promittcre;</strong></span> <span class='ocrx_word' id='word_1_403' title='bbox 2395 3525 2524 3594; x_wconf 50' lang='lat' dir='ltr'><strong>et&#39;si</strong></span> <span class='ocrx_word' id='word_1_404' title='bbox 2544 3539 2627 3593; x_wconf 90' lang='lat' dir='ltr'><strong>vis</strong></span> <span class='ocrx_word' id='word_1_405' title='bbox 2647 3555 2824 3604; x_wconf 89' lang='lat' dir='ltr'><strong>orare,</strong></span> <span class='ocrx_word' id='word_1_406' title='bbox 2867 3541 3020 3597; x_wconf 85' lang='lat' dir='ltr'><strong>mitte</strong></span> <span class='ocrx_word' id='word_1_407' title='bbox 3073 3551 3303 3598; x_wconf 81' lang='lat' dir='ltr'><strong>mentem</strong></span> <span class='ocrx_word' id='word_1_408' title='bbox 3337 3554 3483 3599; x_wconf 87' lang='lat' dir='ltr'><strong>tuam</strong></span> <span class='ocrx_word' id='word_1_409' title='bbox 3523 3547 3590 3601; x_wconf 88' lang='lat' dir='ltr'><strong>ad</strong></span> 
     </span>
    </p>
   </div>
   <div class='ocr_carea' id='block_1_61' title="bbox 2002 3628 3585 3702">
    <p class='ocr_par' dir='ltr' id='par_1_61' title="bbox 2002 3628 3585 3702">
     <span class='ocr_line' id='line_1_61' title="bbox 2002 3628 3585 3702; baseline 0.007 -22"><span class='ocrx_word' id='word_1_410' title='bbox 2002 3628 2258 3683; x_wconf 81' lang='lat' dir='ltr'><strong>virtutem</strong></span> <span class='ocrx_word' id='word_1_411' title='bbox 2305 3629 2638 3699; x_wconf 84' lang='lat' dir='ltr'><strong>psalmorum</strong></span> <span class='ocrx_word' id='word_1_412' title='bbox 2670 3647 2900 3701; x_wconf 89' lang='lat' dir='ltr'><strong>quorum</strong></span> <span class='ocrx_word' id='word_1_413' title='bbox 2927 3633 3138 3688; x_wconf 86' lang='lat' dir='ltr'><strong>initium</strong></span> <span class='ocrx_word' id='word_1_414' title='bbox 3180 3646 3294 3690; x_wconf 87' lang='lat' dir='ltr'><strong>est:</strong></span> <span class='ocrx_word' id='word_1_415' title='bbox 3351 3635 3585 3702; x_wconf 67' lang='lat' dir='ltr'><strong>Exaudi,</strong></span> 
     </span>
    </p>
   </div>
   <div class='ocr_carea' id='block_1_62' title="bbox 2003 3719 3587 3794">
    <p class='ocr_par' dir='ltr' id='par_1_62' title="bbox 2003 3719 3587 3794">
     <span class='ocr_line' id='line_1_62' title="bbox 2003 3719 3587 3794; baseline 0.008 -23"><span class='ocrx_word' id='word_1_416' title='bbox 2003 3719 2244 3785; x_wconf 88' lang='lat' dir='ltr'><strong>Domine,</strong></span> <span class='ocrx_word' id='word_1_417' title='bbox 2262 3720 2530 3790; x_wconf 83' lang='lat' dir='ltr'><strong>justitiam</strong></span> <span class='ocrx_word' id='word_1_418' title='bbox 2556 3740 2760 3788; x_wconf 86' lang='lat' dir='ltr'><strong>meam;</strong></span> <span class='ocrx_word' id='word_1_419' title='bbox 2778 3723 2859 3777; x_wconf 81' lang='lat' dir='ltr'><strong>Ad</strong></span> <span class='ocrx_word' id='word_1_420' title='bbox 2877 3725 3206 3792; x_wconf 21' lang='lat' dir='ltr'><strong>te,,Dominc,</strong></span> <span class='ocrx_word' id='word_1_421' title='bbox 3231 3728 3426 3794; x_wconf 82' lang='lat' dir='ltr'><strong>levavi;</strong></span> <span class='ocrx_word' id='word_1_422' title='bbox 3447 3729 3587 3784; x_wconf 89' lang='lat' dir='ltr'><strong>Deus</strong></span> 
     </span>
    </p>
   </div>
   <div class='ocr_carea' id='block_1_63' title="bbox 2000 3808 3588 3888">
    <p class='ocr_par' dir='ltr' id='par_1_63' title="bbox 2000 3808 3588 3888">
     <span class='ocr_line' id='line_1_63' title="bbox 2000 3808 3588 3888; baseline 0.008 -27"><span class='ocrx_word' id='word_1_423' title='bbox 2000 3808 2056 3862; x_wconf 89' lang='lat' dir='ltr'><strong>in</strong></span> <span class='ocrx_word' id='word_1_424' title='bbox 2079 3809 2285 3862; x_wconf 83' lang='lat' dir='ltr'><strong>nomine</strong></span> <span class='ocrx_word' id='word_1_425' title='bbox 2306 3817 2431 3872; x_wconf 86' lang='lat' dir='ltr'><strong>tuo;</strong></span> <span class='ocrx_word' id='word_1_426' title='bbox 2463 3810 2606 3866; x_wconf 85' lang='lat' dir='ltr'><strong>Deus</strong></span> <span class='ocrx_word' id='word_1_427' title='bbox 2629 3815 2936 3867; x_wconf 80' lang='lat' dir='ltr'><strong>misereatur</strong></span> <span class='ocrx_word' id='word_1_428' title='bbox 2964 3817 3162 3878; x_wconf 88' lang='lat' dir='ltr'><strong>nostri,</strong></span> <span class='ocrx_word' id='word_1_429' title='bbox 3187 3816 3328 3870; x_wconf 87' lang='lat' dir='ltr'><strong>Deus</strong></span> <span class='ocrx_word' id='word_1_430' title='bbox 3350 3819 3404 3872; x_wconf 89' lang='lat' dir='ltr'><strong>in</strong></span> <span class='ocrx_word' id='word_1_431' title='bbox 3431 3820 3588 3888; x_wconf 80' lang='lat' dir='ltr'><strong>adju-</strong></span> 
     </span>
    </p>
   </div>
   <div class='ocr_carea' id='block_1_64' title="bbox 2000 3895 3670 3978">
    <p class='ocr_par' dir='ltr' id='par_1_64' title="bbox 2000 3895 3670 3978">
     <span class='ocr_line' id='line_1_64' title="bbox 2000 3895 3670 3978; baseline 0.005 -28"><span class='ocrx_word' id='word_1_432' title='bbox 2000 3897 2222 3962; x_wconf 83' lang='lat' dir='ltr'><strong>torium;</strong></span> <span class='ocrx_word' id='word_1_433' title='bbox 2241 3895 2309 3951; x_wconf 83' lang='lat' dir='ltr'><strong>In</strong></span> <span class='ocrx_word' id='word_1_434' title='bbox 2320 3907 2388 3963; x_wconf 86' lang='lat' dir='ltr'><strong>te,</strong></span> <span class='ocrx_word' id='word_1_435' title='bbox 2408 3897 2644 3964; x_wconf 88' lang='lat' dir='ltr'><strong>Domine,</strong></span> <span class='ocrx_word' id='word_1_436' title='bbox 2662 3901 2862 3969; x_wconf 82' lang='lat' dir='ltr'><strong>speravi</strong></span> <span class='ocrx_word' id='word_1_437' title='bbox 2875 3901 3040 3978; x_wconf 75' lang='lat' dir='ltr'><strong>[EdiL</strong></span> <span class='ocrx_word' id='word_1_438' title='bbox 3058 3903 3170 3957; x_wconf 77' lang='lat' dir='ltr'><strong>Col.</strong></span> <span class='ocrx_word' id='word_1_439' title='bbox 3187 3905 3353 3958; x_wconf 87' lang='lat' dir='ltr'><strong>addit.</strong></span> <span class='ocrx_word' id='word_1_440' title='bbox 3371 3903 3545 3978; x_wconf 70' lang='grc' dir='ltr'><strong>ιχ.ιί</strong></span> <span class='ocrx_word' id='word_1_441' title='bbox 3567 3925 3582 3970; x_wconf 86' lang='lat'><strong>;</strong></span> <span class='ocrx_word' id='word_1_442' title='bbox 3647 3965 3670 3972; x_wconf 54' lang='grc'><em>,</em></span> 
     </span>
    </p>
   </div>
   <div class='ocr_carea' id='block_1_65' title="bbox 2002 3971 3584 4069">
    <p class='ocr_par' dir='ltr' id='par_1_65' title="bbox 2002 3971 3584 4069">
     <span class='ocr_line' id='line_1_65' title="bbox 2002 3971 3584 4069; baseline 0.008 -27"><span class='ocrx_word' id='word_1_443' title='bbox 2002 3987 2231 4056; x_wconf 85' lang='lat' dir='ltr'><strong>lnclina,</strong></span> <span class='ocrx_word' id='word_1_444' title='bbox 2259 3988 2502 4044; x_wconf 86' lang='lat' dir='ltr'><strong>Domine.</strong></span> <span class='ocrx_word' id='word_1_445' title='bbox 2556 3991 2620 4044; x_wconf 81' lang='lat' dir='ltr'><strong>Et</strong></span> <span class='ocrx_word' id='word_1_446' title='bbox 2643 3971 2962 4046; x_wconf 58' lang='lat' dir='ltr'><strong>nullatenus</strong></span> <span class='ocrx_word' id='word_1_447' title='bbox 2992 3995 3195 4063; x_wconf 78' lang='lat' dir='ltr'><strong>poteris</strong></span> <span class='ocrx_word' id='word_1_448' title='bbox 3229 4005 3320 4050; x_wconf 87' lang='lat' dir='ltr'><strong>tua</strong></span> <span class='ocrx_word' id='word_1_449' title='bbox 3367 3971 3584 4069; x_wconf 77' lang='lat' dir='ltr'><strong>propria</strong></span> 
     </span>
    </p>
   </div>
   <div class='ocr_carea' id='block_1_66' title="bbox 1999 4080 3582 4153">
    <p class='ocr_par' dir='ltr' id='par_1_66' title="bbox 1999 4080 3582 4153">
     <span class='ocr_line' id='line_1_66' title="bbox 1999 4080 3582 4153; baseline 0.009 -20"><span class='ocrx_word' id='word_1_450' title='bbox 1999 4080 2197 4152; x_wconf 86' lang='lat' dir='ltr'><strong>lingua,</strong></span> <span class='ocrx_word' id='word_1_451' title='bbox 2213 4097 2312 4138; x_wconf 90' lang='lat' dir='ltr'><strong>nec</strong></span> <span class='ocrx_word' id='word_1_452' title='bbox 2333 4082 2569 4138; x_wconf 86' lang='lat' dir='ltr'><strong>humano</strong></span> <span class='ocrx_word' id='word_1_453' title='bbox 2592 4099 2752 4138; x_wconf 88' lang='lat' dir='ltr'><strong>sensu</strong></span> <span class='ocrx_word' id='word_1_454' title='bbox 2767 4091 2874 4138; x_wconf 88' lang='lat' dir='ltr'><strong>tam</strong></span> <span class='ocrx_word' id='word_1_455' title='bbox 2889 4085 3125 4153; x_wconf 80' lang='lat' dir='ltr'><strong>perfecte</strong></span> <span class='ocrx_word' id='word_1_456' title='bbox 3149 4089 3421 4144; x_wconf 87' lang='lat' dir='ltr'><strong>miseriam</strong></span> <span class='ocrx_word' id='word_1_457' title='bbox 3435 4099 3582 4148; x_wconf 88' lang='lat' dir='ltr'><strong>tuam</strong></span> 
     </span>
    </p>
   </div>
   <div class='ocr_carea' id='block_1_67' title="bbox 2000 4175 3579 4252">
    <p class='ocr_par' dir='ltr' id='par_1_67' title="bbox 2000 4175 3579 4252">
     <span class='ocr_line' id='line_1_67' title="bbox 2000 4175 3579 4252; baseline 0.006 -24"><span class='ocrx_word' id='word_1_458' title='bbox 2000 4191 2064 4230; x_wconf 83' lang='lat' dir='ltr'><strong>ac</strong></span> <span class='ocrx_word' id='word_1_459' title='bbox 2085 4175 2509 4242; x_wconf 87' lang='lat' dir='ltr'><strong>tribulationem,</strong></span> <span class='ocrx_word' id='word_1_460' title='bbox 2537 4177 2949 4251; x_wconf 83' lang='lat' dir='ltr'><strong>augustiaInque</strong></span> <span class='ocrx_word' id='word_1_461' title='bbox 2969 4179 3074 4252; x_wconf 79' lang='grc'><strong>22</strong></span> <span class='ocrx_word' id='word_1_462' title='bbox 3102 4179 3436 4237; x_wconf 89' lang='lat' dir='ltr'><strong>diversarqu</strong></span> <span class='ocrx_word' id='word_1_463' title='bbox 3463 4192 3579 4239; x_wconf 88' lang='lat' dir='ltr'><strong>ten-</strong></span> 
     </span>
    </p>
   </div>
   <div class='ocr_carea' id='block_1_68' title="bbox 2001 4264 3579 4345">
    <p class='ocr_par' dir='ltr' id='par_1_68' title="bbox 2001 4264 3579 4345">
     <span class='ocr_line' id='line_1_68' title="bbox 2001 4264 3579 4345; baseline 0.008 -28"><span class='ocrx_word' id='word_1_464' title='bbox 2001 4264 2262 4320; x_wconf 88' lang='lat' dir='ltr'><strong>tationum</strong></span> <span class='ocrx_word' id='word_1_465' title='bbox 2293 4267 2596 4338; x_wconf 78' lang='lat' dir='ltr'><strong>explicare;</strong></span> <span class='ocrx_word' id='word_1_466' title='bbox 2645 4277 2701 4323; x_wconf 92' lang='lat' dir='ltr'><strong>et</strong></span> <span class='ocrx_word' id='word_1_467' title='bbox 2743 4267 2887 4327; x_wconf 87' lang='lat' dir='ltr'><strong>illius</strong></span> <span class='ocrx_word' id='word_1_468' title='bbox 2937 4271 3579 4345; x_wconf 88' lang='lat' dir='ltr'><strong>miscricordiamimplo—</strong></span> 
     </span>
    </p>
   </div>
   <div class='ocr_carea' id='block_1_69' title="bbox 1999 4359 3532 4437">
    <p class='ocr_par' dir='ltr' id='par_1_69' title="bbox 1999 4359 3532 4437">
     <span class='ocr_line' id='line_1_69' title="bbox 1999 4359 3532 4437; baseline 0.008 -28"><span class='ocrx_word' id='word_1_469' title='bbox 1999 4370 2141 4423; x_wconf 87' lang='lat' dir='ltr'><strong>rare,</strong></span> <span class='ocrx_word' id='word_1_470' title='bbox 2170 4373 2334 4437; x_wconf 87' lang='lat' dir='ltr'><strong>quam</strong></span> <span class='ocrx_word' id='word_1_471' title='bbox 2353 4360 2408 4414; x_wconf 90' lang='lat' dir='ltr'><strong>in</strong></span> <span class='ocrx_word' id='word_1_472' title='bbox 2443 4359 2530 4418; x_wconf 83' lang='lat' dir='ltr'><strong>his</strong></span> <span class='ocrx_word' id='word_1_473' title='bbox 2551 4361 2794 4431; x_wconf 89' lang='lat' dir='ltr'><strong>psalmis,</strong></span> <span class='ocrx_word' id='word_1_474' title='bbox 2825 4363 3104 4420; x_wconf 67' lang='lat' dir='ltr'><strong>et‘czeteris</strong></span> <span class='ocrx_word' id='word_1_475' title='bbox 3132 4364 3218 4420; x_wconf 89' lang='lat' dir='ltr'><strong>his</strong></span> <span class='ocrx_word' id='word_1_476' title='bbox 3247 4364 3532 4422; x_wconf 89' lang='lat' dir='ltr'><strong>similibus.</strong></span> 
     </span>
    </p>
   </div>
   <div class='ocr_carea' id='block_1_70' title="bbox 2592 4450 2977 4512">
    <p class='ocr_par' dir='ltr' id='par_1_70' title="bbox 2592 4450 2977 4512">
     <span class='ocr_line' id='line_1_70' title="bbox 2592 4450 2977 4512; baseline 0.01 -6"><span class='ocrx_word' id='word_1_477' title='bbox 2592 4450 2798 4509; x_wconf 85' lang='lat' dir='ltr'><strong>Tertius</strong></span> <span class='ocrx_word' id='word_1_478' title='bbox 2833 4471 2977 4512; x_wconf 85' lang='lat' dir='ltr'><strong>usus.</strong></span> 
     </span>
    </p>
   </div>
   <div class='ocr_carea' id='block_1_71' title="bbox 2069 4541 3579 4620">
    <p class='ocr_par' dir='ltr' id='par_1_71' title="bbox 2069 4541 3579 4620">
     <span class='ocr_line' id='line_1_71' title="bbox 2069 4541 3579 4620; baseline 0.008 -24"><span class='ocrx_word' id='word_1_479' title='bbox 2069 4541 2126 4596; x_wconf 87' lang='lat' dir='ltr'><strong>Si</strong></span> <span class='ocrx_word' id='word_1_480' title='bbox 2149 4541 2233 4598; x_wconf 88' lang='lat' dir='ltr'><strong>vis</strong></span> <span class='ocrx_word' id='word_1_481' title='bbox 2255 4544 2678 4616; x_wconf 86' lang='lat' dir='ltr'><strong>omnipotentem</strong></span> <span class='ocrx_word' id='word_1_482' title='bbox 2717 4546 2887 4602; x_wconf 90' lang='lat' dir='ltr'><strong>Deum</strong></span> <span class='ocrx_word' id='word_1_483' title='bbox 2917 4547 3156 4615; x_wconf 85' lang='lat' dir='ltr'><strong>laudare,</strong></span> <span class='ocrx_word' id='word_1_484' title='bbox 3183 4559 3238 4604; x_wconf 89' lang='lat' dir='ltr'><strong>et</strong></span> <span class='ocrx_word' id='word_1_485' title='bbox 3263 4550 3432 4620; x_wconf 87' lang='lat' dir='ltr'><strong>ipsius</strong></span> <span class='ocrx_word' id='word_1_486' title='bbox 3459 4569 3579 4610; x_wconf 82' lang='lat' dir='ltr'><strong>ma—</strong></span> 
     </span>
    </p>
   </div>
   <div class='ocr_carea' id='block_1_72' title="bbox 1990 4631 3577 4711">
    <p class='ocr_par' dir='ltr' id='par_1_72' title="bbox 1990 4631 3577 4711">
     <span class='ocr_line' id='line_1_72' title="bbox 1990 4631 3577 4711; baseline 0.008 -26"><span class='ocrx_word' id='word_1_487' title='bbox 1990 4631 2264 4700; x_wconf 85' lang='lat' dir='ltr'><strong>jestatem,</strong></span> <span class='ocrx_word' id='word_1_488' title='bbox 2296 4636 2646 4704; x_wconf 81' lang='lat' dir='ltr'><strong>omniumque</strong></span> <span class='ocrx_word' id='word_1_489' title='bbox 2673 4635 3058 4691; x_wconf 89' lang='lat' dir='ltr'><strong>beneﬁciorum</strong></span> <span class='ocrx_word' id='word_1_490' title='bbox 3105 4654 3350 4706; x_wconf 90' lang='lat' dir='ltr'><strong>suorum,</strong></span> <span class='ocrx_word' id='word_1_491' title='bbox 3383 4641 3577 4711; x_wconf 87' lang='lat' dir='ltr'><strong>quibus</strong></span> 
     </span>
    </p>
   </div>
   <div class='ocr_carea' id='block_1_73' title="bbox 322 4722 3576 4815">
    <p class='ocr_par' dir='ltr' id='par_1_73' title="bbox 322 4722 3576 4815">
     <span class='ocr_line' id='line_1_73' title="bbox 322 4722 3576 4815; baseline 0.003 -37"><span class='ocrx_word' id='word_1_492' title='bbox 322 4725 593 4787; x_wconf 87' lang='lat' dir='ltr'><strong>scruteris,</strong></span> <span class='ocrx_word' id='word_1_493' title='bbox 623 4731 683 4780; x_wconf 88' lang='lat' dir='ltr'><strong>et</strong></span> <span class='ocrx_word' id='word_1_494' title='bbox 700 4723 764 4779; x_wconf 88' lang='lat' dir='ltr'><strong>ad</strong></span> <span class='ocrx_word' id='word_1_495' title='bbox 805 4722 1139 4794; x_wconf 84' lang='lat' dir='ltr'><strong>spiritualem</strong></span> <span class='ocrx_word' id='word_1_496' title='bbox 1181 4724 1512 4780; x_wconf 86' lang='lat' dir='ltr'><strong>intellectum</strong></span> <span class='ocrx_word' id='word_1_497' title='bbox 1555 4723 1888 4793; x_wconf 81' lang='lat' dir='ltr'><strong>perveneris,</strong></span> <span class='ocrx_word' id='word_1_498' title='bbox 1920 4756 1966 4815; x_wconf 77' lang='lat' dir='ltr'>D</span> <span class='ocrx_word' id='word_1_499' title='bbox 1997 4723 2230 4778; x_wconf 88' lang='lat' dir='ltr'><strong>humano</strong></span> <span class='ocrx_word' id='word_1_500' title='bbox 2261 4725 2442 4794; x_wconf 81' lang='lat' dir='ltr'><strong>generi</strong></span> <span class='ocrx_word' id='word_1_501' title='bbox 2465 4725 2534 4780; x_wconf 91' lang='lat' dir='ltr'><strong>ab</strong></span> <span class='ocrx_word' id='word_1_502' title='bbox 2570 4725 2724 4778; x_wconf 91' lang='lat' dir='ltr'><strong>initio</strong></span> <span class='ocrx_word' id='word_1_503' title='bbox 2749 4725 2935 4779; x_wconf 88' lang='lat' dir='ltr'><strong>mundi</strong></span> <span class='ocrx_word' id='word_1_504' title='bbox 2967 4726 3021 4780; x_wconf 94' lang='lat' dir='ltr'><strong>in</strong></span> <span class='ocrx_word' id='word_1_505' title='bbox 3050 4729 3221 4782; x_wconf 62' lang='grc' dir='ltr'><strong>ἠξιοιὶ</strong></span> <span class='ocrx_word' id='word_1_506' title='bbox 3253 4738 3576 4787; x_wconf 88' lang='lat' dir='ltr'><strong>testamento</strong></span> 
     </span>
    </p>
   </div>
   <div class='ocr_carea' id='block_1_74' title="bbox 323 4813 3575 4888">
    <p class='ocr_par' dir='ltr' id='par_1_74' title="bbox 323 4813 3575 4888">
     <span class='ocr_line' id='line_1_74' title="bbox 323 4813 3575 4888; baseline 0.002 -20"><span class='ocrx_word' id='word_1_507' title='bbox 323 4814 528 4872; x_wconf 85' lang='lat' dir='ltr'><strong>Domini</strong></span> <span class='ocrx_word' id='word_1_508' title='bbox 553 4813 720 4870; x_wconf 75' lang='lat' dir='ltr'><strong>Verbi</strong></span> <span class='ocrx_word' id='word_1_509' title='bbox 749 4815 1198 4878; x_wconf 85' lang='lat' dir='ltr'><strong>incarnationem,</strong></span> <span class='ocrx_word' id='word_1_510' title='bbox 1239 4816 1670 4884; x_wconf 88' lang='lat' dir='ltr'><strong>passionemque,</strong></span> <span class='ocrx_word' id='word_1_511' title='bbox 1721 4823 1778 4870; x_wconf 90' lang='lat' dir='ltr'><strong>et</strong></span> <span class='ocrx_word' id='word_1_512' title='bbox 1808 4829 1891 4869; x_wconf 85' lang='lat' dir='ltr'><strong>re-</strong></span> <span class='ocrx_word' id='word_1_513' title='bbox 1923 4813 1943 4815; x_wconf 63' lang='grc'><strong>⁷</strong></span> <span class='ocrx_word' id='word_1_514' title='bbox 1995 4814 2329 4882; x_wconf 88' lang='lat' dir='ltr'><strong>patriarchas</strong></span> <span class='ocrx_word' id='word_1_515' title='bbox 2351 4829 2416 4868; x_wconf 90' lang='lat' dir='ltr'><strong>ac</strong></span> <span class='ocrx_word' id='word_1_516' title='bbox 2435 4814 2758 4884; x_wconf 86' lang='lat' dir='ltr'><strong>prophetas;</strong></span> <span class='ocrx_word' id='word_1_517' title='bbox 2785 4813 2840 4868; x_wconf 89' lang='lat' dir='ltr'><strong>in</strong></span> <span class='ocrx_word' id='word_1_518' title='bbox 2867 4830 3006 4871; x_wconf 91' lang='lat' dir='ltr'><strong>novo</strong></span> <span class='ocrx_word' id='word_1_519' title='bbox 3039 4833 3256 4888; x_wconf 88' lang='lat' dir='ltr'><strong>quoque</strong></span> <span class='ocrx_word' id='word_1_520' title='bbox 3278 4835 3377 4888; x_wconf 90' lang='lat' dir='ltr'><strong>per</strong></span> <span class='ocrx_word' id='word_1_521' title='bbox 3401 4819 3575 4876; x_wconf 82' lang='lat' dir='ltr'><strong>incar-</strong></span> 
     </span>
    </p>
   </div>
   <div class='ocr_carea' id='block_1_75' title="bbox 323 4905 1890 4975">
    <p class='ocr_par' dir='ltr' id='par_1_75' title="bbox 323 4905 1890 4975">
     <span class='ocr_line' id='line_1_75' title="bbox 323 4905 1890 4975; baseline 0.003 -18"><span class='ocrx_word' id='word_1_522' title='bbox 323 4907 726 4970; x_wconf 85' lang='lat' dir='ltr'><strong>surreetionem,</strong></span> <span class='ocrx_word' id='word_1_523' title='bbox 756 4915 921 4975; x_wconf 85' lang='lat' dir='ltr'><strong>atque</strong></span> <span class='ocrx_word' id='word_1_524' title='bbox 948 4905 1341 4962; x_wconf 87' lang='lat' dir='ltr'><strong>ascensionem.</strong></span> <span class='ocrx_word' id='word_1_525' title='bbox 1399 4905 1458 4960; x_wconf 84' lang='lat' dir='ltr'><strong>in</strong></span> <span class='ocrx_word' id='word_1_526' title='bbox 1487 4906 1713 4975; x_wconf 87' lang='lat' dir='ltr'><strong>psalmis</strong></span> <span class='ocrx_word' id='word_1_527' title='bbox 1737 4907 1890 4962; x_wconf 89' lang='lat' dir='ltr'><strong>inve-</strong></span> 
     </span>
    </p>
   </div>
   <div class='ocr_carea' id='block_1_76' title="bbox 323 4996 1894 5067">
    <p class='ocr_par' dir='ltr' id='par_1_76' title="bbox 323 4996 1894 5067">
     <span class='ocr_line' id='line_1_76' title="bbox 323 4996 1894 5067; baseline 0.003 -19"><span class='ocrx_word' id='word_1_528' title='bbox 323 4996 434 5053; x_wconf 84' lang='lat' dir='ltr'><strong>nies</strong></span> <span class='ocrx_word' id='word_1_529' title='bbox 454 5006 564 5052; x_wconf 89' lang='lat' dir='ltr'><strong>tam</strong></span> <span class='ocrx_word' id='word_1_530' title='bbox 595 4997 845 5052; x_wconf 87' lang='lat' dir='ltr'><strong>intimam</strong></span> <span class='ocrx_word' id='word_1_531' title='bbox 875 4996 1200 5061; x_wconf 88' lang='lat' dir='ltr'><strong>orationem,</strong></span> <span class='ocrx_word' id='word_1_532' title='bbox 1233 4997 1278 5052; x_wconf 89' lang='lat' dir='ltr'><strong>si</strong></span> <span class='ocrx_word' id='word_1_533' title='bbox 1317 4997 1526 5052; x_wconf 85' lang='lat' dir='ltr'><strong>intenta</strong></span> <span class='ocrx_word' id='word_1_534' title='bbox 1557 5005 1740 5052; x_wconf 86' lang='lat' dir='ltr'><strong>mente</strong></span> <span class='ocrx_word' id='word_1_535' title='bbox 1771 5012 1894 5067; x_wconf 89' lang='lat' dir='ltr'><strong>per-</strong></span> 
     </span>
    </p>
   </div>
   <div class='ocr_carea' id='block_1_77' title="bbox 321 5088 1894 5161">
    <p class='ocr_par' dir='ltr' id='par_1_77' title="bbox 321 5088 1894 5161">
     <span class='ocr_line' id='line_1_77' title="bbox 321 5088 1894 5161; baseline 0.001 -19"><span class='ocrx_word' id='word_1_536' title='bbox 321 5089 594 5156; x_wconf 71' lang='lat' dir='ltr'><strong>scrutatis,</strong></span> <span class='ocrx_word' id='word_1_537' title='bbox 624 5097 886 5161; x_wconf 86' lang='lat' dir='ltr'><strong>quantum</strong></span> <span class='ocrx_word' id='word_1_538' title='bbox 915 5103 1022 5142; x_wconf 89' lang='lat' dir='ltr'><strong>non</strong></span> <span class='ocrx_word' id='word_1_539' title='bbox 1065 5096 1221 5158; x_wconf 89' lang='lat' dir='ltr'><strong>potes</strong></span> <span class='ocrx_word' id='word_1_540' title='bbox 1247 5103 1346 5158; x_wconf 87' lang='lat' dir='ltr'><strong>per</strong></span> <span class='ocrx_word' id='word_1_541' title='bbox 1373 5088 1598 5158; x_wconf 85' lang='lat' dir='ltr'><strong>teipsum</strong></span> <span class='ocrx_word' id='word_1_542' title='bbox 1627 5088 1894 5144; x_wconf 81' lang='lat' dir='ltr'><strong>ullatenus</strong></span> 
     </span>
    </p>
   </div>
   <div class='ocr_carea' id='block_1_78' title="bbox 321 5179 1906 5252">
    <p class='ocr_par' dir='ltr' id='par_1_78' title="bbox 321 5179 1906 5252">
     <span class='ocr_line' id='line_1_78' title="bbox 321 5179 1906 5252; baseline 0 -18"><span class='ocrx_word' id='word_1_543' title='bbox 321 5182 638 5252; x_wconf 75' lang='lat' dir='ltr'><strong>excogitare.</strong></span> <span class='ocrx_word' id='word_1_544' title='bbox 692 5180 748 5235; x_wconf 77' lang='lat' dir='ltr'><strong>In</strong></span> <span class='ocrx_word' id='word_1_545' title='bbox 795 5180 1013 5251; x_wconf 87' lang='lat' dir='ltr'><strong>psalmis</strong></span> <span class='ocrx_word' id='word_1_546' title='bbox 1041 5179 1284 5235; x_wconf 81' lang='lat' dir='ltr'><strong>invenies</strong></span> <span class='ocrx_word' id='word_1_547' title='bbox 1310 5179 1554 5234; x_wconf 88' lang='lat' dir='ltr'><strong>intimam</strong></span> <span class='ocrx_word' id='word_1_548' title='bbox 1597 5179 1906 5236; x_wconf 73' lang='lat' dir='ltr'><strong>coniessio—‘</strong></span> 
     </span>
    </p>
   </div>
   <div class='ocr_carea' id='block_1_79' title="bbox 325 5271 1888 5345">
    <p class='ocr_par' dir='ltr' id='par_1_79' title="bbox 325 5271 1888 5345">
     <span class='ocr_line' id='line_1_79' title="bbox 325 5271 1888 5345; baseline 0 -19"><span class='ocrx_word' id='word_1_549' title='bbox 325 5286 437 5327; x_wconf 85' lang='lat' dir='ltr'><strong>nem</strong></span> <span class='ocrx_word' id='word_1_550' title='bbox 459 5281 805 5345; x_wconf 85' lang='lat' dir='ltr'><strong>peccatorum</strong></span> <span class='ocrx_word' id='word_1_551' title='bbox 836 5281 1070 5337; x_wconf 89' lang='lat' dir='ltr'><strong>tuorum,</strong></span> <span class='ocrx_word' id='word_1_552' title='bbox 1099 5281 1156 5327; x_wconf 88' lang='lat' dir='ltr'><strong>et</strong></span> <span class='ocrx_word' id='word_1_553' title='bbox 1175 5272 1435 5341; x_wconf 84' lang='lat' dir='ltr'><strong>integram</strong></span> <span class='ocrx_word' id='word_1_554' title='bbox 1459 5271 1888 5340; x_wconf 87' lang='lat' dir='ltr'><strong>deprecationem</strong></span> 
     </span>
    </p>
   </div>
   <div class='ocr_carea' id='block_1_80' title="bbox 323 5359 1889 5434">
    <p class='ocr_par' dir='ltr' id='par_1_80' title="bbox 323 5359 1889 5434">
     <span class='ocr_line' id='line_1_80' title="bbox 323 5359 1889 5434; baseline 0.003 -20"><span class='ocrx_word' id='word_1_555' title='bbox 323 5361 510 5420; x_wconf 67' lang='lat' dir='ltr'><strong>divinae</strong></span> <span class='ocrx_word' id='word_1_556' title='bbox 521 5373 684 5434; x_wconf 86' lang='lat' dir='ltr'><strong>atque</strong></span> <span class='ocrx_word' id='word_1_557' title='bbox 697 5363 986 5418; x_wconf 62' lang='lat' dir='ltr'><strong>Dominicas</strong></span> <span class='ocrx_word' id='word_1_558' title='bbox 1011 5361 1414 5417; x_wconf 74' lang='lat' dir='ltr'><strong>misericordize.</strong></span> <span class='ocrx_word' id='word_1_559' title='bbox 1443 5359 1500 5413; x_wconf 82' lang='lat' dir='ltr'><strong>In</strong></span> <span class='ocrx_word' id='word_1_560' title='bbox 1517 5359 1736 5429; x_wconf 85' lang='lat' dir='ltr'><strong>psalmis</strong></span> <span class='ocrx_word' id='word_1_561' title='bbox 1756 5378 1889 5431; x_wconf 86' lang='lat' dir='ltr'><strong>quo-</strong></span> 
     </span>
    </p>
   </div>
   <div class='ocr_carea' id='block_1_81' title="bbox 324 5451 1888 5524">
    <p class='ocr_par' dir='ltr' id='par_1_81' title="bbox 324 5451 1888 5524">
     <span class='ocr_line' id='line_1_81' title="bbox 324 5451 1888 5524; baseline -0.003 -15"><span class='ocrx_word' id='word_1_562' title='bbox 324 5467 421 5521; x_wconf 71' lang='lat' dir='ltr'><strong>que</strong></span> <span class='ocrx_word' id='word_1_563' title='bbox 442 5455 685 5512; x_wconf 85' lang='lat' dir='ltr'><strong>invenies</strong></span> <span class='ocrx_word' id='word_1_564' title='bbox 709 5455 952 5510; x_wconf 88' lang='lat' dir='ltr'><strong>omnium</strong></span> <span class='ocrx_word' id='word_1_565' title='bbox 973 5469 1174 5518; x_wconf 88' lang='lat' dir='ltr'><strong>rerum,</strong></span> <span class='ocrx_word' id='word_1_566' title='bbox 1203 5468 1322 5524; x_wconf 72' lang='lat' dir='ltr'><strong>qua:</strong></span> <span class='ocrx_word' id='word_1_567' title='bbox 1345 5451 1440 5506; x_wconf 86' lang='lat' dir='ltr'><strong>tibi</strong></span> <span class='ocrx_word' id='word_1_568' title='bbox 1465 5451 1736 5517; x_wconf 87' lang='lat' dir='ltr'><strong>accidunt,</strong></span> <span class='ocrx_word' id='word_1_569' title='bbox 1763 5451 1888 5506; x_wconf 86' lang='lat' dir='ltr'><strong>inti-</strong></span> 
     </span>
    </p>
   </div>
   <div class='ocr_carea' id='block_1_82' title="bbox 327 5537 1885 5618">
    <p class='ocr_par' dir='ltr' id='par_1_82' title="bbox 327 5537 1885 5618">
     <span class='ocr_line' id='line_1_82' title="bbox 327 5537 1885 5618; baseline 0.003 -24"><span class='ocrx_word' id='word_1_570' title='bbox 327 5559 460 5598; x_wconf 85' lang='lat' dir='ltr'><strong>mam</strong></span> <span class='ocrx_word' id='word_1_571' title='bbox 485 5545 783 5618; x_wconf 82' lang='lat' dir='ltr'><strong>gratiarum</strong></span> <span class='ocrx_word' id='word_1_572' title='bbox 806 5537 1093 5602; x_wconf 84' lang='lat' dir='ltr'><strong>actionem.</strong></span> <span class='ocrx_word' id='word_1_573' title='bbox 1170 5545 1227 5600; x_wconf 88' lang='lat' dir='ltr'><strong>In</strong></span> <span class='ocrx_word' id='word_1_574' title='bbox 1258 5543 1477 5614; x_wconf 87' lang='lat' dir='ltr'><strong>psalmis</strong></span> <span class='ocrx_word' id='word_1_575' title='bbox 1499 5542 1773 5598; x_wconf 87' lang='lat' dir='ltr'><strong>conﬁteris</strong></span> <span class='ocrx_word' id='word_1_576' title='bbox 1799 5542 1885 5598; x_wconf 87' lang='lat' dir='ltr'><strong>in-</strong></span> 
     </span>
    </p>
   </div>
   <div class='ocr_carea' id='block_1_83' title="bbox 326 5629 1887 5706">
    <p class='ocr_par' dir='ltr' id='par_1_83' title="bbox 326 5629 1887 5706">
     <span class='ocr_line' id='line_1_83' title="bbox 326 5629 1887 5706; baseline 0 -19"><span class='ocrx_word' id='word_1_577' title='bbox 326 5629 623 5692; x_wconf 79' lang='lat' dir='ltr'><strong>ﬁrmitatem</strong></span> <span class='ocrx_word' id='word_1_578' title='bbox 650 5645 797 5691; x_wconf 85' lang='lat' dir='ltr'><strong>tuam</strong></span> <span class='ocrx_word' id='word_1_579' title='bbox 828 5643 992 5706; x_wconf 83' lang='lat' dir='ltr'><strong>atque</strong></span> <span class='ocrx_word' id='word_1_580' title='bbox 1016 5635 1311 5700; x_wconf 81' lang='lat' dir='ltr'><strong>miseriam,</strong></span> <span class='ocrx_word' id='word_1_581' title='bbox 1339 5643 1392 5688; x_wconf 90' lang='lat' dir='ltr'><strong>et</strong></span> <span class='ocrx_word' id='word_1_582' title='bbox 1403 5647 1498 5704; x_wconf 88' lang='lat' dir='ltr'><strong>per</strong></span> <span class='ocrx_word' id='word_1_583' title='bbox 1523 5633 1575 5688; x_wconf 89' lang='lat' dir='ltr'><strong>id</strong></span> <span class='ocrx_word' id='word_1_584' title='bbox 1593 5633 1766 5704; x_wconf 88' lang='lat' dir='ltr'><strong>ipsum</strong></span> <span class='ocrx_word' id='word_1_585' title='bbox 1787 5633 1887 5688; x_wconf 86' lang='lat' dir='ltr'><strong>mi-</strong></span> 
     </span>
    </p>
   </div>
   <div class='ocr_carea' id='block_1_84' title="bbox 1993 4903 3574 4979">
    <p class='ocr_par' dir='ltr' id='par_1_84' title="bbox 1993 4903 3574 4979">
     <span class='ocr_line' id='line_1_84' title="bbox 1993 4903 3574 4979; baseline 0.007 -23"><span class='ocrx_word' id='word_1_586' title='bbox 1993 4903 2266 4958; x_wconf 80' lang='lat' dir='ltr'><strong>nutionem</strong></span> <span class='ocrx_word' id='word_1_587' title='bbox 2319 4903 2637 4973; x_wconf 91' lang='lat' dir='ltr'><strong>sempiterni</strong></span> <span class='ocrx_word' id='word_1_588' title='bbox 2684 4903 2810 4959; x_wconf 86' lang='lat' dir='ltr'><strong>Filii</strong></span> <span class='ocrx_word' id='word_1_589' title='bbox 2841 4905 2925 4960; x_wconf 91' lang='lat' dir='ltr'><strong>sui</strong></span> <span class='ocrx_word' id='word_1_590' title='bbox 2966 4907 3222 4963; x_wconf 87' lang='lat' dir='ltr'><strong>misertus</strong></span> <span class='ocrx_word' id='word_1_591' title='bbox 3250 4917 3335 4964; x_wconf 86' lang='lat' dir='ltr'><strong>est</strong></span> <span class='ocrx_word' id='word_1_592' title='bbox 3370 4912 3574 4979; x_wconf 83' lang='lat' dir='ltr'><strong>gratias</strong></span> 
     </span>
    </p>
   </div>
   <div class='ocr_carea' id='block_1_85' title="bbox 1991 4995 3572 5069">
    <p class='ocr_par' dir='ltr' id='par_1_85' title="bbox 1991 4995 3572 5069">
     <span class='ocr_line' id='line_1_85' title="bbox 1991 4995 3572 5069; baseline 0.004 -19"><span class='ocrx_word' id='word_1_593' title='bbox 1991 5010 2179 5067; x_wconf 86' lang='lat' dir='ltr'><strong>agerc:</strong></span> <span class='ocrx_word' id='word_1_594' title='bbox 2219 4997 2444 5052; x_wconf 82' lang='lat' dir='ltr'><strong>decanta</strong></span> <span class='ocrx_word' id='word_1_595' title='bbox 2461 4995 2582 5050; x_wconf 90' lang='lat' dir='ltr'><strong>illos</strong></span> <span class='ocrx_word' id='word_1_596' title='bbox 2609 4996 2867 5066; x_wconf 88' lang='lat' dir='ltr'><strong>psalmos,</strong></span> <span class='ocrx_word' id='word_1_597' title='bbox 2893 5015 3122 5069; x_wconf 90' lang='lat' dir='ltr'><strong>quorum</strong></span> <span class='ocrx_word' id='word_1_598' title='bbox 3145 5001 3336 5056; x_wconf 87' lang='lat' dir='ltr'><strong>titulus</strong></span> <span class='ocrx_word' id='word_1_599' title='bbox 3361 5010 3446 5057; x_wconf 84' lang='lat' dir='ltr'><strong>est</strong></span> <span class='ocrx_word' id='word_1_600' title='bbox 3483 5003 3572 5056; x_wconf 80' lang='lat' dir='ltr'><strong>Al-</strong></span> 
     </span>
    </p>
   </div>
   <div class='ocr_carea' id='block_1_86' title="bbox 1991 5087 3573 5164">
    <p class='ocr_par' dir='ltr' id='par_1_86' title="bbox 1991 5087 3573 5164">
     <span class='ocr_line' id='line_1_86' title="bbox 1991 5087 3573 5164; baseline 0.005 -25"><span class='ocrx_word' id='word_1_601' title='bbox 1991 5087 2190 5153; x_wconf 77' lang='lat' dir='ltr'><strong>leluia,</strong></span> <span class='ocrx_word' id='word_1_602' title='bbox 2249 5096 2306 5142; x_wconf 90' lang='lat' dir='ltr'><strong>et</strong></span> <span class='ocrx_word' id='word_1_603' title='bbox 2366 5101 2596 5156; x_wconf 84' lang='lat' dir='ltr'><strong>quorum</strong></span> <span class='ocrx_word' id='word_1_604' title='bbox 2664 5087 2879 5143; x_wconf 88' lang='lat' dir='ltr'><strong>initium</strong></span> <span class='ocrx_word' id='word_1_605' title='bbox 2934 5099 3058 5154; x_wconf 89' lang='lat' dir='ltr'><strong>est,</strong></span> <span class='ocrx_word' id='word_1_606' title='bbox 3125 5089 3234 5146; x_wconf 84' lang='lat' dir='ltr'><strong>Vel.</strong></span> <span class='ocrx_word' id='word_1_607' title='bbox 3297 5091 3364 5145; x_wconf 86' lang='lat' dir='ltr'><strong>Et</strong></span> <span class='ocrx_word' id='word_1_608' title='bbox 3411 5108 3573 5164; x_wconf 88' lang='lat' dir='ltr'><strong>super</strong></span> 
     </span>
    </p>
   </div>
   <div class='ocr_carea' id='block_1_87' title="bbox 1993 5167 3571 5250">
    <p class='ocr_par' dir='ltr' id='par_1_87' title="bbox 1993 5167 3571 5250">
     <span class='ocr_line' id='line_1_87' title="bbox 1993 5167 3571 5250; baseline 0.001 -14"><span class='ocrx_word' id='word_1_609' title='bbox 1993 5196 2154 5236; x_wconf 86' lang='lat' dir='ltr'><strong>omne</strong></span> <span class='ocrx_word' id='word_1_610' title='bbox 2189 5179 2291 5234; x_wconf 84' lang='lat' dir='ltr'><strong>mel</strong></span> <span class='ocrx_word' id='word_1_611' title='bbox 2325 5188 2379 5234; x_wconf 90' lang='lat' dir='ltr'><strong>et</strong></span> <span class='ocrx_word' id='word_1_612' title='bbox 2404 5179 2586 5234; x_wconf 80' lang='lat' dir='ltr'><strong>favum</strong></span> <span class='ocrx_word' id='word_1_613' title='bbox 2615 5179 2972 5250; x_wconf 89' lang='lat' dir='ltr'><strong>omnipotenti</strong></span> <span class='ocrx_word' id='word_1_614' title='bbox 3023 5179 3132 5236; x_wconf 90' lang='lat' dir='ltr'><strong>Deo</strong></span> <span class='ocrx_word' id='word_1_615' title='bbox 3177 5167 3332 5236; x_wconf 70' lang='lat' dir='ltr'><strong>dulce</strong></span> <span class='ocrx_word' id='word_1_616' title='bbox 3373 5197 3571 5238; x_wconf 84' lang='lat' dir='ltr'><strong>munus</strong></span> 
     </span>
    </p>
   </div>
   <div class='ocr_carea' id='block_1_88' title="bbox 1993 5271 3570 5343">
    <p class='ocr_par' dir='ltr' id='par_1_88' title="bbox 1993 5271 3570 5343">
     <span class='ocr_line' id='line_1_88' title="bbox 1993 5271 3570 5343; baseline 0 -15"><span class='ocrx_word' id='word_1_617' title='bbox 1993 5272 2208 5336; x_wconf 66' lang='lat' dir='ltr'><strong>offeres,</strong></span> <span class='ocrx_word' id='word_1_618' title='bbox 2237 5273 2281 5328; x_wconf 90' lang='lat' dir='ltr'><strong>si</strong></span> <span class='ocrx_word' id='word_1_619' title='bbox 2330 5272 2383 5327; x_wconf 94' lang='lat' dir='ltr'><strong>in</strong></span> <span class='ocrx_word' id='word_1_620' title='bbox 2425 5272 2512 5328; x_wconf 86' lang='lat' dir='ltr'><strong>his</strong></span> <span class='ocrx_word' id='word_1_621' title='bbox 2533 5271 2755 5343; x_wconf 86' lang='lat' dir='ltr'><strong>psalmis</strong></span> <span class='ocrx_word' id='word_1_622' title='bbox 2802 5272 3060 5327; x_wconf 87' lang='lat' dir='ltr'><strong>continuo</strong></span> <span class='ocrx_word' id='word_1_623' title='bbox 3107 5271 3254 5327; x_wconf 87' lang='lat' dir='ltr'><strong>illum</strong></span> <span class='ocrx_word' id='word_1_624' title='bbox 3277 5272 3462 5328; x_wconf 84' lang='lat' dir='ltr'><strong>laudes</strong></span> <span class='ocrx_word' id='word_1_625' title='bbox 3505 5289 3570 5328; x_wconf 85' lang='lat' dir='ltr'><strong>ac</strong></span> 
     </span>
    </p>
   </div>
   <div class='ocr_carea' id='block_1_89' title="bbox 1996 5352 3567 5436">
    <p class='ocr_par' dir='ltr' id='par_1_89' title="bbox 1996 5352 3567 5436">
     <span class='ocr_line' id='line_1_89' title="bbox 1996 5352 3567 5436; baseline 0.001 -18"><span class='ocrx_word' id='word_1_626' title='bbox 1996 5364 2322 5436; x_wconf 76' lang='lat' dir='ltr'><strong>magniﬁcos.</strong></span> <span class='ocrx_word' id='word_1_627' title='bbox 2357 5363 2453 5418; x_wconf 86' lang='lat' dir='ltr'><strong>Vel</strong></span> <span class='ocrx_word' id='word_1_628' title='bbox 2493 5352 2747 5420; x_wconf 75' lang='lat' dir='ltr'><strong>Psalmus</strong></span> <span class='ocrx_word' id='word_1_629' title='bbox 2786 5380 2933 5429; x_wconf 72' lang='lat' dir='ltr'><strong>LXXI,</strong></span> <span class='ocrx_word' id='word_1_630' title='bbox 2978 5379 3146 5428; x_wconf 74' lang='lat' dir='ltr'><strong>Lxxu,</strong></span> <span class='ocrx_word' id='word_1_631' title='bbox 3177 5381 3374 5428; x_wconf 70' lang='lat' dir='ltr'><strong>LXXIII;</strong></span> <span class='ocrx_word' id='word_1_632' title='bbox 3421 5363 3567 5419; x_wconf 66' lang='lat' dir='ltr'><strong>Dixit</strong></span> 
     </span>
    </p>
   </div>
   <div class='ocr_carea' id='block_1_90' title="bbox 1994 5455 3566 5526">
    <p class='ocr_par' dir='ltr' id='par_1_90' title="bbox 1994 5455 3566 5526">
     <span class='ocr_line' id='line_1_90' title="bbox 1994 5455 3566 5526; baseline 0.002 -19"><span class='ocrx_word' id='word_1_633' title='bbox 1994 5455 2270 5520; x_wconf 84' lang='lat' dir='ltr'><strong>Dominus,</strong></span> <span class='ocrx_word' id='word_1_634' title='bbox 2301 5465 2430 5520; x_wconf 87' lang='lat' dir='ltr'><strong>etc.,</strong></span> <span class='ocrx_word' id='word_1_635' title='bbox 2461 5471 2666 5526; x_wconf 84' lang='lat' dir='ltr'><strong>usque:</strong></span> <span class='ocrx_word' id='word_1_636' title='bbox 2697 5456 2779 5510; x_wconf 74' lang='lat' dir='ltr'><strong>Ad</strong></span> <span class='ocrx_word' id='word_1_637' title='bbox 2813 5456 3089 5512; x_wconf 85' lang='lat' dir='ltr'><strong>Dominum</strong></span> <span class='ocrx_word' id='word_1_638' title='bbox 3113 5473 3228 5510; x_wconf 86' lang='lat' dir='ltr'><strong>cum</strong></span> <span class='ocrx_word' id='word_1_639' title='bbox 3250 5458 3520 5514; x_wconf 79' lang='lat' dir='ltr'><strong>tribulam</strong></span> <span class='ocrx_word' id='word_1_640' title='bbox 3546 5479 3566 5522; x_wconf 82' lang='lat'><strong>,-</strong></span> 
     </span>
    </p>
   </div>
   <div class='ocr_carea' id='block_1_91' title="bbox 1994 5542 3560 5612">
    <p class='ocr_par' dir='ltr' id='par_1_91' title="bbox 1994 5542 3560 5612">
     <span class='ocr_line' id='line_1_91' title="bbox 1994 5542 3560 5612; baseline 0.005 -16"><span class='ocrx_word' id='word_1_641' title='bbox 1994 5542 2323 5612; x_wconf 77' lang='lat' dir='ltr'><strong>Conﬁtemini</strong></span> <span class='ocrx_word' id='word_1_642' title='bbox 2347 5544 2603 5610; x_wconf 83' lang='lat' dir='ltr'><strong>Domino;</strong></span> <span class='ocrx_word' id='word_1_643' title='bbox 2636 5543 2849 5611; x_wconf 85' lang='lat' dir='ltr'><strong>Lauda,</strong></span> <span class='ocrx_word' id='word_1_644' title='bbox 2876 5543 3056 5600; x_wconf 84' lang='lat' dir='ltr'><strong>animo</strong></span> <span class='ocrx_word' id='word_1_645' title='bbox 3081 5562 3216 5610; x_wconf 88' lang='lat' dir='ltr'><strong>mea,</strong></span> <span class='ocrx_word' id='word_1_646' title='bbox 3243 5545 3560 5611; x_wconf 82' lang='lat' dir='ltr'><strong>Dominum;</strong></span> 
     </span>
    </p>
   </div>
   <div class='ocr_carea' id='block_1_92' title="bbox 1991 5631 3561 5735">
    <p class='ocr_par' dir='ltr' id='par_1_92' title="bbox 1991 5631 3561 5735">
     <span class='ocr_line' id='line_1_92' title="bbox 1991 5631 3561 5735; baseline 0.004 -49"><span class='ocrx_word' id='word_1_647' title='bbox 1991 5631 2226 5687; x_wconf 81' lang='lat' dir='ltr'><strong>Laudate</strong></span> <span class='ocrx_word' id='word_1_648' title='bbox 2251 5632 2534 5735; x_wconf 54' lang='lat' dir='ltr'><strong>Dontinum</strong></span> <span class='ocrx_word' id='word_1_649' title='bbox 2553 5635 2800 5706; x_wconf 83' lang='lat' dir='ltr'><strong>quoniam</strong></span> <span class='ocrx_word' id='word_1_650' title='bbox 2825 5635 2988 5689; x_wconf 86' lang='lat' dir='ltr'><strong>bonus</strong></span> <span class='ocrx_word' id='word_1_651' title='bbox 3011 5645 3108 5690; x_wconf 83' lang='lat' dir='ltr'><strong>est.</strong></span> <span class='ocrx_word' id='word_1_652' title='bbox 3135 5632 3318 5690; x_wconf 85' lang='lat' dir='ltr'><strong>Lauda</strong></span> <span class='ocrx_word' id='word_1_653' title='bbox 3347 5635 3561 5693; x_wconf 77' lang='lat' dir='ltr'><strong>Jerusa-</strong></span> 
     </span>
    </p>
   </div>
   <div class='ocr_carea' id='block_1_93' title="bbox 390 5744 2972 5822">
    <p class='ocr_par' dir='ltr' id='par_1_93' title="bbox 390 5744 2972 5822">
     <span class='ocr_line' id='line_1_93' title="bbox 390 5744 2972 5822; baseline -0.001 -17"><span class='ocrx_word' id='word_1_654' title='bbox 390 5761 414 5790; x_wconf 73' lang='grc' dir='ltr'><strong>ι</strong></span> <span class='ocrx_word' id='word_1_655' title='bbox 453 5747 574 5807; x_wconf 65' lang='lat' dir='ltr'><strong>lituo</strong></span> <span class='ocrx_word' id='word_1_656' title='bbox 593 5746 836 5822; x_wconf 56' lang='lat' dir='ltr'><strong>palatio</strong></span> <span class='ocrx_word' id='word_1_657' title='bbox 861 5762 969 5804; x_wconf 90' lang='lat' dir='ltr'><strong>non</strong></span> <span class='ocrx_word' id='word_1_658' title='bbox 989 5747 1218 5805; x_wconf 78' lang='lat' dir='ltr'><strong>cohaeret</strong></span> <span class='ocrx_word' id='word_1_659' title='bbox 1246 5761 1367 5803; x_wconf 71' lang='lat' dir='ltr'><strong>tum</strong></span> <span class='ocrx_word' id='word_1_660' title='bbox 1384 5744 1584 5803; x_wconf 86' lang='lat' dir='ltr'><strong>Libcilo</strong></span> <span class='ocrx_word' id='word_1_661' title='bbox 1617 5744 1883 5816; x_wconf 85' lang='lat' dir='ltr'><strong>sequenti,</strong></span> <span class='ocrx_word' id='word_1_662' title='bbox 1924 5745 2018 5803; x_wconf 85' lang='lat' dir='ltr'><strong>sed</strong></span> <span class='ocrx_word' id='word_1_663' title='bbox 2041 5761 2166 5802; x_wconf 90' lang='lat' dir='ltr'><strong>cum</strong></span> <span class='ocrx_word' id='word_1_664' title='bbox 2190 5745 2390 5804; x_wconf 86' lang='lat' dir='ltr'><strong>altero:</strong></span> <span class='ocrx_word' id='word_1_665' title='bbox 2431 5744 2613 5818; x_wconf 72' lang='lat' dir='ltr'><strong>Ofﬁcia</strong></span> <span class='ocrx_word' id='word_1_666' title='bbox 2638 5765 2729 5819; x_wconf 86' lang='lat' dir='ltr'><strong>per</strong></span> <span class='ocrx_word' id='word_1_667' title='bbox 2762 5745 2972 5804; x_wconf 78' lang='lat' dir='ltr'><strong>Ferias.</strong></span> 
     </span>
    </p>
   </div>
  </div>
