3968 6180
351 384 457 440 “7

1188 385 1247 441 Β.
1282 382 1345 440 F.
1384 383 1613 442 ALBINI
1652 386 1788 444 πυ
1820 385 2099 442 Διευιυι
2134 385 2415 443 ορεκωι
2451 384 2630 444 ΡΑΒὸ
2661 382 2751 445 Π.

3493 388 3605 446 468

356 504 491 570 lem;
538 502 774 558 Laudate
796 503 1075 557 Dominum
1102 503 1167 556 de
1190 502 1353 567 cretis,
1394 516 1567 573 usque
1603 500 1712 558 ad:
1747 500 1931 557 Omnis
1954 504 2003 560 Δ
2032 500 2409 571 perscruteris,
2454 508 2510 556 et
2536 498 2604 561 ad
2647 498 2941 554 medullam
2969 498 3143 587 intimi
3165 499 3466 559 intellectus
3510 520 3611 574 per

357 597 573 668 spiritus
600 594 776 650 laudet
801 595 1103 649 Dominum.

938 686 1169 752 Quartus
1196 704 1341 741 usus.

430 775 491 833 Si
509 778 736 834 diversis
762 778 1148 833 testationibus
1169 776 1399 832 alllictus
1421 777 1515 842 sis,
1545 788 1600 832 et
1624 779 1707 833 vel
1743 779 1931 834 buma-

358 869 442 925 nis
470 868 553 923 vel
578 869 949 940 spiritualibus
965 869 1350 929 tentationibus
1384 869 1618 945 nudique
1652 871 1930 935 astrictus,

358 967 413 1013 et
431 959 527 1015 tibi
549 958 747 1014 videris
768 974 796 1012 a
818 959 925 1013 Deo
945 957 1250 1023 derelictus,
1276 959 1368 1028 qui
1387 958 1702 1028 plerumque
1717 968 1932 1021 sanctos

358 1066 485 1105 suos
507 1050 574 1105 ad
606 1058 817 1119 tempus
843 1049 1169 1119 derelinquit
1194 1050 1519 1119 probandos,
1551 1060 1605 1106 et
1630 1066 1730 1121 per
1750 1053 1802 1106 id
1835 1053 1929 1105 tibi

358 1138 605 1193 videatur
639 1138 866 1193 tentatio
893 1137 1065 1205 major
1110 1153 1232 1197 esse
1271 1155 1435 1208 quam
1474 1140 1707 1199 tolerare
1734 1142 1929 1211 possis,

358 1231 541 1285 intima
572 1239 751 1285 mente
773 1232 996 1285 decanta
1049 1231 1164 1285 ilios
1210 1226 1485 1301 psalmosj
1517 1249 1742 1302 quorum
1773 1242 1933 1305 caput

357 1329 477 1376 est:
520 1321 683 1387 Deus,
711 1322 852 1377 Deus
876 1340 1040 1388 meus,
1071 1325 1262 1394 respice
1283 1324 1335 1377 in
1361 1342 1474 1388 me;
1502 1324 1736 1390 Exaudi,
1767 1324 1931 1392 Deus,

359 1414 647 1466 orationem
694 1430 897 1479 meam,
951 1431 1068 1467 cum
1115 1414 1401 1483 deprecor;
1452 1415 1666 1470 Salvum
1697 1433 1777 1470 me
1824 1416 1929 1484 fac,

360 1503 517 1557 Deus.
548 1504 614 1558 Et
656 1504 893 1559 clemens
913 1505 1055 1558 Deus
1085 1506 1264 1558 statim
1295 1514 1348 1558 te
1378 1505 1679 1573 adiuvabit,
1735 1516 1789 1560 et
1817 1516 1935 1561 ten—

359 1593 641 1657 tationem,
678 1609 839 1663 quam
866 1594 1090 1663 pateris,
1116 1594 1347 1650 tolerare
1374 1604 1427 1650 te
1450 1611 1609 1664 posse
1646 1595 1859 1653 efﬁciet.

960 1704 1183 1768 Quintus
1218 1721 1361 1758 usus.

428 1792 487 1846 Si
515 1791 606 1846 tibi
630 1792 737 1845 vita
766 1806 1003 1862 praesens
1030 1794 1304 1848 fastidiosa
1329 1796 1417 1859 sit,
1450 1797 1754 1851 etanimum
1781 1805 1927 1850 tuum

357 1882 585 1939 delectet
606 1899 891 1953 supernam
920 1885 1150 1954 patriam
1180 1888 1555 1956 contemplari,
1605 1896 1659 1940 et
1684 1888 1931 1956 omnipo—
1965 1855 2006 1915 Β

356 1983 558 2031 tentem
575 1975 742 2030 Deum
758 1977 968 2031 ardenti
984 1977 1248 2032 desiderio
1263 1994 1521 2048 quaarere,
1541 1979 1741 2033 intenta
1760 1989 1937 2034 mente

359 2068 458 2127 hos
476 2067 712 2136 psalmos
728 2068 951 2124 decanto
975 2088 986 2122 :
1010 2067 1493 2135 Quemadmodum;
1519 2071 1690 2136 Quam
1711 2071 1934 2135 dilecta;

355 2156 514 2220 Deus,
554 2157 692 2223 Deus
732 2174 894 2213 meus.
946 2158 1013 2217 Et
1056 2158 1291 2215 clemens
1322 2159 1458 2214 Deus
1507 2160 1669 2215 citius
1698 2169 1934 2216 mentem

326 2264 339 2275 ’
362 2253 505 2302 tuam
535 2248 919 2303 consolabitur.

965 2339 1155 2398 Sextus
1186 2360 1332 2399 usus.

430 2431 486 2485 Si
517 2440 566 2487 te
589 2432 645 2491 in
673 2432 1109 2490 tribulationibus
1134 2451 1164 2491 a
1187 2434 1296 2491 Deo
1317 2435 1629 2491 derelictum
1645 2437 1931 2508 intelligas,

359 2531 680 2597 compuncto
707 2523 869 2581 corde
908 2524 1134 2580 decanta
1185 2526 1284 2583 bos
1335 2527 1603 2595 psalmos:
1635 2527 1930 2600 Usquequo,

359 2609 611 2676 Domine;
654 2612 796 2667 Deus
824 2616 1038 2673 auribus
1068 2618 1291 2677 nostris;
1326 2608 1570 2673 Miserere
1595 2622 1716 2685 mei,
1758 2621 1930 2687 Deus;

361 2699 594 2766 Exaudi,
624 2700 785 2765 Deus,
816 2705 1099 2759 orationem
1124 2722 1310 2770 meam,
1338 2716 1384 2760 et
1410 2724 1471 2762 ne
1497 2708 1821 2778 despexeris;
1863 2708 1930 2765 In

358 2799 427 2853 te,
454 2788 693 2854 Domine,
713 2793 935 2861 speravi.
975 2793 1042 2848 Et
1070 2793 1210 2851 Deus
1232 2796 1414 2853 statim
1452 2796 1743 2854 laetiﬁcabit
1774 2808 1827 2855 te
1877 2801 1929 2854 in

358 2881 609 2943 omnibus
632 2885 895 2963 angustiis
927 2885 1047 2943 tuis.

918 2974 1177 3048 Septimus
1215 2996 1361 3036 usus.

430 3060 557 3117 Post
581 3074 855 3136 acceptam
879 3070 1138 3141 quietem,
1173 3079 1227 3127 et
1258 3075 1633 3146 prosperitatis
1669 3085 1927 3149 tempore,

358 3153 457 3208 bos
475 3156 706 3224 psalmos
720 3158 944 3215 decanto
970 3163 1025 3216 in
1052 3162 1289 3219 laudem:
1321 3164 1633 3223 Benedicam
1659 3170 1921 3226 Domino:

355 3242 601 3311 Benedic,
637 3249 813 3303 anima
844 3268 978 3319 mea,
1006 3253 1249 3322 Domino,
1276 3265 1368 3315 et:
1404 3258 1663 3313 Exaltabo
1686 3271 1753 3326 te,
1787 3262 1924 3316 Deus

355 3350 501 3390 meus
527 3353 634 3391 rex.
682 3339 747 3397 Et
766 3340 818 3394 in
842 3344 986 3399 omni
1008 3352 1246 3414 tempore
1267 3347 1379 3402 sive
1392 3350 1777 3419 prosperitatis,
1812 3352 1925 3406 sive

359 3426 720 3490 adversitatis,
771 3446 981 3503 semper
1012 3433 1280 3503 llymnum
1319 3439 1476 3492 trium
1519 3455 1799 3508 puerorum
1830 3442 1924 3496 de-

357 3524 537 3572 canto.
589 3516 772 3574 Nullus
812 3521 993 3590 itaque
1018 3524 1271 3579 virtutem
1314 3526 1471 3596 hujus
1500 3528 1730 3582 nominis
1756 3530 1925 3599 expli-

357 3620 485 3658 care
521 3613 718 3673 potest,
775 3609 828 3662 in
874 3625 982 3679 quo
1015 3613 1192 3669 omnis
1224 3622 1473 3670 creatura
1498 3617 1567 3671 ad
1602 3616 1923 3673 laudandum

356 3689 666 3750 Creatorem
696 3697 991 3754 invocatur.

946 3790 1167 3851 Octavus
1190 3813 1335 3852 usus.

428 3875 485 3931 Si
515 3878 746 3935 volueris
772 3881 957 3937 intima
979 3894 1155 3941 mente
1171 3903 1422 3945 exercere
1445 3890 1564 3945 tein
1592 3893 1786 3949 divinis
1810 3894 1924 3950 lau-

356 3967 512 4024 dibus
559 3985 621 4023 ac
674 3975 974 4045 prmeeptis,
1013 3984 1070 4031 et
1113 3979 1378 4035 mandatis
1414 3981 1744 4048 cmlestibus,
1785 3985 1925 4054 psal-

359 4075 521 4125 mum,
562 4059 713 4116 Beati
759 4065 1080 4125 immaculati
1128 4070 1183 4123 in
1220 4072 1320 4135 via,
1384 4073 1628 4133 decanto.
1692 4075 1755 4130 Et
1799 4077 1926 4132 licet

360 4163 527 4209 usque
573 4152 641 4206 ad
667 4153 872 4211 obitum
895 4157 1018 4211 vitae
1066 4166 1170 4213 tua:
1234 4160 1391 4232 hujus
1436 4163 1626 4232 psalmi
1669 4165 1921 4220 virtutem

356 4242 733 4314 contempleris
773 4256 933 4317 atque
979 4251 1256 4316 seruleris,
1297 4269 1565 4321 nunquam
1600 4255 1836 4331 perfecte
1861 4257 1919 4311 il-

358 4333 489 4397 lum,
545 4344 605 4388 nt
643 4345 795 4411 pulo,
847 4337 1141 4407 intelligere
1196 4343 1411 4409 poteris.
1488 4343 1545 4398 In
1595 4359 1701 4415 quo
1750 4346 1925 4401 nullus

361 4439 547 4479 versus
592 4433 715 4490 est,
760 4424 890 4495 quin
936 4427 1065 4481 insit
1104 4428 1189 4481 vel
1237 4430 1319 4484 via
1374 4431 1485 4495 Dei,
1532 4434 1613 4486 vel
1658 4433 1777 4499 lex,
1840 4437 1922 4491 vel

2032 589 2128 645 Dei
2151 589 2379 660 gratiam
2400 587 2741 656 perveneris.

2785 700 2835 760 Ι.

2033 795 2428 856 Abbreviatio
2467 802 2722 876 furtiva:
2765 798 3099 868 orationis,
3148 798 3301 878 quid
3328 801 3411 861 sit
3450 804 3621 864 satis

2528 892 2874 953 congruum
2909 894 3108 937 orare.

2100 995 2376 1050 Imitemur
2413 1006 2655 1052 sanctam
2685 999 2983 1054 Ecclesiam
3017 1041 3031 1065 ,
3071 1017 3226 1069 cuius
3269 1011 3326 1057 et
3367 1008 3611 1060 membra

2033 1101 2237 1140 sumus.
2269 1086 2386 1158 ipsa
2408 1088 2553 1141 enim
2581 1097 2684 1153 est,
2717 1106 2836 1160 qua:
2864 1091 2995 1145 dicit
3020 1109 3032 1142 :
3066 1088 3133 1145 In
3163 1091 3352 1147 lectulo
3377 1111 3488 1148 meo
3516 1113 3613 1165 per

2033 1186 2209 1237 noctes
2230 1180 2463 1249 qua'st'vi,
2491 1196 2644 1250 quem
2664 1179 2836 1253 diligit
2867 1183 3049 1241 anima
3082 1198 3197 1237 mea
3225 1180 3403 1254 (Cant.
3425 1200 3512 1250 Ill,
3532 1185 3634 1257 1).-

2032 1270 2101 1323 Et
2126 1269 2255 1325 illud
2291 1272 2358 1325 ad
2391 1272 2704 1326 Dominum:
2759 1271 2962 1326 Memor
2996 1272 3075 1342 [ui
3097 1273 3175 1326 tui
3207 1291 3364 1345 super
3386 1284 3615 1330 stratum

2031 1375 2203 1439 meum
2236 1359 2405 1432 (Psal.
2444 1378 2578 1428 un,
2607 1364 2683 1433 7).
2737 1363 2878 1433 Ergo
2910 1378 3033 1419 cum
3068 1380 3099 1418 a
3142 1380 3331 1419 somno
3366 1367 3612 1438 evigilas,

2032 1459 2088 1508 et
2110 1452 2288 1510 crucis
2308 1454 2516 1523 signum
2538 1454 2782 1524 depingis
2802 1455 2853 1508 in
2875 1455 3049 1518 labiis,
3079 1456 3237 1511 tertio
3265 1467 3476 1528 repete:
3501 1459 3616 1513 Do-

2033 1545 2189 1609 mine,
2215 1543 2356 1598 labia
2386 1562 2501 1599 mea
2523 1548 2747 1616 aperies,
2774 1557 2821 1600 et
2846 1564 2903 1601 os
2933 1564 3103 1601 meum
3131 1550 3465 1604 annuntiabit
3486 1550 3614 1605 lau-

2031 1635 2148 1689 dem
2167 1646 2331 1690 tuam.
2374 1636 2510 1693 Huic
2532 1640 2788 1693 continuo
2816 1637 3044 1710 adjnnge
3067 1640 3329 1710 psalmum
3354 1643 3575 1698 tertium
3598 1665 3612 1697 ε

2036 1724 2277 1789 Domine,
2297 1726 2423 1796 quid
2443 1726 2773 1798 multiplicati
2796 1739 2936 1783 sunt.
2999 1730 3067 1783 Et
3111 1731 3423 1787 vicesimum
3452 1750 3619 1803 quar-

2034 1821 2145 1865 tum
2166 1829 2178 1866 :
2203 1813 2283 1867 Ad
2306 1824 2371 1879 te,
2392 1814 2630 1879 Domine,
2656 1814 2834 1869 levari.
2859 1816 3054 1871 Etocto
3069 1834 3253 1874 versus
3273 1821 3459 1890 psalmi
3487 1838 3623 1876 cer.-

2038 1904 2214 1958 tesimi
2261 1905 2366 1976 23
2402 1907 2578 1960 octavi
2615 1907 2844 1972 decimi,
2891 1923 3119 1976 quorum
3158 1920 3319 1979 caput
3350 1920 3461 1966 est:
3504 1912 3621 1966 Ad-

2034 1996 2182 2049 Iuesit
2207 1996 2518 2065 pavimento.
2580 1994 2743 2066 Kyrie
2772 1996 2987 2063 eleison,
3031 1997 3340 2055 Orationem
3370 2001 3616 2056 Domini—

2035 2101 2177 2149 cam,
2227 2084 2567 2155 Adjutorium
2621 2095 2856 2140 nostrum
2903 2088 2958 2141 in
2990 2090 3197 2143 nomine
3227 2088 3476 2155 Domini,
3522 2094 3619 2161 qui

2035 2182 2155 2248 fecit
2188 2179 2369 2235 uelum
2420 2189 2467 2235 et
2506 2190 2720 2245 terram,
2746 2180 3056 2251 Symbolum
3090 2181 3489 2253 Apostolorum,
3535 2195 3615 2249 et,

2034 2270 2331 2325 Benedicite
2371 2272 2546 2325 omnia
2592 2287 2748 2342 opera
2774 2269 2985 2324 Domini
3036 2271 3274 2327 Domino.
3339 2272 3411 2328 Te
3451 2273 3620 2329 Deum

2034 2359 2331 2416 laudamus.
2391 2362 2459 2417 Te
2487 2362 2628 2417 decet
2657 2362 2806 2428 laus;
2837 2366 2891 2417 in
2912 2364 3015 2419 hoc
3039 2382 3197 2420 versu
3226 2381 3431 2437 surges.
3479 2364 3619 2421 Pro-

2031 2460 2147 2519 pter
2163 2469 2345 2505 nomen
2368 2462 2535 2519 tuum,
2584 2452 2827 2507 Domine.
2897 2453 3313 2513 Firmamentum
3343 2475 3533 2524 meum,
3566 2470 3619 2513 ct

2035 2543 2292 2613 refugium
2315 2562 2507 2611 meum,
2530 2556 2577 2600 et
2598 2547 2707 2601 dux
2724 2564 2867 2602 meus
2896 2559 3027 2614 esto,
3046 2549 3263 2605 Domine
3286 2551 3424 2606 Deus
3445 2570 3615 2606 meus.

2030 2633 2091 2688 In
2132 2636 2215 2690 his
2245 2637 2420 2692 verbis
2450 2653 2573 2692 mox
2599 2648 2655 2692 ut
2684 2638 2981 2695 Ecclesiam
3009 2641 3341 2713 ingredieris,
3370 2651 3616 2701 sanctam

2032 2727 2257 2781 adorare
2285 2730 2488 2799 poteris
2510 2728 2849 2786 Trinitatem.

2626 2844 2763 2900 Item
2802 2845 3006 2902 Oratio.
3406 2886 3419 2905 τ

2102 2931 2324 2987 Domine
2348 2932 2488 2987 Deus
2526 2936 2882 3005 omnipotens,
2910 2924 3111 2995 :et'erne
3131 2948 3186 2994 et
3211 2940 3512 3008 ineil‘abilis,
3540 2944 3620 3003 si-

2030 3037 2098 3077 ne
2127 3024 2231 3077 line
2265 3031 2427 3094 atque
2455 3025 2626 3086 initio,
2655 3042 2813 3095 quem
2857 3043 3020 3083 unum
3050 3029 3103 3084 in
3128 3030 3406 3096 'l‘rinitate,
3436 3042 3492 3088 et
3517 3034 3618 3091 tri-

2029 3131 2159 3171 num
2187 3118 2239 3171 in
2262 3117 2467 3172 unitate
2486 3117 2806 3173 conﬁtemur
2830 3138 2841 3174 :
2875 3129 2928 3175 te
2954 3120 3127 3177 solum
3150 3122 3333 3189 adoro,
3360 3134 3412 3180 te
3432 3124 3617 3190 laudo,

1903 3214 1918 3237 '
1948 3214 1995 3274 ο
2027 3217 2080 3262 te
2108 3208 2389 3272 benedice,
2442 3217 2599 3277 teque
2644 3210 2902 3279 glorifico.
2954 3212 3091 3274 Tibi,
3123 3230 3157 3270 o
3202 3216 3515 3273 misericors
3560 3227 3621 3273 et

2025 3296 2277 3360 clemens,
2324 3298 2525 3367 gratias
2554 3298 2749 3362 refero,
2779 3301 2869 3370 qui
2906 3317 2992 3356 me
3034 3312 3256 3359 exutum
3298 3313 3456 3363 nocte
3491 3322 3621 3377 pcr-

2024 3386 2162 3441 ﬁdim
2186 3396 2241 3442 et
2267 3390 2488 3452 erroris,
2519 3390 2837 3460 participem
2863 3390 2980 3446 ﬁeri
3008 3393 3244 3449 tribuisti
3272 3397 3455 3464 gratia:
3476 3406 3612 3454 tum.

2024 3476 2250 3541 Perﬁce,
2279 3493 2482 3547 quaeso,
2517 3479 2762 3542 Domine,
2789 3488 3024 3550 emptum
3052 3482 3106 3536 in
3136 3498 3222 3536 me
3247 3499 3379 3553 opus
3398 3486 3617 3541 miseri-

2023 3568 2219 3623 cordia:
2257 3577 2380 3623 tute.
2433 3569 2579 3623 Dona
2631 3570 2763 3627 mihi
2811 3586 3026 3641 semper
3071 3574 3329 3643 cogitare,
3379 3574 3523 3647 loqui
3556 3587 3620 3633 et

2023 3674 2206 3729 agere,
2236 3677 2357 3730 qua:
2396 3661 2595 3731 placita
2626 3669 2751 3717 sunt
2779 3663 2873 3716 tibi
2900 3680 2915 3727 ;
2964 3672 3021 3718 et
3047 3665 3276 3733 gratuita
3304 3682 3389 3724 me
3415 3667 3621 3739 ubique

2024 3752 2219 3819 pietate
2245 3753 2575 3816 custodiens,
2607 3753 2691 3808 fac
2729 3768 2816 3809 me
2856 3753 3131 3823 indignum
3172 3764 3226 3810 et
3258 3757 3514 3811 miserum
3544 3759 3619 3813 ad

2026 3849 2169 3897 tuam
2197 3844 2480 3912 pervenire
2507 3842 2785 3907 visionem,
2816 3842 3006 3898 Amen.

2767 3954 2848 4014 ll.

2026 4051 2209 4127 Quod
2262 4052 2487 4131 bonum
2533 4053 2617 4111 sit
2647 4052 2885 4131 homini
2916 4056 2984 4113 in
3025 4063 3293 4131 quatuor
3331 4057 3613 4119 subscri-

2102 4131 2232 4208 ptis
2258 4130 2520 4208 psalmis
2558 4138 2615 4209 et
2670 4130 2873 4209 tribus
2902 4130 3145 4209 hymnis
3177 4133 3433 4195 laudare
3476 4138 3610 4197 Do-

2101 4207 2335 4267 minum
2361 4207 2629 4286 singulis
2659 4207 2894 4271 diebus.

2093 4328 2354 4381 Hortatur
2374 4343 2473 4381 nos
2503 4326 2783 4397 Scriptura
2808 4330 3061 4385 divinitus
3081 4332 3361 4403 inspirata,
3387 4337 3570 4392 dicens
3595 4357 3611 4393 :

2027 4415 2130 4483 Qui
2188 4419 2379 4471 timetis
2432 4417 2756 4482 Dominum,
2820 4420 3103 4474 benedicite
3146 4422 3371 4478 Domino
3421 4425 3610 4495 (Paul.

358 4513 685 4581 inlaudatum,
734 4531 827 4570 seu
849 4524 1175 4588 praeceptum
1219 4518 1336 4587 Dei,
1397 4520 1482 4575 vel
1506 4523 1692 4587 verba,
1728 4524 1922 4594 autju-
1956 4558 1999 4613 υ
2025 4509 2379 4613 cxxmigoi-
2404 4508 2520 4613 ,Νεο
2550 4526 2648 4613 ςιοδ
2679 4518 2862 4575 ίθίῪθιν
2887 4512 3028 4613 Ψιοᾳ
3049 4513 3307 4613 εςπξρίξξω
3482 4515 3615 4613 Mt"

356 4604 724 4670 stilicationcs,
753 4606 834 4660 vel
852 4605 1086 4678 judicia,
1116 4614 1208 4662 aut
1232 4625 1526 4665 sermones.
1576 4612 1643 4667 Et
1670 4614 1788 4669 ideo
1815 4632 1922 4672 non

356 4703 439 4748 cst
485 4694 578 4759 tibi
625 4711 795 4766 OptlS,
850 4706 909 4751 ut
939 4714 1039 4769 per
1080 4699 1320 4755 diversos
1348 4700 1511 4756 libros
1560 4702 1797 4759 animum
1822 4705 1923 4761 dif-

357 4785 568 4840 fundas.

954 4858 1142 4915 Nonus
1181 4877 1325 4915 usus.

428 4971 483 5029 lu
513 4970 765 5041 psalterio
786 4987 953 5042 usque
973 4973 1041 5027 ad
1058 4974 1262 5028 obitum
1284 4975 1409 5039 vitae
1437 4984 1540 5031 tuae
1563 4975 1728 5032 babes
1746 4983 1919 5032 mate-

359 5058 491 5111 riam
540 5056 773 5127 legendi,
803 5058 1092 5122 scrutandi,
1128 5060 1385 5127 docendi;
1431 5062 1483 5116 in
1531 5078 1636 5131 quo
1682 5063 1923 5118 invenies

357 5148 716 5218 propheticos,
771 5146 1125 5216 evangelicos,
1176 5155 1339 5220 atque
1375 5152 1717 5223 apostolicos,
1762 5159 1925 5221 atque

356 5251 543 5307 omnes
571 5238 778 5294 divinos
814 5238 980 5293 libros
1022 5237 1390 5307 spiritualiter,
1438 5244 1503 5295 ad
1525 5257 1681 5310 quem
1724 5241 1922 5295 intelli-

355 5330 500 5402 gitur
526 5327 743 5402 [Forte,
787 5339 947 5403 atque
993 5325 1417 5404 intelliglbiliter]
1439 5345 1502 5385 ex
1537 5341 1687 5401 parte
1725 5340 1924 5387 tracta-

358 5428 442 5473 tos
463 5426 624 5486 atque
655 5418 969 5490 descriptos,
1000 5426 1055 5473 et
1078 5418 1308 5488 priorem
1330 5427 1491 5489 atque
1520 5419 1809 5475 secundum
1833 5420 1925 5476 ad-

357 5514 573 5561 ventum
586 5506 797 5565 Domini
820 5508 893 5563 ibi
920 5508 1161 5580 reperies
1186 5509 1549 5580 propbetatos.
1595 5510 1926 5566 lncarnatio-

357 5613 482 5655 nem
500 5613 713 5669 quoque
730 5611 785 5655 et
808 5602 1134 5671 passionem,
1158 5602 1732 5670 resurrectionemque,
1762 5610 1926 5671 atque

357 5690 729 5747 ascensionem
747 5689 1104 5756 Dominicam,
1133 5700 1415 5747 etonmem
1441 5692 1694 5747 virtutem
1721 5694 1926 5748 divino-

361 5799 477 5841 l’ttttt
511 5782 775 5841 dictorum
819 5782 871 5838 in
898 5782 1117 5852 psalmis
1143 5782 1401 5848 invenies,
1451 5783 1493 5837 si
1533 5783 1720 5839 intima
1747 5792 1926 5839 mento

2024 4611 2095 4654 est
2126 4603 2356 4671 speciosa
2396 4600 2514 4654 laus
2542 4601 2598 4655 in
2636 4618 2724 4655 ore
2760 4604 3046 4672 peccatoris
3078 4603 3266 4674 (Eccli.
3295 4620 3383 4670 xv,
3414 4605 3491 4678 9),
3535 4609 3615 4662 si-

2022 4692 2133 4747 lere
2155 4693 2298 4747 enim
2328 4707 2359 4745 a
2386 4692 2541 4747 laude
2569 4692 2845 4748 Creatoris
2876 4695 3044 4750 multo
3073 4696 3333 4752 deterius.
3384 4698 3450 4752 Et
3480 4698 3616 4755 licet

2022 4783 2132 4838 sint
2160 4783 2313 4838 multi
2343 4783 2411 4838 ad
2434 4784 2540 4838 hoc
2565 4799 2699 4852 opus
2726 4784 2949 4855 congrui
2974 4786 3190 4855 psalmi,
3222 4787 3276 4841 in
3314 4788 3396 4842 his
3425 4798 3614 4845 tamen

2023 4873 2132 4928 Dco
2162 4874 2346 4929 sedqu
2374 4875 2574 4945 poteris
2602 4875 2826 4929 reddere
2851 4874 3085 4941 laudem,
3109 4877 3211 4931 hoc
3234 4878 3393 4932 modo
3417 4897 3430 4931 :
3462 4878 3616 4933 Piso.

2022 4963 2186 5018 misso
2208 4977 2385 5017 versu.
2430 4962 2591 5027 Deus,
2616 4965 2670 5016 in
2693 4964 3017 5033 adjutorium
3055 4982 3227 5019 meum
3268 4967 3495 5033 intende,
3521 4984 3614 5024 se-

2027 5064 2223 5125 quatur
2236 5056 2487 5127 psalmus,
2506 5054 2740 5108 Laudate
2750 5071 2935 5109 nomen
2951 5055 3179 5123 Domini,
3197 5058 3426 5123 laudate,
3449 5064 3608 5125 serti,

2032 5145 2348 5213 Dominum;
2394 5148 2448 5201 in
2499 5160 2605 5215 quo
2652 5145 2916 5215 despectis
2968 5150 3272 5206 nominibus
3313 5151 3612 5208 multorum

2028 5233 2388 5305 falsorumque
2435 5236 2680 5296 deorum,
2723 5252 2861 5291 unus
2896 5238 3036 5293 Deus
3080 5255 3307 5312 magnus
3348 5250 3405 5296 et
3442 5259 3613 5301 verus

2028 5327 2288 5383 laudatur.
2317 5327 2556 5391 Benedic,
2573 5330 2748 5381 animo
2760 5345 2895 5393 mea,
2914 5329 3152 5393 Domino,
3177 5342 3223 5387 et
3245 5334 3441 5398 omnia,
3470 5347 3609 5402 e:c.,

2028 5419 2329 5474 numerosis
2366 5418 2654 5472 virtutibus
2696 5427 2751 5471 et
2792 5418 3047 5475 laudibus
3077 5422 3285 5491 plenus.
3338 5424 3607 5483 Eunucho

2026 5523 2094 5578 te,
2121 5514 2256 5568 Deus
2286 5530 2429 5568 meus
2473 5530 2583 5576 rex,
2625 5512 3010 5581 iucundissima
3040 5531 3104 5571 ac
3152 5517 3467 5571 suavissima
3501 5518 3610 5572 Do-

2027 5603 2172 5657 mino
2196 5603 2430 5669 laudatio
2456 5602 2643 5657 David.
2682 5602 2918 5658 Laudato
2957 5605 3239 5660 Dominum
3263 5607 3329 5661 ds
3355 5607 3519 5671 caelis,
3550 5607 3608 5662 in

2026 5707 2133 5761 quo
2161 5692 2456 5746 invitantur
2479 5706 2667 5747 omnes
2711 5701 2992 5760 creaturae,
3018 5703 3080 5749 ut
3118 5696 3336 5751 laudent
3359 5698 3607 5751 omnium

2027 5782 2357 5840 Creatorem.
2414 5780 2651 5852 Hymnus
2719 5785 2875 5839 trium
2926 5802 3203 5853 puerorum
3252 5787 3397 5842 omni
3448 5787 3606 5843 lauit:
