3968 6180
297 344 394 400 469

1178 336 1568 398 LITURGICA.
1608 367 1676 376 —
1710 338 1796 392 DE
1831 335 2075 394 PSALM.
2119 334 2277 392 USU.
2307 332 2575 390 —PARS
2611 331 2653 386 ι.

3443 333 3546 389 670

296 469 398 522 Deo
424 462 734 528 amabilior,
768 463 820 516 in
839 478 946 532 quo
985 476 1174 517 omnes
1209 472 1471 516 creatura:
1497 463 1654 516 simul
1679 470 1732 517 et
1757 463 1873 516 sin-
1909 468 1949 527 Α
1976 471 2120 517 stum
2155 469 2485 517 servatorem
2507 467 2562 515 et
2597 465 3030 530 recuperatorem
3058 466 3322 522 nostrum,
3349 459 3442 527 qui
3471 466 3548 513 te-

294 559 510 631 gulatint
556 557 626 612 ad
651 555 929 611 Creatoris
971 554 1184 609 laudem
1233 557 1536 610 hortantur.
1589 553 1660 608 Te
1705 554 1872 608 Deum

296 649 594 711 laudamus,
625 645 783 727 nulla
801 645 962 699 laude
991 645 1236 708 inferior,
1270 645 1340 698 Te
1364 645 1506 698 decet
1535 645 1776 714 hymnus.

576 761 701 814 Post
724 759 1056 814 Dominicam
1086 757 1387 812 Orationem
1412 774 1605 812 versus.

364 874 655 929 Denedicat
679 887 777 926 nos
803 856 1142 940 omnipotens
1168 879 1223 924 et
1259 869 1567 924 misericors
1595 869 1756 931 Deus,
1786 868 1879 936 qui—

299 967 417 1021 l'eeit
453 964 653 1020 cadum
684 971 737 1016 et
765 971 987 1016 terram.
1035 960 1408 1016 Benedieimus
1435 959 1668 1023 Patrem,
1710 969 1762 1012 et
1790 959 1878 1012 Fi-

299 1059 446 1119 lium,
476 1063 534 1108 et
556 1053 818 1124 Spiritum
861 1060 1107 1106 sanctum
1135 1069 1147 1104 :
1190 1051 1466 1106 laudamus
1488 1059 1541 1105 et
1571 1049 1877 1119 supercxal—

301 1162 472 1205 tamus
492 1164 620 1204 eum
651 1148 705 1201 in
734 1145 949 1201 saecula.
994 1142 1318 1198 Benedictus
1347 1157 1426 1207 es,
1475 1142 1699 1196 Domine
1736 1142 1877 1195 Deus

300 1244 516 1296 Patrum
561 1248 894 1302 nostrorum,
938 1245 993 1290 et
1044 1234 1307 1289 laudabile
1339 1242 1393 1288 et
1435 1231 1724 1301 gloriosum
1777 1248 1874 1285 no-

303 1351 420 1390 men
451 1343 605 1387 tuum
633 1332 685 1384 in
716 1328 930 1385 saecula.
974 1327 1076 1393 Qui
1119 1326 1319 1380 timetis
1361 1323 1665 1386 Dominum,
1716 1322 1877 1376 bene-

302 1428 457 1480 dicite
507 1422 735 1480 Domino
779 1440 790 1474 :
826 1419 1141 1474 benedictus
1182 1415 1439 1470 Dominus
1485 1429 1552 1468 ex
1592 1411 1741 1475 Sion,
1787 1411 1878 1478 qui

303 1519 510 1573 habitat
536 1517 592 1569 in
622 1511 943 1568 Jerusalem.
965 1509 1190 1563 Cantate
1215 1505 1461 1568 Domino,
1499 1511 1556 1557 et
1581 1501 1878 1557 benedicite

302 1624 496 1666 nomen
523 1605 678 1676 ejus:
723 1605 859 1658 bene
882 1599 1124 1654 nuntiate
1148 1597 1217 1652 de
1250 1595 1337 1650 die
1388 1596 1441 1650 in
1469 1593 1613 1648 diem
1648 1591 1878 1647 salutare

303 1705 436 1772 ejus.
474 1699 584 1754 Nos
611 1696 702 1767 qui
726 1695 976 1756 vivimus,
999 1688 1368 1746 benedicimus
1391 1687 1618 1741 Domino
1641 1701 1654 1750 ;
1688 1699 1751 1738 ex
1777 1684 1880 1737 hoc

1972 570 2092 608 eum
2118 563 2173 607 et
2199 568 2320 607 cum
2347 550 2552 621 Spiritu
2579 557 2768 605 sancto
2795 548 2930 604 vivit
2967 555 3022 602 et
3047 555 3237 619 regnat
3262 549 3314 601 in
3355 549 3549 602 stecula
3634 571 3638 575 ι

1973 646 2312 701 surculorum.
2359 644 2549 699 Amen.
2604 644 2714 699 Deo
2739 643 2962 712 gratias,
3013 641 3124 696 Deo
3174 641 3397 710 gratias,
3443 640 3553 696 Deo

1974 737 2192 806 gratias.
2224 735 2510 790 Benedicta
2537 734 2707 805 gloria
2738 734 2949 788 Domini
2976 735 3041 788 de
3069 733 3186 788 loco
3207 747 3324 786 suo.

2705 856 2812 916 IlI.

2016 976 2408 1046 Pwnitentia,
2443 983 2494 1033 et
2521 974 2789 1052 publica:
2816 976 3192 1052 paenitentia:
3224 976 3508 1052 gemitus.

2045 1075 2296 1145 Legimus
2331 1074 2394 1128 de
2421 1073 2645 1128 Domino
2673 1074 2912 1128 Christo.
2942 1075 3066 1144 quia
3107 1084 3218 1127 erat
3247 1081 3558 1143 pertractans

1976 1169 2031 1221 in
2059 1164 2378 1217 orationibus
2409 1161 2557 1234 (Luc.
2582 1178 2653 1224 vr,
2689 1162 2798 1233 1‘2).
2827 1161 2962 1229 Quid
2993 1177 3119 1230 ergo
3160 1162 3217 1216 in
3261 1160 3560 1228 iniquitati—

1976 1254 2076 1310 bus
2103 1256 2344 1324 concepti
2370 1264 2426 1310 ct
2473 1255 2526 1308 in
2558 1255 2790 1319 delictis,
2832 1255 3027 1309 lectulo
3073 1252 3420 1308 confoventes
3463 1266 3560 1305 nos

1977 1344 2203 1400 delicate
2228 1344 2528 1413 palpamus,
2554 1343 2598 1396 si
2623 1344 2712 1396 ille
2743 1343 3093 1412 pernoctabat
3119 1341 3173 1394 in
3203 1338 3554 1400 orationibus,

1977 1434 2067 1502 qui
2105 1434 2249 1488 omni
2272 1447 2492 1501 prorsus
2517 1432 2834 1501 contagione
2865 1431 3084 1485 carebat
3108 1428 3357 1499 peccati?
3398 1425 3562 1481 Scru-

1980 1531 2154 1577 temur
2184 1537 2312 1592 ergo
2343 1521 2455 1575 vias
2503 1528 2738 1584 nostras,
2780 1527 2834 1572 et
2859 1518 3122 1587 duplicem
3157 1517 3210 1571 in
3240 1513 3558 1584 paenitentia

1978 1614 2234 1683 gemitum
2257 1614 2550 1667 habeamus
2576 1611 2630 1664 in
2652 1609 2864 1664 saeculo.
2893 1606 3187 1668 Nimirum,
3205 1604 3329 1674 quia
3352 1611 3406 1657 et
3424 1604 3561 1657 bona

1981 1717 2097 1771 qua:
2123 1701 2382 1771 oportuit,
2412 1716 2518 1754 non
2547 1698 2795 1762 fecimus,
2824 1706 2884 1752 et
2921 1695 3062 1750 mala
3090 1709 3208 1762 qua:
3255 1708 3359 1746 non
3402 1706 3561 1759 opor-

307 1811 445 1850 nune
467 1801 521 1846 et
542 1803 711 1859 usque
735 1788 788 1840 in
813 1784 1089 1840 sacculum.
1112 1781 1432 1835 Benedictus
1458 1777 1716 1832 Dominus
1739 1775 1880 1829 Deus
1918 1825 1963 1884 Β
1989 1795 2104 1860 tu“,
2138 1795 2344 1864 operati
2373 1809 2579 1848 sumus.
2626 1791 2897 1846 canamus
2930 1794 3190 1858 pmtcrea
3220 1783 3401 1840 sedula
3430 1781 3567 1837 ,Ἐρί-

307 1883 492 1948 Israel,
514 1883 604 1952 qui
626 1879 753 1933 fecit
777 1874 1038 1932 mirabilia
1067 1886 1261 1942 magna
1282 1870 1450 1924 solus:
1473 1875 1526 1922 et
1547 1865 1883 1921 benedictum

310 1992 507 2034 nomen
529 1969 827 2044 maiestatis
849 1965 965 2036 ejus
989 1966 1042 2020 in
1066 1972 1347 2026 teternum,
1367 1961 1492 2014 etin
1515 1958 1769 2014 saeculum
1791 1972 1889 2011 sae-

309 2069 429 2124 culi.
452 2064 769 2121 Benedicam
782 2057 1006 2114 Domino
1021 2056 1074 2110 in
1092 2053 1239 2109 omni
1263 2061 1520 2121 tempore,
1540 2062 1754 2118 semper
1772 2045 1888 2099 laus

307 2162 422 2231 ejus
443 2159 495 2212 in
515 2171 612 2210 ore
633 2168 777 2208 meo.
796 2150 1046 2205 Laudabo
1066 2160 1260 2201 nomen
1284 2143 1375 2197 Dei
1394 2141 1498 2195 mei
1521 2154 1640 2194 cum
1657 2137 1885 2199 cantico,

310 2230 362 2308 et
385 2247 738 2320 magniﬁcabo
757 2259 880 2300 eum
904 2244 956 2297 in
979 2239 1155 2294 laude.
1171 2235 1417 2292 Laudent
1436 2248 1556 2287 eum
1572 2230 1694 2284 coeli
1713 2240 1768 2282 et
1792 2236 1890 2281 ter-

314 2360 389 2408 ra,
412 2319 579 2404 mare,
606 2345 660 2392 et
675 2335 854 2390 omnia
870 2346 988 2403 quae
1003 2332 1057 2385 in
1079 2330 1156 2384 eis
1172 2333 1313 2382 sunt.
1336 2323 1573 2379 Cantabo
1595 2320 1819 2373 Domino
1837 2319 1889 2372 in

313 2435 414 2487 vita
439 2445 580 2493 mea,
603 2425 828 2497 psallam
852 2423 961 2477 Deo
990 2436 1130 2484 meo,
1146 2415 1381 2489 quandiu
1400 2428 1512 2467 ero.
1539 2410 1730 2464 Suavis
1759 2407 1890 2461 sitei

315 2524 551 2580 laudatio
580 2536 720 2584 mea,
759 2533 858 2589 ego
902 2531 1030 2570 vero
1063 2508 1368 2568 delectabar
1413 2507 1465 2559 in
1513 2503 1756 2558 Domino.
1808 2498 1892 2552 Sit

316 2619 480 2689 gloria
504 2613 720 2672 Domini
743 2613 796 2666 in
825 2609 1074 2666 smculum
1103 2603 1306 2667 saeculi,
1345 2601 1610 2656 laetabitur
1635 2594 1892 2649 Dominus

316 2713 369 2769 in
396 2711 652 2781 operibus
688 2709 820 2760 suis.
844 2701 1081 2757 Laudem
1105 2696 1319 2752 Domini
1345 2693 1579 2762 loquitur
1600 2707 1660 2745 os
1688 2702 1887 2750 meum,

314 2815 368 2859 et
389 2802 666 2859 benedicat
695 2796 870 2852 omnis
890 2809 1016 2848 caro
1036 2805 1228 2845 nomen
1257 2794 1499 2842 sanctum
1521 2782 1637 2850 ejus
1663 2783 1714 2836 in
1735 2789 1893 2834 teter-

318 2910 459 2957 num,
487 2899 544 2946 et
569 2891 625 2944 in
655 2886 908 2942 sarculum
935 2880 1136 2938 saaculi.
1171 2877 1252 2933 Sit
1275 2891 1466 2930 nomen
1491 2871 1702 2926 Domini
1730 2872 1890 2924 bene-

319 2987 534 3047 dictum,
566 2996 632 3035 ει
659 2981 762 3033 bac
789 2988 931 3030 nune
956 2980 1010 3028 et
1034 2984 1204 3040 usque
1232 2968 1285 3021 in
1314 2964 1585 3020 saeculum.

861 3085 1162 3140 Gratiarum
1197 3082 1356 3135 actio.

385 3187 601 3242 Gratias
622 3182 721 3237 tibi
745 3196 844 3250 ago
865 3177 1070 3232 infinita
1096 3170 1482 3231 misericordia,
1506 3167 1732 3220 Domine
1753 3165 1894 3218 Deus
1921 3179 1965 3237 ρ

319 3279 674 3348 omnipotens,
701 3273 792 3342 qui
820 3285 905 3326 me
939 3284 1034 3338 per
1060 3280 1252 3334 aquam
1281 3262 1419 3317 sacri
1459 3259 1813 3327 baptismatis,
1843 3263 1898 3310 et

321 3368 719 3424 rcnovationem
751 3361 939 3418 sancti
971 3358 1203 3426 Spiritus
1230 3355 1294 3408 ab
1325 3349 1675 3419 originalibus
1704 3347 1894 3400 vincu—

322 3462 386 3515 lis
415 3456 697 3526 expedisti.
737 3453 956 3507 Gratias
985 3449 1077 3501 tibi
1107 3463 1228 3515 ago,
1262 3444 1350 3512 qui
1392 3458 1476 3494 me
1507 3441 1557 3492 in
1592 3449 1642 3493 te
1677 3437 1897 3491 credere

323 3561 463 3604 recte
496 3546 692 3610 fecisti,
721 3553 778 3598 et
805 3550 1018 3596 tuorum
1059 3554 1142 3591 me
1181 3536 1414 3588 fidelium
1442 3545 1667 3585 nun'tero
1691 3529 1899 3583 sociare

321 3643 571 3709 dignatus
599 3655 679 3694 es.
709 3636 786 3690 Te
828 3633 983 3688 laudo
1011 3641 1066 3686 et
1092 3629 1350 3700 glarilieo.
1398 3623 1900 3679 misericordissima

325 3735 567 3795 Domine,
606 3731 699 3802 qui
739 3743 825 3782 me
851 3741 948 3796 per
970 3724 1221 3779 universa
1249 3719 1472 3775 crimina
1497 3723 1898 3786 percurrentem

325 3841 427 3878 non
462 3839 520 3877 es
546 3836 741 3892 passus
764 3817 941 3887 perire
970 3832 984 3880 ;
1029 3815 1121 3868 sed
1147 3809 1254 3882 24
1287 3809 1514 3877 benigne
1555 3820 1813 3860 revocans
1839 3805 1902 3857 de

326 3913 591 3983 profundo
633 3924 720 3965 me
769 3904 1068 3974 iniquitatis
1116 3908 1376 3969 ereptum,
1427 3898 1492 3949 ad
1535 3894 1904 3964 ptrnitentiam

327 4000 646 4073 perduxisti.
687 3996 764 4050 Te
785 3995 966 4057 laudo,
994 4001 1048 4046 et
1086 3990 1345 4061 gloritico,
1371 3987 1462 4056 qui
1493 4002 1577 4039 me
1607 3986 1672 4038 de
1693 3992 1907 4038 aeternae

328 4093 522 4150 mortis
562 4089 804 4150 interitu,
853 4087 918 4140 de
948 4083 1120 4155 pcenis
1149 4093 1202 4136 et
1247 4078 1404 4147 hujus
1447 4077 1626 4132 carnis
1657 4074 1908 4128 cruciati-

330 4187 452 4246 bus,
499 4185 550 4237 in
594 4197 698 4251 qua
737 4179 897 4247 allligi
926 4178 1118 4246 dignus
1159 4189 1296 4236 sum,
1345 4171 1604 4224 hactenus
1648 4164 1906 4220 liberasti.

335 4274 452 4330 Tibi
484 4289 584 4342 ago
611 4271 796 4325 laudes
821 4277 873 4322 et
919 4266 1140 4337 gratias,
1173 4263 1266 4332 qui
1306 4275 1391 4314 me
1420 4260 1484 4313 de
1514 4256 1696 4312 multis
1719 4256 1907 4310 morti-

333 4368 453 4424 bus,
484 4366 546 4417 de
575 4361 759 4416 multis
784 4357 1108 4429 opprobriis,
1149 4350 1546 4409 calamitatibus
1571 4357 1626 4401 ct
1654 4345 1908 4407 miseriis,

329 4457 397 4510 de
424 4451 827 4509 immanissimis
864 4447 1063 4503 diaboli
1092 4441 1319 4514 laqueis,
1351 4441 1415 4495 de
1448 4438 1742 4494 immundis
1773 4437 1910 4490 desi-

1988 1885 2300 1953 procatione
2327 1884 2427 1938 bos
2451 1890 2652 1952 septem
2677 1879 2958 1933 Davidicos
2988 1876 3244 1946 psalmos,
3272 1888 3405 1942 quos
3433 1887 3569 1940 pene

1989 1991 2176 2031 omnes
2207 1973 2510 2044 spirituales
2546 1973 2644 2026 viri
2687 1969 3198 2038 congruentissimos
3241 1964 3571 2034 poenitentia:

1991 2068 2346 2130 tradiderunt,
2378 2067 2430 2138 id
2455 2074 2572 2119 est:
2610 2063 2856 2116 Miserere
2882 2060 3001 2124 mei,
3032 2059 3206 2120 Deus;
3238 2057 3477 2121 Domine,
3509 2070 3571 2108 ne

1990 2165 2042 2216 in
2066 2164 2148 2216 ira
2171 2171 2262 2216 tua
2291 2177 2482 2230 arguas
2511 2174 2631 2221 me;
2669 2156 2820 2210 Beati
2841 2169 3103 2225 quarunt;
3153 2149 3390 2213 Domine,
3433 2163 3494 2202 ne
3519 2148 3572 2200 in

1991 2257 2071 2308 ira
2099 2264 2256 2308 tua...
2283 2252 2528 2323 quoniam
2569 2253 2773 2320 sagitta?
2803 2258 2930 2310 tute,
2961 2253 3064 2298 etc.
3094 2260 3107 2307 ;
3147 2242 3386 2301 Domine,
3414 2255 3572 2293 exon.-

1991 2346 2045 2399 di
2074 2346 2360 2399 orationem
2384 2357 2572 2404 meant,
2604 2349 2652 2394 et
2683 2337 2922 2401 clamor;
2962 2335 3034 2388 De
3054 2332 3329 2404 profundis
3358 2345 3374 2390 :
3399 2331 3572 2384 Domi-

1994 2455 2076 2503 ne,
2105 2436 2295 2490 exaudi
2325 2434 2611 2486 orationem
2639 2446 2826 2492 meam,
2860 2426 3094 2482 auribus.

2277 2555 2398 2608 Post
2435 2553 2759 2606 Dominicum
2785 2550 3071 2603 orationem
3100 2563 3272 2600 versus
3290 2564 3307 2598 .'

2063 2672 2175 2740 Ego
2201 2670 2330 2731 disi,
2359 2667 2603 2729 Domine,
2648 2663 2904 2718 miserere
2933 2661 3058 2725 mei,
3093 2659 3343 2728 quoniam
3377 2653 3577 2723 iniqui-

1996 2773 2132 2819 tates
2163 2775 2293 2815 meze
2324 2769 2684 2827 supergressm
2728 2759 2854 2808 sunt
2890 2757 3051 2820 caput
3091 2763 3293 2810 meum,
3322 2743 3577 2812 multipli-

1995 2865 2127 2911 cata!
2156 2861 2281 2908 sunt
2321 2865 2482 2919 super
2511 2847 2732 2918 capillos
2774 2844 2970 2914 capitis
3009 2842 3134 2896 mei.
3164 2839 3280 2905 Quo
3309 2837 3396 2891 ibo
3417 2852 3446 2888 a
3475 2834 3581 2903 spi-

1997 2951 2099 3002 ritu
2152 2946 2287 2999 tuo?
2326 2944 2484 3010 Eripe
2529 2955 2612 2994 me
2659 2940 2724 2992 de
2765 2935 2996 2990 inimicis
3025 2931 3185 2997 meis,
3233 2929 3373 2983 Deus
3412 2939 3580 2988 meus,

1998 3041 2222 3108 Suscipe
2254 3051 2337 3090 me
2387 3034 2680 3088 Secundum
2719 3029 2991 3099 eloquium
3021 3035 3190 3080 tuum.
3239 3023 3318 3076 Ab
3361 3019 3581 3076 occultis

2001 3132 2135 3184 meis
2163 3127 2359 3182 tmtnda
2385 3141 2490 3187 me,
2523 3123 2765 3176 Domine.
2805 3121 3034 3188 Propter
3062 3129 3256 3169 nomen
3288 3120 3457 3175 tuum,
3486 3109 3579 3162 Do-

2001 3223 2167 3287 mine,
2208 3215 2586 3289 propitiaberis
2625 3219 2844 3283 peccato
2875 3223 3012 3263 meo.
3043 3205 3306 3273 Quoniam
3336 3200 3583 3269 iniquita-

2002 3323 2109 3367 tcm
2136 3328 2234 3380 ego
2259 3325 2509 3381 agnosco.
2537 3306 2799 3360 Delictum
2827 3315 3003 3356 meum
3045 3298 3318 3368 cognitum
3348 3290 3584 3366 [Suppl.,

2001 3405 2094 3458 tibi
2131 3402 2274 3474 feci].
2327 3399 2554 3468 Adjutor
2600 3412 2752 3450 meus
2782 3403 2921 3456 esto,
2970 3405 3038 3444 ne
3087 3385 3432 3452 derelinquas
3478 3395 3584 3434 me.

2002 3494 2262 3561 Quoniam
2291 3502 2344 3544 tu
2386 3507 2444 3544 es
2473 3487 2731 3558 patientia
2769 3499 2907 3537 mea.
2953 3478 3182 3548 Adjutor
3225 3489 3374 3530 meus
3420 3481 3476 3526 tu
3505 3487 3585 3527 es.

2005 3588 2086 3640 Sit
2114 3599 2307 3639 nomen
2339 3581 2550 3635 Domini
2584 3577 2944 3632 benedictum.

2245 3697 2376 3768 [;\l.,
2408 3691 2676 3762 Sequitur]
2707 3685 2977 3756 Confessio
3001 3691 3356 3754 peccatorum.

2066 3807 2217 3871 Tibi,
2249 3807 2470 3859 Domine
2515 3805 2676 3866 Deus,
2719 3797 2978 3854 confiteor
3031 3793 3262 3847 crimina
3291 3797 3347 3842 et
3377 3785 3589 3841 delicta.

2008 3903 2085 3956 Tu
2136 3906 2354 3968 preptcr
2400 3892 2722 3947 ineffabilem
2769 3889 3024 3956 pietatem
3070 3892 3126 3936 et
3172 3876 3590 3934 misericordiam

2011 3999 2155 4043 tuam
2196 3984 2407 4051 suscipe
2451 3994 2634 4049 qmeso
2675 3974 3072 4030 confessionem
3103 3981 3314 4021 meam:
3347 3964 3452 4018 imo
3483 3963 3595 4033 ipse

2010 4079 2227 4146 largire,
2257 4082 2315 4128 ut
2341 4083 2452 4127 toto
2485 4067 2646 4124 corde
2694 4063 2973 4120 conﬁtear.
3027 4059 3105 4112 Tu
3151 4056 3315 4119 enim,
3366 4054 3600 4110 clemen-

2012 4168 2217 4222 tissime
2247 4163 2488 4222 Domine,
2539 4159 2792 4229 dignatus
2816 4169 2874 4208 es
2919 4152 3137 4207 dicere:
3196 4144 3335 4200 Nolo
3381 4153 3594 4198 mortem

2013 4256 2322 4329 peccatoris,
2350 4252 2438 4306 sed
2464 4260 2516 4304 ut
2541 4255 2869 4302 convertatur
2892 4252 2938 4297 et
2975 4242 3109 4296 vivat
3135 4236 3374 4309 (Baccha
3404 4248 3594 4294 xxxrtt.

2015 4324 2125 4420 il).
2170 4346 2342 4410 (inim,
2372 4341 2651 4399 ebrietatis
2691 4348 2748 4394 et
2775 4335 3008 4406 crapula:
3056 4331 3204 4387 vitiis
3255 4325 3440 4382 infelix
3484 4324 3596 4378 sine

2016 4439 2416 4496 intermissione
2439 4434 2707 4496 deservio,
2738 4447 2802 4486 ac
2831 4438 3049 4500 propter
3075 4427 3178 4481 hoc
3202 4427 3459 4492 gravatur
3485 4415 3602 4470 ani-

331 4547 498 4600 derils
530 4550 862 4612 οκρωριυιη,
909 4537 1137 4606 diruptis
1179 4533 1424 4595 vinculis,
1458 4533 1652 4601 (Illil‘us
1696 4529 1914 4583 tenebar
1943 4527 1990 4587 ο
2018 4549 2105 4587 ma
2151 4545 2292 4592 mea,
2337 4537 2394 4582 et
2437 4540 2633 4595 corpus
2672 4536 2889 4576 meum:
2928 4518 3067 4572 unde
3108 4510 3502 4568 somniculosos
3539 4522 3600 4560 ac

333 4639 610 4702 astrictus,
638 4635 933 4704 perducere
962 4632 1210 4700 dignatus
1235 4643 1292 4682 es
1318 4627 1385 4680 ad
1423 4626 1702 4679 servitium
1735 4632 1904 4676 tuum.

335 4728 455 4782 Tibi
487 4741 584 4795 ago
613 4725 819 4788 laudes,
844 4732 897 4777 et
925 4719 1147 4792 gratias,
1169 4718 1256 4786 qui
1288 4733 1370 4771 me
1399 4716 1630 4783 eripiens
1656 4730 1683 4766 a
1707 4712 1912 4781 jurgio-

337 4837 456 4873 ram
503 4817 769 4889 procellis,
828 4816 922 4868 des
967 4813 1092 4866 mihi
1133 4825 1408 4863 servorum
1460 4817 1669 4860 tuorum
1711 4803 1910 4872 perfrui

335 4910 618 4970 t-ltaritatc,
652 4907 742 4978 qui
775 4905 900 4958 mihi
942 4904 1166 4957 salutem
1191 4900 1449 4968 corporis,
1484 4908 1535 4951 ct
1564 4896 1724 4949 animi
1755 4895 1913 4965 largi—

341 5003 412 5055 ris
443 5002 696 5070 quietcm.
730 4997 845 5052 Tibi
875 4996 1077 5058 laudes,
1108 4993 1224 5053 tibi,
1271 4992 1515 5050 Domine,
1562 4989 1787 5041 decanto
1817 4987 1911 5039 llO-

342 5109 521 5146 norem
550 5102 603 5144 ct
631 5089 876 5160 gloriam,
907 5086 997 5155 qui
1030 5084 1266 5154 quotidie
1296 5095 1382 5135 me
1419 5088 1471 5133 et
1504 5079 1617 5131 sine.
1648 5077 1917 5129 intermis—

343 5183 489 5236 sione
525 5181 945 5250 delinquentcm,
974 5187 1026 5231 et
1055 5191 1141 5228 tua
1182 5180 1443 5244 pricccpta
1488 5177 1916 5238 postponentem,

347 5281 487 5325 [allia
519 5272 693 5327 adhuc
739 5269 995 5339 patientia
1040 5264 1279 5335 quotidie
1330 5261 1438 5334 [ad]
1490 5259 1918 5313 emendationem

348 5375 639 5432 exspectas.
671 5362 883 5428 Quzrso,
912 5357 1135 5412 Domine
1161 5354 1301 5408 Deus
1328 5366 1502 5413 mens,
1547 5349 1637 5418 qui
1667 5348 1794 5402 milii
1829 5365 1917 5401 us—

350 5466 448 5519 que
475 5455 538 5507 ad
574 5457 896 5521 purscntem
943 5447 1131 5500 horam
1182 5452 1320 5497 tuam
1363 5439 1783 5494 miscricordiam
1823 5437 1921 5490 im—

353 5542 571 5610 pendere
596 5540 852 5609 dignatus
882 5555 957 5600 es,
983 5535 1181 5606 perfice
1209 5549 1342 5602 opus
1370 5528 1749 5585 misericordia:
1782 5536 1916 5591 ture;

357 5633 506 5686 libera
534 5650 619 5687 me
652 5648 680 5684 a
711 5630 864 5683 malis
891 5629 1158 5690 omnibus,
1191 5641 1308 5694 qum
1335 5629 1584 5691 premunt
1620 5636 1721 5680 me,
1765 5618 1919 5670 sicuti

357 5727 594 5792 coepisti:
637 5723 781 5775 salva
823 5737 905 5774 me
944 5735 1107 5789 usque.
1139 5720 1190 5771 in
1224 5718 1378 5769 linem
1411 5730 1505 5782 per
1543 5711 1718 5766 Je—um
1766 5710 1920 5762 Chri-

2017 4634 2257 4694 torpcns,
2304 4623 2454 4676 tarde
2506 4619 2572 4672 ad
2614 4618 2888 4671 orationes
2937 4619 2994 4666 ct
3038 4608 3210 4663 officia
3257 4618 3503 4666 accurro,
3550 4608 3602 4654 ct

2019 4731 2234 4784 semper
2253 4714 2519 4768 alienatus
2535 4717 2590 4762 et
2608 4707 2882 4776 negligens
2899 4703 3112 4755 assiste.
3137 4695 3604 4752 Fornicationibus

2019 4817 2074 4861 ct
2095 4805 2330 4859 libidinis
2357 4799 2689 4856 stercoribus
2716 4794 3054 4865 putrefactus
3081 4806 3223 4853 sum,
3255 4796 3325 4842 et'
3347 4789 3489 4842 intus
3511 4801 3592 4838 ex-

2023 4897 2297 4963 teriusque
2325 4900 2467 4946 totus
2495 4889 2820 4957 inquinatus.
2875 4881 3141 4936 Pollutmn
3182 4887 3266 4932 est
3310 4893 3372 4931 os
3403 4889 3602 4935 meum,

2023 4995 2076 5037 ct
2103 4983 2241 5037 labia
2273 4997 2410 5042 mea,
2437 4978 2578 5032 oculi
2605 4975 2726 5034 mei,
2755 4982 2807 5025 et
2846 4988 3006 5027 aures
3035 4985 3191 5032 mete,
3222 4975 3410 5038 gustus
3430 4978 3601 5027 meus,

2024 5075 2226 5144 pariter
2251 5071 2503 5125 odoratus
2541 5075 2592 5122 et
2635 5074 2828 5128 tae-tus,
2857 5075 2913 5118 et
2943 5076 3110 5132 usque
3140 5060 3206 5114 ad
3237 5060 3374 5113 hanc
3417 5055 3603 5109 horam

2025 5161 2441 5232 cogitationibus
2470 5158 2622 5211 vanis
2659 5166 2714 5211 ct
2758 5154 3122 5225 spurcissimis
3163 5149 3470 5206 sordidatur
3509 5160 3603 5200 cor

2029 5269 2224 5308 meum.
2278 5251 2520 5304 Tristitia
2563 5250 2840 5304 demersus
2887 5260 3025 5305 sum,
3068 5241 3254 5296 acedia
3294 5236 3601 5295 dissolutus,

2029 5345 2120 5398 ira:
2151 5341 2353 5396 facibus
2385 5338 2743 5394 inflammatus
2787 5351 2903 5390 smn
2930 5376 2944 5400 ,
2993 5329 3300 5401 cupiditatis
3336 5328 3456 5398 igne
3484 5341 3606 5394 pcr-

2032 5444 2204 5496 u-tus,
2248 5430 2461 5485 invidiae
2504 5428 2722 5482 venenis
2751 5425 2981 5480 infectus
3009 5437 3150 5484 sum,
3204 5417 3442 5472 fraterno
3485 5417 3608 5469 odio

2029 5524 2311 5586 loricatus,
2343 5520 2674 5576 detractione
2717 5514 3005 5570 convulsus
3047 5527 3186 5574 sum,
3218 5508 3364 5562 onmi
3406 5505 3603 5561 malitia

2026 5613 2342 5676 tabi-factus,
2369 5611 2634 5666 oblivione
2657 5619 2709 5663 et
2735 5605 2937 5662 desidia
2969 5604 3251 5659 hebetatus
3280 5615 3396 5654 smn
3427 5617 3438 5663 ;
3470 5599 3606 5652 frau-

2027 5709 2092 5760 de
2138 5715 2189 5758 et
2235 5706 2501 5776 hypocrisi
2551 5705 2791 5766 oin-titus,
2846 5697 3132 5770 fragilitate
3178 5703 3230 5748 et
3283 5689 3605 5762 negligentia
