3968 6180
384 340 483 394 ιτι

1234 344 1293 399 Β.
1334 345 1397 399 F.
1420 344 1645 400 ALBlNl
1686 343 1818 400 SEU
1857 345 2132 405 ALCUINI
2169 350 2450 408 OPERUM
2486 351 2665 409 PARS
2700 352 2791 409 IV.

384 455 691 523 languidus,
721 456 990 527 periuriis,
1022 456 1279 524 falsitate,
1308 468 1364 514 et
1402 459 1697 515 mendaciis
1725 458 1835 528 25
1857 473 1972 513 ma-
2001 465 2049 522 Α

384 542 596 600 eulatus
642 558 783 612 sum,
823 562 977 602 vanae
1015 548 1197 618 gloriae
1238 549 1459 605 levitate
1501 550 1763 620 turgidus.
1814 547 1969 617 Saepe

379 636 646 705 maiorum
670 641 823 711 iussa
866 646 1189 715 contempsi.
1237 644 1392 716 Same
1432 646 1698 701 rebellans
1742 653 1797 699 et
1826 660 1969 699 mur-

380 740 601 786 murans
629 734 834 790 exstiti.
861 735 1014 806 Saepe
1032 738 1197 793 corde
1226 738 1429 793 tumido
1455 739 1834 794 excusationes
1874 738 1969 792 fal-

379 834 469 874 sas
490 822 679 892 obieci.
706 824 935 880 Promisi
957 825 1022 881 de
1041 827 1126 882 his
1148 836 1204 883 et
1219 828 1587 899 hujuscemodi
1610 828 1764 882 malis
1785 844 1966 882 emen-

3537 352 3652 407 ΠΩ

2821 464 2925 523 1V.

2091 576 2117 604 ι
2144 558 2545 637 Supplicatio
2577 576 2704 637 pro
2740 559 2951 636 gratia
2980 558 3243 617 virtutes
3270 577 3472 637 omnes
3506 579 3654 620 eon-

2185 635 2476 716 sequendi
2508 645 2563 697 et
2578 635 2758 697 ‘vitia
2787 636 3111 697 contraria
3138 635 3519 699 emendandi.

2136 753 2427 809 Pollicetur
2452 755 2607 810 nobis
2633 754 2866 821 Veritas,
2907 770 3028 825 qua:
3070 756 3258 827 utique
3293 757 3472 812 nescit
3496 773 3655 814 men-

2066 843 2192 898 tiri:
2225 842 2463 911 Pulsate,
2491 855 2542 899 et
2578 846 2841 915 aperietur
2864 847 3003 900 vobis
3040 845 3259 916 (Matth.
3292 863 3387 912 vn,
3419 847 3493 919 7).
3525 848 3653 902 Pul-

318 936 337 943 -
377 911 668 979 (lationem,
698 926 754 970 et
781 933 995 987 semper
1023 919 1076 972 in
1107 918 1314 973 eisdem
1340 919 1569 974 relabor.
1594 919 1821 989 Propter
1850 919 1964 973 haec
2062 949 2245 990 scmus
2264 951 2393 1007 ergo
2405 911 2630 1007 januani
2652 937 3002 1008 psalmorum,
3024 911 3085 992 ut.
3106 938 3314 1008 aperiat
3350 940 3530 1005 nobis,
3550 943 3650 1011 qui

375 1005 598 1059 delenda
624 1009 927 1063 coenobium
953 1010 1102 1079 petii,
1137 1012 1231 1065 sed
1260 1027 1474 1081 semper
1513 1013 1564 1066 in
1606 1012 1845 1066 deterius
1873 1027 1957 1066 eo.

373 1092 644 1165 Praecepta
671 1104 758 1151 tua
788 1099 907 1153 sine
932 1099 1336 1155 intermissione
1372 1111 1679 1156 contemno.
1719 1100 1958 1155 Promis-

372 1186 558 1241 siones
605 1203 776 1255 meas,
816 1189 1012 1259 quibus
1051 1207 1138 1247 me
1180 1201 1423 1248 sanctam
1473 1192 1709 1264 regulam
1753 1199 1961 1247 scruta-

373 1282 551 1329 turum
581 1275 715 1348 [ΑΙ.,
758 1281 1120 1353 servaturum]
1146 1283 1430 1353 spopondi,
1464 1282 1752 1336 momentis
1779 1281 1960 1352 singu-

372 1363 436 1418 lis
463 1365 624 1422 violo.
673 1367 904 1439 Semper
928 1371 1116 1426 infelix
1140 1373 1207 1428 ad
1245 1374 1618 1439 scurrilitates,
1663 1373 1731 1427 ad
1760 1372 1959 1426 vanilo-

368 1454 514 1522 quia,
544 1456 611 1510 ad
639 1458 969 1515 otiositatem
1013 1460 1228 1517 festino.
1284 1462 1397 1518 Heu
1426 1464 1550 1517 me!
1602 1472 1817 1532 quanta:
1853 1463 1955 1517 im-

367 1548 615 1615 pietates,
646 1560 863 1618 quantm
888 1552 1254 1623 blasphemiae,
1298 1565 1514 1624 quantm
1541 1556 1769 1610 diversa:
1811 1563 1958 1609 tene-

367 1637 478 1690 brat
507 1637 749 1692 lacerant
794 1649 1031 1695 mentem
1080 1645 1296 1697 meam!
1345 1643 1477 1712 Quae
1520 1646 1793 1709 universa,
1846 1644 1953 1698 nisi

367 1725 626 1782 ineffabili
666 1728 924 1785 bonitatis
956 1739 1060 1786 tua:
1087 1732 1457 1788 misericordia
1503 1735 1731 1804 repellas
1774 1752 1837 1789 ac
1862 1736 1953 1790 de-

362 1826 475 1873 teas
501 1835 515 1883 ;
546 1828 754 1874 mortua
781 1830 865 1877 est
903 1822 957 1877 in
986 1826 1226 1893 peccatis
1248 1827 1425 1881 anima
1455 1843 1595 1881 mea.
1626 1827 1784 1881 Plura
1824 1836 1951 1882 sunt

363 1907 502 1962 mala
543 1925 681 1976 mea,
715 1912 768 1966 in
810 1915 1004 1984 quibus
1042 1931 1138 1985 per
1178 1918 1536 1987 ignorantiam
1580 1920 1762 1989 lapsus
1791 1935 1943 1975 sum:

363 1996 533 2064 plura,
564 2015 683 2070 qua:
719 2003 901 2059 animo
947 2021 1070 2060 meo
1109 2009 1443 2063 exciderunt.
1493 2010 1778 2063 lnnumcra
1822 2019 1951 2065 sunt

361 2088 581 2145 omnino
610 2091 770 2158 mala,
809 2109 929 2163 qua:
955 2097 1122 2152 miser
1158 2100 1428 2164 coznmisi,
1461 2108 1518 2154 et
1552 2107 1755 2168 quanta
1794 2114 1950 2154 enar-

364 2194 482 2235 rare
509 2196 619 2237 non
648 2182 890 2238 sullicio:
922 2202 1021 2255 pro
1048 2189 1243 2258 quibus
1286 2191 1539 2244 omnibus
1564 2190 1696 2244 mihi
1737 2190 1949 2261 perdito

364 2281 626 2331 tormenta
656 2279 879 2348 pariter,
909 2289 965 2334 et
1004 2298 1234 2347 vermes,
1263 2291 1319 2337 et
1364 2284 1502 2354 ignis
1543 2293 1767 2353 paratur
1800 2293 1951 2339 arter-

362 2380 481 2420 uus.
505 2365 791 2436 Succurre,
819 2370 1046 2428 Domine
1066 2372 1195 2429 Jesu
1221 2374 1454 2439 Christe,
1484 2376 1615 2429 mihi
1640 2375 1947 2431 miserrimo

358 2464 413 2509 et
438 2460 652 2528 captivo
676 2477 690 2527 ;
713 2470 770 2516 et
797 2479 864 2517 ne
890 2480 978 2519 me.
1006 2466 1186 2535 perire
1221 2467 1469 2535 patiaris,
1496 2484 1657 2537 quem
1695 2467 1946 2538 dignatus

357 2561 419 2602 es
447 2548 717 2606 redimere
754 2554 994 2621 pretioso
1039 2556 1304 2626 sanguine
1349 2566 1458 2612 tuo.
1511 2557 1589 2613 Ne
1635 2560 1829 2627 perdas
1858 2574 1945 2613 me

357 2651 481 2691 cum
505 2641 744 2708 peccatis
770 2644 931 2710 meis,
957 2660 1133 2714 neque
1162 2646 1216 2699 in
1240 2655 1503 2701 mternum
1531 2663 1779 2705 reserves
1801 2649 1942 2704 mala

361 2740 498 2781 mea.
526 2726 606 2782 Ne
639 2728 893 2799 projieias
932 2748 1021 2788 me
1043 2749 1073 2787 a
1105 2733 1240 2790 facie
1271 2743 1381 2800 tua,
1430 2753 1501 2792 ne
1537 2738 1803 2807 despicias
1831 2754 1937 2804 me,

358 2832 534 2887 neque
561 2819 860 2877 confundas
889 2839 977 2879 me
1004 2834 1319 2893 peccantem
1358 2828 1413 2881 in
1459 2834 1529 2882 te.
1573 2827 1942 2884 lteminiscerc

358 2908 767 2965 miserationum
798 2919 1033 2969 tuarum.
1066 2915 1169 2983 Qui
1207 2917 1345 2972 facis
1371 2933 1562 2989 magna
1591 2926 1648 2973 et
1673 2919 1937 2974 mirabilia

355 3000 559 3069 absque
579 3018 829 3070 numero,
869 3021 1023 3060 serva
1048 3022 1135 3062 me
1171 3008 1405 3078 gratuito
1446 3024 1668 3064 munere
1695 3018 1807 3064 tuo.
1836 3008 1939 3077 Qui

356 3105 462 3144 non
486 3093 739 3160 sprevisti
762 3094 1132 3164 publicanum,
1162 3112 1229 3153 ne
1253 3113 1479 3168 spernas
1508 3113 1613 3153 me.
1645 3098 1744 3166 Qui
1772 3100 1937 3157 latro-

2063 1024 2118 1078 in
2148 1026 2370 1094 psalmis
2397 1027 2623 1081 habitat.
2653 1028 2771 1098 Ipse
2794 1036 2879 1082 est
2900 1030 3044 1084 enim
3083 1030 3305 1096 ostium,
3329 1039 3380 1084 et
3412 1032 3529 1101 ipse
3558 1040 3653 1088 est

2060 1117 2336 1172 ostiarius.
2373 1117 2695 1173 Scrutcmur
2736 1129 2998 1188 praeterea
3053 1121 3152 1176 hos
3199 1130 3407 1191 septem
3447 1125 3653 1179 decan-

2061 1206 2251 1261 tandos
2287 1207 2475 1263 sedulo
2509 1208 2767 1277 psalmos,
2796 1217 2853 1263 et
2876 1208 3179 1265 videbimus
3216 1210 3338 1279 plus
3364 1226 3459 1267 eos
3484 1229 3652 1283 posse

2058 1296 2112 1350 in
2140 1297 2408 1364 oratione,
2427 1313 2592 1368 quam
2620 1299 2890 1355 humanus
2914 1297 3109 1354 sufﬁcit
3136 1315 3335 1355 sermo.
3364 1301 3425 1356 ln
3450 1303 3535 1358 his
3563 1304 3651 1359 di-

2055 1387 2194 1441 vina:
2218 1386 2350 1457 legis
2378 1387 2721 1443 dulcissimus
2751 1404 2921 1453 amor,
2950 1388 3018 1443 de
3041 1390 3393 1460 perceptione
3421 1392 3652 1449 alterius

2055 1479 2180 1533 vita:
2224 1479 2483 1534 ﬁdissima
2520 1494 2666 1549 spes,
2706 1488 2894 1535 contra
2932 1479 3231 1549 spiritualia
3274 1480 3436 1547 bella,
3481 1482 3652 1537 fortia

2053 1584 2224 1636 arma,
2256 1569 2310 1623 in
2336 1569 2684 1625 tribulatione
2725 1570 3001 1641 singulare
3034 1571 3343 1640 praesidium
3372 1591 3386 1625 :
3435 1580 3653 1643 tempo-

2053 1659 2222 1715 ralem
2270 1661 2545 1725 timorem,
2594 1662 2981 1731 tristitiamque
3028 1661 3328 1732 expellunt,
3374 1664 3649 1734 spirituali

2047 1751 2386 1820 jucuntlitate
2406 1759 2569 1822 atque
2590 1751 2774 1807 laetitia
2796 1762 3008 1809 mentes
3030 1755 3337 1810 exhilarant
3361 1774 3374 1810 :
3401 1756 3645 1822 Exaudi,

2050 1842 2289 1905 Domine,
2310 1843 2573 1912 justitiam
2602 1861 2805 1910 meam;
2826 1844 2908 1898 Ad
2931 1856 3000 1912 te,
3032 1845 3276 1912 Domine,
3304 1846 3503 1914 levavi;
3532 1848 3650 1902 Do-

2051 1934 2221 1987 minus
2246 1933 2562 1989 illuminatio
2584 1951 2735 2001 mea;
2763 1935 2831 1990 In
2847 1946 2913 2001 te,
2941 1936 3184 2004 Domine,
3208 1939 3442 2008 speravi;
3471 1938 3644 2006 Deus,

2048 2026 2103 2078 in
2124 2034 2173 2080 te
2191 2028 2410 2096 sperari,
2434 2027 2691 2094 Domine;
2707 2028 2937 2096 Inclina,
2956 2031 3195 2099 Domine,
3219 2049 3397 2087 aurem
3421 2044 3561 2087 tuam
3583 2036 3638 2089 δ.

2297 2139 2423 2194 Post
2454 2141 2784 2197 Dominicam
2829 2142 3133 2201 Orationem
3172 2161 3388 2213 versus:

2119 2251 2338 2308 Custodi
2361 2254 2597 2309 animam
2624 2270 2818 2322 meam,
2843 2266 2895 2313 et
2925 2258 3074 2329 eripe
3101 2275 3208 2325 me,
3235 2259 3501 2328 Domine;
3527 2279 3643 2318 non

2046 2348 2367 2415 confundor,
2412 2350 2675 2419 quoniam
2715 2352 2961 2407 invocavi
3014 2361 3087 2409 te.
3140 2354 3555 2412 Confundautur
3580 2367 3643 2412 et

2045 2441 2321 2506 deﬁciant,
2351 2442 2700 2499 detrahentes
2729 2445 2925 2499 animae
2963 2460 3132 2500 mea}:
3164 2448 3479 2517 operiantur
3510 2466 3642 2504 con-

2045 2533 2257 2588 fusione
2283 2543 2339 2589 ct
2371 2535 2594 2603 pudore,
2617 2536 2709 2605 qui
2738 2545 2988 2605 qtuerunt
3024 2539 3163 2596 mala
3190 2540 3343 2594 mihi.
3368 2540 3636 2613 Exsurge,

2044 2625 2288 2690 Domine,
2319 2627 2555 2695 prteveni
2578 2642 2692 2691 eos,
2723 2629 2834 2700 26
2852 2636 2907 2684 et
2927 2631 3180 2686 subverte
3201 2648 3317 2699 eos,
3346 2634 3493 2703 eripe
3521 2636 3644 2690 ani-

2043 2731 2183 2769 mam
2209 2731 2385 2770 meam
2403 2717 2473 2771 ab
2501 2717 2686 2787 impio,
2711 2718 2971 2774 frameam
2998 2720 3343 2775 inimicorum
3371 2723 3439 2777 de
3465 2739 3635 2777 manu

2043 2817 2153 2862 tua.
2180 2810 2321 2863 Deus
2344 2825 2519 2874 meus,
2542 2811 2690 2880 eripe
2716 2826 2802 2865 me
2830 2811 2898 2866 de
2928 2827 3091 2866 manu
3129 2814 3452 2882 peccatoris,
3483 2822 3541 2868 et
3562 2815 3638 2871 de

2041 2915 2204 2954 manu
2230 2908 2419 2955 contra
2443 2900 2615 2971 legem
2642 2901 2851 2972 agentis
2880 2910 2935 2955 et
2956 2902 3144 2972 iniqui.
3176 2903 3398 2957 Intende
3436 2904 3638 2958 animae

2042 3006 2194 3054 meat,
2222 2998 2275 3044 et
2299 2990 2465 3044 libera
2489 3006 2631 3055 eam,
2662 2999 2882 3061 propter
2902 2993 3148 3049 inimicos
3170 3010 3319 3049 meos
3348 2996 3498 3065 eripe
3520 3011 3631 3050 me.

2040 3079 2170 3135 Esto
2201 3080 2333 3134 mihi
2363 3081 2417 3134 in
2444 3080 2612 3135 Deum
2642 3090 3027 3152 protectorem,
3055 3092 3111 3138 et
3144 3084 3196 3137 in
3238 3084 3415 3139 locum
3456 3087 3635 3141 muni-

355 3180 407 3237 ηί
436 3182 493 3236 in
516 3148 679 3239 ἔωθε
715 3148 901 3256 βδείιο
919 3148 1495 3256 *ξυθῶξιξί
1520 3148 1797 3260 ωηιξρυί
1824 3148 2009 3249 αλιι-Ο
2039 3181 2172 3236 tum,
2211 3181 2271 3226 ut
2307 3172 2515 3228 salvum
2546 3189 2631 3227 me
2673 3174 2857 3229 facias.
2892 3175 3118 3240 Exaudi,
3150 3176 3399 3243 Domine,
3431 3194 3632 3233 vocem

353 3273 474 3329 licri
500 3280 791 3345 peccatrici
841 3281 987 3336 flenti
1031 3283 1100 3338 ad
1150 3285 1378 3355 vestigia
1421 3293 1510 3340 tua
1557 3286 1810 3341 misertus
1852 3304 1932 3354 es,

354 3366 612 3423 miserere
638 3372 765 3424 mei.
798 3370 894 3426 Cui
920 3381 1004 3428 est
1031 3389 1153 3429 cum
1185 3374 1295 3430 Deo
1320 3376 1479 3431 Patre
1507 3384 1563 3432 et
1588 3386 1780 3433 sancto
1817 3377 1937 3448 Spi-

355 3457 460 3510 ritu
499 3458 553 3511 in
593 3458 802 3515 Deitate
827 3463 1126 3518 substantia
1168 3464 1352 3536 {Forte
1389 3467 1550 3534 deest,
1593 3469 1723 3542 una]
1748 3485 1934 3540 mquus

353 3545 546 3612 honor,
577 3556 631 3604 et
649 3564 747 3619 par
765 3551 931 3621 gloria
963 3554 1019 3607 in
1046 3556 1240 3610 szecula
1267 3559 1601 3614 saeculorum.
1629 3560 1822 3617 Amen.

575 3681 695 3736 Alia
724 3686 893 3740 oratio
920 3686 986 3741 de
1023 3689 1344 3759 confessione
1371 3704 1718 3763 peccatorum.

421 3817 776 3889 Omnipotens
814 3831 870 3877 et
916 3822 1227 3881 misericors
1274 3826 1437 3892 Deus,
1483 3829 1630 3885 solus
1673 3834 1933 3887 essentia-

350 3911 474 3966 liter
502 3913 692 3978 bonus,
716 3914 845 3968 velit
885 3914 1035 3981 nolit,
1065 3918 1309 3987 cogitatio
1339 3919 1564 3974 hominis
1604 3923 1933 3991 conﬁtebitur

349 4001 445 4056 tibi
473 4000 644 4075 (Psal.
698 4020 857 4069 Lxxv,
909 4005 1015 4078 ll)‘.
1061 4005 1167 4061 Sed
1196 4016 1251 4062 et
1287 4024 1387 4081 ego
1413 4010 1719 4066 voluntarie
1757 4013 1928 4067 eonﬁ-

349 4100 468 4147 teor
491 4108 576 4148 me
614 4109 890 4163 peccasse,
923 4105 978 4150 et
1015 4097 1177 4166 impie
1204 4099 1379 4169 egisse
1415 4100 1470 4153 in
1517 4110 1811 4171 conspectu
1838 4112 1931 4159 tuo

346 4183 497 4253 juxta
519 4200 708 4241 omnes
736 4187 1187 4254 abominationes,
1211 4206 1346 4259 quas
1368 4192 1584 4261 iniquus
1605 4193 1782 4250 facere
1804 4210 1933 4250 con-

346 4277 556 4345 suevit;
585 4277 685 4333 sed
717 4278 1099 4333 misericordia:
1126 4288 1228 4335 tuae
1268 4284 1639 4353 magnitudine
1676 4296 1928 4356 peccato-

347 4380 467 4419 rum
497 4382 736 4421 meorum
785 4368 1025 4422 vincitur
1064 4371 1394 4439 magnitudo.
1446 4373 1616 4444 Major
1658 4384 1742 4430 cst
1782 4378 1926 4431 enim

2038 3278 2236 3328 meam,
2264 3279 2370 3332 qua
2415 3263 2642 3317 clamavi
2682 3264 2748 3317 ad
2791 3272 2866 3329 te,
2898 3264 3158 3321 miserere
3201 3268 3307 3322 mei
3339 3276 3395 3321 et
3430 3270 3635 3324 exaudi

2038 3369 2143 3407 me.
2169 3353 2395 3418 Exaudi,
2416 3353 2664 3419 Domine,
2690 3370 2877 3410 vocem
2899 3356 3294 3425 deprecationis
3320 3374 3475 3424 meae,
3497 3360 3632 3415 dum

2035 3459 2130 3498 ore
2152 3444 2218 3498 azl
2251 3452 2327 3509 te,
2358 3452 2413 3498 ct
2445 3446 2570 3499 dum
2597 3446 2800 3501 extollo
2838 3464 3031 3503 manus
3075 3464 3224 3504 meas
3269 3451 3337 3505 ad
3367 3451 3630 3520 templum

2035 3542 2283 3589 sanctum
2311 3541 2479 3589 tuum.
2511 3535 2682 3591 Intret
2709 3538 2885 3593 oratio
2922 3555 3044 3594 mea
3072 3540 3126 3593 in
3157 3550 3447 3611 conspectu
3491 3551 3584 3597 tuo
3611 3561 3628 3597 :

2036 3625 2234 3679 inclina
2262 3641 2448 3681 aurem
2472 3634 2618 3681 tuam
2642 3628 2709 3682 ad
2740 3629 3177 3699 deprecationem
3216 3648 3413 3698 meam,
3446 3632 3633 3690 Domi-

2037 3734 2120 3771 ne.
2149 3716 2318 3771 Intret
2344 3717 2633 3787 postulatio
2672 3734 2788 3773 mea
2819 3720 2875 3774 in
2902 3730 3197 3791 conspectu
3229 3730 3340 3787 tuo,
3371 3722 3629 3788 Domine,

2034 3808 2328 3863 secundum
2356 3808 2629 3878 eloquium
2660 3819 2809 3865 tuum
2848 3812 2998 3881 eripe
3026 3829 3131 3868 me.
3178 3814 3338 3884 Eripe
3384 3831 3490 3878 me,
3522 3814 3634 3871 Do-

2035 3900 2200 3965 mine,
2231 3900 2300 3954 ab
2345 3899 2563 3953 homine
2605 3900 2786 3966 male;
2828 3917 2858 3954 a
2906 3902 3025 3956 viro
3073 3904 3259 3973 iniquo
3295 3904 3464 3958 libera
3509 3920 3624 3960 me.

2035 3987 2196 4057 Eripe
2218 4003 2305 4042 me
2335 3988 2402 4041 de
2428 3990 2778 4058 Operantihus
2801 3991 3164 4061 iniquitatem,
3187 3995 3328 4049 etde
3348 3995 3478 4059 viris
3500 4012 3632 4052 sane

2033 4083 2252 4151 guinum
2281 4082 2428 4136 salva
2457 4098 2561 4137 me.
2594 4081 2996 4140 Convertuntur
3037 4087 3241 4141 inimici
3287 4087 3393 4141 mei
3422 4095 3632 4142 retror-

2032 4188 2170 4235 sum,
2203 4172 2257 4225 in
2288 4189 2608 4243 quacunque
2650 4175 2736 4230 die
2778 4177 3100 4233 invocavero
3129 4186 3200 4243 te,
3239 4193 3365 4233 ecce
3390 4180 3626 4248 cognovi

2031 4263 2285 4332 quoniam
2310 4262 2452 4318 Deus
2490 4280 2643 4319 meus
2667 4280 2728 4319 es
2748 4274 2824 4320 tu.
2858 4266 2965 4321 Fac
2990 4283 3218 4334 mecum,
3262 4270 3508 4335 Domine,
3538 4271 3622 4325 si-

2031 4370 2192 4422 gnum
2216 4354 2271 4407 in
2293 4354 2514 4419 bonum,
2542 4364 2601 4410 ut
2623 4357 2840 4412 videant
2868 4361 2961 4428 qui
2989 4376 3075 4415 me
3116 4362 3365 4427 oderunt,
3395 4372 3451 4416 et
3480 4378 3620 4418 con-

346 4456 716 4511 misericordia
742 4464 833 4511 tua
862 4457 1027 4512 totius
1055 4459 1239 4513 mundi
1286 4463 1544 4528 peccatis,
1573 4472 1628 4517 et
1670 4464 1791 4519 ideo
1820 4482 1929 4520 ma-
1958 4497 2005 4555 D
2031 4444 2699 4555 Τυξξδθξξίιξξζὲξίμηρωθξ
2741 4449 2955 4506 Domini
2996 4453 3365 4547 “nmmum,
3396 4470 3463 4510 ex
3508 4454 3621 4512 hoc

347 4555 439 4601 net
456 4547 591 4602 mihi
615 4548 682 4603 de
706 4547 1032 4620 indulgentia
1062 4563 1205 4617 spes,
1232 4550 1358 4618 quia
1387 4560 1569 4606 manet
1605 4554 1738 4607 mihi
1758 4557 1932 4610 omni-

347 4640 447 4693 bus
492 4637 639 4711 [Vox
662 4640 910 4695 omnibus
937 4640 1215 4713 redundat]
1263 4641 1332 4696 de
1360 4641 1729 4698 misericordia
1773 4648 1931 4701 certi-

347 4729 493 4783 tudo.
527 4728 737 4785 Ablutis
765 4746 895 4802 ergo
934 4732 1183 4788 sordibus
1225 4734 1621 4803 praeteritorum
1660 4752 1924 4804 meorum,

344 4819 411 4874 da
436 4819 570 4874 mihi
597 4826 653 4875 et
678 4820 831 4888 velle,
858 4831 914 4877 et
939 4838 1099 4892 posse
1137 4824 1482 4893 prtesentium
1511 4825 1773 4880 malorum
1802 4842 1928 4882 cau-

343 4924 436 4964 sas
459 4910 735 4975 excidere,
777 4927 880 4966 nec
923 4927 1111 4967 eorum
1154 4915 1589 4986 suggestionibus
1633 4917 1687 4971 in
1717 4919 1927 4989 reliquo

342 5001 546 5057 aditum
573 5001 851 5069 adhibere,
896 5003 990 5057 sed
1027 5020 1323 5075 congruum
1367 5006 1543 5061 locum
1586 5017 1641 5061 et
1669 5009 1921 5078 spatium,

341 5102 399 5150 et
423 5093 615 5165 dignos
638 5092 972 5163 poenitentia:
1000 5092 1205 5149 fructus
1229 5104 1354 5164 peto
1382 5097 1513 5151 mihi
1542 5115 1648 5152 non
1670 5098 1921 5173 deneges.

343 5186 561 5241 Certum
590 5194 675 5241 est
693 5200 815 5241 eum
841 5182 1048 5257 [Forte,
1075 5194 1288 5241 certum
1312 5197 1397 5243 est
1415 5190 1583 5262 enim]
1615 5192 1667 5245 in
1695 5193 1923 5250 salutem

345 5275 647 5330 mortalium
669 5275 919 5347 gaudium
948 5283 1099 5330 tuum
1116 5276 1398 5346 perﬁcere,
1427 5281 1519 5349 qui
1542 5297 1650 5336 non
1677 5284 1763 5338 vis
1787 5300 1925 5341 mor-

347 5377 453 5420 tem
474 5367 796 5436 peccatoris,
843 5367 937 5423 sed
973 5376 1034 5422 ut
1057 5375 1404 5424 convertatur
1429 5377 1484 5425 et
1509 5373 1654 5428 vivat
1675 5376 1815 5445 apud
1845 5386 1919 5443 te,

341 5455 434 5524 qui
460 5455 513 5509 in
541 5457 714 5512 tribus
732 5459 979 5527 personis
1006 5460 1144 5515 vivis
1171 5467 1227 5516 et
1247 5475 1441 5533 regnas
1471 5462 1613 5520 Deus
1634 5465 1690 5519 in
1726 5468 1922 5524 smcula

342 5547 672 5604 mulorum.
715 5550 906 5607 Amen.

388 5693 440 5747 ἐξ
471 5679 528 5733 In
569 5679 834 5751 prioribus
860 5685 1186 5742 editionibus
1213 5688 1413 5744 omissa
1445 5706 1567 5747 esse
1592 5693 1806 5750 videtur
1830 5712 1917 5751 ru-

342 5751 491 5808 brica
519 5766 614 5806 seu
637 5750 839 5819 titulus,
867 5755 958 5823 qui
984 5755 1072 5808 hic
1101 5773 1130 5809 a
1157 5757 1313 5813 nobis
1335 5760 1609 5830 suppletus
1635 5772 1738 5819 est.

2031 4550 2175 4589 nunc
2195 4543 2250 4590 et
2270 4551 2440 4603 usque
2460 4537 2513 4591 in
2539 4539 2814 4593 saeculum.

2668 4650 2981 4707 Postulatio.

2095 4760 2295 4816 Praesta
2324 4762 2478 4828 mihi,
2523 4763 2769 4831 Domine,
2799 4766 3047 4835 spiritum
3071 4808 3086 4831 ,
3116 4778 3176 4822 ut
3201 4778 3251 4823 te
3292 4779 3402 4824 tota
3432 4771 3622 4827 cordis

2026 4852 2319 4907 intentione
2341 4854 2655 4923 exquiram;
2679 4856 2871 4912 deinde
2894 4866 2954 4911 ut
2976 4858 3136 4928 digna
3159 4867 3370 4929 petam;
3401 4873 3623 4931 postre-

2026 4958 2114 4995 mo
2135 4949 2192 4995 ut
2216 4942 2528 5011 petitionum
2555 4960 2797 5000 mearum
2826 4946 3075 5004 effectum
3106 4965 3426 5021 consequar.
3462 4953 3621 5010 Exue.

2027 5047 2112 5085 me
2141 5047 2169 5084 a
2193 5033 2428 5101 peccatis
2480 5035 2791 5102 praeteritis,
2821 5037 3030 5093 custodi
3070 5053 3157 5093 me
3185 5040 3253 5094 ab
3279 5040 3623 5097 imminenti-

2024 5121 2145 5184 bus,
2187 5122 2336 5175 muni
2383 5139 2470 5177 me
2513 5140 2543 5178 a
2590 5123 2804 5181 futuris.
2846 5126 2995 5181 Dona
3030 5130 3162 5184 mihi
3203 5130 3309 5184 cibi
3343 5140 3621 5202 potusque

2021 5220 2408 5280 congruentem
2439 5213 2843 5280 abstinentiam,
2879 5217 3143 5272 castitatis
3163 5218 3459 5289 cingulum,
3488 5238 3613 5277 cor-

2021 5298 2104 5353 dis
2129 5300 2500 5372 labiorumque
2524 5304 2863 5371 munditiam,
2893 5306 3093 5378 largire
3114 5310 3245 5364 mihi
3266 5311 3616 5380 patientiam,

2022 5389 2501 5461 longanimitatcm,
2527 5394 2936 5465 benignitatem,
2962 5402 3303 5467 modestiam,
3327 5403 3618 5471 spirituale

2021 5476 2374 5544 gaudium,et
2418 5478 2716 5549 perfectum
2758 5484 2944 5539 mundi
2988 5494 3372 5557 contemptum.
3407 5489 3617 5547 'l‘ribue

2022 5565 2152 5621 mihi
2180 5566 2357 5642 [nulli]
2376 5571 2713 5628 occasionem
2740 5574 2977 5629 scandali
3008 5578 3272 5646 praebere,
3294 5578 3611 5650 simplicita-

2098 5702 2125 5742 δ
2156 5701 2428 5773 Septimus
2454 5706 2689 5774 psalmus
2711 5708 2799 5763 hic
2829 5711 2995 5766 deest.
