3968 6180
247 431 270 472 δ
288 371 378 426 ῑῗὸ

1147 363 1535 422 LITURGICA.
1578 395 1648 405 —
1685 364 1772 421 DE
1805 362 2053 420 PSALM.
2093 363 2251 421 USU.
2286 394 2360 406 —-
2394 362 2577 420 PARS
2615 363 2656 419 Ι.

3436 370 3540 425 £74

250 476 382 541 ﬂem
430 481 838 552 puritatemque
884 477 1125 548 diligere,
1148 478 1413 533 instanter
1465 492 1529 533 ea
1550 493 1670 547 qua:
1720 477 1867 546 pacis
1895 486 1942 538 Α
1971 478 2041 529 bit
2067 476 2206 530 vobis
2252 474 2434 546 (Joan.
2468 492 2581 542 xw,
2638 476 2746 548 l5).
2799 476 3035 533 Obsecro
3064 487 3133 542 te,
3192 488 3252 534 ut
3288 479 3382 535 des
3411 483 3549 538 mihi-

277 583 399 628 suut
419 572 599 642 sequi.
643 570 827 640 Longe
859 569 944 624 fac
979 586 1010 623 a
1038 584 1126 623 me
1146 568 1494 639 hypocrisim,
1526 568 1702 623 tribue
1730 568 1863 623 mihi

274 678 459 718 veram
479 659 861 723 humilitatem,
887 658 1101 728 plenam
1129 657 1542 722 confessionem,
1567 657 1865 728 perfectam

273 755 733 814 emendationem.
758 750 925 807 Aufer
945 768 977 805 a
1003 751 1184 821 lingua
1215 766 1333 805 mea
1349 750 1868 819 jurandieonsuetu-

273 850 479 914 dinem,
509 844 916 901 mendaciorum
946 843 1219 908 nebulam,
1245 843 1594 899 detractionis
1634 851 1863 912 pestem,

274 936 725 997 murmurationis
744 935 1056 1006 ingluviem,
1079 934 1428 989 scurrilitatis
1457 950 1521 990 ac
1544 935 1864 1005 stultiloquii

276 1030 596 1085 vanitatem.
638 1027 787 1082 Pone
818 1024 1121 1080 custodiam
1139 1025 1222 1079 ori
1258 1039 1403 1088 meo,
1448 1032 1504 1080 et
1522 1025 1721 1079 ostium
1757 1024 1865 1079 cir-

275 1120 618 1177 cumstantiae
648 1118 805 1173 labiis
832 1117 985 1172 meis.
1014 1115 1259 1172 Concede
1282 1116 1437 1181 mihi,
1466 1130 1670 1185 quaeso,
1696 1117 1866 1187 majo-

280 1228 399 1268 rum
422 1210 582 1266 subdi
615 1209 878 1279 imperiis,
898 1216 955 1263 et
973 1207 1140 1264 alacri
1183 1208 1348 1264 corde
1370 1208 1438 1263 ad
1474 1209 1859 1275 obedientiam,

278 1304 344 1359 ad
370 1302 828 1372 compassionem,
850 1301 919 1355 ad
936 1300 1279 1356 concordiam
1317 1300 1434 1357 sine
1461 1315 1613 1354 mora
1641 1314 1864 1355 concur-

280 1409 419 1449 rere.
436 1394 512 1446 Da
539 1392 672 1447 mihi
699 1392 753 1446 in
774 1391 1026 1445 omnibus
1047 1390 1447 1454 discretionem,
1470 1398 1529 1444 ut
1552 1390 1757 1460 possim
1783 1390 1858 1444 in-

279 1494 362 1537 ter
400 1483 539 1536 bona
581 1480 834 1549 malaque
867 1480 1193 1544 discernere,
1239 1488 1299 1534 ut
1341 1481 1511 1535 bonos
1554 1480 1761 1534 valeam
1791 1481 1860 1535 ad

280 1577 502 1632 meliora
529 1575 828 1641 exhortari,
848 1581 904 1629 et
926 1588 1020 1629 eos
1039 1574 1131 1643 qui
1171 1574 1395 1629 adverse
1416 1574 1752 1646 gradiuntur,
1792 1574 1861 1628 ad

281 1679 385 1724 tua:
424 1668 767 1725 rectitudinis
806 1668 1005 1723 lineam
1038 1682 1309 1723 revocare.
1350 1667 1537 1723 Excita
1586 1675 1857 1737 torporem

281 1780 483 1832 meum,
522 1771 582 1818 et
606 1762 871 1817 desidiam
898 1776 1074 1817 meam
1102 1761 1212 1816 tuis
1247 1761 1502 1827 stimulis,
1541 1769 1599 1816 ct
1642 1761 1728 1816 fac
1771 1776 1858 1817 me

1964 580 2088 620 cum
2115 566 2307 620 eodem
2352 565 2489 619 Filio
2516 576 2608 621 tuo
2651 576 2702 621 te
2738 566 2791 620 in
2820 568 3072 622 omnibus
3120 569 3439 626 benedicere
3483 581 3541 626 et

1964 656 2284 727 glorificare,
2313 658 2440 728 quia
2492 674 2723 728 quorum
2759 675 2863 714 una
2896 667 2980 715 est
3024 659 3345 727 substantia,
3377 679 3540 719 unum

1963 757 2021 804 et
2065 752 2269 807 datum.
2325 751 2432 806 Des
2460 752 2622 807 etiam
2674 751 2808 807 mihi
2858 768 2959 823 per
3007 752 3158 808 illum
3202 762 3259 808 et
3283 735 3406 809 cum
3448 756 3541 811 illo

1962 850 2305 909 peccatorum
2352 843 2591 898 omnium
2614 841 2848 908 veniam,
2900 852 2956 898 et
2983 845 3360 901 mandatorum
3414 854 3507 901 tuo

1964 946 2083 985 rum
2145 933 2473 999 custodiam;
2526 930 2867 989 dilectionem
2927 942 3093 998 tuam,
3132 944 3188 990 et
3232 934 3532 991 fraternum

1963 1036 2223 1088 amorem,
2250 1031 2437 1078 contra
2468 1023 2739 1078 diabolum
2767 1024 2927 1081 fortia
2953 1041 3124 1091 arma,
3174 1034 3230 1081 et
3253 1042 3380 1097 erga
3424 1026 3534 1081 fra—

1963 1120 2075 1167 tres
2125 1112 2451 1167 charilatem
2505 1114 2844 1183 perfectam;
2890 1116 3302 1187 temperantiam
3350 1119 3455 1173 cibi
3485 1129 3540 1175 et

1959 1211 2144 1273 potus,
2173 1211 2228 1258 et
2267 1202 2506 1259 libidinis
2525 1205 2943 1273 continentiam;
2967 1206 3207 1263 auditum
3234 1219 3460 1282 castum,
3485 1219 3541 1265 ct

1961 1294 2257 1364 simplicem
2286 1296 2492 1363 visum;
2536 1296 2837 1367 puritatem
2869 1297 3069 1364 cordis,
3117 1306 3171 1353 et
3220 1300 3538 1355 munditiam

1960 1384 2232 1453 corporis;
2280 1385 2662 1455 cogitationem
2718 1388 3001 1454 mundam,
3048 1396 3105 1444 et
3150 1389 3261 1444 oris
3281 1398 3336 1444 et
3360 1391 3541 1446 cordis

1960 1473 2280 1540 custodiam,
2328 1484 2505 1529 utnec
2531 1491 2627 1530 cor
2669 1475 2812 1531 intus
2858 1475 3198 1548 iniquitatem
3243 1480 3534 1549 concipiat,

1960 1577 2060 1617 nec
2092 1561 2272 1633 lingua
2339 1562 2486 1619 foras
2546 1565 2848 1635 parturiat;
2906 1574 2965 1620 ut
3009 1581 3109 1623 nec
3147 1567 3279 1623 falsa
3326 1570 3539 1640 loquar,

1960 1667 2060 1707 nec
2086 1668 2212 1708 vera
2271 1662 2500 1719 taceam,
2544 1669 2644 1709 nec
2695 1655 2976 1711 salutifera
3032 1656 3379 1722 abscondam,
3437 1676 3537 1715 nec

1958 1740 2236 1796 mortifera
2282 1742 2575 1813 proferam.
2605 1741 2803 1799 Precor
2835 1758 2985 1814 ergo,
3027 1752 3086 1799 ut
3134 1746 3229 1801 des
3268 1747 3398 1801 mihi
3449 1764 3536 1803 as-

280 1867 497 1913 strenue
541 1869 893 1927 perseverare
938 1854 994 1909 in
1021 1853 1306 1925 praeceptis
1344 1860 1401 1907 et
1440 1852 1688 1908 laudibus
1731 1852 1858 1908 ιιιίε,
1893 1833 1939 1895 Β
1964 1834 2269 1891 siduilatem
2304 1836 2583 1902 orationis,
2619 1835 2977 1907 frequentiam
3007 1836 3273 1905 lectionis,
3320 1849 3377 1892 ut
3403 1855 3541 1909 pne-

282 1951 431 2005 Dona
455 1949 587 2004 mihi
616 1948 976 2019 prudentiam,
1001 1947 1283 2017 justitiam,
1324 1945 1715 2011 fortitudinem,
1746 1945 1862 2001 sive

282 2040 716 2110 temperantiam.
741 2037 962 2109 Largirc
990 2037 1118 2092 mihi
1147 2036 1308 2093 ﬁdem
1336 2044 1562 2103 rectam,
1590 2052 1742 2106 spem
1782 2037 1864 2091 in-

280 2146 620 2196 concussam,
642 2129 964 2185 charitatem
986 2128 1298 2199 perfectam.
1319 2128 1544 2183 lnfunde
1566 2128 1716 2183 cordi
1741 2142 1863 2182 meo

283 2221 526 2290 spiritum
565 2218 847 2289 sapientiae
876 2228 931 2273 et
957 2219 1281 2284 intellectus,
1312 2219 1523 2273 consilii
1560 2227 1615 2273 et
1655 2217 1865 2274 fortitu-

283 2312 439 2376 diuis,
468 2310 717 2366 scientia:
758 2317 813 2364 et
842 2309 1078 2379 pietatis,
1126 2318 1288 2379 atque
1327 2308 1538 2364 timoris
1566 2308 1665 2362 tui.
1713 2306 1861 2362 Dona

285 2403 430 2467 mihi,
470 2401 721 2466 Domine,
768 2401 1199 2457 benedictionem
1244 2402 1309 2457 de
1356 2417 1479 2456 rore
1517 2400 1663 2466 cmli,
1712 2400 1865 2457 etde

285 2495 601 2566 pinguedine
652 2502 850 2549 terrae:
899 2494 967 2548 da
1017 2494 1276 2566 irriguum
1321 2494 1593 2563 superius,
1641 2500 1698 2549 et
1740 2492 1864 2547 irri-

286 2600 439 2655 guum
478 2584 727 2639 inferius.
758 2582 1007 2639 Concede
1037 2584 1249 2639 misera:
1290 2584 1485 2638 anima:
1525 2598 1658 2639 mea:
1695 2583 1866 2652 lique-

288 2674 395 2730 lleri
423 2676 547 2746 igne
571 2675 853 2730 charitatis
878 2683 1007 2740 tuae,
1032 2674 1117 2729 fac
1139 2690 1225 2729 me
1248 2683 1340 2729 tuo
1360 2673 1630 2729 desiderio
1653 2673 1858 2745 [Forte,

289 2766 357 2819 tui
384 2766 699 2839 desiderio],
743 2767 947 2822 mundo
994 2766 1233 2823 funditus
1274 2769 1564 2839 exstingui.
1613 2768 1863 2825 Concede

289 2859 412 2912 mihi
437 2875 533 2913 cor
556 2859 759 2914 habere
805 2859 1098 2914 contritum
1124 2867 1180 2913 et
1214 2858 1553 2917 bumiliatum
1596 2874 1780 2914 coram
1809 2867 1864 2915 te

287 2967 514 3021 semper.
567 2952 815 3025 Largire,
847 2969 933 3009 me
970 2954 1023 3008 in
1070 2962 1364 3023 conspectu
1411 2961 1505 3009 tuo
1540 2970 1637 3023 per
1684 2955 1865 3025 ignem

287 3045 717 3114 compnnctionis
742 3045 973 3101 hostiam
1014 3045 1189 3099 vivam
1230 3044 1363 3099 ﬁeri.
1398 3043 1618 3099 Summa
1660 3052 1863 3101 aeterna

289 3133 390 3199 lux,
422 3134 667 3189 illumina
695 3151 800 3190 me.
829 3135 1049 3191 Summa
1086 3145 1288 3191 {eterna
1326 3136 1516 3201 virtus,
1547 3136 1713 3191 libera
1752 3152 1858 3191 me.

1961 1938 2118 1999 cepta
2147 1937 2238 1984 tua
2265 1929 2673 2001 infatigabilitcr
2700 1931 2893 2004 legam,
2926 1941 2981 1988 et
3006 1933 3398 2005 inexplebiliter
3422 1935 3541 1989 dili-

1962 2034 2104 2089 gam,
2134 2028 2190 2075 et
2234 2018 2523 2075 eliicacitcr
2574 2020 2894 2091 compleam,
2934 2030 2989 2078 et
3031 2021 3291 2092 quidquid
3346 2023 3399 2077 iu
3452 2040 3538 2079 mc

1961 2128 2187 2183 pravum
2215 2113 2639 2182 deprehendero,
2693 2115 2997 2186 corrigam;
3054 2116 3197 2186 quod
3224 2126 3428 2171 rectum
3455 2125 3540 2172 est

1961 2210 2194 2269 teneam,
2251 2203 2394 2273 quod
2419 2202 2660 2258 deforme
2688 2219 3026 2275 componam,
3080 2205 3224 2275 quod
3251 2204 3538 2277 pulchrum

1962 2294 2227 2359 excolam,
2259 2295 2402 2365 quod
2424 2310 2614 2349 sanum
2643 2311 2875 2363 servem,
2924 2297 3068 2367 quod
3095 2297 3369 2352 inﬁmum
3413 2313 3537 2353 cor-

1965 2384 2235 2440 ruborem.
2288 2386 2394 2441 Des
2419 2386 2640 2456 insuper
2680 2387 2812 2442 mihi
2862 2386 3140 2457 despicere
3197 2389 3532 2459 temporalia,

1962 2487 2017 2532 et
2044 2489 2243 2534 aeterna
2269 2479 2513 2552 diligere,
2542 2490 2601 2536 ut
2623 2491 2895 2537 mortuum
2925 2484 3057 2538 mihi
3088 2483 3336 2553 deputem
3383 2501 3542 2540 mun-

1962 2568 2111 2623 dum.
2163 2567 2274 2623 Nec
2299 2570 2558 2638 gaudens,
2590 2585 2690 2626 nec
2716 2570 2902 2641 lugens
2921 2570 2988 2627 de
3026 2574 3427 2643 temporalibus,
3477 2581 3541 2629 ut

1964 2673 2063 2715 nec
2112 2668 2352 2715 metuam
2408 2660 2608 2730 aliquid
2652 2661 2944 2732 temporale
2993 2676 3092 2717 nec
3135 2663 3378 2731 diligam,
3430 2678 3532 2720 nec
3614 2670 3623 2679 '

1962 2750 2176 2807 blandis
2195 2766 2535 2822 corrumpar,
2563 2765 2664 2806 nec
2696 2752 2940 2807 adversis
2969 2752 3268 2807 conculiar.
3310 2753 3375 2807 Et
3402 2752 3532 2822 quia

1965 2841 2077 2911 ipse
2103 2849 2227 2897 tuus
2250 2844 2410 2897 unice
2437 2851 2596 2907 natus
2616 2842 2753 2898 dixit
2782 2857 2797 2896 :
2830 2840 2996 2897 Nemo
3030 2844 3169 2897 venit
3195 2843 3265 2897 ad
3308 2859 3409 2908 me,
3439 2844 3541 2896 nisi

1964 2928 2146 2996 Pater,
2184 2934 2275 3004 qui
2309 2933 2446 2987 misit
2502 2949 2598 2998 me,
2640 2933 2859 2988 traxerit
2893 2950 3013 2988 eum
3064 2934 3247 3006 (loan.
3301 2951 3378 3000 vi,
3426 2933 3535 3005 44),

1965 3026 2215 3090 obsecro,
2256 3024 2503 3092 Domine,
2535 3033 2590 3081 et
2627 3025 2939 3096 suppliciter
2973 3041 3126 3095 rogo,
3156 3027 3312 3081 trahe
3348 3041 3433 3081 me
3482 3034 3536 3079 tu

1966 3115 2034 3169 ad
2056 3115 2249 3185 ipsum,
2286 3124 2341 3170 et
2367 3116 2480 3185 ipse
2525 3131 2611 3170 me
2658 3116 2918 3187 perducat
2960 3116 3027 3171 ad
3069 3126 3122 3173 te
3149 3118 3291 3179 illuc,
3347 3117 3435 3170 ubi
3457 3126 3543 3171 est

289 3195 503 3280 gm'nm
523 3234 731 3282 “nam
760 3227 1038 3292 fortitudo,
1061 3227 1304 3283 ωηςοτω
1330 3243 1435 3283 me.
1468 3195 1687 3282 summa
1708 3235 1864 3283 πίω,
1891 3195 1936 3257 C
1966 3206 2290 3275 sempiterna
2313 3207 2445 3273 vita,
2498 3215 2552 3263 et
2578 3206 2906 3277 sempiterne
2929 3208 3118 3273 beata;
3150 3216 3353 3262 {eterna
3382 3223 3537 3262 secu-

288 3330 350 3367 na
378 3316 671 3385 sapientia,
692 3311 903 3385 depelle'
918 3317 1167 3373 tenebras
1187 3318 1505 3390 ignorantiae
1528 3334 1678 3372 mete.
1703 3318 1863 3374 Sum-

289 3422 371 3460 ma
406 3416 609 3462 :eterna
639 3408 1034 3474 misericordia,
1082 3410 1341 3465 miserere
1381 3410 1507 3464 mei.
1550 3409 1700 3464 Dona
1726 3409 1860 3465 mihi

290 3506 399 3551 toto
420 3499 586 3553 corde
610 3514 753 3563 meo,
785 3507 894 3554 tota
921 3501 1102 3554 anima
1133 3517 1273 3566 mea,
1303 3502 1432 3557 totis
1471 3501 1675 3556 viribus
1705 3502 1859 3565 meis,

289 3590 570 3658 exquirere
596 3590 790 3646 faciem
830 3599 981 3673 tuam
1009 3606 1242 3661 semper.
1271 3592 1340 3647 Et
1362 3593 1562 3662 perduc
1589 3608 1676 3647 me
1707 3593 1865 3647 mise-

290 3679 454 3735 ricors
475 3681 543 3734 ad
566 3688 715 3735 tuam
736 3683 1135 3737 sanctissimam
1154 3683 1436 3739 visionem.
1458 3684 1634 3750 Adsit,
1657 3700 1878 3754 quaeso,

292 3767 418 3822 mihi
445 3769 728 3825 beatorum
778 3771 1089 3842 angelorum
1121 3780 1332 3826 tuorum
1370 3772 1459 3841 pia
1499 3774 1768 3839 custodia,
1809 3782 1864 3828 ct

290 3870 480 3928 pratsla
516 3870 578 3916 ut
624 3863 766 3932 apud
815 3872 867 3918 te
913 3879 1011 3933 pro
1055 3879 1142 3920 me
1195 3863 1506 3919 felicissima
1553 3874 1865 3920 sanctorum

292 3960 503 4007 tuorum
541 3954 757 4023 agmina
797 3955 1157 4008 intercedant.
1188 3954 1436 4010 Concede
1464 3954 1595 4008 mihi
1638 3956 1869 4026 fragilis-

291 4044 428 4097 simo
453 4043 636 4099 dilecti
661 4044 757 4109 tui,
786 4044 965 4099 Patris
983 4044 1090 4099 mei
1121 4044 1393 4099 Benedicti
1416 4045 1566 4113 sequi
1588 4052 1643 4099 et
1666 4045 1866 4098 imitari

291 4135 534 4205 vestigia,
579 4144 636 4189 ut
675 4151 886 4190 merear
931 4135 1186 4205 consequi
1226 4135 1650 4190 misericordiam
1694 4142 1865 4200 tuam,

291 4234 347 4280 et
369 4226 436 4279 ad
480 4226 670 4295 gaudia
700 4227 984 4295 pervenire
1024 4226 1309 4295 promissa.
1364 4226 1468 4281 Per
1510 4224 1695 4280 Jcsum
1719 4224 1870 4281 Clu-i-

292 4323 435 4369 stum
457 4314 645 4370 Filium
674 4324 825 4370 tuum
849 4316 1134 4371 Dominum
1162 4324 1432 4383 nostrum,
1475 4317 1567 4387 qui
1596 4326 1772 4371 tecum
1809 4319 1868 4371 in

292 4404 501 4459 unitate
540 4404 774 4475 Spiritus
818 4406 991 4460 sancti
1035 4406 1169 4460 vivit
1194 4414 1249 4460 et
1292 4414 1481 4478 regnat
1525 4424 1623 4477 per
1657 4406 1869 4462 inﬁnita

293 4495 504 4550 secula.
528 4496 722 4551 Amen.

499 4607 619 4664 Alia
643 4612 810 4665 oratio
837 4612 906 4666 ad
936 4610 1145 4666 Patrem
1167 4611 1223 4666 in
1259 4612 1464 4665 nomine
1488 4609 1636 4665 Filii.

362 4698 503 4755 Deus
542 4698 829 4755 incﬂ'abilis
874 4711 931 4755 et.
976 4701 1456 4770 incircumscriptze
1500 4710 1729 4768 naturae,
1779 4702 1864 4756 in-

301 4788 509 4845 stitutor
553 4791 794 4846 omnium
861 4807 1065 4858 rerum,
1124 4800 1180 4848 et
1236 4793 1445 4847 Domini
1511 4793 1682 4847 nostri
1736 4792 1866 4849 Jesu

302 4878 493 4937 Christi
552 4882 718 4939 Pater
746 4923 762 4948 ,
818 4885 909 4954 qui
964 4886 1211 4941 eumdem
1246 4885 1502 4941 dilectum
1552 4885 1746 4940 Filium
1798 4887 1868 4942 de

307 4973 421 5029 sinu
462 4982 568 5031 'tuo
628 4975 830 5030 misisti
882 4976 952 5030 ad
1001 4976 1271 5045 publicum
1333 4987 1578 5031 nostrum
1610 5017 1627 5043 ,
1691 4977 1867 5032 susci-

308 5080 424 5136 pere
461 5078 703 5125 nostram
729 5068 916 5132 vitam,
964 5074 1024 5121 ut
1066 5068 1221 5122 nobis
1263 5068 1487 5123 donaret
1532 5083 1709 5133 suam,
1760 5068 1866 5137 2⁵1

311 5166 542 5230 essetque
565 5159 843 5230 perfectus
859 5158 1003 5213 Deus
1025 5173 1090 5213 ex
1118 5157 1297 5222 Patre,
1320 5167 1376 5212 et
1404 5157 1675 5228 perfectus
1705 5158 1869 5213 homo

310 5265 369 5304 ex
393 5260 576 5316 matre,
625 5259 773 5307 totus
806 5250 972 5316 Deus,
1000 5258 1055 5306 et
1092 5259 1236 5305 totus
1269 5250 1459 5314 homo;
1514 5265 1652 5303 unus
1692 5248 1867 5303 idem-

312 5356 407 5412 que
453 5342 725 5405 Christus,
752 5348 987 5395 αξιοι-ηαδ
1017 5347 1074 5395 et
1101 5338 1425 5409 temporalis,
1464 5338 1785 5393 immortalis
1813 5346 1870 5393 et

314 5434 609 5499 morituri-us,
664 5440 882 5487 creator
907 5441 964 5488 et
1007 5440 1251 5498 creatus,
1307 5430 1464 5487 fortis
1493 5438 1548 5485 ct
1598 5430 1869 5493 inﬁrmus,

314 5527 530 5581 nutritor
556 5536 615 5582 et
666 5524 922 5590 nutritus,
978 5523 1167 5579 Pastor
1209 5531 1264 5579 et
1316 5523 1452 5588 ovis,
1506 5522 1873 5592 temporalitcr

314 5626 561 5681 annuus,
624 5622 805 5670 tecum
848 5615 904 5668 in
930 5623 1189 5669 aeternum
1218 5614 1427 5679 vivens,
1458 5613 1570 5668 suis
1596 5612 1872 5667 dilectori-

311 5702 397 5761 bus
414 5707 538 5762 vita
555 5705 948 5774 municipatum
967 5704 1287 5775 promittens
1304 5703 1466 5767 dedit,
1491 5703 1678 5773 eisque
1701 5701 1868 5756 dixit:

309 5798 660 5871 Quodcunque
692 5797 941 5865 petieritis
994 5794 1201 5850 Patrem
1233 5796 1286 5848 in
1352 5793 1555 5848 nomine
1594 5809 1726 5855 meo,
1773 5788 1869 5843 tta—

1965 3298 2119 3363 ritas,
2166 3306 2222 3353 et
2271 3312 2464 3354 secura
2513 3297 2918 3369 tranquillitas;
2951 3296 3079 3353 felix
3131 3299 3428 3361 aeternitas,
3478 3308 3535 3353 et

1962 3396 2162 3443 mterna
2190 3387 2449 3455 felicitas;
2510 3387 2601 3443 ubi
2631 3394 2716 3443 est
2742 3404 2896 3443 amor
2920 3387 3210 3458 perfectus,
3263 3396 3319 3443 ct
3355 3387 3538 3445 nullus

1964 3480 2155 3547 timor;
2200 3479 2295 3535 ubi
2330 3488 2413 3536 est
2458 3480 2573 3535 dies
2591 3486 2844 3545 aeternus,
2872 3487 2928 3535 et
2962 3494 3103 3535 unus
3135 3478 3375 3534 omnium
3424 3480 3535 3550 spi-

1965 3571 2099 3626 ritus
2138 3588 2151 3624 :
2186 3571 2277 3626 ubi
2303 3580 2360 3626 tu
2391 3588 2514 3628 cum
2541 3570 2650 3638 illo,
2677 3581 2733 3627 et
2756 3571 2844 3627 ille
2866 3579 3042 3628 tecum
3069 3572 3124 3626 in
3166 3571 3543 3628 communione

1965 3662 2138 3717 sancti
2167 3661 2401 3733 Spiritus
2447 3661 2777 3718 zetcrnaliter
2800 3678 2864 3717 ac
2894 3663 3347 3733 scmpiternaliter
3401 3661 3542 3716 vivis

1967 3762 2021 3809 et
2080 3769 2274 3824 regnas
2315 3755 2476 3811 Deus.
2520 3755 2626 3809 Per
2688 3755 2868 3811 omnia
2931 3755 3126 3810 saecula
3191 3754 3531 3811 saeculorum.

1967 3847 2159 3903 Amen.

2725 3958 2796 4017 V.

1969 4062 2095 4122 Pro
2124 4059 2643 4138 contemplatione
2679 4068 2733 4118 et
2768 4074 2975 4138 amore
3004 4055 3535 4138 calestisputrt'a',

2048 4158 2183 4219 qua:
2235 4135 2488 4200 nonnisi
2522 4157 2559 4197 α
2590 4135 2808 4198 mundi
2841 4137 3367 4212 contemptoribus
3396 4158 3553 4217 pcr-_

2050 4218 2314 4297 cipitur.

2040 4336 2310 4392 Admonet
2339 4352 2440 4392 nos
2479 4336 2672 4391 beatus
2716 4333 3021 4406 Apostolus,
3054 4331 3241 4391 dicens
3272 4352 3285 4388 :
3318 4331 3376 4389 Si
3414 4351 3541 4389 con-

1971 4424 2272 4486 surrexistis
2318 4447 2437 4485 cum
2467 4430 2699 4497 Christo,
2746 4446 2865 4502 qua:
2891 4446 3102 4485 sursum
3152 4438 3273 4485 sunt
3300 4430 3541 4512 quierim,

1973 4523 2062 4578 ubi
2104 4522 2342 4577 Christus
2382 4533 2455 4578 est
2484 4524 2539 4577 in
2562 4522 2777 4577 dextera
2822 4522 2919 4577 Dei
2949 4522 3129 4577 sedens
3180 4520 3404 4593 (Coloss.
3458 4537 3543 4586 ιιι,

1974 4617 2048 4688 1).
2094 4616 2158 4671 Et
2187 4616 2377 4672 iterum
2416 4634 2431 4670 :
2477 4615 2675 4671 Nostra
2728 4624 2903 4669 autem
2949 4614 3273 4668 conversatio
3296 4613 3350 4667 in
3399 4613 3543 4667 catis

1971 4714 2045 4758 est
2106 4703 2328 4776 (Philip.
2357 4720 2439 4770 Ill,
2495 4703 2608 4771 20).
2658 4702 2715 4757 Si
2742 4717 2872 4771 ergo
2893 4709 3076 4756 nostra
3105 4702 3447 4757 conversatio
3476 4702 3531 4757 in

1971 4795 2123 4850 caelis
2162 4803 2266 4859 est,
2302 4794 2579 4863 lugeamus
2625 4807 2725 4846 nos
2747 4792 2801 4845 in
2846 4791 2950 4847 hoc
2978 4791 3295 4847 calamitoso
3316 4792 3536 4856 itinere,

1972 4883 2207 4954 quandiu
2231 4884 2540 4938 exsulamus
2561 4883 2614 4937 in
2645 4883 2749 4937 hoc
2792 4897 2824 4937 a
2852 4882 3049 4952 patria.
3082 4881 3550 4937 Transccndamus

1974 4972 2438 5042 contemplationis
2455 4971 2721 5042 pannulis,
2766 4981 2962 5028 cuncta
2990 4988 3111 5043 qua:
3170 4979 3445 5041 cmperunt
3477 4988 3547 5026 ex

1978 5072 2240 5134 tempore,
2292 5072 2496 5118 etcum
2545 5072 2788 5133 tempore
2838 5063 3139 5128 liniuntur;
3194 5070 3249 5117 et
3282 5061 3350 5116 ad
3400 5061 3549 5115 illam

1977 5154 2103 5209 totis
2131 5151 2414 5208 desideriis
2439 5154 2665 5223 patriam
2695 5161 2878 5209 mente
2926 5152 3232 5217 volitemus,
3281 5154 3350 5206 ad
3380 5166 3548 5220 quam

1977 5244 2030 5298 in
2061 5253 2304 5312 tempore
2331 5242 2594 5313 pergitur,
2649 5242 2745 5297 sed
2785 5243 2902 5298 sine
2946 5250 3186 5310 tempore
3217 5237 3435 5292 vivitur.
3463 5238 3547 5293 Ad

1975 5333 2312 5389 accendenda
2359 5348 2488 5404 ergo
2508 5340 2690 5388 nostra
2718 5332 3008 5397 desideria,
3057 5332 3158 5387 hos
3183 5329 3425 5401 quinque
3451 5347 3546 5386 ca-

1976 5440 2167 5479 namus
2222 5424 2417 5493 spiritu
2471 5432 2525 5480 et
2560 5432 2739 5479 mente
2790 5424 3030 5493 quotidie
3082 5422 3324 5494 psalmos
3354 5442 3366 5476 :
3399 5422 3546 5479 Sicut

1971 5532 2184 5585 cereus;
2212 5514 2245 5567 .1
2253 5514 2409 5568 ndica
2434 5502 2527 5568 me'
2539 5513 2704 5579 Deus,
2744 5523 2793 5567 et
2818 5513 3085 5579 discerne;
3115 5513 3185 5567 Te
3213 5514 3356 5568 decet
3396 5514 3549 5584 hym-

1974 5624 2070 5661 nus
2105 5607 2275 5671 Deus;
2309 5604 2480 5671 Quam
2505 5602 2757 5659 amabilia
2783 5613 2942 5669 sunt;
2976 5603 3110 5658 Voce
3140 5621 3252 5658 mea
3278 5604 3346 5657 ad
3374 5604 3551 5659 Domi-

1972 5714 2096 5753 num
2131 5698 2371 5761 clamavi,
2414 5713 2532 5750 voce
2581 5712 2699 5749 mea
2738 5695 2809 5749 ad
2834 5694 3139 5749 Dominum.
3192 5693 3256 5748 Hi
3298 5694 3464 5749 etiam
3493 5694 3550 5749 in

1973 5788 2316 5845 tribulatione
2356 5794 2563 5843 mentes
2592 5786 2940 5843 consolantur
2967 5794 3022 5843 ct
3042 5784 3346 5842 sublevant.
