3968 6180
351 396 464 455 475

653 503 777 560 Post
801 500 1105 557 Orationem
1128 494 1452 550 Dominicam
1475 502 1670 543 versus.

431 618 510 675 Te
535 617 689 673 decet
734 613 969 684 hymnus
994 607 1140 661 Deus
1193 604 1246 658 in
1275 601 1429 664 Sion,
1483 604 1537 652 et
1562 593 1659 649 tibi
1685 591 1943 684 reddetur

360 688 548 767 votum
574 707 629 761 in
687 679 1004 757 Jerusalem.
1029 694 1144 751 Illic
1172 691 1316 750 enim
1341 684 1705 741 ascenderunt
1751 679 1940 739 tribus,

364 803 536 856 tribus
581 793 815 857 Domini,
846 786 1213 845 testimonium
1242 777 1430 842 Israel,
1481 775 1548 829 ad
1576 770 1941 828 conﬁtendum

366 892 570 947 nomini
618 897 727 943 tuo.
776 881 1025 943 Domine,
1057 873 1249 931 exaudi
1289 869 1597 925 orationem
1646 877 1847 926 meam,
1876 859 1943 913 ad

368 993 420 1037 te
459 980 635 1035 omnis
664 973 837 1031 oratio
883 968 1085 1023 veniat.
1123 965 1325 1021 Beatus
1352 974 1513 1033 quem
1545 954 1751 1026 elegisti
1778 961 1831 1007 et
1858 967 1945 1005 as—

366 1069 662 1141 sumpsisti,
705 1060 1030 1120 inhabitabit
1056 1058 1111 1112 in
1136 1053 1290 1109 atriis
1317 1051 1444 1106 tuis.
1495 1046 1611 1103 Heu
1639 1045 1754 1100 me!
1802 1040 1945 1111 quod

366 1135 632 1218 incolatus
678 1157 845 1210 meus“
869 1149 1214 1223 prolongatus
1267 1151 1374 1209 est,
1424 1138 1663 1197 habitavi
1708 1151 1828 1191 cum
1857 1135 1947 1188 ha-

365 1253 662 1307 bitantibus
714 1247 909 1310 Cedar,
956 1241 1183 1298 multum
1214 1235 1390 1293 incola
1438 1233 1540 1288 fuit
1592 1231 1772 1285 anima
1799 1241 1939 1281 mea.

367 1341 593 1412 Negavit
618 1336 887 1395 consolari
934 1334 1117 1388 anima
1158 1345 1298 1394 mea,
1350 1337 1560 1380 memor
1610 1320 1684 1375 fui
1724 1318 1843 1381 Dei,
1891 1322 1948 1368 et

371 1431 670 1487 delectatus
717 1443 857 1483 sum.
919 1423 1126 1485 Deiecit
1153 1435 1248 1475 eor
1283 1431 1485 1479 meum,
1539 1419 1595 1467 et
1621 1424 1751 1465 caro
1780 1422 1899 1461 mea
1929 1422 1942 1457 :

369 1524 511 1578 Deus
540 1520 717 1576 cordis
742 1517 869 1582 mei,
898 1523 953 1570 et
976 1529 1104 1586 pars
1132 1524 1254 1566 mea
1290 1507 1432 1561 Deus
1471 1505 1524 1558 in
1541 1499 1757 1558 saecula.
1810 1495 1949 1562 Quid

369 1616 514 1669 enim
553 1610 682 1666 mihi
705 1615 877 1663 restat
920 1607 973 1659 in
1019 1602 1175 1668 cmlo,
1207 1606 1264 1654 et
1288 1614 1319 1652 a
1349 1603 1402 1650 te
1430 1593 1558 1666 quid
1596 1589 1736 1645 volui
1787 1601 1949 1657 super

375 1704 619 1761 terram?
650 1701 917 1769 Quoniam
952 1695 1130 1751 incola
1156 1708 1256 1764 ego
1285 1706 1403 1747 sum
1434 1685 1575 1759 apud
1603 1695 1655 1739 te
1679 1686 1731 1738 in
1776 1690 1944 1745 terra,

372 1797 764 1868 etperegrinus
791 1793 931 1849 sicut
950 1803 1138 1845 omnes
1179 1794 1362 1858 patres
1409 1781 1537 1836 mei.
1598 1774 1782 1832 Sitivit
1806 1774 1860 1827 in
1894 1780 1946 1827 te

372 1890 553 1943 anima
598 1903 737 1950 mea,
792 1899 954 1954 quam
1008 1878 1373 1949 multipliciter
1413 1881 1468 1930 et
1489 1886 1618 1926 caro
1654 1884 1795 1924 mea.
1852 1865 1951 1919 Do-

372 1982 537 2042 mine,
563 1978 722 2033 dilexi
740 1975 850 2047 28
864 1974 1117 2029 decorem
1139 1970 1330 2025 domus
1352 1974 1475 2029 tuae,
1499 1972 1555 2017 et
1575 1961 1752 2016 locum
1775 1958 1954 2012 taber-

374 2070 553 2127 naculi
609 2068 792 2140 gloriae
821 2074 942 2120 tum.
979 2064 1126 2119 Tene
1154 2073 1376 2115 manum
1419 2059 1696 2111 dexteram
1752 2063 1953 2111 meam,

374 2168 428 2218 et
458 2162 513 2216 in
545 2160 819 2215 voluntate
855 2165 946 2211 tua
971 2154 1146 2209 deduc
1167 2164 1278 2213 me,
1319 2156 1375 2202 et
1404 2161 1526 2202 cum
1549 2143 1717 2216 gloria
1739 2153 1955 2195 assume

373 2280 480 2319 me.
520 2262 591 2318 Ut
614 2261 822 2316 videam
876 2256 1207 2312 voluntatem
1258 2249 1492 2311 Domini,
1542 2253 1600 2300 et
1637 2252 1891 2315 protegar
1924 2255 1955 2294 a

375 2352 573 2425 templo
597 2359 788 2407 sancto
819 2348 954 2418 ejus.
1009 2345 1080 2402 Ut
1134 2342 1351 2397 audiam
1400 2350 1587 2393 vocem
1631 2327 1959 2387 laudationis

378 2455 503 2511 tua),
540 2452 595 2499 et
618 2456 867 2499 enarrem
902 2438 1153 2493 universa
1180 2430 1447 2489 mirabilia
1476 2437 1585 2482 tua.
1616 2425 1681 2479 Et
1728 2432 1788 2476 ut
1811 2421 1960 2474 inha-

374 2510 541 2590 bitem
568 2534 623 2588 in
644 2532 803 2586 domo
847 2526 1059 2584 Domini
1106 2525 1162 2578 in
1187 2519 1520 2592 longitudine
1566 2515 1794 2569 dierum.
1843 2510 1955 2579 Ego

376 2631 557 2677 autem
603 2636 728 2675 cum
757 2617 966 2689 justitia
989 2612 1261 2684 apparebo
1315 2609 1370 2661 in
1392 2611 1684 2675 conspectu
1709 2610 1820 2664 tuo,
1875 2612 1959 2651 sa-

378 2712 554 2767 tiabor
609 2710 736 2764 dum
762 2688 1204 2761 manifestabitur
1229 2697 1395 2769 gloria
1421 2703 1531 2749 tua.
1563 2692 1788 2747 Domine
1814 2688 1957 2743 Deus

377 2813 553 2863 meus,
601 2798 656 2851 in
694 2804 957 2850 mternum
993 2788 1293 2846 conﬁtebor
1336 2785 1451 2839 tibi.
1509 2781 1592 2836 Sit
1621 2793 1819 2834 nomen
1854 2776 1958 2830 Do-

379 2888 509 2943 mini
536 2885 899 2947 benedictum,
929 2897 997 2935 ex
1015 2880 1120 2934 hoc
1151 2893 1295 2931 nunc
1317 2881 1372 2929 et
1397 2886 1567 2942 usque
1589 2872 1642 2924 in
1676 2866 1953 2923 smculum.

519 2975 788 3048 Confessio
820 2972 1015 3037 Patris,
1040 2980 1086 3025 et
1113 2968 1260 3033 Filii,
1288 2975 1335 3020 et
1362 2962 1589 3035 Spiritus
1610 2960 1806 3015 sancti.

449 3067 758 3128 Confitebor
810 3064 927 3131 tibi,
980 3061 1227 3124 Domine,
1268 3073 1364 3112 rex
1419 3053 1541 3109 coeli
1581 3060 1636 3106 et
1684 3060 1864 3113 terrm,
1904 3054 1960 3103 et

1207 383 1268 437 Β.
1305 379 1371 433 F.
1411 372 1635 430 ALBl‘Nl
1676 370 1805 427 SEU
1846 362 2120 424 ALCUINI
2158 353 2441 418 OPERUM
2472 353 2653 408 PARS
2686 348 2776 406 1V.

1966 483 2014 539 Α
2041 480 2209 535 ctant,
2234 485 2334 525 nec
2361 465 2611 523 voluntas
2655 461 2853 524 variat,
2882 472 2984 513 nec
3009 450 3352 523 necessitudo
3370 464 3618 506 corrum-

3501 336 3613 392 476

2042 566 2141 636 pit,
2182 576 2282 619 nec
2327 566 2521 615 intesta
2560 552 2899 626 perturbant,
2946 561 3051 604 nec
3089 545 3210 601 laeta
3278 541 3614 601 demulcent.

2042 632 2139 709 Cui
2164 667 2263 707 nec
2280 648 2479 705 oblivio
2515 643 2674 708 tollit,
2696 656 2799 695 nec
2826 636 3090 693 memoria
3119 632 3324 698 reddit;
3356 645 3456 686 nec
3482 645 3615 700 pra

2045 744 2202 798 terita
2252 743 2571 800 transeunt,
2619 747 2721 788 nec
2762 729 2944 785 futura
2994 724 3311 781 succedunt.
3361 720 3460 777 Cui
3511 728 3623 774 nec

2041 834 2190 903 origo
2219 830 2453 892 initium,
2490 839 2594 880 nec
2618 830 2858 892 tempora
2875 819 3292 877 incrementum,
3323 826 3425 867 nec
3449 823 3618 865 casus

2044 902 2207 977 tinem
2237 919 2387 974 dabit
2421 935 2434 972 :
2467 915 2564 971 sed
2592 921 2719 969 ante
2747 909 2964 972 saecula,
2991 915 3048 960 et
3079 906 3136 959 in
3164 902 3394 966 szeculis,
3436 909 3495 956 et
3518 913 3625 970 per

2045 1015 2243 1070 saecula
2292 1014 2348 1067 in
2389 1018 2649 1065 aeternum
2678 1005 2833 1060 vivis.
2890 1002 2958 1057 Et
2975 998 3170 1056 esttibi
3200 996 3451 1068 perennis
3473 993 3620 1057 laus,

2043 1117 2097 1162 et
2120 1116 2322 1161 atterna
2366 1101 2556 1175 gloria,
2582 1111 2794 1154 summa
2820 1100 3085 1165 potestas,
3124 1097 3183 1144 et
3196 1086 3480 1160 singularis
3526 1085 3632 1143 ho-

2044 1213 2164 1262 nor,
2226 1201 2548 1264 perpetuum
2593 1202 2845 1259 regnum,
2898 1193 2955 1240 et
2997 1183 3117 1239 sine
3150 1179 3257 1235 line
3285 1177 3570 1249 imperium
3603 1193 3620 1229 :

2044 1305 2142 1359 per
2190 1286 2466 1342 indefessa
2524 1289 2581 1337 et
2640 1278 2964 1336 immortalia
3025 1274 3222 1331 saecula
3269 1271 3625 1328 saeculorum.

2044 1380 2238 1435 Amen.

2787 1442 2891 1501 Vl.

2045 1548 2171 1609 Pro
2231 1542 2637 1609 custodienda
2695 1539 3094 1608 humilitate,
3155 1543 3210 1594 et
3269 1521 3630 1612 cogniLWe

2480 1622 2757 1682 humanm
2788 1615 3184 1698 fragilitatis.

2115 1743 2355 1798 Revocat
2403 1756 2503 1801 nos
2561 1738 2629 1795 ad
2671 1733 2992 1793 humilitatis
3040 1731 3278 1803 regulam
3347 1728 3634 1797 Scriptura

2052 1836 2407 1907 praecipiens:
2436 1833 2643 1898 Quanto
2686 1845 2904 1900 magnus
2948 1844 3024 1890 es,
3083 1823 3302 1879 humilia
3343 1832 3391 1877 te
3437 1824 3492 1875 in
3515 1838 3636 1875 ont-

2055 1929 2203 1982 nibus
2236 1925 2427 1997 (Eccli.
2463 1941 2549 1990 ιη,
2585 1921 2697 1994 20).
2745 1922 2918 1988 Quam
2968 1917 3105 1972 bene
3128 1914 3447 1969 humilitatis
3476 1927 3637 1983 regne-

2053 2019 2162 2073 iam
2203 2016 2475 2072 Abraham
2529 2021 2773 2077 noverat,
2806 2011 2899 2082 qui
2936 2024 3061 2063 cum
3088 2024 3153 2064 ex
3196 2004 3474 2061 Dominica
3500 2017 3639 2056 con-

2055 2108 2383 2164 fabulatione
2419 2105 2600 2159 extolli
2651 2104 2938 2173 potuisset,
2979 2098 3247 2166 abiectum
3297 2102 3352 2150 et
3395 2093 3643 2163 despica-

2054 2200 2217 2255 bilem
2257 2213 2315 2253 se
2374 2194 2762 2267 pronuntiavit,
2820 2193 3046 2248 dicens:
3081 2187 3290 2258 Loquar
3336 2185 3404 2238 ad
3442 2184 3640 2239 Domi-

2058 2308 2181 2346 nam
2201 2305 2395 2353 meum,
2426 2304 2543 2342 cum
2567 2288 2665 2340 sim
2684 2283 2853 2354 pulvis
2879 2291 2926 2336 et
2952 2280 3083 2335 cinis
3122 2276 3275 2351 (Gen.
3318 2292 3474 2341 xvm,
3504 2276 3643 2345 27)?

2058 2385 2200 2453 Ergo
2235 2390 2295 2436 ut
2320 2381 2387 2435 de
2411 2380 2570 2434 nobis
2616 2391 2830 2446 semper
2858 2373 3079 2428 humilia
3126 2371 3447 2433 sentiamus,
3500 2383 3644 2422 ven-

2057 2476 2273 2530 tilemus
2301 2473 2542 2543 quotidie
2567 2471 2668 2525 hos
2697 2483 2879 2524 coram
2909 2466 3137 2520 Domino
3171 2462 3409 2533 psalmos
3438 2480 3450 2515 :
3484 2461 3645 2525 Dixi,

2058 2565 2382 2628 custodiam;
2435 2561 2645 2626 Nonne,
2664 2559 2898 2615 Domine
2941 2558 3019 2629 [Id
3042 2564 3148 2619 est,
3191 2570 3360 2610 nonne
3380 2553 3490 2608 Deo
3512 2552 3646 2606 sub-

2050 2657 2193 2727 jecta
2233 2654 2388 2726 erit];
2424 2653 2666 2715 Domine,
2708 2668 2811 2705 non
2838 2658 2912 2704 est
2941 2649 3230 2703 exaltatum
3263 2662 3353 2700 cor
3380 2659 3576 2700 meum.

2309 2765 2436 2818 Post
2470 2763 2796 2816 Dominicam
2848 2760 3154 2815 Orationem
3187 2775 3383 2812 versus.

2130 2864 2419 2927 Memento,
2450 2862 2695 2924 Domine,
2744 2859 2997 2929 quoniam
3026 2858 3201 2928 pulvis
3228 2872 3432 2917 sumus,
3475 2854 3649 2911 homo

2059 2957 2200 3011 sicut
2245 2952 2476 3025 [fenum]
2511 2952 2626 3005 dies
2649 2951 2785 3020 ejus,
2809 2957 2864 3003 et
2911 2949 3051 3002 sicut
3095 2946 3192 3001 llos
3228 2946 3360 3016 agri,
3393 2947 3467 3000 ita
3498 2944 3652 3000 etno-

2059 3046 2216 3101 rebit.
2245 3043 2379 3111 Quia
2415 3042 2638 3113 spiritus
2663 3039 3018 3109 pertransibit
3053 3037 3122 3091 ab
3164 3051 3250 3102 eo,
3293 3045 3345 3091 et
3374 3051 3483 3090 non
3510 3037 3644 3099 erit,

377 3159 679 3221 honoriﬁco
730 3167 785 3212 te
826 3152 1096 3211 sacriﬁcio
1138 3149 1359 3205 laudis:
1395 3153 1451 3201 et
1503 3144 1628 3215 quia
1684 3141 1954 3196 exteriora
1983 3161 2026 3220 ρ
2058 3146 2113 3193 et
2159 3153 2267 3192 non
2289 3142 2579 3206 cognoscet
2628 3131 2856 3202 amplius
2882 3130 3056 3185 locum
3087 3145 3262 3184 suum.
3307 3128 3487 3183 Exibit
3525 3128 3646 3199 spi-

381 3253 513 3308 mihi
543 3265 766 3306 munera
814 3248 1032 3309 desunt,
1088 3256 1209 3314 quae
1243 3246 1369 3294 sunt
1403 3237 1457 3292 in
1512 3250 1599 3289 me
1624 3241 1747 3288 vota
1777 3231 1959 3285 lauda-

382 3344 547 3413 tionis
586 3341 806 3397 reddam
828 3338 943 3392 tibi.
976 3334 1148 3390 Credo
1186 3340 1239 3386 te
1286 3337 1397 3385 toto
1424 3327 1607 3391 corde,
1626 3332 1683 3380 et
1710 3339 1805 3379 ore
1834 3338 1963 3376 con-

384 3439 541 3492 ﬁteor
593 3433 831 3494 Patrem,
856 3437 914 3483 et
947 3426 1140 3480 Filium
1161 3465 1175 3490 ,
1231 3428 1288 3479 et
1325 3420 1585 3491 Spiritum
1609 3424 1879 3481 sanctum,
1904 3416 1960 3469 in

383 3520 628 3594 personis
679 3519 1004 3579 ternionem,
1050 3515 1104 3568 in
1154 3509 1455 3567 substantia
1503 3508 1790 3568 unionem;
1851 3520 1960 3559 non

383 3627 600 3682 corpus,
638 3617 732 3664 aut
759 3609 814 3663 in
842 3620 1067 3677 corpore
1094 3604 1351 3674 positum,
1401 3613 1579 3669 neque
1620 3613 1685 3652 ex
1730 3596 1962 3651 diversis

384 3700 664 3772 speciebus
705 3705 797 3753 aut
827 3696 1066 3761 mistum,
1105 3700 1198 3748 aut
1226 3691 1589 3746 membrorum
1610 3686 1962 3759 compagibus

383 3792 695 3865 emgiatum,
734 3790 831 3847 sed
872 3789 1054 3853 unius,
1099 3783 1380 3856 simplicis,
1406 3782 1756 3852 incorporece,
1798 3788 1964 3849 atque

386 3882 673 3940 invisibilis
719 3890 965 3945 natura;
1011 3877 1143 3932 nihil
1178 3877 1234 3931 in
1276 3882 1331 3930 te
1378 3872 1551 3942 majus
1601 3882 1696 3927 aut
1742 3871 1965 3926 inferius

384 3975 673 4031 habentem
692 3988 707 4037 ;
730 3971 823 4027 sed
837 3984 934 4041 per
952 3982 1167 4024 omnem
1184 3966 1422 4030 modum,
1440 3979 1507 4018 ex
1526 3963 1671 4017 omni
1685 3970 1836 4031 parte
1849 3961 1965 4015 sine

387 4065 733 4124 deformitate
796 4059 1119 4133 perfectum,
1168 4058 1287 4113 sine
1343 4055 1646 4126 quantitate
1690 4065 1963 4122 magnum,

388 4158 506 4212 sine
549 4153 809 4225 qualitate
851 4152 1075 4216 bonum,
1125 4150 1244 4205 sine
1277 4157 1515 4218 tempore
1552 4146 1963 4215 sempiternum,

387 4250 507 4304 sine
553 4255 725 4302 morte
772 4245 969 4308 vitam,
1036 4242 1155 4295 sine
1198 4239 1511 4294 inﬁrmitate
1583 4236 1798 4300 fortem,
1849 4234 1966 4289 sine

388 4338 668 4396 mendacio
706 4336 1011 4397 veritatem,
1060 4332 1179 4386 sine
1202 4329 1319 4384 loco
1358 4330 1559 4398 ubique
1607 4335 1802 4390 totum,
1847 4324 1965 4379 sine

390 4433 496 4488 situ
510 4429 721 4499 ubique
770 4430 1112 4496 prmsentem,
1166 4421 1285 4476 sine
1309 4418 1627 4473 extensione
1649 4416 1829 4470 omnia
1867 4414 1966 4468 im-

389 4521 648 4591 plentem,
706 4515 827 4569 sine
871 4509 1245 4568 contractione
1306 4506 1507 4575 ubique
1565 4511 1960 4566 occurrentem,
1994 4508 2043 4566 υ

390 4613 509 4666 sine
537 4615 686 4665 motu
711 4605 896 4667 omnia
923 4599 1417 4662 transcendentem,
1477 4596 1596 4651 sine
1644 4601 1787 4649 statu
1822 4592 1963 4648 infra

391 4702 572 4759 omnia
621 4706 952 4761 manentem,
995 4696 1111 4750 sine
1140 4690 1434 4763 indigentia
1461 4687 1642 4743 omnia
1663 4694 1961 4751 creantem,

393 4796 511 4851 sine
539 4792 742 4857 {labore
796 4787 978 4844 omnia
1014 4790 1313 4857 regentem,
1367 4780 1483 4836 sine
1523 4778 1607 4833 sui
1659 4777 1814 4833 initio
1854 4791 1969 4830 om-

393 4887 551 4943 nibus
599 4882 810 4937 initium
840 4880 1079 4942 dantem,
1106 4876 1225 4931 sine
1251 4874 1335 4929 sui
1361 4870 1491 4944 [Αι.,
1528 4868 1630 4943 tui]
1668 4869 1968 4923 mutatione

394 4977 576 5031 omnia
610 4970 889 5027 mutabilia
944 4967 1261 5031 facientem;
1317 4965 1371 5019 in
1432 4961 1808 5035 magnitudine
1852 4959 1973 5015 iuti-

395 5066 584 5129 nitum,
624 5062 677 5117 in
725 5060 921 5117 virtute
952 5057 1401 5126 omnipotentem,
1445 5053 1501 5106 in
1545 5051 1788 5107 bonitate
1829 5064 1972 5105 sum—

395 5169 564 5219 mum,
614 5152 669 5206 in
702 5147 969 5219 sapientia
1008 5143 1458 5206 inaestimabilem,
1500 5143 1554 5196 in
1596 5140 1839 5197 consiliis
1869 5147 1975 5193 ter-

397 5244 627 5307 ribilem,
677 5241 729 5296 in
772 5236 999 5311 justitiis
1041 5235 1266 5305 justum,
1322 5233 1375 5288 in
1429 5230 1851 5303 cogitationibus
1894 5243 1976 5282 se-

399 5336 781 5398 cretissimum,
835 5332 892 5386 in
924 5329 1104 5385 verbis
1148 5340 1415 5389 veracem,
1460 5324 1516 5379 in
1546 5322 1799 5393 operibus
1848 5336 1975 5375 san-

399 5433 566 5489 etum,
586 5425 642 5478 in
683 5420 1067 5483 misericordiis
1091 5418 1390 5488 copiosum,
1431 5430 1559 5485 erga
1596 5412 1975 5480 delinquentes

401 5513 874 5587 patientissimum,
919 5527 1048 5582 erga
1081 5510 1350 5582 patientes
1372 5507 1555 5578 pium;
1587 5518 1804 5573 semper
1832 5501 1973 5555 idem

404 5619 577 5675 ipsum
605 5610 863 5657 aeternum
890 5618 955 5657 ac
979 5604 1386 5671 sempiternum,
1414 5594 1773 5651 immortalem
1815 5601 1978 5660 atque

404 5695 910 5749 incommutabilem.
941 5699 1230 5756 Quemuec
1259 5689 1432 5772 spatia
1457 5686 1699 5747 dilatant,
1734 5698 1835 5737 nec
1859 5682 1977 5737 bre-

407 5785 544 5839 vitas
591 5781 826 5836 locorutn
856 5789 1128 5849 angustat,
1180 5794 1278 5834 nec
1308 5776 1643 5846 receptacula
1687 5773 1794 5829 ulla
1828 5790 1977 5828 coar-

2063 3230 2198 3283 ritus
2238 3226 2373 3297 ejus,
2403 3235 2459 3279 et
2510 3231 2810 3278 revertetur
2863 3222 2918 3275 in
2973 3230 3175 3275 terram
3228 3234 3381 3273 suam
3416 3237 3428 3272 :
3459 3220 3514 3273 in
3544 3218 3642 3272 illa

2061 3320 2148 3375 die
2188 3318 2441 3388 peribunt
2488 3330 2677 3370 omnes
2721 3315 3076 3385 cogitationes
3128 3328 3335 3368 eorum.
3388 3311 3500 3383 Ego
3526 3312 3647 3368 dixi

2062 3413 2116 3466 in
2167 3425 2395 3465 excessu
2448 3409 2646 3463 mentis
2702 3423 2836 3462 meae
2884 3423 2897 3460 :
2946 3406 3134 3462 Omnis
3170 3407 3332 3461 homo
3382 3408 3641 3460 mendax.

2064 3502 2383 3563 Memorare,
2432 3498 2680 3563 Domine,
2739 3514 2858 3567 quae
2885 3506 2969 3553 est
2998 3513 3117 3552 mea
3144 3498 3445 3553 substantia
3480 3515 3492 3549 :
3524 3513 3639 3551 non

2062 3594 2207 3647 enim
2257 3606 2393 3645 van“:
2464 3590 2792 3645 constituisti
2851 3589 2987 3643 filios
3037 3588 3337 3643 hominum.
3385 3587 3640 3650 Domine,

2063 3682 2189 3753 quid
2214 3690 2297 3736 est
2333 3681 2515 3745 homo,
2582 3681 2723 3751 quod
2756 3680 3037 3734 innotuisti
3087 3680 3168 3741 ei;
3219 3689 3312 3734 aut
3357 3678 3498 3733 (ilius
3543 3679 3639 3734 bo-

2064 3776 2249 3839 minis,
2287 3774 2540 3843 quoniam
2565 3780 2784 3843 reputas
2814 3772 2972 3827 eum?
3022 3772 3346 3826 Humiliatus
3397 3786 3519 3825 sum
3558 3786 3655 3826 us-

2065 3880 2406 3936 quequaque,
2437 3864 2684 3928 Domine,
2715 3864 2928 3918 viviﬁca
2953 3879 3039 3919 me
3069 3864 3365 3919 secundum
3412 3861 3648 3917 verbum

2067 3965 2235 4011 tuum.
2288 3956 2421 4012 Vide
2452 3956 2808 4010 humilitatem
2844 3971 3041 4019 meam,
3101 3963 3158 4009 et
3185 3954 3331 4024 eripe
3357 3969 3444 4007 me
3470 3970 3484 4005 :
3513 3953 3647 4022 quia

2066 4046 2236 4117 legem
2268 4055 2412 4101 tuam
2459 4062 2565 4100 non
2606 4062 2724 4100 sum
2753 4046 2968 4100 oblitus.
3028 4046 3351 4101 Custodiens
3391 4045 3651 4114 parvulos

2068 4134 2347 4197 Dominus.
2375 4135 2687 4189 humiliatus
2717 4151 2856 4199 sum,
2883 4144 2937 4188 et
2964 4135 3211 4189 liberavit
3237 4149 3342 4188 me.
3386 4134 3498 4203 Ego
3517 4146 3651 4188 vero

2067 4243 2269 4298 egenus
2306 4235 2361 4281 et
2388 4243 2589 4297 pauper
2635 4227 2743 4297 29
2788 4242 2930 4292 sum,
2970 4226 3233 4281 Dominus
3260 4241 3445 4281 curam
3483 4226 3649 4280 habet

2070 4320 2195 4372 mei.
2221 4318 2304 4373 Sit
2329 4336 2527 4373 nomen
2572 4319 2783 4373 Domini
2813 4319 3178 4384 benedictum,
3221 4334 3283 4373 ex
3307 4318 3409 4372 hoc
3428 4332 3575 4372 nunc
3597 4326 3651 4373 et

2067 4424 2238 4479 usque
2266 4411 2317 4463 in
2359 4410 2627 4463 sarculum.

2646 4496 2875 4556 'Oralio.

2137 4589 2362 4644 Domine
2388 4588 2515 4644 Jesu
2553 4590 2787 4656 Christe,
2824 4591 2913 4661 qui
2942 4592 2994 4644 in
3021 4592 3163 4646 hunc
3193 4594 3453 4647 mundum
3480 4606 3654 4664 prep-

2069 4686 2152 4731 ter
2173 4689 2484 4746 peccatores
2532 4681 2598 4736 de
2654 4683 2777 4736 sinu
2813 4681 2994 4737 Patris
3019 4683 3306 4747 advenisti,
3348 4692 3406 4737 ut
3437 4697 3536 4737 nos
3578 4686 3650 4738 de

2067 4772 2254 4825 eodem
2282 4781 2503 4841 peccato
2537 4774 2855 4841 redimeres,
2897 4775 3026 4845 quia
3057 4776 3170 4829 scio
3196 4784 3251 4829 et
3278 4778 3442 4831 credo
3470 4792 3485 4840 ;
3536 4792 3657 4833 non

2069 4861 2505 4932 propterjustos,
2535 4864 2631 4919 sed
2666 4873 2890 4934 propter
2917 4874 3235 4935 peccatores
3270 4868 3325 4921 in
3366 4875 3511 4922 terra
3548 4868 3661 4921 ha~

2070 4952 2242 5008 bitare
2278 4953 2514 5013 voluisti.
2556 4955 2764 5010 Exaudi
2793 4971 2902 5020 me,
2932 4956 3159 5012 Domine
3198 4942 3361 5023 Deus,
3396 4967 3661 5027 peccato-

2072 5058 2186 5096 rezn
2214 5053 2269 5097 et
2309 5045 2647 5114 culpabilem,
2682 5053 2739 5100 et
2766 5047 3046 5117 indignum
3075 5056 3131 5101 et
3162 5048 3542 5118 negligentem,
3597 5057 3661 5100 et

2071 5134 2378 5189 obnoxium.
2411 5134 2527 5190 Tibi
2555 5136 2818 5191 conﬁteor
2844 5138 3025 5191 omnia
3053 5147 3277 5206 peccata
3302 5154 3442 5201 mea,
3459 5140 3653 5193 omnia

2075 5222 2213 5276 mala
2256 5237 2396 5287 mea,
2445 5224 2703 5291 quidquid
2753 5224 2808 5278 in
2860 5226 2964 5280 hoc
3021 5226 3222 5281 saeculo
3249 5228 3413 5293 gessi,
3449 5228 3662 5283 delicto

2074 5326 2216 5376 meo,
2247 5320 2389 5375 actu,
2421 5313 2534 5367 sive
2564 5313 2762 5382 iniquis
2795 5315 3236 5384 cogitationibus,
3297 5319 3365 5372 de
3394 5319 3667 5376 omnibus

2074 5401 2281 5456 veniam
2313 5410 2456 5471 peto.
2487 5401 2731 5466 Peccavi,
2754 5401 2977 5471 juravi:
3012 5413 3191 5461 tamen
3236 5413 3289 5460 te
3328 5421 3433 5461 non
3478 5406 3659 5461 abue-

2075 5492 2217 5561 gavi,
2251 5494 2376 5562 quia
2407 5494 2521 5548 scio
2549 5501 2606 5548 et
2632 5495 2797 5551 credo
2834 5496 2962 5565 quia
2998 5504 3052 5551 tu
3094 5495 3256 5552 Pater
3296 5512 3374 5551 es.
3427 5495 3663 5565 lndulge

2078 5586 2230 5649 mibi,
2258 5586 2490 5641 Clu-iste.
2541 5586 2617 5641 Te
2644 5587 2823 5651 laudo,
2857 5595 2908 5642 te
2958 5587 3263 5659 magniﬁco,
3296 5596 3345 5641 te
3382 5586 3660 5657 glerilicu.

2078 5675 2311 5732 Trinitas
2342 5684 2544 5732 sancta.
2597 5676 2717 5736 Tibi
2742 5679 2944 5746 gratias
2970 5694 3071 5749 ago
3103 5680 3157 5733 in
3199 5679 3453 5733 omnins
3503 5678 3667 5733 iniit-

2078 5766 2353 5822 mitatibus
2379 5767 2540 5831 meis,
2577 5769 2702 5835 quia
2727 5784 2830 5823 non
2853 5769 3025 5823 italico
3050 5783 3200 5837 spem
3232 5770 3282 5823 in
3312 5770 3497 5827 alium,
3547 5770 3659 5824 nisi
