3968 6180
261 380 347 434 477
1105 384 1495 443 LITURGICA.
1533 417 1603 427 —-
1639 384 1727 440 DE
1760 383 1828 439 PS

1892 384 2005 439 LM.
2048 381 2204 439 USU.
2246 412 2316 421 -
2351 381 2537 439 PARS
2571 381 2613 438 Ι.
3362 394 3457 451 ΠΒ

260 500 383 559 inte,
413 495 549 550 Deus
583 508 751 549 meus.
781 494 861 550 Ad
883 504 1096 566 portum
1133 495 1387 554 Ecclesia;
1408 508 1535 565 tute,
1557 498 1789 564 Christe,
1821 503 1869 560 A
1896 506 2006 555 tuo.
2031 495 2270 568 Angelus
2305 495 2551 562 Michael,
2575 499 2798 568 angelus
2827 498 3069 565 Gabriel,
3114 503 3333 574 angelus
3359 506 3463 561 Ra-

258 588 495 659 eonfugio,
525 594 713 641 etante
736 587 959 657 pignora
983 597 1290 644 sanctorum
1315 598 1524 646 tuorum
1548 597 1789 657 prostra-
1889 587 2066 660 phael,
2090 602 2280 644 omnes
2303 585 2501 660 angeli,
2526 602 2714 644 omnes
2734 590 3062 661 archangeli,
3094 608 3279 649 omnes
3305 596 3457 651 thro-

258 690 326 736 tus
346 675 714 747 indulgentiam
733 684 877 747 peto.
910 666 1111 735 Precor
1133 689 1187 734 et
1210 680 1451 750 supplico
1481 682 1599 748 tibi,
1624 682 1785 746 Deus,
1888 678 1968 743 ni,
1996 693 2182 733 omnes
2213 678 2626 744 dominationes,
2655 695 2845 736 omnes
2870 683 3204 752 principatus
3227 696 3281 741 et
3308 697 3461 757 pote—
3503 698 3520 713 '

254 781 298 825 ut
317 770 434 824 mihi
458 769 748 825 concedere
774 770 1012 840 digneris
1037 786 1137 840 pro
1168 779 1257 826 tua
1281 773 1651 830 misericordia
1687 776 1788 830 mi-

1890 775 2077 831 states,
2106 784 2296 824 omnes
2307 769 2633 838 patriarcha:
2645 781 2701 825 et
2714 772 3006 841 prophetat,
3023 790 3211 832 omnes
3228 779 3457 847 apostoli

251 859 588 923 sericordiam,
624 867 678 912 et
705 859 959 926 pietatem
993 875 1162 929 usque
1214 862 1265 916 in
1295 862 1455 918 ﬁnem
1502 880 1705 930 meum,
1734 874 1789 918 et
1887 868 1941 914 et
1972 868 2259 929 martyres,
2283 875 2473 917 omnes
2523 860 2861 918 confessores
2889 872 2944 919 et
2981 867 3239 936 virgines,
3272 869 3326 925 in
3362 872 3457 928 ad-

251 951 293 1004 in
314 948 389 1002 illa
421 950 549 1003 hora
594 949 905 1013 tremenda,
936 951 1150 1018 quando
1187 951 1366 1007 anima
1413 968 1529 1007 mea
1586 953 1788 1024 migra-
1880 949 2141 1018 jutorium
2164 959 2218 1005 et
2268 950 2527 1007 auxilium
2556 952 2814 1008 assistant
2850 954 3004 1019 mihi,
3042 971 3139 1025 per
3171 957 3455 1017 Dominum

251 1051 348 1095 tura
379 1040 476 1095 erit
523 1039 588 1093 de
638 1054 865 1109 corpore
912 1055 1053 1097 meo.
1108 1040 1311 1096 Praesta
1370 1043 1503 1098 mihi
1565 1058 1785 1097 sensum
1885 1050 2126 1097 nostrum
2144 1040 2327 1096 Jesum
2354 1041 2646 1099 Christum.
2679 1042 2976 1109 Matthzeus,
3007 1046 3453 1114 Marcus,Lucas,

251 1136 449 1191 rectum,
480 1125 639 1181 fidem
667 1135 890 1190 rectam,
917 1136 972 1183 et
1002 1128 1394 1186 credulitatem.
1434 1130 1786 1199 Omnipotens
1884 1129 2137 1185 Joannes.
2165 1129 2481 1201 Sancte3o
2498 1129 2715 1200 Georgi,
2736 1130 2932 1187 famule
2959 1133 3030 1188 mi
3060 1133 3458 1206 [Forte,famu-

251 1215 547 1280 Deus,Deus
574 1217 962 1280 meus,exandi
1005 1232 1111 1279 me,
1136 1224 1195 1270 ut
1226 1219 1461 1274 animam
1492 1234 1669 1274 meam
1721 1219 1786 1273 li-
1883 1220 1933 1273 le
1958 1218 2205 1291 Christi],
2253 1220 2525 1276 intercede
2568 1235 2667 1290 pro
2712 1235 2800 1276 me
2837 1220 3039 1277 famulo
3092 1231 3202 1281 tuo.
3255 1225 3456 1285 Sancte

249 1307 410 1361 berare
437 1305 673 1376 digneris
708 1307 774 1362 de
800 1305 1011 1361 inferno
1039 1306 1300 1363 inferiori.
1353 1309 1496 1366 Deus
1539 1313 1785 1382 omnipo~
1884 1308 3065 1380 Christophore,iutercedeprome.Domine,
3109 1317 3314 1381 delimo
3346 1326 3458 1374 ter-

249 1405 364 1459 tens,
388 1395 551 1451 libera
580 1411 670 1451 me
694 1394 755 1451 de
776 1411 937 1467 paena
954 1396 1223 1454 infernali.
1245 1399 1388 1454 Deus
1416 1388 1780 1471 omnipotens,
1884 1415 1958 1455 rte
1979 1398 2222 1455 formasti
2255 1416 2359 1465 me,
2393 1400 2605 1456 ossibus
2626 1410 2682 1456 et
2702 1403 2855 1458 venis
2874 1406 3192 1477 compegisti
3222 1423 3328 1463 me.
3354 1409 3454 1463 Do-

249 1487 386 1543 libera
401 1501 483 1542 me
512 1488 578 1542 dc
601 1488 724 1557 igne
742 1487 1182 1558 inexstinguibili.
1229 1488 1372 1544 Deus
1420 1492 1780 1560 omnipotens,
1883 1491 2047 1553 mine,
2075 1504 2173 1559 pro
2194 1497 2287 1546 tua
2312 1491 2514 1559 pietate
2538 1491 2747 1545 salvum
2774 1508 2860 1548 me
2904 1492 3009 1549 fac.
3035 1494 3147 1548 Pax
3176 1497 3285 1563 hic,
3312 1498 3469 1563 Deus.

248 1580 388 1634 libera
413 1595 496 1635 me
525 1580 593 1635 de
630 1579 960 1649 protoplasto
1003 1578 1220 1634 Satana.
1255 1581 1396 1635 Deus
1416 1581 1781 1652 omnipotens,
1883 1580 1989 1637 hic.
2017 1579 2263 1643 Domine,
2307 1581 2499 1636 exaudi
2546 1582 2847 1636 orationem
2903 1600 3099 1650 meam,
3151 1595 3207 1641 et
3249 1587 3457 1644 clamor

247 1670 388 1724 libera
411 1684 493 1724 me
526 1671 593 1724 de
627 1669 903 1724 vermibus
931 1670 1343 1725 immortalibus.
1404 1671 1545 1726 Deus
1603 1673 1779 1727 omni-
1881 1683 2034 1724 meus
2055 1672 2122 1725 ad
2145 1677 2197 1724 te
2221 1670 2423 1725 veniat.
2455 1671 2589 1737 Quia
2622 1672 2720 1726 tibi
2749 1673 2846 1727 soli
2889 1676 3107 1743 peccavi
3151 1683 3206 1730 et
3251 1678 3451 1734 malum

246 1772 428 1830 potens,
455 1762 625 1817 libera
677 1776 761 1816 me
816 1761 882 1816 de
948 1761 1228 1817 mansione
1277 1762 1584 1832 impiorum.
1640 1764 1783 1818 Deus
1881 1774 2063 1814 coram
2093 1769 2146 1814 te
2174 1759 2319 1815 feci:
2352 1761 2474 1830 quia
2501 1770 2725 1830 peccata
2746 1779 2865 1818 mea
2897 1754 3308 1825 innumerabilia
3323 1780 3452 1825 sunt

244 1853 565 1921 omnipotens,
600 1852 773 1907 libera
820 1866 907 1906 me
951 1852 1015 1906 de
1069 1852 1315 1922 angustia
1362 1861 1585 1908 artema.
1640 1854 1782 1908 Dens
1813 1856 1859 1915 Β
1883 1848 2054 1903 valde.
2080 1846 2305 1904 Veniam
2329 1864 2426 1918 pro
2452 1850 2537 1905 his
2565 1859 2712 1920 peto,
2747 1852 2993 1921 Domine,
3023 1856 3258 1925 peccatis
3277 1865 3331 1912 et
3351 1874 3449 1914 ne-

244 1942 564 2012 omnipotens,
596 1941 766 2020 libera
795 1957 883 1996 me
918 1942 984 1996 de
1011 1942 1264 1997 omnibus
1281 1942 1459 1998 malis.
1487 1942 1631 1999 Deus
1660 1960 1777 2000 om-
1876 1938 2147 2009 gligentiis
2163 1940 2317 2004 meis,
2343 1956 2442 2015 pro
2471 1958 2608 1997 vana
2636 1943 2827 2013 gloria,
2861 1961 2959 2015 pro
3010 1949 3448 2019 concupiscentia

245 2034 473 2100 nipotens,
512 2033 746 2088 liberare
769 2033 1008 2102 digneris
1033 2036 1270 2089 animam
1302 2051 1481 2091 meam
1510 2036 1577 2090 de
1628 2044 1779 2092 tene-
1875 2032 2101 2096 carnali,
2131 2047 2230 2101 pro
2259 2033 2636 2101 delectatione,
2662 2051 2761 2106 pro
2789 2037 3101 2109 pollutione,
3159 2055 3258 2109 pro
3304 2058 3452 2096 mur-

243 2122 334 2177 bris
356 2124 728 2178 exterioribus.
784 2122 919 2190 Quia
973 2124 1029 2178 in
1085 2132 1137 2178 te
1189 2125 1421 2191 confido,
1468 2128 1596 2197 quia
1642 2143 1778 2197 opus
1876 2123 2195 2187 moratione,
2228 2139 2326 2193 pro
2346 2125 2571 2189 invidia,
2596 2141 2694 2195 pro
2723 2127 2997 2196 superbia,
3019 2144 3117 2197 pro
3144 2131 3451 2186 somnolen-

242 2227 459 2267 mammm
479 2222 696 2269 tuarum
717 2230 835 2269 sum
858 2229 981 2286 ego,
1010 2231 1078 2270 ne
1110 2231 1198 2271 me
1220 2217 1508 2287 despicias,
1538 2219 1772 2274 Christe.
1876 2212 1971 2279 tia,
1999 2227 2099 2283 pro
2121 2214 2442 2281 visionibus,
2470 2230 2571 2284 pro
2596 2217 3018 2285 cogitationibus
3038 2220 3173 2274 meis
3224 2220 3445 2290 iniquis,

243 2303 362 2374 Rogo
385 2313 627 2359 sanctam
647 2320 713 2360 ac
732 2305 1098 2360 beatissimam
1129 2318 1360 2362 matrem
1394 2316 1635 2363 nostram
1663 2308 1777 2363 Ma-
1873 2319 1972 2374 pro
2005 2305 2299 2371 adulterio,
2332 2322 2431 2377 pro
2453 2305 2829 2371 fornicatione,
2856 2322 2954 2377 pro
3011 2309 3115 2364 hoc
3165 2312 3307 2379 quod
3349 2327 3448 2382 ego

242 2394 370 2459 riam,
390 2410 515 2465 rogo
541 2396 739 2466 viginti
757 2405 991 2466 quatuor
1018 2400 1279 2465 seniores,
1310 2415 1516 2455 omnes.
1559 2409 1777 2456 sanctos
1876 2395 1944 2450 ad
1965 2410 2102 2465 opus
2140 2394 2238 2450 Dei
2287 2394 2440 2457 tarde
2470 2397 2647 2449 venio.
2692 2394 2923 2453 Peccata
2964 2412 3080 2452 mea
3119 2415 3220 2454 nec
3242 2398 3441 2463 dicere.

242 2484 421 2555 angelos
440 2494 561 2541 tuos
582 2487 843 2557 deprecor
860 2527 876 2552 ,
903 2489 1154 2546 omnibus
1200 2493 1406 2547 sanctis
1446 2493 1776 2561 patriarchis

1878 2499 1974 2538 nec
2002 2484 2282 2539 nominare
2301 2500 2539 2555 possum.
2587 2484 2732 2541 Reus
2759 2502 2899 2552 sum,
2924 2488 3236 2558 iniquitates
3275 2506 3445 2555 meas,

239 2576 558 2646 acprophetis
583 2576 852 2648 supplico,
871 2592 1060 2635 omnes
1089 2582 1358 2651 apostolos
1387 2592 1441 2637 οι
1483 2592 1771 2654 martyres,
1873 2581 1929 2628 et
1946 2574 2183 2629 malitias
2201 2589 2349 2629 meas
2378 2590 2485 2629 non
2515 2566 2792 2647 abseondi,
2824 2578 2949 2646 quia
2992 2579 3103 2633 scio
3152 2588 3207 2634 et
3251 2582 3445 2647 credo,

239 2674 280 2726 et
295 2666 621 2730 confessores
656 2676 795 2740 tuos,
843 2679 1005 2744 atque
1034 2671 1273 2746 virgines
1322 2688 1490 2743 rogo:
1524 2675 1775 2730 similiter
1873 2667 2017 2736 quod
2044 2676 2097 2721 ιιι
2124 2668 2245 2735 Pius
2265 2666 2426 2721 Ρδιεν
2443 2682 2521 2722 εδ·
2553 2667 2631 2721 ΝΘ
2659 2666 2793 2739 [ΑΙ-θ
2816 2667 2947 2741 Nec]
2977 2686 3061 2724 me
3083 2671 3446 2740 άθΐθὶῖηψιθει

236 2778 391 2819 omnes
414 2774 637 2820 sanctos
664 2772 804 2831 tuos,
834 2773 890 2820 et
904 2766 1107 2821 electos
1144 2767 1239 2821 Dei
1290 2770 1482 2824 invoco
1511 2767 1564 2824 in
1609 2767 1771 2824 auxi-
1872 2756 2366 2813 Pater-misericors
2388 2797 2401 2823 ,
2427 2758 2518 2811 sed
2549 2756 2771 2829 dignare
2800 2758 3074 2832 indulgere
3090 2762 3232 2830 quod
3246 2761 3447 2817 malum

233 2854 335 2909 lium
360 2859 565 2911 meum.
593 2856 662 2910 Et
681 2858 735 2911 in
761 2857 851 2912 illa
889 2859 1170 2914 tremenda
1220 2861 1374 2925 hom,
1423 2877 1529 2931 qua
1590 2863 1770 2917 anima
1871 2851 1975 2920 egi.
2008 2848 2276 2905 Succurre
2299 2849 2430 2902 mihi
2452 2848 2593 2919 pius,
2627 2848 2931 2915 invisibilis,
2972 2850 3161 2916 dulcis,
3196 2859 3249 2904 et
3297 2868 3446 2907 ama-

233 2962 513 3020 meaegress
534 2965 629 3004 ma
667 2950 855 3007 emde
880 2967 1106 3024 corpore
1130 2969 1270 3018 meo,
1319 2965 1506 3010 sancte
1547 2956 1771 3011 ποικίλη-
1869 2941 2013 3007 bilis,
2037 2950 2321 3011 antequam
2344 2950 2501 3010 porta
2530 2940 2825 2996 inferorum
2850 2940 3139 2998 absorbent
3189 2958 3302 3008 me,
3350 2960 3449 2999 an-

230 3037 339 3108 ειιο,
368 3039 659 3109 θερί-ερον,
687 3042 779 3110 qui
810 3042 1112 3098 animarum
1143 3034 1578 3114 accipiendarum
1615 3060 1771 3100 accc.
1871 3041 2087 3101 tequam
2109 3032 2291 3086 veniat
2316 3048 2447 3103 pars
2470 3031 2673 3086 inimici
2697 3031 2822 3086 mei.
2851 3031 2930 3085 Tu
2960 3032 3091 3086 mihi
3122 3048 3315 3087 manus
3328 3049 3449 3102 por-

230 3128 326 3196 pisti
348 3138 709 3200 ροιεεωιεω,
736 3140 798 3186 ιιι
815 3134 1053 3187 animam
1071 3149 1248 3188 meam
1268 3135 1543 3204 suscipere
1580 3134 1766 3204 digne.
1803 3198 1825 3204 _
1869 3123 2005 3194 rige,
2034 3130 2089 3177 et
2124 3121 2302 3176 lumen
2345 3121 2588 3186 ostende,
2647 3129 2706 3173 ut
2759 3118 2901 3173 nulla
2956 3129 3197 3189 potestas
3252 3118 3445 3174 inferni

230 3223 303 3289 ris,
328 3198 544 3295 quando
569 3226 637 3279 de
669 3239 895 3294 corpore
927 3240 1049 3282 meo
1071 3198 1575 3297 eritegressuramt
1590 3198 1761 3281 libera
1794 3216 1797 3241 '

1878 3212 2091 3267 invadat
2111 3227 2197 3266 me
2218 3212 2269 3264 in
2299 3210 2391 3264 illa
2418 3211 2574 3274 hora,
2602 3209 2817 3280 quando
2845 3210 3022 3264 anima
3060 3226 3176 3265 mea
3203 3225 3445 3283 assump-

227 3328 322 3369 eam
364 3316 427 3371 de
471 3323 758 3386 potestate
806 3315 1032 3383 inimici,
1079 3324 1139 3370 ιιι
1176 3317 1507 3386 pem-ausim
1564 3318 1766 3387 possim
1870 3312 1987 3357 tura
2008 3300 2214 3374 [Forte,
2236 3299 2577 3372 assumenda]
2607 3302 2712 3355 erit
2739 3300 2804 3355 de
2844 3316 3074 3372 corpore
3102 3316 3240 3356 meo.
3266 3301 3448 3358 Piissi-

227 3413 373 3474 portas
410 3406 718 3462 inferorum
742 3414 799 3461 et
817 3407 934 3462 vias
950 3408 1320 3472 tenebrarum,
1360 3418 1416 3462 ut
1442 3424 1547 3463 non
1576 3424 1635 3463 se
1675 3424 1768 3478 po-

1879 3408 1953 3450 me
1974 3392 2137 3457 Deus,
2162 3391 2468 3446 misericors
2491 3390 2648 3455 Deus,
2664 3390 3078 3446 clementissime
3092 3390 3250 3455 Deus,
3274 3391 3446 3445 telau-

226 3503 297 3549 ttat
325 3493 533 3568 [Fat-te,
559 3494 818 3568 opponat]
854 3496 940 3552 leo
959 3495 1043 3552 vel
1094 3496 1278 3563 draco,
1325 3498 1416 3567 qui
1467 3506 1760 3554 consuetus

1876 3486 1955 3550 do,
1989 3493 2041 3538 te
2070 3482 2379 3554 magniﬁco,
2414 3481 2511 3536 tibi
2541 3483 2746 3553 gratias
2784 3497 2885 3552 ago
2914 3500 2927 3534 :
2958 3482 3049 3553 qui
3093 3496 3179 3535 me
3227 3481 3443 3536 salvasti

228 3595 291 3639 est
312 3590 503 3643 animas
545 3586 846 3644 inferorum
870 3589 1131 3658 recipere,
1180 3597 1235 3643 et
1282 3589 1348 3643 ad
1401 3596 1602 3643 :elerna
1652 3596 1765 3644 tor—

1878 3594 1962 3647 per
1982 3584 2212 3640 noctem,
2233 3574 2427 3644 iubeas
2456 3591 2542 3630 me
2565 3575 2882 3645 servaripcr
2907 3574 3065 3628 diem.
3085 3573 3194 3628 Fac
3216 3588 3320 3639 me,
3342 3572 3445 3633 Do—

228 3688 371 3733 ωαιιει
396 3679 828 3750 ρετιτειιθτθ,Τρ
861 3681 1141 3749 deprecor,
1183 3686 1368 3733 sancte
1424 3679 1765 3748 Petre’prin_
1867 3668 2028 3735 mine,
2054 3676 2200 3722 tuam
2230 3667 2461 3737 gratiam
2492 3665 2753 3741 invenire,
2792 3672 2842 3720 te
2870 3679 3074 3728 amare,
3125 3671 3176 3717 te
3223 3663 3443 3719 laudare

228 3782 324 3835 cep,
345 3770 729 3840 αροειοιοι-υω,
753 3771 845 3839 qui
868 3777 1019 3825 ιεηθε
1052 3768 1233 3824 claves
1258 3762 1410 3836 regni
1477 3768 1759 3834 οωιοιιιιηι,
1865 3764 1920 3811 et
1945 3757 2153 3821 timere,
2188 3756 2281 3811 tibi
2309 3756 2536 3819 servire,
2565 3764 2619 3808 et
2671 3754 2898 3825 diligere
2945 3752 3196 3807 omnibus
3249 3752 3441 3806 diebus

224 3863 701 3933 “accipiendarum
724 3864 1024 3918 animarum
1049 3863 1307 3933 accepi“,
1334 3870 1544 3932 ροιεειε,
1556 3872 1682 3925 mm,
1704 3873 1765 3918 ιη
1863 3847 1984 3901 vitm
2008 3862 2158 3902 mea).
2187 3846 2351 3910 Deus,
2379 3844 2477 3898 tibi
2490 3845 2811 3899 commendo
2833 3844 2999 3897 vitam
3023 3858 3220 3895 meam.
3279 3840 3438 3895 Misc-

225 3962 397 4019 portam
418 3955 659 4025 paradisi
687 3954 818 4009 mihi
841 3954 1051 4023 aperire
1080 3953 1334 4024 digneris.
1366 3953 1593 4007 Domine
1633 3951 1762 4007 Iesu

1871 3955 1985 3993 rere
2010 3938 2134 4004 mei,
2163 3938 2388 3992 Domine
2417 3936 2622 4006 gloriae,
2653 3935 2743 4004 qui
2790 3949 2849 3987 es
2876 3949 3013 3987 unus
3041 3941 3095 3985 et
3143 3947 3327 3998 verus,
3385 3941 3438 3986 et

223 4041 413 4111 Christe,
435 4046 537 4102 Fili
571 4045 774 4111 Mariie,
802 4059 1109 4115 processum
1134 4045 1202 4099 do
1243 4045 1361 4110 tibi,
1402 4052 1463 4098 ut
1516 4057 1643 4111 agas
1686 4044 1754 4099 de
1862 4030 2007 4085 δοιυε
2041 4028 2308 4099 “iustus:
2338 4025 2474 4115 θείη
2503 4038 2609 4093 (Ιυο
2637 4025 2839 4115 {milii},
2868 4031 2921 4075 θι
2944 4035 3040 4090 νοτ
3069 4036 3227 4089 quem
3248 4025 3426 4115 011W?!

223 4134 369 4189 anim
411 4152 529 4190 mea
584 4111 842 4206 pictam},
881 4142 935 4190 ει
980 4134 1424 4197 misericordiam,
1471 4135 1597 4204 quia
1625 4134 1680 4188 in
1709 4140 1760 4187 te
1860 4119 1998 4172 facta
2045 4125 2187 4172 sunt.
2229 4114 2437 4168 Exaudi
2491 4128 2598 4178 me,
2652 4111 2897 4206 Domine,
2950 4118 3238 4175 orantem;
3297 4112 3437 4166 sicut

220 4226 412 4291 Μή
438 4201 658 4282 Chris'le
691 4224 1018 4295 Redemptor
1055 4224 1259 4290 mundi,
1309 4201 1525 4293 quand},
1568 4237 1758 4278 οοευιι.
1859 4207 2124 4261 exaudisti
2149 4213 2259 4259 tres
2279 4219 2476 4274 pueros
2510 4205 2579 4257 de
2607 4201 2821 4257 camino
2849 4202 2989 4272 ignis
3012 4201 3275 4266 ardentis,
3338 4201 3426 4256 Sl-

219 4329 351 4370 surus
374 4331 511 4382 sum,
538 4332 609 4371 ne
635 4316 736 4371 sim
764 4315 1022 4386 expulsus
1049 4330 1079 4368 a
1107 4313 1244 4369 facie
1300 4320 1412 4376 tua,
1468 4312 1598 4381 quia
1650 4330 1757 4369 non

1860 4298 2005 4361 (irae,
2031 4295 2213 4359 Misac,
2234 4303 2288 4349 et
2306 4294 2616 4364 Abdenago.
2645 4292 2849 4347 Exaudi
2873 4309 2981 4358 me,
2996 4294 3241 4358 Domine,
3261 4308 3427 4348 oran-

219 4420 397 4461 memr
418 4423 676 4463 coronam
705 4406 788 4460 vel
839 4382 1073 4470 ἦεηίειη,
1128 4404 1233 4458 nisi
1275 4404 1409 4457 mihi
1457 4404 1757 4459 concedﬂm
1859 4396 1987 4449 tem,
2015 4385 2152 4440 sicut
2175 4384 2443 4439 exaudisti
2467 4384 2689 4439 Petrum
2716 4385 2770 4441 in
2794 4387 2954 4451 mari,
2981 4384 3201 4439 Paulum
3233 4384 3286 4437 in
3312 4382 3433 4463 vin-

215 4495 438 4566 digneris.
469 4496 796 4551 Anxiliatrix
822 4496 892 4550 sit
918 4495 1049 4549 mihi
1074 4502 1261 4548 sancta
1284 4492 1539 4557 Trinitas,
1558 4493 1751 4548 exaudi
1787 4542 1831 4566 η
1860 4477 2013 4532 culis.
2040 4477 2208 4553 Parce
2229 4476 2420 4531 animae
2441 4491 2593 4542 meae.
2629 4490 2793 4545 parce
2832 4477 2987 4530 malis
3022 4476 3176 4538 meis.
3211 4481 3264 4529 et
3297 4489 3430 4527 cun-

219 4542 438 4566 -TM.-.
469 4542 796 4551 .-.._.-...---_
823 4542 892 4550 ,η
1075 4542 1261 4548 ____-_
1292 4542 1539 4557 ηψπ,
1564 4542 1649 4546 ,η
1669 4542 1751 4548 _---
2058 4548 2061 4553 ,
2631 4542 2647 4545 ν

219 4600 301 4649 ine,
321 4586 564 4651 Domine,
587 4588 762 4657 quies
785 4585 928 4641 Deus
949 4600 1103 4640 meus
1124 4585 1298 4650 vivus,
1317 4590 1372 4638 et
1409 4583 1585 4643 virtus
1612 4599 1751 4648 mea,
1783 4542 1831 4601 D
1858 4569 1963 4623 etis
1989 4567 2308 4631 criminibus
2332 4567 2484 4621 meis.
2510 4566 2726 4621 Christe
2779 4565 2924 4620 Deus
2976 4580 3148 4629 meus,
3197 4578 3338 4633 pone
3381 4572 3437 4616 te

214 4672 341 4737 iudex
373 4678 572 4747 justus.
604 4653 685 4731 Il'u
712 4677 951 4731 medicus
978 4656 1400 4746 potentissimus.
1445 4673 1525 4727 Tu
1553 4688 1613 4729 es
1670 4690 1757 4729 sa-
1861 4666 1982 4713 “me
2009 4673 2115 4723 me:
2137 4659 2183 4713 Si
2211 4658 2448 4712 θιευίιαῑ
2467 4656 2718 4747 inimicus
2750 4671 2903 4710 meus
2929 4663 3116 4747 φθίνει
3157 4668 3263 4708 πῖθι
3322 4653 3437 4725 Εεο

216 4744 387 4821 cenios
413 4769 469 4823 in
493 4777 775 4823 aeternum.
807 4766 885 4820 Tu
908 4744 1015 4821 duit
1040 4766 1108 4820 ad
1135 4765 1386 4834 patriam.
1419 4764 1498 4818 Tu
1526 4765 1617 4818 lux
1636 4781 1754 4820 mea
1861 4749 2145 4812 dormiam:
2170 4756 2225 4804 οι
2257 4763 2352 4804 θον
2373 4762 2552 4801 meum
2579 4746 2784 4816 Visilel-
2808 4744 2995 4814 A080“
3026 4745 3124 4810 ίυίν
3181 4745 3428 4811 nomine.

214 4869 333 4911 trra.
355 4860 431 4913 Tu
459 4860 690 4915 dulcedo
716 4875 834 4913 mea
863 4866 1068 4914 sancta.
1095 4856 1177 4911 Tu
1205 4857 1468 4926 sapientia
1493 4872 1617 4911 mea
1642 4857 1756 4911 cla-

1861 4856 1949 4897 mc
1973 4840 2284 4897 custodiant
2339 4848 2446 4893 tam
2480 4853 2580 4907 per
2616 4838 2780 4901 diem.
2828 4852 2989 4906 quam
3038 4852 3137 4906 per
3195 4846 3428 4893 noctem.

215 4963 276 5001 ra.
301 4951 373 5004 Tu
386 4953 705 5022 simplicitas
727 4966 843 5005 mea
867 4966 1019 5020 pura.
1053 4949 1132 5003 Tu
1156 4949 1336 5003 anima
1359 4963 1477 5003 mea
1508 4948 1750 5003 catholi-

1865 4931 2004 4987 Deus
2026 4930 2385 4999 omnipotens,
2417 4929 2603 4982 emitte
2632 4926 2893 4996 Spiritum
2924 4935 3079 4981 tuum
3130 4928 3331 4982 bonum
3376 4936 3432 4982 et

211 5056 279 5094 ca.
311 5044 385 5099 Tu
432 5045 724 5101 concordia
766 5059 884 5099 mea
925 5041 1169 5113 pacifica.
1211 5041 1293 5096 Tn
1345 5042 1589 5097 custodia
1637 5056 1757 5096 mea

1863 5029 2090 5081 rectum,
2111 5024 2203 5089 qui
2234 5024 2470 5071 animam
2495 5031 2673 5071 meam
2700 5024 2756 5071 et
2783 5031 2979 5086 corpus
3018 5032 3195 5072 meum
3250 5025 3430 5071 custo-

213 5140 317 5187 tota.
343 5136 419 5188 Tu
448 5135 707 5204 perfectio
734 5149 853 5188 mea
877 5105 1010 5189 tota.
1041 5132 1119 5186 Tu
1143 5131 1290 5187 salus
1322 5146 1439 5185 mea
1472 5131 1756 5200 sempiter-

1863 5113 1992 5170 diat.
2022 5110 2267 5173 Peccavi,
2296 5109 2540 5174 Domine,
2568 5108 2789 5179 peccavi
2814 5108 2869 5162 in
2898 5107 3016 5179 lege
3041 5107 3173 5173 Dei,
3226 5105 3430 5172 verbis,

210 5236 281 5275 na.
309 5225 384 5279 Tn
407 5226 777 5280 misericordia
802 5239 921 5279 mea
950 5238 1161 5292 magna.
1194 5222 1274 5277 Tu
1290 5221 1401 5274 vita
1424 5235 1546 5274 mea
1566 5220 1758 5273 imma-

1860 5201 2039 5263 factis,
2062 5206 2115 5252 et
2137 5194 2572 5267 cogitationibus.
2615 5194 2783 5249 Multa
2824 5201 2952 5250 sunt
2998 5201 3221 5262 peccata
3286 5207 3427 5247 mea.

207 5312 380 5369 calata.
412 5316 497 5369 Tu
525 5316 779 5386 patientia
809 5284 1201 5370 robustissima.
1231 5311 1310 5365 Tu
1323 5308 1623 5378 redemptio
1637 5324 1754 5364 mea

1861 5290 2144 5361 Negligens
2168 5287 2243 5342 fui
2280 5286 2347 5341 de
2374 5300 2538 5356 opere
2565 5285 2683 5350 Dei,
2708 5294 2767 5341 et
2788 5286 2854 5341 de
2877 5285 3066 5340 ordine
3118 5296 3254 5339 meo.
3287 5284 3422 5344 Bre-

206 5400 346 5460 L-cta.
371 5406 451 5461 Tu
481 5376 801 5464 resurrectio
827 5421 944 5461 mea
974 5412 1181 5461 sancta.
1219 5403 1298 5458 Tu
1321 5402 1433 5456 vita
1474 5376 1749 5470 perpetua.

1867 5397 1960 5438 cor
1984 5390 2055 5446 te,
2084 5382 2236 5434 beata
2256 5378 2408 5449 virgo
2430 5377 2612 5439 Maria,
2639 5385 2696 5432 et
2720 5391 2909 5431 omnes
2932 5376 3103 5430 sancti
3128 5376 3244 5441 Dei,
3268 5387 3434 5434 orate

207 5493 269 5549 Te
290 5513 437 5567 rogo,
467 5508 520 5555 te
547 5500 825 5570 deprecor,
846 5508 908 5553 ut
925 5512 1023 5567 per
1046 5506 1099 5551 te
1129 5492 1411 5557 ambulem,
1440 5468 1508 5546 ad
1556 5468 1609 5546 te
1633 5507 1756 5561 pcr-
1858 5489 2062 5574 D'0_me
2087 5479 2389 5574 Ρξοοθξοτε·
2416 5470 2734 5574 liberam“
2754 5468 2859 5523 ωθί
2885 5469 3234 5574 οιιιηίιξοιειξξ
3264 5470 3432 5537 Deus.

208 5559 417 5655 vernam,
443 5590 499 5643 in
523 5598 571 5644 te
593 5559 948 5659 requiescam,
978 5594 1034 5642 et
1060 5587 1126 5641 ad
1154 5594 1206 5641 te
1230 5597 1531 5651 resurgam.
1579 5559 1757 5635 Esan-
1863 5569 2099 5625 οιίίοιὶει
2123 5563 2387 5619 Dominus
2437 5562 2579 5616 Deus
2621 5576 2782 5615 verus
2835 5574 3014 5614 veram
3051 5559 3429 5627 humilitatem.

208 5676 249 5729 di
276 5695 378 5746 me,
405 5679 651 5737 nomine,
674 5655 964 5744 ﬁgmento,
984 5677 1229 5741 nomine,
1259 5673 1449 5737 David,
1480 5672 1623 5726 sicut
1664 5670 1756 5740 ju-
1862 5680 2044 5721 veram
2064 5659 2459 5733 paenitentiam,
2489 5672 2675 5713 veram
2710 5655 3116 5726 indulgentiam,
3170 5655 3432 5715 sobrieta-

213 5772 320 5823 mti
348 5771 590 5839 patrihus
614 5772 829 5836 nostris,
858 5776 916 5825 ut
938 5775 1148 5824 avertas
1176 5767 1307 5821 iram
1334 5773 1478 5818 tuam
1501 5778 1530 5816 a
1558 5760 1757 5815 famulo
1865 5766 1993 5822 tem,
2026 5751 2385 5815 tolerantiam,
2424 5751 2618 5805 bonam
2648 5748 2830 5812 ﬁdem,
2863 5748 3054 5802 bonam
3079 5762 3426 5818 persevcran-
