3968 6180
424 423 529 480 $79
1270 415 1328 471 Β.
1365 415 1427 472 F.
1463 415 1688 472 ALBINI
1726 414 1856 473 SEU
1894 415 2168 473 ALCUINI
2203 416 2485 474 OPERUM
2525 415 2704 472 PARS
2743 412 2830 470 IV.
3559 416 3673 474 480

424 541 574 594 tiam.
596 536 864 593 llluminet
886 548 974 591 me
1019 531 1255 603 Spiritus
1275 539 1516 595 sanctus,
1541 529 1814 602 indulgeat
1856 530 1986 584 mihi
2018 532 2065 592 Α
2093 529 2345 601 quoniam
2382 530 2563 586 suavis
2609 537 2693 584 est
2740 528 3104 584 misericordia
3153 537 3263 583 tua.
3309 527 3502 585 Libera
3554 548 3674 597 nte,

425 632 685 688 Dominus
707 629 887 685 omnia
910 636 1129 699 peccata
1149 639 1269 680 mea
1297 624 1386 680 hic
1412 632 1466 678 et
1494 624 1548 678 in
1572 621 1769 678 futuro.
1798 622 1988 677 Amen.
2095 636 2349 692 quoniam
2387 636 2590 692 egenus
2638 636 2780 686 sum,
2826 630 2880 676 et
2929 636 3130 691 pauper
3172 637 3292 677 sum
3342 638 3460 700 ego,
3487 633 3542 678 et
3572 641 3677 680 cor

398 696 401 699 Ι
913 696 930 699 _
1146 734 1280 798 νιιο
2097 725 2275 765 meum
2313 711 2693 767 conturbatum
2714 719 2799 765 est
2841 711 2896 765 in
2927 726 3032 766 me.
3066 709 3144 766 Ne
3167 698 3457 768 tradideris
3492 730 3577 769 me
3615 717 3673 770 in

1649 853 1662 866 ,
1712 854 1748 870 ,Α
2095 800 2304 854 animas
2342 799 2778 869 persequentium
2834 814 2940 865 me,
2971 801 3222 870 quoniam
3258 801 3675 861 insurrexerunt

485 865 563 924 In
592 860 1038 923 tentationibus
1065 857 1526 919 immundorum
1560 857 1924 932 spirituum.

2103 890 2150 943 in
2182 904 2270 944 me
2310 857 2475 944 testes
2502 857 2692 960 iniqui.
2731 857 3144 961 Dispergdillos
3172 890 3226 944 in
3256 891 3458 947 virtute
3479 903 3593 962 tua,
3619 906 3680 951 ct

495 985 815 1041 Consolatur
836 997 935 1036 nos
955 982 1009 1035 in
1037 977 1424 1034 tentationibus
1451 974 1794 1031 daamoniacis
1838 989 1996 1046 egre-
2096 980 2317 1035 destrue
2362 995 2457 1035 eos
2483 988 2760 1050 protector
2785 995 2954 1043 meus,
2990 980 3233 1035 Domine.
3264 980 3494 1050 Adjutor
3519 1002 3678 1043 meus

428 1076 548 1147 gius
576 1074 913 1144 praedicator,
965 1068 1191 1124 dicens:
1236 1063 1439 1120 Fidelis
1481 1074 1653 1118 autem
1693 1064 1855 1129 Deus,
1908 1066 1998 1136 qui

390 1173 394 1177 ‘
429 1184 532 1221 non
568 1165 791 1235 patietur
819 1179 904 1217 vos
932 1157 1123 1215 tentari
1143 1172 1303 1227 supra
1326 1172 1485 1227 quam
1512 1155 1763 1226 potestis;
1806 1154 1900 1208 sed
1915 1154 1999 1223 fa-

427 1256 525 1309 ciet
560 1270 674 1306 cum
714 1251 994 1305 tentatione
1025 1249 1182 1303 etiam
1207 1246 1403 1301 exitum
1423 1284 1439 1311 ,
1473 1253 1530 1298 ut
1574 1244 1783 1315 possitis
1837 1245 1997 1298 susti-

429 1342 614 1416 nere(l
639 1340 764 1398 Cor.
798 1358 855 1408 x,
888 1340 1013 1412 13).Ι
1047 1338 1309 1406 Quocirca
1336 1337 1611 1393 sciendum
1646 1345 1748 1400 est,
1774 1335 1898 1406 quia
1913 1338 2001 1408 ju-

428 1435 556 1492 dicii
573 1434 768 1490 occulti
780 1447 1033 1488 mensura
1051 1441 1155 1496 est,
1168 1439 1223 1485 et
1235 1431 1449 1499 quando
1465 1428 1779 1484 tentationis
1797 1430 2003 1500 procel-

430 1525 481 1578 la
498 1524 765 1594 prosiliat,
786 1530 844 1577 et
890 1521 1106 1590 quando
1132 1518 1500 1587 conquiescat.
1528 1518 1689 1574 Certe
1709 1518 2001 1590 Evangelia

429 1617 717 1664 attestante
743 1607 1087 1671 describitur,
1114 1606 1256 1675 quod
1274 1621 1374 1661 nec
1394 1620 1614 1661 manere
1667 1605 1723 1660 in
1775 1606 2001 1663 obsesso

429 1703 647 1758 homine
682 1700 885 1770 potuit;
904 1712 1007 1754 nec
1027 1713 1216 1754 rursus
1243 1698 1500 1753 invadere
1540 1697 1697 1752 bruta
1745 1697 2000 1752 animalia

428 1793 532 1849 nisi
558 1790 744 1860 jussus
770 1790 1130 1862 praesumpsit,
1153 1789 1336 1844 dicens
1362 1805 1375 1843 :
1409 1787 1653 1865 Sixcjicis
1701 1804 1818 1854 nos,
1855 1789 2001 1842 mitte

431 1902 523 1940 nos
545 1886 597 1939 in
615 1899 818 1955 gregem
845 1894 1123 1953 porcorum
1166 1880 1381 1952 (Matth.
1427 1897 1547 1944 vm,
1596 1881 1709 1953 51).
1770 1879 1998 1947 Quando
2028 1878 2074 1937 Β

429 1974 690 2044 ergojste
707 1989 804 2030 sua
838 1980 1030 2043 sponte
1053 1985 1248 2026 nocere
1274 1970 1432 2026 factis
1463 1969 1530 2024 ad
1575 1970 1672 2024 Dei
1709 1969 1996 2040 imaginem

430 2066 735 2121 hominibus
754 2065 997 2129 auderet,
1029 2065 1113 2119 cui
1144 2065 1189 2119 si
1225 2070 1467 2134 potestas
1491 2076 1701 2118 summa
1724 2060 1998 2117 licentiam

430 2173 538 2214 non
591 2159 875 2229 praeberet,
903 2157 1139 2229 grassari
1164 2170 1264 2211 nec
1292 2156 1346 2210 in
1374 2170 1569 2225 porcos
1585 2153 1824 2209 valeret?
1844 2152 2001 2209 Nullo

334 2253 344 2262 '
430 2267 561 2322 ergo
591 2252 751 2306 modo
799 2249 1176 2321 ambigendum
1229 2255 1336 2312 est,
1383 2246 1648 2317 permissu
1702 2244 1998 2314 aequissimi

425 2341 641 2411 judicis,
666 2339 719 2394 in
747 2339 945 2396 electos
966 2338 1033 2393 ad
1068 2346 1279 2408 tempus
1305 2335 1577 2391 diabolum
1618 2334 1861 2389 tentandi
1910 2347 2001 2388 ac-

429 2435 612 2503 cipere
638 2439 999 2502 potestatem:
1033 2430 1125 2485 sed
1154 2429 1580 2485 misericorditer
1616 2428 1779 2497 judex
1810 2442 2001 2482 conce-

431 2521 531 2584 dit,
563 2521 706 2590 quod
733 2520 1021 2576 crudeliter
1047 2520 1220 2575 hostis
1235 2519 1396 2589 capit.
1430 2517 1567 2572 llinc
1580 2525 1683 2582 est,
1699 2517 1840 2585 quod
1856 2515 1999 2571 ﬁdeli

405 2594 413 2601 ’
433 2607 632 2663 famulo
654 2609 719 2683 de
738 2610 927 2663 eodem
950 2608 1207 2663 Dominus
1232 2608 1363 2663 dicit
1390 2625 1403 2660 :
1431 2605 1555 2660 Non
1575 2608 1725 2677 quasi
1771 2605 2000 2660 crudelis

430 2697 690 2752 suscitabo
711 2715 826 2753 eum
860 2698 1001 2771 (Job.
1040 2715 1152 2765 xu,
1198 2699 1269 2769 l).
1332 2699 1468 2754 llinc
1517 2697 1729 2754 ﬁdelem
1766 2699 2001 2753 animam

432 2791 817 2847 tcntationibus
836 2790 1110 2862 fatigatam
1149 2792 1359 2847 blandis
1402 2791 1862 2849 consolationibus
1916 2809 2001 2849 re-

432 2878 593 2942 fbvet,
622 2879 806 2934 dicens
835 2898 847 2932 :
877 2879 1023 2935 Dixit
1054 2880 1310 2935 Dominus
1350 2881 1492 2935 Deus
1537 2891 1658 2935 tuus
1697 2896 1715 2933 :
1744 2882 1826 2935 Ad
1869 2901 2001 2954 pun-

430 2978 571 3024 ctum
592 2970 646 3024 in
674 2970 878 3025 modico
903 2970 1152 3042 ἀει-ειὶηαὶ
1180 2982 1247 3036 te,
1270 2982 1318 3026 et
1352 2974 1405 3027 in
1434 2974 1858 3029 miserationibus
1890 2992 2001 3029 ma-

429 3060 544 3130 gnis
572 3060 892 3131 congregabo
915 3071 983 3116 te.
1006 3062 1140 3117 Item
1169 3063 1240 3117 ibi
1265 3083 1277 3118 :
1309 3064 1568 3119 Abscondi
1597 3066 1787 3134 [aciem
1833 3082 1997 3120 meam

429 3166 706 3223 parumper
731 3162 857 3219 ate,
884 3162 933 3207 et
992 3154 1048 3207 in
1077 3154 1441 3208 misericordia
1470 3156 1785 3227 sempiterna
1815 3158 2000 3210 miser-

2054 1122 2062 1132 ,
2096 1078 2150 1125 et
2196 1069 2452 1125 liberator
2491 1087 2644 1127 meus
2679 1080 2818 1136 esto,
2846 1070 3090 1136 Domine,
3118 1087 3190 1127 ne
3219 1073 3535 1130 tardaveris.
3565 1078 3678 1133 Sed

2097 1169 2152 1214 et
2177 1160 2356 1231 lingua
2382 1177 2502 1217 mea
2531 1162 2880 1217 meditabitur
2890 1160 3157 1231 justitiam
3182 1170 3350 1230 tuam,
3384 1166 3510 1223 dum
3545 1184 3681 1225 con-

2099 1250 2200 1304 fusi
2222 1258 2274 1305 et
2304 1252 2518 1306 reveriti
2565 1251 2782 1316 fuerint,
2813 1252 2905 1322 qui
2945 1261 3192 1322 qumrunt
3222 1255 3364 1310 mala
3400 1258 3550 1312 mihi.
3592 1260 3691 1339 Sig

2099 1356 2295 1396 nomen
2321 1342 2530 1396 Domini
2561 1344 2923 1409 benedictum,
2957 1359 3025 1399 ex
3055 1344 3158 1401 hoc
3181 1362 3325 1403 nunc
3341 1356 3397 1403 et
3424 1365 3595 1420 usque
3620 1352 3688 1436 inJ

2100 1433 2373 1488 s.'cculum.
2402 1433 2625 1489 Domine
2671 1436 2813 1493 Deus
2864 1436 3148 1503 virtutum,
3183 1450 3439 1497 converte
3470 1458 3590 1509 nos,
3621 1433 3687 1522 et,

2098 1523 2320 1579 ostende
2348 1522 2540 1579 faciem
2567 1533 2735 1591 tuam,
2780 1535 2835 1582 et
2856 1526 2988 1582 salvi
3034 1528 3255 1585 erimus.
3284 1530 3544 1605 Exsurge,
3570 1530 3681 1591 Do-

2100 1610 2263 1676 mine,
2317 1612 2510 1681 adjuva
2560 1629 2677 1678 nos,
2727 1622 2784 1669 et
2837 1614 3007 1670 libera
3056 1632 3156 1672 nos
3205 1628 3426 1689 propter
3480 1639 3680 1679 nomen

2102 1711 2272 1758 tuum.
3662 1699 3685 1725 ·’

2783 1794 2988 1851 Oratio.

2173 1931 2376 1988 Przesta
2405 1932 2556 1998 mihi,
2587 1932 2831 1999 Domine,
2858 1935 3159 2005 profectum
3204 1940 3474 2007 quaerendi
3503 1939 3680 2010 legem

2102 2033 2273 2087 tuam,
2307 2034 2365 2081 et
2392 2035 2738 2096 peccatorum
2778 2028 3019 2083 omnium
3054 2030 3453 2095 remissionem,
3498 2040 3556 2085 ut
3580 2035 3682 2103 qui

2102 2116 2372 2171 desiderio
2425 2132 2621 2187 magno
2673 2117 2740 2171 ad
2767 2117 2946 2175 lumen
3003 2119 3409 2191 Scripturarum
3464 2131 3684 2177 tuarum

2101 2207 2384 2275 pervenire
2429 2207 2607 2277 cupio,
2653 2207 2815 2264 nuliis
2873 2219 3216 2279 peccatorum
3270 2213 3685 2284 caligationibus

2101 2297 2243 2353 oculi
2284 2299 2391 2353 mei
2437 2300 2816 2356 obscurentur.
2856 2300 3083 2359 Attrahe
3128 2321 3215 2360 me
3259 2307 3329 2361 ad
3381 2314 3433 2361 te
3482 2307 3687 2364 virtute

2105 2392 2512 2461 omnipotentia:
2542 2401 2665 2448 tum.
2709 2393 2827 2448 Non
2865 2411 2952 2451 me
2991 2397 3336 2467 derelinquas
3365 2398 3418 2453 in
3462 2402 3685 2470 propria

2102 2482 2378 2538 voluntate
2403 2484 2613 2555 vagari,
2640 2501 2802 2555 quem
2824 2488 3062 2555 pretioso
3094 2490 3353 2560 sanguine
3382 2491 3683 2546 redemisti.

2103 2570 2394 2642 Imaginem
2426 2580 2574 2628 tuam
2598 2574 2651 2628 in
2687 2590 2774 2631 me
2815 2591 2921 2631 non
2952 2578 3100 2633 sinas
3125 2579 3434 2646 obscurari;
3486 2596 3610 2651 qua:
3636 2587 3685 2653 si

2104 2668 2156 2715 te
2183 2669 2472 2730 prtestante
2499 2662 2840 2729 defendatur,
2896 2681 3110 2737 semper
3150 2668 3368 2741 egregia
3414 2679 3518 2726 est.
3562 2672 3686 2728 Non

2101 2753 2315 2810 diabolo
2334 2755 2496 2812 liceat
2515 2766 2606 2812 tua
2631 2759 2769 2814 dona
2789 2759 3124 2828 subvertere,
3148 2762 3277 2832 quia
3298 2770 3473 2818 totum
3491 2762 3688 2836 fragile

2101 2852 2203 2910 est,
2227 2846 2487 2916 quidquid
2518 2847 2612 2901 tibi
2642 2849 2835 2904 nititur
2869 2850 3109 2907 obviare.
3140 2851 3281 2906 Audi
3310 2868 3423 2918 me,
3443 2852 3531 2923 pie
3561 2866 3684 2911 ms.

2101 2937 2425 2995 clamantem
2470 2956 2570 3009 pro
2614 2944 2848 3011 peccatis
2896 2943 3046 3006 meis,
3100 2953 3157 2999 et
3199 2944 3352 3013 prius
3395 2944 3485 2999 illa
3535 2959 3567 2998 a
3595 2960 3689 2999 me

2103 3042 2340 3093 remove,
2388 3045 2557 3099 quam
2584 3046 2682 3100 pro
2700 3032 2905 3088 eisdem
2927 3033 2982 3087 in
3004 3041 3094 3088 tua
3131 3034 3534 3090 examinatione
3552 3049 3688 3089 con-

2101 3121 2342 3176 demncr.
2393 3121 2532 3189 Quid
2560 3124 2691 3178 mihi
2736 3140 2854 3179 mea
2900 3124 3185 3181 insidiatur
3219 3126 3516 3196 iniquitas?
3542 3125 3689 3193 Quid

430 3214 515 3294 tus
542 3214 657 3294 sum
677 3242 753 3295 tui
783 3214 937 3314 (Isai.
979 3258 1089 3307 LIV,
1116 3243 1168 3307 7,
1197 3243 1272 3310 8).
1306 3242 1442 3298 Cum
1470 3214 1599 3316 ergo
1634 3244 1687 3298 in
1719 3245 2002 3300 tcntatoris
2031 3235 2076 3296 C
2105 3220 2293 3316 contra
2320 3228 2406 3268 me
2444 3214 2641 3316 (1‘3"an
2678 3231 2796 3271 mea
2818 3216 3168 3316 “9‘3"”?
3187 3218 3507 3316 creaturam
3533 3228 3687 3316 suam

429 3331 760 3387 voluntatem
784 3334 851 3387 ad
875 3342 1081 3403 tempus
1106 3335 1415 3401 incidimus,
1444 3336 1760 3406 priusquam
1804 3335 1857 3389 in
1909 3337 2002 3390 de-

429 3421 733 3476 lectationis
761 3429 854 3476 aut
878 3424 1024 3493 pravi
1051 3439 1350 3481 consensus
1394 3426 1498 3496 31
1547 3426 1799 3480 labamur
1844 3442 2002 3481 vora-

430 3509 638 3578 ginem;
667 3509 956 3565 clamemus
1004 3511 1330 3580 medullitcr,
1389 3514 1683 3569 clamemus
1738 3516 1999 3581 valenter,

431 3599 532 3655 hos
551 3600 886 3656 decantando
905 3601 1142 3671 psalmos
1170 3618 1184 3656 :
1229 3603 1392 3670 Deus,
1434 3604 1576 3659 Deus
1620 3622 1783 3670 meus,
1810 3608 2003 3676 respice

431 3692 490 3745 in
518 3708 634 3757 me;
663 3693 802 3745 Deus
826 3734 841 3758 ,
874 3693 936 3747 in
971 3695 1177 3747 nomine
1200 3705 1288 3749 tuo
1305 3713 1324 3761 ;
1346 3695 1595 3750 Miserere
1610 3698 1730 3763 mei,
1756 3697 1999 3763 Domine,

430 3784 681 3853 quoniam
712 3784 1168 3852 conculcarerunt;
1196 3788 1335 3843 Deus
1360 3790 1413 3843 in
1436 3789 1758 3859 adjutorium
1790 3806 1999 3852 meum;

431 3873 655 3929 Domine
680 3874 824 3931 Deus
848 3877 1035 3932 salutis
1065 3896 1227 3945 mete;
1282 3880 1442 3951 Eripe
1477 3897 1557 3935 me
1576 3922 1591 3946 ,
1638 3880 1860 3935 Domine
1883 3922 1897 3946 ,
1937 3880 2000 3933 ab

433 3965 638 4022 homine
666 3967 827 4023 malo.

668 4074 795 4132 Post
835 4079 1139 4136 Orationem
1165 4082 1498 4137 Dominicam
1540 4100 1711 4137 versus
1738 4104 1755 4138 :

500 4189 728 4256 Exaudi,
763 4191 923 4261 Deus,
969 4196 1269 4252 orationem
1298 4213 1492 4264 meam,
1525 4214 1646 4254 cum
1684 4200 1937 4266 tribulor,
1971 4217 2001 4254 a

432 4281 626 4339 timore
676 4283 880 4341 inimici
919 4288 1067 4359 eripe
1106 4290 1341 4344 animam
1370 4307 1564 4346 meam.
1607 4292 2004 4348 Trilmlationcs

430 4375 610 4430 cordis
630 4375 735 4429 mei
764 4375 1000 4432 dilatata:
1020 4388 1162 4445 sunt,
1187 4380 1253 4433 de
1274 4381 1683 4436 necessitatibus
1704 4382 1838 4436 meis
1857 4382 2003 4452 eripe

402 4480 539 4540 _me.
570 4463 812 4521 Statuisti
850 4466 903 4521 in
930 4466 1048 4525 loco
1074 4469 1310 4537 spatioso
1337 4471 1501 4538 pedes
1539 4486 1707 4536 meos,
1743 4472 2004 4528 miserere

432 4555 558 4618 mei,
625 4555 867 4623 Domine,
922 4558 1176 4628 quoniam
1236 4558 1482 4613 tribulor.
1535 4561 1800 4631 Exsurge,
1833 4579 2002 4632 quare

430 4643 726 4710 obdormis,
748 4646 1004 4703 Domine?
1031 4647 1289 4719 Exsurge,
1321 4658 1376 4704 et
1400 4664 1468 4704 ne
1495 4650 1723 4721 repellas
1748 4667 1918 4721 usque
1948 4653 2003 4707 in

432 4733 614 4789 ﬁnem.
653 4734 732 4792 Ne
760 4739 939 4794 tradas
965 4755 1051 4794 me
1076 4755 1107 4794 a
1136 4740 1405 4795 desiderio
1428 4756 1548 4797 meo
1585 4741 1880 4812 peccatori,
1909 4758 2002 4798 co-

431 4826 739 4896 gitaverunt
763 4830 1043 4886 adversum
1072 4846 1178 4898 me,
1207 4848 1275 4887 ne
1299 4832 1643 4904 derelinquas
1669 4850 1776 4899 me,
1805 4848 1873 4888 ne
1898 4851 2001 4888 uu-

429 4932 594 4988 quam
628 4918 947 4975 exaltemur.
976 4922 1239 4994 Exsurge,
1291 4924 1536 4990 Domine,
1565 4940 1673 4980 non
1717 4925 2003 4995 przevaleat

433 5009 612 5076 homo,
636 5008 947 5080 iudicentur
969 5023 1155 5084 gentes
1181 5015 1237 5070 in
1266 5024 1551 5086 conspectu
1579 5024 1691 5071 tuo.
1736 5016 2001 5088 Exsurge,

433 5094 658 5156 Domine
682 5101 824 5156 Deus
856 5117 1029 5169 meus,
1054 5105 1322 5161 exaltetur
1350 5122 1542 5162 manus
1567 5114 1681 5173 tua,
1714 5124 1783 5163 nc
1808 5109 2001 5164 oblivi-

429 5189 599 5245 scaris
617 5191 872 5262 pauperis
891 5192 942 5247 in
963 5192 1144 5248 ﬁnem.
1167 5194 1246 5249 Tu
1268 5204 1468 5261 autem,
1493 5195 1738 5263 Domine,
1766 5212 1831 5253 ne
1845 5199 2000 5269 longe

432 5280 601 5339 facias
645 5284 906 5341 auxilium
932 5293 1082 5341 tuum
1107 5301 1137 5341 a
1175 5301 1279 5351 me,
1317 5288 1385 5343 ad
1425 5288 1792 5345 defensionem
1825 5306 1998 5346 meam

433 5372 633 5442 aspice.
668 5373 869 5432 Emitte
895 5391 1114 5432 manum
1166 5385 1312 5433 tuam
1342 5379 1410 5434 de
1435 5378 1563 5446 alto,
1615 5381 1763 5451 eripe
1804 5396 1909 5445 me,
1946 5392 2001 5437 et

434 5458 600 5518 libera
626 5479 714 5520 me
737 5466 804 5521 de
828 5468 984 5538 aquis
1009 5468 1213 5535 multis,
1244 5477 1301 5523 et
1327 5469 1393 5524 de
1420 5484 1580 5524 manu
1607 5470 1840 5526 ﬁliorum
1864 5472 1996 5527 alie-

433 5566 644 5607 norum.
670 5554 934 5622 Quoniam
964 5559 1125 5615 alieni
1158 5561 1568 5617 insurrexerunt
1596 5563 1651 5617 in
1677 5579 1781 5631 me,
1811 5574 1866 5620 et
1891 5564 1999 5620 for-

432 5649 515 5695 tes
536 5645 860 5710 quassierunt
877 5650 1111 5705 animam
1136 5665 1313 5706 meam
1347 5670 1359 5705 :
1394 5661 1448 5707 ct
1474 5669 1579 5706 non
1608 5665 1999 5723 proposuerunt

429 5729 719 5786 hominum
768 5742 892 5789 ante
939 5747 1286 5807 conspectum
1322 5756 1497 5795 suum.
1537 5741 1606 5795 Et
1645 5751 1725 5807 tu,
1755 5744 1997 5807 Domine,

431 5830 517 5877 tac
562 5836 772 5881 mecum
820 5826 1245 5884 miscricordiam
1308 5840 1529 5899 propter
1574 5847 1767 5887 nomen
1827 5841 1998 5898 tuum,

2104 3310 2347 3357 evertere
2387 3303 2630 3371 cupiunt,
2680 3320 2802 3374 qua:
2847 3306 2994 3362 nulla
3053 3308 3370 3364 substantiae
3422 3309 3691 3366 ﬁrmitate

2104 3393 2422 3449 subsistunt.
2447 3395 2602 3450 Dicat
2628 3405 2775 3452 certe
2813 3396 3081 3464 diabolus,
3105 3414 3203 3454 cur
3228 3415 3315 3455 me
3342 3400 3688 3456 insaturabili

2104 3483 2288 3538 dolore
2336 3485 2714 3554 prosequitur?
2762 3486 3014 3558 Nunquid
3058 3505 3158 3561 ego
3180 3489 3256 3544 illi
3292 3490 3438 3556 dedi,
3465 3498 3527 3545 ut
3562 3490 3687 3556 tibi,

2104 3572 2350 3640 Domine,
2377 3575 2642 3645 superbus
2679 3577 2959 3644 existeret,
2993 3587 3049 3633 et
3075 3580 3141 3635 de
3166 3580 3497 3637 beatitudine
3519 3582 3697 3637 collo-

2105 3676 2223 3720 cata
2242 3667 2483 3733 caderet,
2514 3683 2638 3724 cum
2661 3678 2825 3726 tanta:
2850 3671 3067 3726 virtutis
3091 3672 3321 3743 insignia
3349 3673 3695 3742 possideret?

2105 3754 2345 3812 Sulliciat
2387 3758 2482 3824 illi,
2515 3761 2658 3829 quod
2684 3776 2773 3817 me
2800 3761 2855 3816 in
2888 3762 3057 3817 Adam
3090 3763 3325 3833 perdidit
3356 3780 3368 3816 :
3407 3779 3577 3835 quare
3601 3780 3693 3819 me

2104 3850 2432 3918 quotidianis
2469 3851 2874 3923 deceptionibus
2924 3856 3121 3925 impius
3144 3857 3505 3913 calumniator
3543 3859 3686 3913 inse-

2103 3942 2316 4011 quitur;
2341 3951 2395 3999 et
2418 3943 2560 3999 sicut
2579 3945 2668 4000 ille
2686 3962 2717 3999 a
2742 3947 2915 4017 gratia
2943 3955 3034 4003 tua
3068 3963 3166 4018 per
3183 3950 3394 4019 culpam
3418 3966 3573 4005 suam
3596 3968 3692 4005 ee-

2104 4031 2255 4098 cidit,
2311 4049 2398 4089 me
2425 4050 2658 4105 quoque,
2689 4044 2748 4090 ut
2793 4037 2862 4091 ab
2899 4040 3090 4106 eadem
3137 4049 3370 4111 separet,
3411 4042 3696 4111 exquirit?

2102 4118 2349 4177 Concede
2390 4122 2545 4188 mihi,
2588 4123 2831 4189 Domine,
2857 4136 3049 4181 contra
3104 4129 3315 4184 hostem
3363 4130 3685 4185 crudelissi-

2103 4197 2276 4277 mum,
2320 4210 2468 4280 pium
2497 4220 2603 4267 tua:
2639 4212 2966 4270 defensionis
3007 4216 3299 4284 auxilium;
3341 4226 3403 4272 ut
3430 4217 3571 4273 sicut
3599 4219 3699 4273 ille

2104 4301 2451 4374 fragilitatem
2495 4320 2668 4361 meam
2718 4322 2825 4362 non
2854 4308 3052 4364 desinit
3098 4310 3432 4381 impugnare,
3474 4311 3551 4365 ita
3581 4311 3697 4367 tuis

2103 4404 2329 4467 cogatur
2360 4397 2567 4455 viribus
2590 4398 2847 4456 confusus
2872 4403 3183 4458 abscedere.
3225 4403 3339 4458 Non
3369 4406 3688 4475 permittas,

2103 4483 2243 4541 bone
2268 4502 2383 4552 rex,
2409 4486 2463 4542 in
2492 4504 2579 4544 me
2601 4491 2954 4547 smvissimum
2982 4493 3189 4548 hostem
3237 4510 3333 4549 sua
3368 4505 3497 4550 vota
3536 4512 3693 4552 com~

2031 4593 2080 4651 ο
2102 4573 2271 4643 plere,
2301 4576 2394 4646 qui
2418 4584 2471 4632 te
2495 4578 2732 4647 graviter
2754 4579 2918 4651 elegit
2939 4580 3231 4637 oil‘endere.
3263 4582 3403 4650 Quid
3428 4599 3515 4638 me
3542 4584 3697 4641 sicut

2106 4663 2191 4719 leo
2214 4665 2433 4734 rugiens
2457 4667 2669 4730 circuit,
2698 4669 2827 4738 quid
2856 4684 2942 4725 me
2964 4671 3224 4727 devorare
3245 4673 3552 4728 contendit?
3583 4673 3691 4728 Se:

2106 4756 2215 4811 mel
2253 4757 2329 4812 illi
2368 4758 2423 4812 in
2462 4759 2789 4828 baptismate
2814 4778 2971 4817 sacro
3018 4765 3344 4831 renuntiavi,
3383 4764 3549 4819 semel
3582 4765 3689 4821 tibi

2106 4844 2335 4902 Domino
2361 4847 2587 4904 credere
2611 4849 2888 4919 professus
2909 4866 3049 4906 sum.
3078 4852 3265 4909 Talem
3306 4868 3393 4909 me
3420 4862 3689 4924 perpetua

2105 4934 2420 4992 defensione
2467 4939 2704 4996 concede
2755 4939 2981 5005 servari,
3031 4941 3246 5011 qualem
3275 4958 3361 4998 me
3411 4944 3530 4998 ﬁeri
3584 4959 3694 5014 per

2105 5042 2301 5098 aquam
2367 5031 2809 5100 regenerationis,
2856 5030 3085 5089 Creator
3144 5035 3423 5100 altissime,
3470 5036 3692 5104 praesti-

2104 5117 2234 5172 tisti.
2262 5119 2329 5174 Et
2353 5121 2479 5189 quia
2526 5128 2649 5176 tuus
2685 5136 2807 5177 esse
2840 5124 3004 5193 coepi,
3049 5123 3216 5179 alium
3264 5125 3538 5179 dominum
3587 5142 3691 5182 ne-

2102 5207 2305 5274 sciam;
2356 5218 2418 5265 ut
2468 5211 2595 5279 quia
2656 5220 2748 5266 tua
2793 5212 2965 5283 gloria
3019 5215 3329 5285 redemptus
3376 5230 3516 5279 sum,
3588 5225 3689 5270 tua

2101 5301 2350 5355 mandata
2382 5310 2433 5357 te
2479 5303 2714 5358 donante
2757 5302 2970 5359 faciam.
3013 5304 3167 5372 Quod
3195 5305 3240 5361 si
3278 5321 3366 5361 me
3396 5305 3687 5375 relinquis,

2099 5390 2281 5443 statim
2309 5390 2395 5447 ille
2428 5393 2806 5461 tergiversator
2838 5394 3062 5460 invadit,
3086 5395 3179 5465 qui
3208 5395 3511 5451 indefessus
3540 5396 3685 5466 ML,

2104 5477 2423 5551 indefectus]
2455 5489 2618 5550 atque
2668 5483 2951 5551 impudens
3005 5499 3219 5554 semper
3268 5485 3495 5549 assistit,
3525 5484 3685 5539 lucra

2102 5584 2196 5623 sua
2225 5577 2540 5638 computans
2568 5572 2830 5628 humanas
2856 5574 3060 5629 ruinas.
3101 5574 3204 5641 Qui
3243 5574 3365 5629 ideo
3403 5572 3685 5627 blanditur

2102 5665 2161 5710 ut
2210 5657 2316 5728 32
2344 5657 2595 5729 decipiat,
2648 5661 2766 5717 ideo
2818 5663 3039 5734 instigat
3059 5672 3119 5717 ut
3147 5665 3395 5733 perimat.
3441 5662 3686 5720 Maxime

2102 5760 2199 5815 per
2242 5762 2435 5817 corpus
2482 5758 2724 5806 nostrum
2756 5752 2965 5808 animas
2991 5762 3203 5808 nostras
3244 5753 3461 5823 decipit,
3501 5740 3573 5808 'et
3600 5754 3685 5809 ita

2106 5850 2200 5904 pcr
2246 5836 2507 5893 desideria
2571 5841 2803 5897 humana
2857 5842 3185 5901 diffunditur.
3237 5852 3292 5897 ut
3339 5842 3479 5898 nulla
3535 5857 3682 5913 pene
