3908 6184
264 287 349 344 ιιι
688 280 694 286 ’
1151 294 1536 352 LITURGICA.
1572 328 1643 340 ——-
1680 298 1768 354 DE
1805 297 2052 356 PSALM.
2090 302 2247 360 USU.
2285 337 2358 349 —
2393 309 2573 368 PARS
2598 308 2637 369 Ι.

258 397 596 469 providentia,
637 401 782 454 nullo
811 418 1031 472 prorsus
1055 408 1281 462 consilio
1323 411 1642 466 sentiantur.
1669 412 1809 468 Lon—
1835 418 1886 479 Α
1910 413 1994 468 die
2041 418 2392 479 tribulationis
2433 435 2561 493 tute,
2609 431 2827 500 eripiam
2874 443 2921 488 te

254 503 366 556 gum
414 499 494 544 est
536 506 634 572 per
683 501 882 547 cuncta
933 495 1240 553 discurrere
1274 516 1288 552 :
1322 500 1411 554 tali
1457 502 1581 571 quis
1625 513 1806 572 posset

252 578 517 642 obsistere,
547 566 651 635 nisi
675 588 755 646 tu,
783 582 1027 649 Domine,
1051 586 1354 644 decreveris
1378 592 1640 647 obviare?
1667 593 1805 660 Quid

250 669 378 724 enim
420 670 554 724 mihi
583 686 690 726 non
714 682 893 742 potest
922 673 1117 741 facere,
1141 678 1233 746 qui
1259 687 1314 735 te
1350 681 1403 734 in
1431 696 1554 739 meo
1575 698 1804 754 corpore

247 773 395 813 ausus
439 759 544 814 fuit
607 776 702 831 per
758 764 984 820 subdola
1058 768 1489 827 machinamenta
1559 778 1804 831 tentare?

243 848 436 903 Exaudi
468 844 575 913 me,
600 866 634 905 0
661 861 845 908 custos
863 854 1168 923 hominum;
1198 867 1364 916 etme
1413 863 1482 918 ab
1508 863 1600 920 illo
1627 865 1802 922 indul-

242 939 409 1009 gentia
441 948 533 994 tua
572 940 762 1008 libera,
786 944 879 1012 qui
916 960 1004 1001 me
1032 948 1248 1005 trahere
1271 952 1462 1007 nititur
1484 956 1553 1010 ad
1600 958 1802 1028 gehen-

241 1043 370 1082 nam.
399 1027 537 1083 Cum
569 1029 658 1085 illo
689 1041 902 1100 partem
942 1050 1048 1089 non
1076 1036 1325 1104 habeam,
1357 1050 1418 1096 ut
1461 1027 1659 1111 tecum,
1689 1046 1798 1101 Do-

240 1119 382 1186 mine,
418 1121 621 1191 possim
672 1122 894 1179 habere.
946 1126 1173 1184 Vindica
1226 1128 1489 1189 fabricam
1530 1143 1679 1193 tuam
1729 1140 1798 1195 ab

238 1209 333 1273 illo,
368 1210 467 1280 qui
519 1212 765 1269 destruit.
828 1215 1079 1272 Damnari
1127 1219 1266 1277 alios
1313 1238 1421 1279 non
1480 1225 1658 1292 faciat,
1704 1232 1797 1300 qui

234 1300 458 1368 seipsum
482 1300 757 1369 damnavit
795 1320 809 1357 :
844 1305 938 1360 sed
962 1307 1144 1376 potius
1172 1310 1262 1366 ille
1299 1327 1425 1368 cum
1455 1317 1567 1372 suis
1590 1328 1794 1388 pereat,

233 1389 311 1457 qni
352 1390 585 1458 perdere
637 1401 829 1448 cuncta
889 1394 1127 1453 festinat.
1180 1400 1262 1457 Me
1290 1418 1420 1458 vero
1453 1408 1797 1479 omnipotens

232 1476 411 1542 libera,
450 1489 509 1533 et
547 1480 696 1549 eripe
727 1482 796 1536 ab
825 1483 978 1538 hoste
1007 1488 1219 1556 generis
1249 1490 1489 1559 humani,
1518 1502 1573 1548 et
1597 1476 1797 1566 perduc

232 1584 308 1622 me
337 1570 409 1624 ad
434 1572 627 1641 gaudia
651 1582 873 1641 aeterna,
914 1579 1006 1634 ubi
1050 1579 1168 1637 sine
1218 1582 1324 1639 ﬁne
1353 1585 1522 1643 laetari
1558 1605 1789 1647 merear.

228 1656 416 1715 Amen.

914 1760 1081 1823 VIII.

228 1845 297 1907 In
341 1848 865 1942 tribulationibus
896 1859 1129 1942 periis,
1166 1879 1300 1942 quce
1335 1865 1409 1928 ab
1442 1868 1796 1936 hominibus

812 1934 1196 2015 inferuntur:

285 2047 482 2104 Ini-cca
506 2067 608 2117 me,
635 2053 713 2107 ait
734 2052 994 2112 Dominus
1016 2073 1115 2128 per
1135 2058 1481 2134 Prophetam,
1506 2069 1563 2123 in
1590 2070 1675 2125 die
1702 2073 1795 2127 tri-

225 2137 501 2195 bulationis
549 2159 679 2198 mea:
732 2143 905 2218 [Leg.,
969 2149 1098 2223 tute]
1152 2162 1202 2207 et
1263 2157 1484 2227 eripiam
1526 2172 1577 2216 te
1617 2162 1791 2235 (Psal.

224 2243 355 2297 xm,
402 2232 516 2304 l5).
542 2233 762 2293 Dulcior
784 2237 924 2295 lacte
952 2249 1009 2296 et
1041 2243 1199 2300 melle
1220 2247 1302 2301 ori
1328 2260 1514 2306 nostro
1539 2232 1654 2309 haec
1683 2255 1793 2312 Do-

223 2322 334 2377 mini
360 2326 671 2394 promissio.
708 2328 843 2384 Cum
881 2346 1011 2403 ergo
1059 2336 1434 2396 tribulationes
1461 2358 1492 2397 a
1515 2342 1663 2401 falsis
1683 2348 1793 2403 fra-

221 2410 380 2467 tribus
406 2415 663 2484 patimur,
696 2418 1006 2479 invocemus
1032 2439 1173 2491 enm,
1218 2430 1311 2498 qui
1340 2447 1442 2487 nos
1484 2442 1545 2489 ut
1575 2436 1792 2494 invoce-

222 2512 324 2556 Ilus
367 2502 640 2561 hortatur.
668 2506 886 2565 Certum
910 2520 995 2568 est
1017 2515 1160 2569 enim
1190 2518 1317 2589 quia
1347 2521 1464 2576 vult
1505 2527 1783 2595 exaudire,

219 2595 297 2662 qui
326 2597 449 2651 vult
477 2599 736 2658 invocari.
766 2602 824 2660 in
872 2607 957 2663 his
983 2624 1112 2682 ergo
1140 2615 1318 2683 quinis
1364 2633 1618 2691 congrms
1641 2623 1789 2695 psal-

219 2686 307 2743 mis
360 2688 663 2750 clamamus
699 2698 768 2752 ad
806 2698 1095 2758 Dominum
1143 2721 1174 2760 a
1222 2706 1363 2765 facie
1409 2686 1722 2773 tribulan-tis
1766 2737 1778 2773 :

215 2775 431 2835 Saluum
453 2800 535 2837 me
552 2784 658 2854 fac,
682 2786 924 2858 Domine,
949 2796 1197 2864 quoniam
1209 2798 1399 2870 defecit
1418 2816 1665 2873 sanctus;
1686 2810 1786 2865 Ju-

211 2866 357 2933 dim,
381 2869 627 2941 Domine,
646 2888 885 2934 nocentes
908 2898 1027 2948 me;
1047 2882 1282 2955 Exaudi,
1305 2888 1467 2959 Deus,
1494 2898 1783 2954 orationem

208 2974 400 3026 meum,
428 2972 477 3017 et
515 2981 578 3019 ne
615 2966 908 3039 despexeris
944 2973 1359 3043 deprecationem
1388 2999 1594 3051 meam;
1623 2986 1783 3061 Eripe

210 3048 596 3109 nudeinimicis
616 3059 766 3125 meis,
790 3058 929 3116 Deus
945 3079 1123 3130 meus;
1146 3066 1365 3124 Salvum
1387 3089 1467 3127 me
1487 3075 1594 3145 fac,
1614 3077 1777 3147 Deus,

1101 3126 1112 3130 ν
1447 3126 1453 3127 γ
1614 3126 1777 3147 nm,

209 3143 450 3209 Quoniam
479 3147 802 3207 intraverunt
831 3171 981 3225 aqua:
1021 3174 1183 3230 usque
1210 3162 1281 3216 ad
1308 3166 1538 3222 animam
1564 3187 1732 3227 meam
1760 3188 1779 3225 :
1808 3126 1855 3189 c

212 3247 397 3305 usque,
438 3236 706 3296 Dederunt
734 3243 789 3297 in
837 3262 955 3301 esca
995 3265 1110 3304 mea
1144 3251 1234 3320 fel.
1265 3253 1470 3312 Cmtera
1506 3275 1636 3316 vero
1659 3279 1780 3333 qum

211 3335 525 3395 sequuntur,
552 3331 677 3399 quia
700 3334 1052 3403 spiritualiter
1074 3338 1273 3397 Christi
1297 3331 1780 3408 interfectores—fe-

214 3414 374 3479 riunt,
410 3417 665 3475 nolumus
706 3433 896 3481 contra
944 3426 1281 3489 Christianos
1336 3443 1446 3491 tam
1474 3441 1777 3508 perniciosa

215 3505 487 3565 maledicta
511 3511 730 3581 jactari.

490 3621 685 3681 Versus
722 3639 778 3684 ut
815 3646 995 3697 supra.
1038 3633 1283 3709 Sequitur
1309 3646 1496 3700 oratio.

275 3731 480 3791 Cbnste
539 3736 640 3792 Fili
689 3741 782 3796 Dei
825 3744 952 3811 vivi,
984 3746 1156 3805 virtus
1206 3758 1263 3806 et
1315 3768 1421 3809 una
1483 3756 1775 3817 indiscreta

215 3821 475 3892 majestas,
511 3829 774 3887 orationis
801 3849 933 3890 meae
957 3843 1069 3892 tota
1094 3839 1428 3910 substantia;
1456 3846 1649 3904 invoco
1679 3867 1776 3908 no-

215 3926 322 3968 men
350 3924 503 3972 tuum
559 3931 805 3977 sanctum
838 3943 851 3978 :
878 3927 1073 3983 exaudi
1114 3945 1200 3986 me
1229 3948 1351 3988 cum
1380 3938 1542 3993 corde
1569 3939 1774 4001 luctan-

215 4009 327 4071 tem,
345 4014 399 4061 et
416 4021 799 4077 agnoscentem
826 4026 1046 4085 peccata
1071 4017 1391 4091 facinorum,
1415 4036 1470 4081 et
1490 4031 1775 4101 cogitatio-

213 4110 324 4152 num
351 4100 583 4156 crimina
632 4105 1000 4163 conﬁtentem.
1046 4111 1276 4185 Frange,
1330 4116 1576 4188 Domine,
1626 4134 1774 4184 artes

211 4187 418 4258 diaboli,
472 4194 856 4266 obrepentibus
902 4200 1021 4257 aliis
1067 4203 1211 4259 aliud
1260 4187 1613 4278 suggerendo.
1652 4214 1771 4288 Ipsa

209 4280 343 4333 enim
380 4283 678 4339 oralionem
707 4288 758 4342 in
805 4289 1183 4348 alienationem
1213 4299 1469 4367 captivat.
1519 4298 1768 4375 Respice,

211 4366 445 4439 Domine,
492 4374 761 4447 lacrymas
826 4396 1011 4447 meas;
1069 4392 1124 4439 et
1179 4400 1302 4441 cum
1360 4388 1612 4462 lacrymze
1661 4411 1769 4451 non

3381 330 3478 386 48⁵2

2967 435 3139 510 (Psal.
3179 446 3293 516 cit.)
3332 467 3343 499 :
3382 466 3479 519 pro

1908 503 2022 571 ipsa
2069 510 2348 579 ereptione
2401 530 2650 584 quarrens
2700 536 2731 575 a
2786 525 2943 581 nobis
2977 503 3165 588 laudis
3215 503 3476 602 debiuim.

1903 592 2178 660 subjunxit
2217 601 2401 656 statim
2448 621 2462 656 :
2509 615 2558 659 et
2604 607 2975 680 honorificabis
3000 634 3100 672 me.
3133 620 3270 678 Hinc

1902 682 1978 735 ait
2002 698 2017 736 :
2052 683 2120 740 In
2135 701 2216 740 me
2243 700 2389 757 sunt,
2418 692 2581 760 Deus,
2607 708 2748 764 vota,
2775 718 2893 772 qua:
2913 706 3132 762 reddam
3151 708 3478 770 laudationis

1901 771 2015 825 tibi.
2046 774 2344 840 'Quoniam
2406 785 2645 854 eripuisti
2696 771 2927 849 animam
2976 814 3144 853 meum
3195 802 3261 856 de
3315 818 3478 860 morte

1902 859 2076 922 (Psal.
2107 880 2195 931 LV,
2236 867 2353 940 ¹12).
2406 870 2545 928 Hinc
2570 877 2765 933 iterum
2803 881 2931 938 dicit
2976 903 2990 940 :
3036 886 3177 953 Quia
3221 891 3393 960 factus
3422 859 3475 949 es

1899 947 2117 1017 adjutor
2135 967 2280 1009 meus
2308 966 2359 1010 et
2380 959 2642 1031 refugium
2668 982 2876 1032 meum;
2913 972 2969 1027 in
3117 947 3473 1039 tribulationis

1898 1053 2028 1091 mea:
2052 1053 2319 1113 susceptor
2367 1063 2512 1103 meus
2551 1052 2646 1106 tibi
2685 1056 2909 1123 psallam
2954 1059 3126 1133 (Psal.
3159 1083 3312 1136 Lvm,
3359 1073 3469 1145 18).

1968 1127 2111 1200 Ergo
2130 1147 2252 1188 cum
2271 1135 2325 1190 in
2354 1142 2743 1202 tentationibus
2760 1151 2949 1216 variis,
2962 1127 3054 1209 'vel
3082 1127 3338 1217 falsorum
3364 1127 3470 1219 mi.

1901 1225 2059 1284 trum,
2098 1224 2183 1278 vel
2226 1228 2562 1289 saevientium
2590 1235 2892 1296 daemonum
2917 1243 3266 1306 inciderimus
3293 1270 3307 1306 :
3338 1269 3468 1309 eon-

1899 1318 1982 1366 tra
2013 1312 2111 1370 hos
2138 1327 2194 1372 et
2213 1318 2336 1375 illos
2360 1323 2527 1379 divini
2552 1328 2700 1383 verbi
2718 1331 2898 1402 jacula
2925 1336 3315 1411 intorquentes,
3342 1362 3467 1403 cum

1897 1401 2018 1460 illos
2058 1407 2341 1479 defecisse,
2373 1423 2431 1470 et
2465 1433 2564 1473 nos
2603 1424 2938 1484 convaluisse
2972 1432 3286 1504 viderimus,
3340 1455 3465 1495 mox

1896 1507 2086 1561 puram
2126 1502 2306 1557 cordis
2350 1507 2521 1562 nostri
2553 1508 2925 1583 intentionem,
2959 1521 3247 1594 oculosque
3273 1502 3330 1582 et
3358 1545 3472 1585 ma-

1897 1596 1999 1637 nus
2025 1586 2092 1640 ad
2132 1590 2328 1646 ccelum
2350 1593 2616 1665 levantes,
2644 1602 2701 1655 in
2726 1619 2859 1661 voce
2901 1607 3075 1666 laudis
3097 1586 3472 1675 et-confessio-

1897 1672 1983 1728 nis
2004 1675 2388 1740 benedicamus
2420 1686 2517 1753 illi,
2542 1690 2633 1759 qui
2676 1694 2826 1749 misit
2847 1697 2913 1753 de
2940 1701 3099 1769 coelo,
3141 1714 3196 1760 et
3224 1707 3475 1765 liberavit

1798 1794 1801 1797 ι
1828 1773 1875 1835 Β
1900 1778 2017 1831 nos,
2040 1776 2095 1822 et
2121 1768 2269 1826 dedit
2293 1774 2347 1828 in
2374 1780 2724 1847 opprobrium
2758 1768 3136 1849 conculcantes
3162 1811 3278 1851 nos.
3312 1798 3470 1856 Dica-

1898 1868 2020 1910 mus
2058 1858 2134 1912 illi
2182 1867 2531 1924 concordanti
2578 1874 2740 1929 corde
2770 1892 2783 1928 :
2814 1876 3076 1937 Exaltabo
3116 1894 3187 1951 te,
3226 1886 3467 1956 Domine,

1895 1947 2142 2016 quoniam
2157 1956 2428 2025 suscepisti
2451 1976 2555 2025 me;
2578 1977 2670 2017 nec
2687 1964 2955 2024 delectasti
2969 1972 3206 2031 inimicos
3226 1995 3367 2035 meos
3381 2000 3471 2036 su-

1894 2050 1989 2103 per
2006 2053 2106 2092 me.
2122 2039 2192 2094 Et
2210 2052 2560 2116 consequenti
2583 2056 2967 2115 conscientiam
2983 2063 3150 2135 (locus
3170 2074 3469 2144 corruptus)

1895 2123 2013 2192 ejus
2040 2143 2211 2199 usque
2232 2133 2287 2188 in
2318 2136 2480 2193 ﬁnem
2505 2143 2881 2204 continuemus
2906 2151 2957 2206 ei
2981 2169 2995 2205 :
3017 2153 3330 2214 Benedicam
3359 2162 3469 2217 Do-

1894 2216 2036 2270 mino
2064 2220 2118 2273 in
2139 2224 2282 2277 omni
2301 2234 2561 2298 tempore;
2583 2231 2818 2292 Jubilate
2834 2239 2941 2312 33
2962 2242 3070 2298 Deo
3093 2251 3260 2304 omnis
3282 2261 3420 2309 terra
3447 2269 3467 2307 :

1894 2307 2167 2368 Psalmum
2196 2317 2354 2374 dicite
2374 2324 2573 2377 nomini
2594 2327 2740 2397 ejus;
2764 2307 2887 2386 Nisi
2898 2307 3055 2405 'quod
3078 2338 3334 2398 Dominus
3352 2307 3467 2401 erat

1891 2399 1947 2455 in
1978 2404 2148 2472 nobis,
2184 2409 2328 2464 dicat
2350 2429 2490 2469 nunc
2512 2414 2719 2484 Israel;
2747 2399 3046 2493 Conﬁtebor
3079 2429 3193 2497 tibi,
3218 2399 3463 2503 Domine,

1890 2489 1947 2543 in
1988 2501 2095 2548 toto
2135 2498 2293 2552 corde
2340 2518 2489 2569 meo;
2518 2509 2766 2577 quoniam
2799 2515 3064 2571 exaudiui
3097 2523 3275 2577 omnia
3311 2528 3465 2581 verba

1890 2581 1996 2634 oris
2045 2586 2166 2639 mei.
2203 2586 2501 2649 Considera
2533 2605 2734 2665 tamen,
2765 2604 2859 2672 qui
2895 2604 3048 2676 legis,
3078 2617 3135 2664 et
3175 2617 3461 2686 perspicue

1889 2668 2096 2728 videbis
2123 2673 2178 2730 in
2205 2678 2354 2735 nullo
2394 2683 2746 2755 psalmorum,
2783 2668 3043 2761 quam'in
3069 2698 3154 2754 his
3175 2668 3459 2775 .quirrique,

1889 2762 2086 2819 melius
2129 2778 2254 2837 post
2326 2772 2726 2834 tribulationem
2803 2784 2871 2838 de
2925 2799 3180 2859 percepto
3217 2762 3459 2863 -gaudio,

1889 2855 2135 2923 aptiusve
2161 2875 2320 2931 posse
2343 2867 2549 2935 gratias
2576 2869 2806 2929 Domino
2832 2855 3191 2949 compensari.

2128 2966 2256 3024 Post
2286 2971 2618 3033 Dominicam
2651 2979 2957 3040 Orationem
2990 3005 3164 3045 versus
3194 3032 3206 3049 .

1955 3075 2090 3134 Cum
2124 3080 2433 3141 invocarem
2488 3099 2562 3156 te,
2611 3096 2879 3152 exandisti
2924 3115 3010 3155 me
3054 3103 3197 3159 Deus
3232 3106 3460 3177 justitiaa

1884 3183 2038 3235 mem,
2080 3170 2134 3225 in
2159 3175 2504 3234 tribulatione
2530 3182 2766 3240 dilatasti
2807 3187 2959 3243 mihi.
2998 3170 3307 3251 Conlitehbr
3337 3200 3456 3265 tibi,

1883 3259 2130 3331 Domine,
2162 3265 2217 3319 in
2250 3274 2364 3324 toto
2389 3271 2550 3326 corde
2572 3290 2715 3342 meo,
2738 3280 2968 3336 narrabo
2990 3284 3171 3338 omnia
3197 3287 3459 3346 mirabilia

1880 3365 1991 3413 tua.
2023 3357 2272 3417 Lretabor
2304 3368 2672 3427 ettexsultabo
2712 3373 2766 3427 in
2816 3384 2884 3440 te,
2918 3384 2971 3431 et
2999 3378 3225 3448 psallam
3255 3385 3461 3441 nomini

1880 3454 1994 3514 tuo,
2021 3449 2316 3510 Altissime.
2346 3456 2647 3515 Exsultavit
2676 3477 2771 3518 cor
2791 3480 2970 3521 meum
2992 3469 3046 3523 in
3078 3471 3298 3528 salutari
3324 3484 3415 3530 tuo
3440 3491 3456 3529 :

1877 3541 2108 3597 cantabo
2148 3544 2398 3614 Domino,
2426 3550 2517 3620 qui
2548 3551 2687 3607 bona
2727 3555 2913 3612 tribuit
2958 3561 3087 3616 mihi
3109 3602 3123 3629 ,
3154 3571 3207 3617 et
3235 3566 3460 3635 psallam

1876 3629 2078 3685 nomini
2092 3631 2595 3695 DominiAltissimi.
2615 3643 2856 3702 Narrabo
2876 3665 3071 3706 nomen
3099 3660 3249 3709 tuum
3275 3656 3458 3713 fratri-

1874 3719 1977 3776 bus
2019 3725 2172 3789 meis,
2224 3726 2279 3780 in
2318 3730 2496 3786 medio
2525 3732 2780 3791 Ecclesiae
2821 3738 3049 3797 laudabo
3081 3752 3151 3799 te.
3191 3743 3453 3812 Quoniam

1870 4282 1992 4322 rum
2036 4278 2270 4327 tuorum.
2314 4274 2605 4334 Protexisti
2652 4298 2738 4337 me
2779 4299 2810 4339 a
2856 4297 3120 4344 conventu
3150 4293 3444 4365 malignan-

1870 4361 2027 4428 tium,
2082 4373 2137 4419 et
2194 4381 2227 4420 a
2284 4369 2628 4429 multitudine
2686 4381 3025 4449 operantium
3084 4361 3443 4456 iniquitatem.

209 4470 341 4527 sunt,
362 4463 690 4537 indulgentia
715 4477 820 4524 tua:
844 4471 1064 4540 pietatis
1091 4473 1333 4531 infunde.
1365 4449 1586 4537 Custodi
1609 4449 1771 4542 inme
1801 4470 1850 4529 θ
1874 4449 2163 4523 pmplerea
2214 4458 2514 4517 conﬁtebor
2552 4464 2650 4520 tibi
2706 4467 2761 4521 in
2813 4470 3055 4541 populis’
3093 4473 3346 4542 Dominc’
3394 4490 3451 4536 ³⁸

210 4547 594 4611 immaculatam
624 4558 805 4623 ﬁdem,
833 4577 1027 4631 meque
1047 4578 1170 4619 cum
1195 4568 1459 4636 proximis
1481 4574 1614 4629 meis
1632 4591 1774 4632 sem-

208 4651 294 4706 per
316 4643 370 4698 in
394 4660 530 4715 pace
566 4651 889 4717 reconcilia;
933 4652 1143 4710 fructus
1169 4664 1306 4722 tuos,
1351 4663 1507 4730 panis
1548 4680 1612 4721 ac
1637 4668 1768 4736 vini,

211 4734 410 4802 propria
457 4736 709 4808 largitate
752 4742 1034 4799 distribue.
1087 4745 1204 4802 Tibi
1251 4749 1450 4807 inclino
1478 4734 1768 4828 cervicem,

212 4821 295 4877 tibi
316 4841 484 4896 genua
527 4829 702 4886 ﬂecto.
740 4833 817 4889 Te
844 4835 1127 4892 Dominum
1158 4856 1357 4909 meum,
1383 4859 1506 4901 cum
1532 4849 1609 4904 sis
1631 4868 1771 4909 unus

210 4909 329 4982 [.ll.,
366 4920 584 4994 vivus];
635 4924 689 4979 in
719 4937 904 4983 sancta
936 4929 1201 4989 Trinitate
1229 4936 1509 4994 conﬁteor.
1540 4941 1770 5016 Frange,

210 5001 437 5075 Domine,
483 5022 671 5069 contra
720 5033 807 5073 me
848 5022 1088 5078 omnium
1116 5034 1460 5096 potestatem,
1506 5047 1637 5089 erue
1685 5053 1773 5093 me

207 5092 490 5170 iacentem;
518 5114 575 5160 et
594 5121 658 5162 ea
678 5124 799 5179 qum
823 5112 1041 5183 explere
1065 5092 1172 5172 non
1194 5132 1435 5189 possum,
1479 5126 1636 5194 quasi
1662 5129 1773 5185 sint

209 5191 484 5262 posullata,
513 5200 766 5255 concede.
797 5200 995 5259 Amen.

922 5318 1036 5382 IX.

209 5394 510 5509 Optimum
527 5414 900 5509 recitatione
926 5420 1196 5501 quinque
1216 5425 1604 5509 psalmorum
1625 5440 1773 5509 post

282 5485 742 5553 tribulationem
787 5492 862 5555 de
909 5485 1238 5578 percepto‘
1263 5485 1773 5587 gaudiovprartias

283 5579 472 5640 agere.

271 5675 432 5747 Igitur
481 5699 605 5741 cum
655 5687 777 5759 pius
802 5689 1064 5751 Dominus
1089 5696 1334 5765 dixisset,
1370 5700 1561 5758 Invoco
1592 5722 1671 5760 me
1695 5707 1769 5781 ‘in

1874 4544 2076 4600 nomini
2101 4555 2195 4604 tuo
2221 4551 2491 4621 psalmum
2515 4555 2713 4613 dicam.
2741 4558 2884 4615 Deus
2908 4561 2965 4615 in
2993 4576 3181 4621 sancto
3208 4568 3293 4622 via
3335 4577 3444 4635 tua,

1872 4636 1994 4706 quis
2017 4639 2161 4696 Deus
2199 4657 2426 4712 magnus
2471 4647 2612 4702 sicut
2648 4649 2790 4704 Deus
2832 4654 3053 4709 noster?
3095 4655 3173 4711 Tu
3197 4674 3257 4713 es
3285 4659 3447 4728 Deus,

1872 4730 1963 4800 qui
1992 4730 2127 4789 facis
2167 4737 2436 4793 mirabilia
2465 4741 2632 4796 solus.
2681 4742 2793 4811 Ego
2829 4753 3010 4801 autem
3039 4763 3254 4821 semper
3294 4755 3349 4810 in
3391 4766 3446 4812 te

1873 4823 2107 4890 Speravi,
2150 4824 2397 4894 Domine,
2439 4838 2496 4883 et
2550 4829 2804 4899 adjiciam
2861 4850 3024 4905 super
3074 4855 3290 4898 omnem
3330 4846 3447 4903 lau-

1870 4909 1993 4964 dem
2033 4918 2199 4967 tuam.
2258 4914 2385 4969 Mihi
2426 4926 2606 4972 autem
2646 4920 2922 4979 adhaerere
2976 4926 3203 5000 Domino
3248 4933 3445 4992 bonum

1869 5005 1973 5064 est,
2004 5014 2207 5069 ponere
2231 5003 2285 5056 in
2310 5004 2538 5062 Domino
2568 5008 2679 5065 Deo
2712 5026 2863 5081 spem
2901 5030 3097 5073 meam.
3129 5019 3235 5076 Per
3257 5024 3446 5097 singu-

1868 5088 1949 5145 los
1982 5091 2098 5146 dies
2125 5093 2440 5151 benedicam
2470 5107 2541 5166 te,
2591 5110 2648 5158 et
2676 5102 2907 5163 laudabo
2947 5125 3143 5168 nomen
3194 5088 3444 5175 tuumvin

1868 5188 2151 5249 aeternum,
2199 5193 2256 5239 et
2294 5186 2349 5241 in
2376 5190 2631 5248 sarculum
2680 5197 2883 5252 saeculi.
2916 5199 3179 5267 Quoniam
3224 5214 3303 5273 tu,
3334 5208 3441 5264 Do-

1870 5272 2032 5357 mine,
2065 5274 2319 5345 adjuvisti
2348 5296 2463 5348 me,
2491 5293 2546 5339 et
2573 5286 2882 5345 consolatus
2910 5304 2970 5346 es
2998 5308 3103 5349 me.
3136 5295 3219 5351 Sit
3247 5315 3442 5357 nomen

1875 5361 2086 5420 Domini
2126 5368 2490 5441 benedictum,
2531 5391 2596 5432 ex
2627 5378 2729 5435 hoc
2755 5397 2896 5438 nunc
2921 5392 2977 5439 et
2998 5402 3167 5459 usque
3192 5391 3244 5446 in
3276 5409 3445 5450 saecu-

1873 5451 2005 5508 lum.

2548 5535 2755 5595 Oratio.

1944 5616 2295 5678 Benedictum
2339 5640 2535 5682 nomen
2580 5640 2749 5698 tuum,
2791 5633 3016 5694 Domine
3044 5639 3188 5697 Deus
3224 5654 3440 5713 patrum

1872 5717 2211 5768 nostrorum:
2239 5716 2330 5787 qui
2361 5732 2483 5773 cum
2507 5720 2677 5778 iratus
2713 5722 2880 5784 fueris
2910 5731 3332 5793 miscricordiam
3362 5737 3440 5794 ias
