3968 6180
415 298 521 355 σεδ
1278 285 1339 338 Β.
1378 282 1440 337 F.
1481 274 1705 334 ALBlNl
1743 272 1874 328 εει]
1912 270 2011 325 AL!

2130 267 2186 322 NI
2225 260 2508 323 OPERUH
2541 259 2720 317 PARS
2756 258 2841 315 Π.
3553 254 3663 310 484

416 414 512 474 cis.
541 419 595 466 et
620 410 674 465 in
702 417 940 477 tempore
964 402 1331 460 tribulationis
1359 403 1584 469 peccata
1611 391 1843 448 dimittis
1880 388 1985 448 his.
2018 392 2065 450 Α
2094 399 2290 439 meam.
2318 382 2499 477 Dirige
2540 396 2634 477 me
2667 382 2722 435 in
2746 379 2976 435 veritate
3016 386 3127 441 tua,
3151 384 3205 477 et
3375 389 3507 477 me":
3532 375 3669 477 quia

556 467 1027 555 invocant-nomen
1072 503 1244 549 tuum.
1281 467 1377 547 Ad
1406 498 1479 552 te,
1523 486 1767 548 Domine,
1798 482 1992 537 faciem
2091 485 2148 530 tu
2170 489 2230 529 es
2250 474 2390 528 Deus
2411 472 2667 526 salutaris
2691 483 2861 532 meus,
2883 476 2938 525 et
2959 478 3010 522 te
3036 468 3263 523 sustinui
3288 476 3402 522 tota
3430 468 3537 522 die.
3564 467 3675 522 Dc-

419 559 592 647 meam
638 596 921 652 converto,
953 585 1050 640 tibi
1076 582 1259 639 omnia
1300 587 1525 650 peccata
1552 591 1671 630 mea
1705 572 1988 629 confiteor.
2090 567 2194 622 duc
2229 580 2335 631 me,
2372 564 2598 619 Domine
2651 563 2706 616 in
2743 563 2829 616 via
2870 569 2990 625 tua;
3027 567 3083 616 et
3121 559 3408 615 ambulabo
3433 560 3486 614 in
3521 560 3676 614 veri-

419 684 499 737 Τιι
524 682 664 736 nosti
692 649 917 744 omniap
940 686 1231 746 antequam
1265 649 1414 726 (iant.
1452 669 1530 724 Tu
1562 669 1688 731 scis,
1725 668 1850 737 quia
1873 672 1995 734 post
2092 666 2204 746 tate
2228 666 2347 746 tua.
2376 655 2575 746 Averte
2593 653 2779 707 oculos
2795 668 2962 746 meos,
2991 667 3058 706 ne
3085 650 3300 746 videant
3325 649 3633 746 vanitate'n
3655 692 3671 704 .

422 776 746 844 baptismum
771 740 1040 841 praecepta
1069 740 1159 821 tua
1183 762 1503 831 contempsi,
1536 769 1594 815 et
1624 757 1876 812 mandata
1901 765 1993 809 tua
2093 745 2147 800 in
2187 745 2275 798 via
2305 753 2407 844 tua.
2428 742 2641 843 vivitica
2667 756 2772 797 me.
2801 741 2995 844 bcgem
3033 740 3163 794 mihi
3188 740 3454 841 constitue
3479 741 3534 841 in
3558 830 3570 843 .
3588 740 3676 793 via

423 830 526 917 non
589 830 896 924 custodiri;
949 830 1009 910 et
1041 830 1419 922 bonum‘quod
1457 850 1606 919 potui
1654 848 1853 909 facere,
1899 862 1997 916 per

2130 849 2203 896 Ja,
2229 842 2286 887 et
2305 831 2477 902 dirige
2502 845 2587 885 me
2611 832 2664 885 in
2685 830 2928 886 semitam
2950 838 3154 885 rectam
3180 839 3400 899 propter
3422 830 3677 884 inimicos

426 950 804 1021 negligentiam
830 920 935 1001 non
961 945 1063 1000 feci
1089 962 1102 998 :
1132 952 1187 997 et
1213 920 1413 997 malum
1436 941 1577 1009 quod
1600 953 1705 993 non
1734 938 1892 993 debui
1919 935 1997 989 fa-
2094 936 2285 1022 ωεξοεο.
2307 922 2487 976 Deduc
2632 921 2704 1022 il:
2721 920 2969 1022 semitam
2997 921 3386 1022 mandatorum.
3419 930 3638 975 tuorum
3658 961 3676 986 ν

424 1010 688 1109 ce;e,vper
727 1037 1008 1093 audaciam
1034 1033 1362 1106 perpetravi.
1392 1032 1458 1085 Et
1482 1045 1581 1101 per
1617 1030 1997 1099 concupiscen-
2095 1013 2221 1081 quia
2272 1012 2443 1109 ipsam
2472 1010 2635 1109 volui.
2664 1011 2730 1064 Et
2767 1010 3136 1109 misericordia
3168 1020 3259 1109 tua
3308 1011 3681 1109 subsequatur

426 1101 561 1185 tiam
588 1101 756 1183 multa
790 1125 931 1180 mala
961 1101 1062 1179 feci
1092 1101 1150 1178 in
1175 1124 1313 1187 visu,
1346 1122 1398 1176 in
1429 1121 1635 1185 auditu,
1663 1122 1716 1175 in
1741 1128 1920 1191 gustu,
1944 1120 1999 1173 in
2095 1120 2206 1171 me,
2251 1104 2501 1159 omnibus
2529 1103 2718 1159 ditibus
2757 1102 2882 1158 νίῑω
2922 1118 3074 1157 ωθω·
3105 1101 3211 1191 Sed
3247 1110 3300 1156 θί
3336 1102 3514 1174 lingua
3552 1121 3681 1159 mea

426 1224 736 1286 odoratu,et
757 1228 902 1275 tactu
927 1233 943 1273 :
971 1217 1383 1288 iueogitatione,
1399 1222 1454 1270 et
1472 1215 1526 1268 in
1548 1190 1838 1275 locutione,
1866 1220 1919 1266 et
1944 1213 1998 1265 in
2099 1193 2459 1288 Ψεάίιεδίῑυξ
2473 1191 2742 1288 Ῑυθξίξίξιῐη
2788 1200 2955 1288 illam
2981 1199 3093 1246 ῑοιει
3123 1190 3212 1288 (δίε
3254 1192 3465 1247 lavdem
3501 1203 3678 1248 tuam.

426 1325 609 1381 opere.
630 1283 696 1364 ει
719 1309 863 1379 quod
878 1309 930 1364 in
944 1283 1618 1375 samgancmbapusmm
1642 1317 1825 1358 comm
1840 1317 2002 1373 auge-
2101 1286 2186 1340 Sit
2212 1298 2409 1339 nomen
2430 1284 2639 1338 Domini
2657 1283 3022 1347 benedictum,
3048 1296 3114 1336 ex
3138 1283 3240 1337 hoc
3264 1298 3404 1336 nunc
3426 1292 3481 1338 et
3505 1299 3681 1353 usque

431 1402 500 1458 lis
520 1402 792 1457 etsanais
814 1402 920 1455 tuis
939 1399 1186 1469 promisi,
1213 1413 1320 1452 non
1347 1374 1611 1451 custodiri
1628 1393 1998 1461 ,sicutdebui;
2103 1376 2155 1429 ίη
2184 1374 2456 1429 Simulum-

430 1507 532 1548 nec
575 1490 881 1561 adimplevi,
920 1489 1014 1543 sed
1053 1486 1363 1555 consumpsi
1403 1484 1621 1556 [Forte,
1657 1480 2002 1552 contempsi],

430 1589 488 1635 et
538 1580 822 1650 praeceptis
860 1579 966 1633 tuis
996 1592 1101 1631 non
1134 1575 1369 1640 obedivi,
1421 1576 1562 1630 sicut
1610 1575 1769 1631 debui
1793 1587 1819 1614 ιι
1853 1592 1866 1626 :
1910 1571 2005 1627 sed

430 1670 807 1740 superbiendo,
846 1667 1147 1730 irascendo,
1197 1664 1611 1730 contemnendo,
1661 1663 1999 1734 negligendo,

429 1762 676 1831 proprias
722 1760 1024 1815 voluntates
1056 1757 1324 1822 faciendo,
1372 1756 1776 1820 murmurando,
1823 1756 2004 1809 detra-

433 1853 626 1916 bendo,
654 1850 994 1920 dijudicando
1020 1849 1204 1919 culpas
1226 1848 1449 1903 incurri.
1482 1848 1640 1912 Deus,
1666 1853 1724 1899 tu
1745 1844 1852 1900 scis
1875 1844 2004 1900 insi-

434 1942 690 2010 pientiam
717 1955 915 2005 meam,
937 1949 995 1993 et
1017 1938 1209 1993 delicta
1233 1951 1351 1991 mea
1372 1951 1402 1991 a
1424 1945 1478 1990 te
1497 1950 1605 1990 non
1631 1941 1757 1989 sunt
1779 1933 2006 1996 abscon-

434 2032 567 2087 dita.
605 2031 801 2101 Aspice
827 2032 880 2085 in
914 2045 999 2086 me
1033 2030 1378 2085 conﬁtentem
1409 2033 1629 2096 peccata
1660 2040 1779 2080 mea
1820 2038 2006 2080 coram

438 2131 510 2183 te,
550 2131 604 2177 et
635 2121 893 2176 miserere
943 2119 1070 2174 mei.
1111 2117 1359 2173 Concede
1398 2116 1531 2171 mihi
1583 2117 1636 2169 in
1676 2115 1779 2169 hoc
1813 2112 2008 2169 saeculo

437 2228 597 2284 agere
641 2228 825 2267 veram
852 2211 1241 2281 pmnitentiam,
1270 2218 1326 2263 et
1351 2209 1405 2263 in
1448 2207 1631 2262 futuro
1657 2206 1726 2260 da
1756 2205 1885 2260 mihi
1922 2205 2007 2258 in-

2788 1441 2991 1496 Oratio.

2174 1533 2391 1591 Gratias
2422 1534 2517 1589 tibi
2543 1549 2662 1604 ago,
2688 1533 3032 1602 omnipotens
3051 1532 3233 1597 Pater,
3260 1532 3351 1602 qui
3379 1548 3465 1587 me
3486 1532 3685 1603 digna-

2109 1639 2197 1683 tus
2222 1644 2282 1683 es
2311 1628 2365 1682 in
2401 1628 2502 1681 hac
2530 1635 2687 1681 nocte
2722 1625 3014 1681 custodire.
3043 1626 3311 1695 Deprecor
3337 1625 3685 1682 clementiam

2035 1726 2078 1785 Β
2107 1729 2275 1783 tuam,
2341 1717 2580 1788 piissime
2622 1716 2866 1781 Domine,
2931 1723 2991 1770 ut
3043 1715 3309 1771 concedas
3350 1716 3487 1770 mihi
3532 1717 3682 1771 diem

2105 1818 2390 1865 venturum
2432 1808 2509 1862 sic
2544 1821 2802 1878 peragere
2827 1806 2881 1860 in
2925 1814 3019 1860 tuo
3049 1814 3237 1861 sancto
3270 1806 3514 1869 servitio,
3559 1822 3688 1862 cum

2106 1899 2407 1956 humilitate
2443 1906 2498 1951 et
2541 1898 2864 1953 discretione
2887 1939 2902 1963 ,
2943 1897 3178 1966 qualiter
3215 1897 3311 1952 tibi
3352 1897 3694 1968 complaceat

2107 1989 2341 2044 servitus
2368 1994 2554 2041 nostra
2583 2004 2595 2039 :
2635 1994 2688 2041 et
2709 1996 2907 2057 praesta
2954 1986 3087 2041 mihi
3129 1986 3288 2041 hodie
3314 2001 3439 2042 cum
3474 2002 3695 2041 summa

2109 2081 2366 2153 patientia
2405 2081 2501 2136 tibi
2534 2089 2745 2152 gratum
2770 2079 3027 2135 exhibere
3075 2080 3375 2136 servitium.
3412 2079 3653 2134 lmmitte
3675 2120 3695 2144 .

2110 2188 2315 2244 quaeso,
2357 2172 2605 2236 Domine,
2646 2169 2895 2241 angelum
2936 2178 3086 2224 tuum
3126 2169 3177 2225 in
3201 2171 3431 2225 circuitu
3466 2178 3692 2231 nostro,

439 2260 1333 2375 άῗιιεεηιίεωξὲιῖιέὶῖἇέέῖᾆιιὶὲ
1352 2260 1416 2356 Es
1443 2260 1623 2355 is...
1652 2317 1665 2352 ε
1711 2296 1848 2352 Nolo
1873 2312 2011 2351 mor-

2130 2274 2167 2320 :t
2201 2264 2350 2335 eripe
2388 2279 2486 2318 nos
2524 2264 2593 2318 ab
2631 2262 2831 2331 impiis,
2867 2260 2959 2332 qui
2995 2261 3049 2315 in
3097 2261 3328 2316 circuitu
3364 2260 3691 2323 ambulant;

2152 2368 2166 2375 -
2330 2373 2339 2375 _
2378 2356 2745 2375 πυληηημ
2791 2364 2999 2375 .--Α-,ψ
3036 2354 3230 2375 ..μηΔ
3264 2354 3403 2375 m4
3450 2367 3691 2375 ---Α-.-μ

444 2354 790 2375 πηγηηηη
822 2354 940 2373 ΓΜ
1089 2354 1111 2357 γ
1140 2354 1185 2373 σν
1320 2354 1325 2355 ,
1368 2354 1409 2356 η
1544 2354 1551 2355 ,

439 2408 542 2450 tem
586 2390 892 2468 peccatoris,
939 2393 1029 2447 sed
1079 2401 1135 2445 ut
1155 2400 1486 2446 convertatur
1533 2400 1580 2444 et
1624 2383 1755 2444 vivat
1791 2386 2006 2459 (Exodi.

2130 2368 2172 2412 ιι
2208 2357 2349 2411 viam
2375 2356 2752 2412 mandatorum
2791 2364 3003 2410 tuorum
3032 2354 3234 2424 absque
3258 2354 3406 2409 omni
3441 2367 3698 2413 errorum

2130 2448 2365 2468 .--μλΔΙΑ
2410 2440 2665 2468 2_-ﬂ‘.....-
2704 2445 2837 2468 ..-ΔΑ
2871 2459 3087 2468 -.-μ--..Α
3124 2444 3394 2468 -.-1..-...-.-
3455 2458 3556 2468 ..--
3593 2444 3670 2468 n-

441 2440 542 2450 .-.η
586 2440 892 2468 r---_--.--,
940 2440 1027 2447 ---
1080 2440 1471 2446 η
1536 2440 1574 2444 --
1795 2440 1847 2459 \,

441 2502 634 2549 uxr",
676 2485 787 2555 Η).
834 2482 1056 2538 Effunde
1075 2496 1238 2552 super
1258 2496 1345 2535 me
1380 2480 1812 2536 misericordiam
1840 2485 2008 2541 tuam,

2130 2448 2371 2502 seandalo
2408 2440 2670 2502 inoffenso
2704 2445 2839 2515 pede
2867 2459 3090 2500 currere
3124 2444 3417 2510 valeamus,
3455 2458 3557 2515 per
3592 2444 3702 2503 Do-

2174 2540 2186 2552 .
2459 2546 2501 2555 .7
2859 2536 3128 2555 mea.--“
3205 2534 3357 2555 ,μμ

442 2585 499 2633 et
523 2575 730 2631 dimitte
746 2534 928 2627 omnia
952 2534 1179 2640 peccata
1205 2584 1344 2635 mea,
1373 2584 1497 2639 qua:
1527 2566 1854 2622 conscientia
1893 2579 2011 2618 mea

2130 2540 2320 2594 ninum
2357 2546 2603 2593 nostrum
2636 2535 2820 2592 Jesum
2857 2536 3154 2592 Christum.
3192 2534 3388 2591 Amen.

364 2650 373 2657 ’
445 2662 659 2726 metuit,
693 2668 750 2715 et
783 2659 953 2728 adiice
973 2658 1116 2728 quod
1141 2658 1318 2713 oratio
1356 2672 1465 2712 non
1505 2655 1798 2726 praesumit.
1847 2654 1915 2709 Et
1947 2652 2015 2707 da
2872 2648 2982 2710 XI.

445 2753 575 2807 mihi
607 2750 1064 2822 perseverantiam
1097 2749 1150 2803 in
1184 2749 1341 2803 bonis
1367 2748 1641 2818 operibus,
1681 2754 1745 2800 ut
1781 2753 1834 2801 te
1856 2745 2018 2800 misc—
2116 2749 2281 2809 Laus
2312 2745 2543 2826 psalmi
2571 2746 2825 2809 CXV".
2864 2753 2920 2805 ει
2949 2742 3103 2826 ρειεᾴ
3134 2760 3173 2802 α
3197 2742 3373 2826 nam;
3412 2745 3707 2826 frequen.

447 2821 911 2910 ranterpervenire
947 2853 1160 2893 merear
1184 2839 1252 2892 ad
1273 2837 1501 2909 gloriam
1528 2837 1677 2909 regni
1699 2836 1798 2901 tni,
1833 2834 2007 2889 Salva-
2199 2821 2457 2910 tandum
2490 2827 2574 2910 sit
2604 2827 2804 2901 [Leg.,
2834 2832 2885 2883 et
2934 2821 3102 2902 quod
3134 2841 3174 2882 α
3198 2821 3380 2883 nobis
3402 2821 3708 2901 fmgunt-

446 2939 534 2984 tor
555 2931 773 2996 mundi,
805 2930 897 2999 qui
925 2929 1059 2985 rivis
1078 2938 1134 2983 et
1158 2944 1353 3000 regnas
1372 2929 1427 2983 in
1451 2927 1646 2984 saecula
1673 2927 2011 2983 szeculorum.

2203 2901 2431 2965 tandus
2460 2905 2590 2981 sit].

447 3021 638 3077 Amen.
2192 3026 2324 3097 Legi
2346 3033 2606 3095 praeterea
2642 3026 2697 3079 in
2720 3024 2996 3093 cujusdam
3022 3023 3269 3079 monachi
3293 3023 3521 3087 visione,
3559 3024 3710 3093 quod

1206 3091 1286 3151 X.
2043 3067 2094 3131 ο
2127 3118 2195 3151 ..ιι
2234 3116 2423 3151 αηηαιη
2457 3098 2588 3151 una.
2625 3116 2855 3151 αηιιίιιςι.
2875 3116 2940 3151 ei!
2981 3114 3281 3151 nﬂmnnihtc
3340 3122 3398 3151 nl
3434 3113 3710 3151 malmnm

2126 3118 2195 3172 ab
2232 3116 2423 3187 angelo
2457 3116 2591 3172 lucis
2625 3116 2855 3172 sollicite
2875 3116 2944 3170 sit
2979 3114 3302 3179 admonitus,
3340 3122 3402 3168 ut
3434 3113 3711 3185 psalmum

450 3191 634 3269 Quod
662 3192 812 3282 satis
843 3189 1111 3282 sit-utile
1135 3190 1475 3282 p‘rcrvertire
1500 3188 1843 3281 .Dominum
1871 3206 2011 3248 ora-

2130 3211 2479 3266 centesimum
2498 3216 2750 3264 octavum
2794 3208 3081 3272 decimum,
3114 3207 3167 3261 id
3207 3214 3310 3271 est,
3343 3205 3493 3259 Beati
3516 3206 3714 3258 imma-

754 3269 1031 3329 ηοητὸηδ
1065 3287 1131 3329 ³η
1166 3287 1303 3348 ³Ρ³⁰
1336 3268 1462 3329 diei
1489 3277 1700 3329 mmo“
2125 3301 2323 3367 tutati,
2363 3302 2421 3356 in
2453 3316 2562 3371 quo
2600 3299 2820 3355 moralis
2856 3300 3030 3354 virtus
3068 3298 3410 3360 describitur,
3450 3310 3593 3367 saepe
3649 3296 3727 3349 in.

517 3391 720 3445 Doceat
776 3408 875 3445 nos
932 3393 1102 3445 sancti
1165 3393 1440 3462 propheta:
1500 3393 1613 3447 suis
1673 3390 2024 3445 imitabilibus
2125 3399 2368 3447 oratione
2421 3399 2710 3460 repeteret.
2751 3390 2819 3444 Et
2855 3404 3045 3445 revera
3081 3389 3227 3444 idem
3273 3388 3503 3442 diversis
3538 3386 3713 3456 spiri-

451 3479 732 3549 exemplis,
769 3481 1063 3548 prmvenirc
1088 3481 1280 3536 faciem
1318 3482 1530 3536 Domini
1567 3496 1728 3537 mane
1766 3481 2025 3537 orationi-
2128 3466 2361 3537 tualibus
2395 3481 2670 3535 confertur
2707 3480 3013 3543 virtutibus,
3073 3488 3132 3533 ut
3182 3479 3227 3533 si
3268 3477 3446 3532 nullus
3485 3478 3717 3531 adesset

450 3571 551 3626 bus
588 3572 805 3625 nostris.
847 3571 914 3625 Et
941 3572 1104 3626 David
1129 3572 1370 3647 quidem,
1403 3570 1579 3635 Hanc,
1609 3572 1784 3642 inquit
1813 3572 1882 3627 ad
1922 3572 2026 3626 Do-
2128 3575 2286 3639 alius,
2332 3574 2385 3627 in
2407 3574 2651 3629 oratione
2670 3573 2817 3628 solus
2842 3572 3130 3627 sulliceret.
3157 3572 3375 3640 Absque
3410 3572 3550 3625 enim
3577 3586 3714 3641 pro-

453 3661 681 3726 minum,
706 3662 875 3714 oratio
904 3678 1017 3715 mea
1044 3663 1320 3733 prarvem'et
1343 3671 1392 3716 te
1419 3659 1590 3733 (Psal.
1635 3679 1875 3727 LXXXVII,
1914 3661 2022 3734 14).
2126 3667 2321 3736 phetire
2356 3666 2656 3737 mysteriis,
2697 3666 2876 3719 omnia
2914 3665 3162 3720 humanm
3197 3665 3322 3718 vita:
3358 3661 3669 3717 necessaria
3695 3703 3710 3721 .

450 3750 618 3807 Isaias
638 3760 817 3806 autem
841 3752 918 3806 sic
947 3770 959 3805 :
998 3752 1187 3807 Anima
1214 3769 1327 3806 mea
1353 3752 1664 3808 desideravit
1686 3763 1735 3807 te
1760 3754 1815 3808 in
1838 3763 2025 3808 nocte:
2130 3774 2250 3828 qua:
2284 3758 2338 3812 in
2377 3758 2588 3815 caeteris
2624 3757 2843 3828 psalmis
2881 3756 3040 3812 latius
3076 3756 3470 3820 describuntur,
3510 3755 3563 3808 iu
3605 3754 3719 3809 isto

456 3844 544 3899 sed
569 3844 622 3898 in
650 3844 837 3915 spiritu
866 3861 999 3909 meo,
1033 3846 1089 3899 in
1114 3844 1417 3916 prwcordiis
1457 3844 1584 3899 meis
1612 3844 1676 3900 de
1718 3862 1870 3900 mane
1906 3844 2029 3915 vigi-
2129 3849 2274 3903 velut
2313 3850 2365 3904 in
2401 3848 2631 3919 quodam
2665 3846 2868 3903 ferculo
2905 3856 3160 3917 congesta
3189 3846 3341 3901 nobis
3377 3846 3709 3900 oll'eruutur.

453 3935 572 3989 laba
596 3935 664 3988 ad
686 3943 733 3988 te
766 3934 919 4006 (Isai.
967 3951 1116 4001 xxw,
1144 3935 1222 4008 9).
1248 3935 1382 3991 Cum
1416 3936 1502 3991 his
1529 3952 1659 4007 ergo
1699 3936 1873 3992 tribus
1899 3952 2028 3992 con-
2128 3939 2272 4010 Ergo
2319 3940 2472 4009 juxta
2523 3937 2747 4008 angelici
2785 3938 3019 3992 numinis
3074 3937 3287 3992 salubre
3341 3942 3712 4006 praeceptum,

454 4025 853 4096 gruentissimis
881 4026 1101 4096 psalmis
1124 4026 1307 4096 vigilet
1336 4026 1403 4081 ad
1431 4026 1717 4082 Dominum
1741 4042 1897 4082 mane
1918 4028 2029 4098 spi-
2130 4044 2410 4102 quousque
2446 4029 2573 4084 huic
2596 4026 2805 4083 mortali
2840 4030 2962 4082 vitae
3000 4028 3288 4083 terminum
3328 4026 3535 4090 demus,
3564 4024 3719 4080 hunc

458 4117 594 4171 ritus
625 4131 794 4179 meus,
828 4133 1156 4187 oremusquc
1177 4117 1233 4172 in
1261 4125 1380 4173 ortu
1408 4118 1676 4195 surgentis
1698 4134 1938 4184 aurorae;
1972 4127 2030 4173 ut
2130 4120 2419 4192 singularis
2453 4117 2698 4175 beneficii
2734 4117 2996 4189 psalmum
3032 4116 3221 4172 diebus
3254 4115 3477 4186 singulis
3510 4117 3719 4171 dces-:-

458 4220 490 4260 a
527 4205 649 4261 luce
682 4207 855 4275 prima
885 4208 939 4262 in
965 4222 1243 4277 vesperam
1269 4208 1378 4263 sint
1404 4209 1547 4264 oculi
1572 4207 1689 4276 ejus
1734 4208 1845 4282 34
1868 4223 2031 4280 super
2130 4219 2324 4266 tentus.

455 4310 576 4360 nos,
604 4303 660 4349 et
707 4310 866 4351 aures
904 4294 1019 4364 ejus
1052 4296 1119 4351 ad
1171 4312 1360 4368 preces
1397 4307 1607 4355 nostras
1645 4316 1658 4352 :
1713 4310 2031 4369 nostrosque
2204 4297 2336 4355 Post
2376 4300 2538 4370 Kyrie
2576 4299 2798 4363 eleison,
2836 4308 2882 4354 et
2922 4296 3227 4355 Orationem
3257 4296 3723 4363 Dominicmn,di-

458 4386 655 4459 dirigat
690 4400 908 4457 gressus
946 4387 1000 4441 in
1040 4387 1182 4441 viam
1210 4389 1379 4456 pacis,
1422 4397 1482 4443 ut
1519 4390 1722 4461 absque
1759 4391 1908 4445 omni
1944 4404 2031 4444 er-
2059 4429 2109 4489 υ
2133 4405 2321 4450 cantur
2352 4411 2530 4450 versus
2568 4394 2877 4466 supradicti.

460 4495 643 4534 rerum
692 4478 944 4535 seandalo
983 4480 1321 4551 gradientes,
1360 4495 1466 4534 non
1511 4480 1817 4534 dominetur
1860 4481 2032 4536 nostri

459 4571 639 4626 omnis
659 4568 937 4639 injustitia.
972 4568 1079 4623 llos
1099 4583 1226 4638 ergo
1249 4581 1505 4623 canamus
1525 4567 1580 4622 in
1606 4567 1722 4637 ipso
1744 4567 1849 4622 diei
1878 4568 2030 4624 initio

458 4660 734 4732 psalmos:
781 4658 948 4714 Verba
992 4676 1126 4713 mea.
1182 4654 1415 4712 Clamavi
1453 4658 1509 4712 in
1549 4667 1653 4712 toto
1693 4657 1847 4712 corde
1876 4674 1987 4712 meo
2011 4700 2025 4723 ,

461 4750 655 4805 exaudi
703 4765 800 4816 me,
846 4748 1087 4815 Domine,
1135 4763 1304 4819 usque
1341 4767 1353 4803 :
1384 4744 1450 4803 In
1500 4757 1749 4802 wternum
1794 4747 2029 4818 fundasti

460 4858 610 4908 eam;
640 4841 876 4907 Domine,
904 4843 1097 4896 exaudi
1136 4842 1422 4895 orationem
1466 4852 1655 4905 meam,
1680 4838 1895 4893 auribus
1914 4856 2032 4911 per-

461 4936 572 5006 cipe
601 4934 1009 4989 obsecrationem
1041 4950 1228 4986 meum.

2817 4501 3023 4558 Oratio.

2207 4594 2300 4649 Pie
2332 4593 2654 4649 exaudibilis
2689 4591 2916 4649 Domine
2947 4591 3074 4649 Jesu
3112 4592 3359 4658 Christe,
3396 4591 3591 4648 exaudi
3626 4607 3724 4649 me

2135 4683 2565 4751 indignissimum
2594 4692 2935 4752 peccatorem
2966 4682 3354 4753 supplicantem
3374 4723 3389 4748 ,
3414 4696 3511 4753 per
3545 4681 3725 4737 inter»

2134 4780 2352 4829 ventum
2388 4780 2443 4826 ct
2478 4772 2732 4827 meritum
2766 4772 2939 4828 beatae
2974 4783 3027 4827 et
3066 4772 3312 4843 gloriosae
3346 4786 3562 4843 semper
3598 4771 3720 4825 vir-

2135 4862 2275 4936 ginis
2312 4861 2493 4917 Mariae
2529 4862 2807 4932 genitricis
2850 4872 2977 4929 tute,
3015 4872 3071 4919 et
3107 4864 3348 4919 omnium
3385 4862 3585 4918 civium
3626 4877 3722 4917 su-

2134 4969 2445 5025 pernorum.
2504 4953 2758 5008 Ecclesia:
2814 4962 2922 5009 tua:
2977 4964 3179 5010 sancta:
3215 4954 3494 5009 catholicae
3548 4951 3721 5009 ﬁdem

708 5041 836 5098 Post
874 5042 1204 5098 Dominicam
1243 5041 1546 5096 Orationem
1585 5058 1793 5097 uersus.
2142 5060 2296 5116 auge,
2350 5059 2538 5114 pacem
2580 5042 2754 5098 tribue
2802 5059 2958 5114 papa:
3015 5052 3203 5099 nostro
3242 5044 3319 5105 il.,
3356 5044 3725 5113 episcopoque

530 5136 801 5194 Conserva
828 5151 934 5201 me,
957 5134 1204 5198 Domine,
1228 5135 1480 5202 quoniam
1502 5134 1556 5188 in
1579 5141 1631 5187 te
1653 5133 1895 5204 speravi;
1921 5131 2034 5187 dixi
2142 5144 2328 5187 nostro
2367 5132 2447 5197 il.,
2489 5132 2669 5187 abbati
2705 5144 2891 5188 nostro
2926 5134 3010 5200 il.,
3048 5142 3104 5190 et
3137 5135 3284 5188 omni
3322 5134 3447 5189 huic
3482 5147 3716 5202 congre-

458 5224 704 5288 Domino,
741 5223 885 5279 Deus
920 5237 1072 5277 meus
1118 5235 1177 5276 es
1209 5231 1285 5287 tu,
1324 5222 1578 5292 quoniam
1622 5221 1889 5277 bonorum
1928 5237 2033 5276 non
2143 5225 2376 5296 galioni;
2416 5224 2745 5294 principibus
2783 5239 2998 5295 quoque
3033 5226 3252 5290 nostris,
3280 5225 3719 5296 consanguineis,

460 5331 606 5384 eges.
643 5315 900 5370 Auditum
929 5312 1015 5368 fac
1041 5312 1173 5366 mihi
1211 5328 1369 5366 mane
1398 5311 1822 5366 misericordiam
1862 5312 2034 5375 tuam,
2142 5313 2474 5382 parentibus,
2516 5322 2570 5368 et
2598 5325 2685 5366 tua
2720 5314 2850 5367 mihi
2889 5316 3151 5369 charitate
3185 5315 3513 5384 conjunctis;
3546 5317 3720 5374 etiam

462 5407 587 5472 quia
616 5408 668 5460 in
701 5415 751 5459 te
779 5404 1009 5475 speravi,
1042 5403 1283 5457 Domine.
1328 5402 1523 5458 Notam
1557 5402 1686 5456 mihi
1715 5401 1798 5456 fac
1820 5402 1961 5455 viam
1982 5401 2037 5454 in
2143 5418 2241 5457 sua
2306 5405 2460 5459 nobis
2494 5400 2717 5459 munera
2772 5404 3141 5477 largientibus,
3187 5406 3635 5476 persequentibus
3666 5415 3726 5460 ct

463 5508 569 5562 qua
603 5495 892 5561 ambulem,
920 5493 1047 5564 quia
1088 5492 1155 5547 ad
1186 5502 1257 5559 te,
1299 5493 1542 5558 Domine,
1588 5492 1760 5545 levavi
1803 5491 2036 5543 animam
2143 5495 2596 5552 calumniantibus
2621 5512 2749 5552 n05'
2792 5498 3060 5565 omnibus,
3098 5500 3188 5570 qui
3225 5516 3323 5570 pro
3349 5499 3503 5556 nobis
3528 5499 3726 5570 implo-

537 5623 565 5652 ι
598 5611 661 5666 In
696 5612 847 5690 Edit._
916 5608 1104 5690 Colon.
1152 5635 1195 5690 «μ
1224 5615 1469 5690 Εεσιυοςι
1540 5621 1665 5690 ante
1703 5620 2106 5690 sacrosanctum
2143 5615 2315 5671 altare
2351 5618 2541 5671 coram
2577 5624 2625 5670 te
2682 5626 2736 5671 et
2788 5632 2970 5672 coram
3026 5618 3230 5690 angelis
3288 5618 3605 5690 promisi....
3664 5630 3727 5676 et

459 5690 732 5755 princepto
767 5684 968 5754 prioris
1006 5700 1110 5739 non
1149 5685 1363 5739 οὺριιὶγὶ
1403 5686 1542 5739 sicut
1580 5685 1757 5746 ticlmi,
1798 5692 1904 5736 etc.
1958 5701 1976 5735 ›
