3968 6180
364 267 470 326 48⁵1

1201 270 1263 325 Β.
1300 269 1362 325 F.
1400 268 1625 326 ALBlNl
1664 268 1798 327 SEU
1837 267 2113 325 ALCUlNl
2150 263 2434 324 OPERUM
2468 261 2647 322 PARS
2683 262 2770 321 IV.

3517 261 3627 317 488

364 385 419 438 in
465 383 724 439 auxilium
775 391 1020 440 nostrum
1069 383 1299 453 respice.
1352 382 1717 449 Convertere,
1752 382 1940 438 Domi-
1969 384 2016 441 Α
2044 394 2214 450 usque
2264 380 2317 434 in
2363 379 2636 435 saeculum.
2690 377 2958 433 Memento
3001 373 3432 444 congregationis
3476 372 3628 439 tute,

366 495 454 539 lle,
496 474 908 546 aliquantulum,
936 483 992 529 et
1030 476 1323 546 deprecare
1361 490 1526 546 super
1565 489 1752 530 servos
1795 483 1936 529 tuos.

365 570 557 624 Salvos
587 569 673 623 fac
704 583 826 633 nos,
858 567 1104 632 Domine,
1129 566 1272 622 Deus
1310 575 1517 632 noster,
1566 574 1623 620 et
1670 579 1939 635 congrega

366 676 467 715 nos
490 661 557 715 de
596 660 940 714 nationibus:
973 667 1033 712 ut
1072 658 1432 713 confiteantur
1466 657 1670 712 nomini
1702 664 1796 711 tuo
1819 671 1943 710 san-

366 764 488 821 cto,
542 764 599 810 et
653 753 949 825 gloriemur
998 751 1053 805 in
1110 750 1267 805 laude
1329 758 1441 804 tua.
1499 749 1741 821 Exsurge
1766 789 1782 815 ,
1836 749 1941 803 Do-

366 848 541 911 mine,
597 844 793 914 adjuva
841 858 973 908 nos,
1025 849 1081 897 et
1125 841 1295 897 libera
1332 856 1433 897 nos
1476 848 1697 911 propter
1746 855 1942 895 nomen

368 945 539 991 tuum.
610 992 613 995 .

1077 999 1262 1055 Oratio

436 1114 668 1171 Oramus
710 1121 786 1179 te,
814 1112 904 1183 pie
943 1110 1269 1167 exaudibilis
1309 1110 1537 1165 Domine
1557 1107 1686 1166 Jesu
1726 1109 1944 1165 Christe

366 1203 510 1259 Dens
534 1212 740 1268 noster,
761 1210 818 1258 et
838 1217 965 1258 cum
992 1201 1141 1258 omni
1170 1200 1563 1270 supplicatione
1588 1215 1863 1270 rogamus,
1887 1207 1949 1255 ut

365 1315 463 1369 per
490 1300 852 1353 interventum
881 1297 1055 1352 beata:
1081 1304 1137 1350 et
1182 1295 1431 1366 gloriosae
1477 1309 1694 1364 semper
1721 1294 1948 1363 virginis

370 1391 571 1455 Mariae,
598 1389 948 1459 omniumque
975 1394 1288 1443 sanctorum
1331 1385 1666 1457 angelorum,
1713 1386 1945 1439 archan-

367 1483 608 1555 gelorum
630 1523 647 1548 ,
684 1481 1119 1551 patriarcharum
1143 1519 1160 1545 ,
1205 1480 1592 1549 prephetarum
1617 1518 1633 1543 ,
1687 1476 1950 1548 apostolo-

369 1589 511 1638 rum,
538 1580 873 1643 martyrum,
903 1569 1299 1635 confessorum,
1332 1570 1628 1639 virginum,
1657 1569 1952 1626 monacho-

369 1680 510 1728 rum,
539 1671 596 1718 et
622 1662 863 1717 omnium
905 1661 1105 1716 civium
1130 1674 1512 1730 supernorum,
1556 1658 1813 1714 Ecclesia:
1843 1665 1950 1711 tuze

2042 486 2203 540 quam
2232 471 2428 525 creasti
2453 471 2521 523 ab
2550 469 2723 523 initio.
2754 467 3019 522 Liberasti
3052 468 3259 537 virgam
3293 463 3631 523 baireditatis

2041 568 2169 616 tute.
2194 558 2271 614 Ne
2300 559 2485 614 tradas
2510 557 2699 613 bestiis
2723 556 2929 610 animas
2958 555 3330 609 confitentium
3353 555 3482 609 tibi:
3510 556 3602 609 ani

2040 666 2161 707 mas
2182 664 2481 722 pauperum
2519 656 2732 703 tuorum
2764 661 2834 701 ne
2861 645 3201 701 obliviscaris
3230 646 3285 699 in
3308 645 3493 702 finem.
3522 647 3631 701 Do.

2042 743 2209 806 mine,
2225 740 2370 796 Deus
2390 739 2675 804 virtutum,
2696 745 2949 793 converte
2970 751 3092 801 nos,
3117 744 3176 790 et
3192 736 3418 791 ostende
3433 735 3629 791 faciem

2043 838 2286 896 tuam,et
2309 829 2443 885 salvi
2477 829 2701 883 erimus.
2723 826 2959 883 Ostende
2988 826 3164 892 nobis,
3194 826 3441 891 Domine,
3471 826 3634 882 mise-

2044 920 2335 977 ricordiam
2358 927 2525 982 tuam,
2556 927 2613 973 et
2631 917 2872 973 salutare
2891 924 3043 971 tuum
3070 915 3139 969 da
3174 915 3350 971 nobis.
3379 914 3631 981 Domine,

2044 1012 2187 1068 Deus
2209 1012 2489 1075 virtutum,
2512 1007 2706 1063 exaudi
2732 1021 2923 1076 preces
2943 1014 3178 1069 nostras,
3207 1005 3429 1060 auribus
3454 1008 3636 1076 perci-

2043 1116 2133 1172 pe,
2151 1100 2294 1155 Deus
2317 1097 2502 1154 Jacob.
2531 1098 2599 1153 Et
2624 1106 2704 1163 tu,
2719 1096 3222 1162 Domine,Domine,
3240 1094 3327 1152 fac
3348 1097 3635 1152 nobiscum

2045 1189 2475 1245 misericordiam
2500 1196 2721 1259 propter
2741 1201 2938 1241 nomen
2978 1196 3151 1252 tuum,
3183 1186 3311 1256 quia
3338 1188 3521 1242 suavis
3547 1198 3641 1242 est

2046 1279 2419 1336 misericordia
2450 1286 2561 1332 tua.
2586 1278 2816 1349 Protege
2841 1292 2941 1332 nos
2975 1292 3006 1331 a
3031 1285 3299 1333 conventu
3326 1277 3637 1349 malignan-

2049 1372 2202 1437 tium,
2233 1380 2289 1425 et
2314 1386 2344 1425 a
2366 1369 2708 1425 multitudine
2727 1369 3071 1440 operantium
3096 1368 3462 1438 iniquitatem.
3481 1367 3640 1424 Mitte

2047 1462 2203 1517 nobis
2248 1460 2506 1515 auxilium
2557 1459 2623 1514 de
2663 1467 2885 1524 sancto,
2918 1467 2976 1513 et
3020 1459 3085 1513 dc
3133 1457 3266 1513 Sion
3301 1467 3456 1514 tuere
3509 1474 3634 1514 nos.

2049 1552 2255 1607 Exaudi
2286 1566 2404 1616 nos,
2437 1550 2682 1615 Domine,
2731 1549 2988 1618 quoniam
3038 1548 3269 1619 benigna
3301 1558 3388 1603 est
3418 1549 3643 1603 miseri-

2048 1642 2234 1697 cordia
2279 1649 2408 1695 tua:
2434 1640 2732 1695 secundum
2770 1637 3170 1692 multitudinem
3220 1637 3638 1692 miserationum

367 1725 647 1810 catholicae
667 1752 827 1808 tidem
849 1765 1067 1822 augeas,
1093 1725 1281 1820 pacem
1311 1725 1541 1815 tribuas,
1562 1747 1948 1818 indulgentiam
1978 1725 2027 1784 Β
2056 1745 2273 1789 marum
2303 1733 2512 1804 respice
2555 1732 2610 1786 ίη
2637 1747 2744 1786 ωε·
2793 1730 3102 1822 Ρηθῐθηάίῗν
3134 1730 3381 1794 nomine:
3415 1729 3639 1822 misefl‘

370 1845 524 1899 nobis
548 1851 605 1899 et
642 1842 1015 1898 remissionem
1042 1848 1394 1911 peccatorum
1421 1838 1712 1894 concedas.
1750 1837 1946 1892 Amen.

369 1936 601 1992 Infirmis
631 1935 879 1999 salutem,
911 1934 1078 2004 lapsis
1112 1934 1513 2004 reparationem
1537 1973 1553 1997 ,
1606 1931 1752 1986 aeris
1795 1944 1951 1985 eom-

369 2028 683 2083 moditatem
735 2026 1131 2096 navigantibus,
1171 2034 1228 2079 et
1276 2024 1656 2078 itinerantibus
1708 2020 1953 2076 fidelibus

370 2118 474 2173 iter
526 2132 844 2188 prosperum
893 2131 959 2170 ac
1010 2115 1200 2170 salutis
1261 2122 1477 2185 portum
1501 2153 1516 2179 ,
1572 2111 1955 2167 tribulantibus

373 2208 582 2282 [Forte,
611 2204 905 2278 tribulatis]
930 2206 1183 2277 gaudium
1199 2244 1216 2270 ,
1239 2203 1514 2274 oppressis
1542 2201 1952 2268 relevationem,

370 2299 622 2369 captivis,
654 2297 871 2359 vinctis,
900 2305 957 2351 et
981 2294 1307 2366 peregrinis,
1354 2292 1751 2356 remissionem,
1796 2293 1956 2347 abso-

370 2395 631 2450 lutionem
653 2400 709 2448 et
730 2391 797 2447 ad
814 2392 1047 2463 patriam
1077 2390 1466 2447 reversionem.
1481 2386 1673 2442 Amen.
1691 2384 1954 2456 Angelum

373 2496 524 2541 tuum
571 2492 821 2540 sanctum
855 2483 946 2538 hic
991 2490 1047 2538 et
1094 2482 1296 2551 ubique
1342 2479 1652 2540 custodem,
1710 2485 1954 2530 mutuam

371 2575 811 2633 discordantibus
838 2574 1181 2636 charitatem,
1214 2570 1518 2627 infidelibus
1554 2583 1739 2625 veram
1768 2566 1951 2632 fidem,

373 2678 433 2722 et
462 2664 734 2721 defunctis
773 2663 1019 2719 fidelibus
1067 2662 1309 2734 requiem
1337 2658 1603 2730 propitius
1636 2658 1838 2713 donare
1870 2658 1954 2712 di—

372 2756 555 2823 gneris
583 2764 861 2810 aeternam.

1067 2862 1238 2943 xiv.

375 2985 559 3063 Quod
585 2984 918 3047 secundum
930 2991 1310 3065 praeceptum
1332 2981 1625 3065 Apostoli
1649 2982 1955 3044 orandum

671 3066 755 3127 sit
784 3065 859 3126 ab
891 3062 1172 3127 omnibus
1199 3080 1323 3143 pro
1362 3062 1666 3124 omnibus.

447 3181 714 3253 Praecepit
739 3182 894 3238 nobis
916 3197 1096 3238 sermo
1122 3180 1449 3252 apostolicus
1476 3196 1491 3235 :
1535 3181 1716 3245 Orate,
1748 3181 1952 3247 dicens,

371 3290 467 3343 pro
495 3273 739 3338 invicem,
756 3282 813 3325 ut
837 3269 1467 3343 salvemini(.lac.v,16).
1498 3269 1595 3324 Cui
1614 3284 1714 3324 nos
1737 3284 1956 3325 necesse

371 3371 456 3417 est
502 3362 557 3415 in
609 3361 981 3416 saluberrimis
1032 3360 1321 3430 praeceptis
1373 3360 1594 3415 obedire
1620 3400 1635 3425 ,
1693 3366 1749 3413 et
1795 3372 1956 3413 orare

372 3465 562 3505 omnes
582 3465 681 3521 pro
712 3450 984 3514 omnibus,
1006 3457 1067 3503 nt
1094 3450 1373 3504 salventur
1413 3463 1602 3504 omnes
1629 3463 1754 3503 cum
1782 3448 1957 3502 omni-

375 3544 493 3596 bus.
541 3541 759 3611 Septem
798 3548 924 3595 snnt
965 3548 1230 3610 praeterea
1276 3538 1490 3610 psalmi,
1546 3554 1614 3594 ex
1667 3539 1865 3609 quibus
1908 3539 1957 3595 si

375 3647 541 3686 unum
584 3645 781 3701 corpus
828 3630 1112 3696 eiiieimnr,
1143 3645 1241 3701 pro
1278 3631 1425 3685 omni
1473 3645 1699 3699 prorsus
1726 3622 1959 3701 corpore

374 3732 594 3778 oramus
616 3721 889 3778 Ecclesiae.
923 3721 1277 3778 Considerate
1328 3728 1531 3787 tamen,
1559 3721 1653 3791 qui
1701 3721 1857 3793 legis,
1901 3729 1957 3777 et

375 3813 543 3882 proba
567 3812 710 3883 quod
730 3812 979 3867 dicimus.
1004 3812 1062 3866 in
1088 3812 1172 3867 his
1206 3826 1439 3881 namque
1473 3811 1737 3866 memoria
1775 3826 1956 3867 sacer-

375 3905 581 3968 dotum,
614 3917 929 3974 regumque,
959 3911 1016 3957 et
1056 3910 1435 3973 potentatuum
1460 3943 1475 3969 ,
1514 3901 1697 3973 populi
1741 3913 1959 3971 quoque

374 4005 431 4049 et
471 3994 643 4066 plebis
687 3995 868 4050 simul.
909 3994 1246 4050 Psalmorum
1291 4010 1454 4065 ergo,
1512 4009 1650 4065 quos
1700 3993 1952 4057 diximus,

377 4088 479 4141 ista
500 4094 625 4142 sunt
645 4087 820 4157 capita
853 4102 869 4139 :
899 4084 1182 4151 Memento,
1214 4084 1459 4151 Domine,
1486 4084 1685 4149 David;
1713 4084 1954 4150 Domine,

374 4194 431 4232 tn
458 4178 647 4232 virtute
687 4186 815 4243 tua;
844 4177 924 4231 Ad
964 4186 1035 4242 te,
1071 4176 1310 4240 Domine,
1338 4175 1561 4231 clamavi
1607 4174 1747 4229 Dens
1776 4190 1958 4241 meus;

378 4265 521 4326 Deus
548 4270 859 4324 misereatur
882 4268 1063 4333 nobis;
1099 4266 1443 4331 Benedixisti,
1490 4266 1745 4332 Domine;
1778 4265 1961 4320 Domi-

376 4378 471 4426 ne,
518 4361 818 4431 refugium;
844 4358 1144 4428 Conﬁtebor
1167 4360 1283 4425 tibi,
1313 4358 1556 4424 Domine,
1581 4360 1637 4413 in
1667 4369 1775 4414 toto
1804 4360 1960 4415 corde

2054 1826 2299 1881 cordiam
2336 1835 2485 1878 tuam
2514 1822 2812 1879 scientibus
2848 1830 2919 1886 te,
2954 1830 3010 1877 et
3049 1819 3319 1890 justitiam
3370 1830 3519 1875 tuam
3548 1820 3641 1874 his

2055 1918 2147 1988 qui
2185 1925 2334 1973 recto
2352 1926 2480 1971 sunt
2504 1918 2687 1973 corde.
2723 1916 3070 1987 Complaceat
3114 1917 3236 1981 tibi,
3282 1916 3531 1981 Domine,
3576 1926 3639 1971 ut

2054 2011 2256 2080 eripias
2277 2025 2401 2065 me:
2434 2003 2684 2076 Domine,
2712 2009 2768 2065 in
2807 2009 3070 2064 auxilium
3120 2018 3366 2065 nostrum
3402 2009 3635 2078 respice.

2054 2101 2585 2172 Exsurge,Domine,
2613 2098 2805 2169 adjuva
2840 2115 2958 2165 nos,
2998 2108 3055 2154 et
3089 2099 3258 2155 libera
3290 2113 3391 2154 nos
3415 2106 3642 2168 propter

2054 2203 2250 2246 nomen
2272 2194 2441 2244 tuum.

2745 2298 2954 2355 Oratio.

2123 2417 2451 2488 Propitiare,
2497 2415 2745 2479 Domine,
2791 2430 3007 2485 quaso,
3062 2414 3328 2468 universa!
3382 2412 3643 2467 Ecclesia:

2058 2518 2163 2565 tua:
2185 2508 2483 2572 catholicae,
2525 2515 2637 2561 toto
2666 2507 2797 2561 orbe
2827 2517 3095 2561 terrarum
3138 2505 3361 2560 diffusae.
3413 2505 3643 2574 Largire

2056 2601 2134 2657 illi
2178 2601 2337 2655 fidem
2368 2607 2599 2665 rectam,
2648 2614 2784 2669 opus
2820 2599 3147 2668 przecipuum
3169 2638 3186 2664 ,
3225 2613 3409 2669 pacem
3447 2612 3645 2668 perpe-

2058 2703 2226 2748 tuam.
2270 2691 2574 2761 Propitiare
2618 2690 2871 2745 omnibus
2919 2689 3169 2744 fidelibus
3217 2689 3323 2743 tuis
3371 2689 3471 2742 sub
3508 2687 3646 2759 iugo

2056 2782 2397 2838 ethnicorum
2441 2779 2829 2835 laborantibus.
2877 2779 3179 2848 Propitiare
3218 2778 3420 2833 famulo
3448 2787 3540 2832 tuo
3572 2776 3641 2833 N.

2059 2872 2192 2947 [Αι.,
2216 2872 2314 2945 IL]
2345 2887 2518 2943 papm,
2545 2881 2601 2927 et
2639 2872 2890 2927 omnibus
2918 2871 3291 2927 sacerdotibus
3334 2879 3495 2940 atque
3536 2870 3640 2923 mi-

2056 2965 2268 3031 nistris,
2315 2973 2617 3033 cunctoque
2659 2963 2807 3019 clero
2851 2977 3056 3017 eorum.
3099 2959 3398 3032 PrOpitiare
3436 2960 3647 3014 famqu

1980 3064 2026 3127 ο
2061 3067 2153 3113 tuo
2184 3057 2244 3111 Χ.
2276 3057 2480 3123 abbati,
2518 3063 2574 3111 et
2601 3056 2866 3111 universae
2895 3054 3021 3110 huic
3062 3053 3463 3125 congregationi
3508 3062 3645 3117 tum,

2054 3153 2412 3221 omnibusque
2462 3166 2560 3220 per
2603 3158 2775 3204 totum
2806 3150 2993 3205 orbem
3040 3149 3096 3203 in
3141 3156 3233 3203 tuo
3262 3149 3476 3203 nomine
3504 3163 3646 3201 con-

2055 3244 2309 3315 gregatis.
2340 3242 2642 3311 Propitiare
2685 3240 2884 3296 famulo
2920 3249 3011 3295 tuo
3041 3239 3104 3293 N.
3134 3256 3279 3310 regi,
3323 3239 3649 3309 cunctisque

2054 3332 2377 3389 Christianis
2401 3333 2755 3403 principibus,
2782 3342 2837 3388 et
2865 3333 3118 3387 universo
3139 3332 3401 3387 exercitui
3422 3348 3642 3387 eorum.

2056 3424 2356 3495 Propitiare
2384 3424 2653 3479 universis
2683 3423 2943 3480 fratribus
2966 3425 3120 3489 meis,
3149 3425 3263 3479 sive
3285 3424 3388 3490 eis,
3424 3425 3515 3493 qui
3546 3433 3646 3481 tua

2056 3515 2343 3579 charitate,
2377 3513 2457 3569 vel
2501 3514 2665 3569 etiam
2689 3515 3157 3585 consanguinitate
3191 3512 3461 3583 conjuncti
3489 3524 3645 3569 sunt.

2054 3606 2357 3676 Propitiare
2404 3606 2678 3670 omnibus,
2725 3608 2817 3676 qui
2860 3622 2958 3677 pro
3004 3621 3092 3661 me
3120 3606 3407 3676 implorant
3445 3621 3651 3661 nomen

2056 3708 2303 3755 sanctum
2327 3706 2499 3763 tuum,
2530 3698 2614 3752 vel
2644 3698 2737 3768 qui
2770 3713 2855 3752 me
2898 3698 3155 3753 miserum
3192 3698 3333 3768 apud
3360 3707 3506 3751 tuam
3535 3696 3654 3753 cle-

2055 3787 2317 3842 mentiam
2337 3787 2640 3858 supplicare
2661 3787 2966 3843 voluerunt.
2991 3786 3291 3858 Propitiare
3314 3785 3647 3857 virginibus,

2057 3880 2379 3951 conjugatis,
2408 3894 2470 3935 ac
2496 3879 2695 3945 viduis,
2732 3879 3014 3949 orphanis,
3049 3880 3299 3949 captivis,
3328 3879 3650 3950 ptenitenti-

2057 3970 2180 4036 bus,
2205 3971 2456 4037 infirmis,
2499 3969 2730 4035 afﬂictis,
2780 3970 3191 4041 navigantibus,
3242 3969 3648 4036 it’inerantibus,

2060 4062 2433 4125 incarceratis,
2482 4061 2622 4117 etin
2660 4061 3070 4130 quibuscunque
3118 4060 3534 4115 necessitatibus
3566 4070 3654 4115 at-

2058 4168 2165 4223 que
2214 4152 2448 4208 miseriis
2501 4151 2812 4208 constitutis
2836 4190 2851 4217 ,
2908 4159 2965 4206 et
3004 4150 3258 4206 universo
3305 4150 3502 4221 populo
3553 4158 3652 4205 tuo

2059 4242 2391 4309 Christiano,
2422 4257 2582 4312 quem
2623 4242 2863 4311 pretioso
2895 4242 3156 4312 sanguine
3182 4243 3476 4297 redemisti.
3514 4242 3653 4296 Pro.

2059 4332 2257 4403 pitiare
2280 4332 2446 4386 etiam
2486 4332 2702 4387 miseris
2728 4333 2973 4403 paganis,
3001 4331 3201 4387 iudicis
3242 4342 3403 4404 atque
3432 4334 3652 4389 haereti-

375 4422 519 4517 ηεξ),
546 4422 1078 4524 η’κᾶηεηπιήααλιεηε
1099 4422 1279 4506 omnia
1300 4451 1456 4506 verba
1495 4422 1602 4506 οη,
1630 4453 1754 4506 mei.
1791 4450 1956 4517 sane,
1992 4424 2039 4485 D
2064 4423 2163 4488 eis,
2191 4423 2305 4478 sive
2331 4422 2516 4493 lapsis,
2538 4432 2598 4477 ut
2624 4424 2849 4478 credant
2891 4424 2943 4477 in
2972 4432 3023 4478 te
3053 4424 3339 4479 Dominum
3369 4425 3654 4495 Deumque

376 4546 592 4616 nequis
612 4559 711 4601 nos
740 4544 1122 4615 reprehendat,
1148 4544 1293 4616 quod
1336 4546 1490 4616 prius
1511 4544 1792 4616 posuimus
1810 4544 1959 4614 psal-

377 4654 559 4705 mum,
601 4637 894 4705 Hemento,
932 4637 1180 4704 Domine,
1203 4637 1376 4693 David
1398 4678 1414 4703 ,
1457 4638 1549 4708 qui
1574 4638 1844 4707 posterior
1876 4645 1960 4693 est

378 4728 570 4783 ordine
588 4768 604 4794 ,
636 4728 886 4785 dabimus
912 4743 1255 4799 responsum,
1285 4728 1411 4799 quia
1460 4743 1566 4783 non
1611 4735 1697 4782 est
1727 4742 1962 4797 pensan-

379 4820 481 4875 dus
505 4820 637 4875 ordo
664 4821 718 4875 in
747 4820 992 4891 psalmis,
1025 4820 1121 4878 sed
1148 4822 1340 4877 virtus.
1373 4820 1442 4875 Et
1468 4819 1592 4889 quia
1627 4819 1835 4889 primus
1876 4828 1961 4874 est

378 4910 524 4966 intra
552 4909 851 4967 Ecelesiam
884 4910 1020 4967 ordo
1049 4911 1424 4977 sacerdotalis,
1440 4911 1584 4967 hunc
1605 4910 1839 4982 primum
1864 4924 1961 4979 po-

378 5000 589 5056 suimus
619 5000 671 5054 in
697 4999 976 5069 precibus.

614 5110 739 5168 Post
777 5111 1110 5169 Dominicam
1150 5113 1455 5169 Orationem
1500 5131 1675 5169 versus
1698 5128 1717 5165 :

450 5222 564 5291 Ego
590 5224 701 5279 dixi
729 5239 745 5279 :
777 5223 1025 5291 Domine,
1081 5226 1340 5280 miserere
1387 5226 1523 5291 mei,
1555 5240 1687 5281 sana
1725 5226 1959 5281 animam

379 5330 586 5384 meam,
637 5319 767 5391 quia
818 5320 1038 5391 peccavi
1083 5319 1204 5374 tibi.
1246 5318 1568 5374 Sacerdotes
1613 5319 1691 5373 tui
1739 5318 1964 5372 induant

373 5405 664 5476 justitiam,
700 5420 756 5466 et
801 5411 974 5466 sancti
1004 5411 1084 5466 tui
1135 5410 1426 5466 exsultent.
1479 5410 1725 5477 Domine,
1755 5409 1963 5465 salvum

379 5496 466 5553 fac
486 5514 690 5568 regem,
718 5512 773 5560 et
806 5505 1005 5561 exaudi
1044 5521 1145 5561 nos
1170 5506 1223 5561 in
1257 5504 1363 5571 die,
1393 5519 1498 5575 qua
1529 5504 1963 5561 invocaverimus

378 5598 451 5643 te.
483 5590 702 5649 Salvum
744 5595 829 5651 fac
873 5597 1126 5666 populum
1148 5598 1254 5669 37
1283 5607 1455 5662 tuum,
1483 5597 1712 5653 Domine
1731 5639 1746 5661 ,
1792 5605 1848 5651 et
1870 5595 1963 5651 be-

381 5682 538 5739 nedic
562 5682 931 5743 hzereditatcm
976 5699 1145 5755 tuam,
1173 5699 1226 5744 et
1256 5705 1380 5759 rege
1412 5703 1522 5754 eos,
1549 5698 1602 5744 ct
1645 5688 1840 5745 extolle
1868 5703 1961 5744 eos

2060 4528 2270 4577 verum,
2293 4517 2349 4567 et
2388 4521 2729 4567 revertantur
2755 4513 2823 4567 ad
2847 4522 2900 4568 te
2928 4514 2981 4567 in
3011 4522 3122 4568 toto
3160 4516 3323 4570 corde
3359 4531 3477 4570 suo.
3522 4517 3653 4572 Tri-

2063 4601 2189 4664 bue,
2220 4615 2424 4669 quaeso,
2451 4600 2700 4667 Domine,
2739 4603 2884 4657 omni
2909 4604 3079 4668 sexui,
3102 4612 3158 4657 et
3184 4605 3450 4661 universa:
3473 4607 3654 4674 aetati,

2061 4700 2226 4761 atque
2281 4691 2580 4746 conditioni
2629 4693 2839 4748 ordinis
2885 4692 3212 4760 Christiani,
3268 4696 3654 4752 mandatorum

2064 4793 2278 4839 tuorum
2324 4782 2627 4838 custodiam
2647 4822 2664 4849 ,
2706 4791 2761 4838 et
2794 4799 3017 4840 suorum
3045 4786 3286 4841 omnium
3313 4787 3526 4843 veniam
3554 4789 3655 4845 de-

2061 4874 2334 4940 lictorum,
2355 4881 2411 4928 et
2437 4871 2593 4929 nobis
2622 4874 2906 4930 miserere.
2931 4874 3124 4929 Amen.

2064 5102 2247 5179 Quod
2273 5103 2503 5164 bonum
2536 5105 2619 5165 sit
2653 5006 2976 5184 oraerro
3002 5105 3309 5188 defunctis
3332 5105 3649 5188 ﬁdelibus.

2132 5223 2328 5293 Arguit
2352 5232 2575 5278 sanctus
2603 5223 2891 5294 Apostolus
2919 5226 3180 5295 quosdam
3211 5227 3528 5285 Corinthios
3567 5245 3657 5284 in-

2064 5317 2359 5383 tidelitatis,
2405 5319 2534 5389 quia
2565 5320 2631 5374 de
2658 5322 3071 5378 resurrectionis
3097 5324 3267 5395 gloria
3295 5326 3605 5381 titubabant
3634 5341 3654 5359 ο

2066 5408 2125 5464 Si
2176 5408 2438 5477 Christus,
2492 5411 2698 5481 inquit,
2744 5411 3067 5483 praedicatur
3096 5415 3237 5486 quod
3288 5416 3573 5471 resurrexit
3620 5435 3658 5472 α

2064 5503 2308 5567 mortuis,
2353 5504 2611 5573 quomodo
2645 5504 2863 5585 quidam
2894 5506 3078 5560 dicunt
3104 5508 3158 5562 in
3196 5510 3367 5575 vobis,
3390 5509 3654 5580 quoniam

2068 5593 2374 5647 resurrectio
2423 5592 2678 5649 bonorum
2709 5593 2829 5667 [ΑΙ.
2857 5637 2873 5661 ,
2930 5599 3290 5671 mortuorum]
3333 5616 3437 5654 non
3475 5608 3553 5654 est
3597 5598 3653 5670 (1

2068 5684 2190 5740 Cor.
2217 5702 2309 5754 xv,
2338 5684 2461 5756 19.)?
2485 5685 2592 5741 Nos
2635 5700 2785 5757 ergo,
2835 5688 2925 5755 qui
2956 5690 3159 5759 absque
3201 5692 3347 5745 omni
3395 5688 3658 5761 scrupulo
