3968 6180
283 382 376 437 880

1156 367 1545 426 LITURGICA.
1581 399 1653 408 —
1686 367 1778 433 DE
1815 363 2063 420 PSAIM.
2106 361 2263 418 USU.
2304 391 2373 401 --
2410 360 2609 415 PARS.
2653 362 2691 416 l.

3434 361 3543 422 490

280 491 728 551 resurrectionem
775 486 1041 542 veraciter
1082 486 1356 542 credimus
1380 492 1435 541 et
1458 492 1857 555 exspectamus,
1894 490 1933 545 Α
1962 478 2101 547 pori.
2136 476 2371 532 Possunt
2413 486 2622 541 tamen,
2656 475 3024 547 sieut[lt‘orte,
3121 477 3230 550 cui]
3257 478 3454 548 placet,
3491 492 3548 539 et

280 596 486 639 oremus
516 578 756 649 quotidie
792 591 892 646 pro
912 574 1303 631 resurrecturis
1326 573 1716 630 dormientibus
1743 570 1854 625 fra-

280 676 441 730 tribus
468 670 691 727 nostris.
723 670 778 723 ln
818 669 903 724 his
928 682 1164 738 namque
1195 668 1431 739 quinque
1463 665 1709 736 psalmis,
1737 678 1860 734 pos-

278 782 452 825 sumus
488 764 673 836 aliquo
703 762 864 818 modo
901 776 1090 818 eorum
1130 760 1445 816 memoriam
1492 757 1692 823 facere,
1732 757 1857 827 quia

276 859 598 931 praedicatur
631 857 684 912 in
715 856 797 910 eis
826 854 1227 933 quodammodo
1253 851 1580 908 resurrectio
1618 857 1859 909 mortuo-

279 966 387 1005 rum
411 968 423 1002 :
444 946 699 1003 Miserere
719 947 843 1010 mei,
869 944 1029 1007 Deus,
1055 943 1341 998 secundum
1357 957 1636 1012 magnam;
1657 937 1856 1003 Dilexi,

275 1040 514 1111 quoniam
557 1037 825 1093 exaudivit
863 1035 1155 1097 Dominus;
1197 1033 1431 1097 Credidi,
1474 1043 1684 1104 prapter
1716 1032 1859 1104 quod

283 1132 469 1187 luemus
511 1146 673 1195 sum;
704 1126 1038 1197 Conﬁtemini
1085 1126 1312 1180 Domino
1362 1125 1610 1196 quoniam
1653 1124 1854 1188 bonus,

278 1221 512 1289 quoniam
557 1219 611 1274 in
655 1216 907 1274 sa’culum
938 1217 1300 1272 misericordia
1340 1216 1488 1286 ejus;
1536 1215 1690 1269 Dicat
1722 1232 1858 1269 nunc

277 1310 433 1366 Israel
447 1328 467 1376 ;
502 1308 745 1364 Laudato
776 1307 1056 1363 Dominum
1080 1307 1135 1361 in
1163 1306 1357 1367 sanctis
1384 1306 1519 1377 ejus.

536 1421 665 1477 Post
687 1420 1019 1475 Dominicam
1043 1419 1346 1475 Orationem
1376 1437 1571 1474 versus.

334 1536 549 1591 Animas
604 1534 949 1591 morientium
997 1533 1229 1588 fratrum
1267 1542 1573 1589 nostrorum
1612 1535 1666 1589 in
1703 1535 1860 1590 bonis

275 1627 643 1690 demorentur,
689 1632 746 1680 et
786 1638 972 1679 semen
1009 1638 1197 1679 eorum
1229 1624 1545 1679 haereditate
1585 1624 1859 1694 possideat

274 1727 489 1773 terram.
523 1716 645 1772 Non
669 1716 852 1772 veniat
879 1716 962 1770 eis
984 1730 1080 1787 pes
1115 1716 1402 1785 superbiae,
1434 1726 1488 1771 et
1516 1731 1712 1773 manus
1733 1732 1858 1789 pec-

272 1818 509 1865 catorum
538 1825 647 1864 non
675 1816 929 1865 moveant
960 1824 1075 1864 eos.
1104 1807 1383 1878 Accipient
1426 1810 1852 1866 benedictionem

273 1917 299 1954 a
320 1901 572 1967 Domino,
600 1909 657 1956 et
693 1900 1124 1957 misericordiam
1155 1916 1183 1953 a
1209 1900 1321 1956 Deo
1351 1901 1574 1957 salutari
1607 1917 1725 1957 suo.
1749 1902 1856 1957 Ex-

273 1991 470 2047 sultent
497 1992 556 2046 in
594 1999 887 2062 conspectu
930 1990 1048 2054 Dei,
1074 1998 1129 2044 et
1169 1990 1508 2047 delectentur
1548 1991 1603 2046 in
1641 1991 1881 2047 laetitia.

274 2080 347 2135 'fu
386 2090 596 2144 autem,
637 2080 896 2143 Domine,
947 2094 1013 2134 ne
1059 2079 1213 2150 longe
1263 2080 1430 2134 facias
1454 2079 1861 2145 misericordias.

273 2182 385 2227 tuas
408 2188 439 2226 a
461 2188 555 2227 me
590 2190 603 2224 :
636 2171 1008 2227 misericordia
1040 2180 1130 2226 tua
1159 2181 1213 2226 et
1233 2171 1437 2227 veritas
1460 2178 1549 2225 tua
1594 2170 1854 2241 suscipiat

272 2278 375 2320 eos.
406 2264 485 2318 Da
515 2264 622 2329 eis,
670 2264 921 2330 Domine,
966 2263 1355 2334 protectionem
1400 2263 1593 2319 salutis
1638 2270 1771 2329 tum,
1798 2273 1854 2318 et

270 2358 483 2413 dextera
511 2365 605 2413 tua
633 2357 896 2427 suscipiat
925 2371 1039 2412 eos.
1080 2357 1279 2411 Emitte
1306 2355 1481 2411 lucem
1508 2363 1658 2410 tuam
1688 2363 1746 2411 et
1764 2371 1857 2411 ve-

270 2453 481 2508 ritatem
533 2460 724 2507 tuam:
769 2452 884 2523 ipsa
925 2467 1021 2507 eos
1066 2452 1179 2523 38
1220 2451 1454 2507 deducat
1500 2450 1557 2505 in
1612 2459 1852 2506 montem

268 2552 512 2598 sanctum
545 2551 715 2605 tuum,
756 2542 811 2597 in
835 2542 1183 2598 tabernacula
1217 2550 1329 2597 tua.
1357 2542 1425 2597 Et
1465 2542 1769 2597 iubabiteut
1798 2542 1852 2598 iu

267 2633 616 2690 tabernacula
656 2643 745 2689 tua
799 2633 855 2688 in
903 2634 1142 2700 sascula;
1196 2641 1552 2703 protegantur
1599 2634 1655 2688 in
1702 2633 1853 2688 vela—

267 2733 451 2780 mento
478 2723 691 2779 alarum
717 2732 949 2781 tuarum.
979 2719 1059 2779 Tu
1082 2732 1288 2789 autem,
1316 2723 1560 2789 Domine,
1588 2724 1855 2780 miserere

266 2814 357 2879 cis,
378 2823 446 2871 et
473 2812 737 2869 resuscita
766 2828 880 2879 eos,
927 2823 982 2869 et
1023 2815 1285 2870 confirma
1320 2829 1416 2871 eos
1461 2815 1517 2869 in
1558 2822 1854 2886 conspectu

267 2905 439 2962 tuoin
465 2912 731 2960 aeternum
761 2924 774 2958 :
808 2913 867 2959 ut
905 2906 1208 2961 inbabitent
1234 2906 1289 2962 in
1318 2906 1478 2961 domo
1504 2913 1617 2970 tua,
1653 2905 1709 2961 in
1738 2904 1854 2963 lon-

268 2996 506 3067 [itudiue
533 2996 763 3050 dierum.

964 3107 1168 3164 Oratio.

1963 583 2068 622 non
2101 568 2245 622 cedit
2269 568 2526 639 pigritizc,
2546 568 2854 623 eontimtari
2880 568 3007 625 huic
3028 568 3269 639 psalmus
3286 570 3549 629 duodeci-

1963 676 2082 714 mus
2110 678 2122 713 :
2149 660 2461 732 Usquequo,
2521 660 2779 726 Domine;
2826 669 2881 716 et
2924 661 3252 717 centesimus
3298 664 3544 735 et-vige-

1961 756 2167 810 simus:
2203 755 2390 811 Levavi
2418 755 2596 811 oculos
2618 772 2759 811 meos
2785 755 2855 810 ad
2883 765 3105 811 montes.

2212 865 2338 921 Post
2367 864 2698 920 Dominicam
2729 866 3033 921 Orationem
3073 884 3270 922 uersus.

2037 958 2189 1014 Mitte
2234 958 2408 1024 nobis,
2441 957 2691 1023 Domine,
2738 958 2996 1014 auxilium
3041 961 3107 1014 de
3145 970 3353 1029 sancto,
3395 972 3451 1019 ct
3481 965 3549 1021 de

1963 1048 2091 1104 Sion
2108 1058 2258 1104 tuere
2274 1064 2390 1105 nos.
2415 1048 2640 1119 Protegc
2665 1065 2763 1104 nos
2780 1066 2810 1104 a
2827 1060 3091 1106 conventu
3113 1053 3546 1123 malignantium,

1960 1146 2016 1192 et
2063 1156 2092 1193 a
2132 1139 2473 1194 multitudine
2516 1140 2856 1209 Operantium
2895 1141 3253 1211 iniquitatem.
3299 1143 3547 1200 lllumina

1962 1228 2154 1283 faciem
2188 1238 2331 1283 tuam
2377 1244 2540 1300 super
2567 1245 2782 1285 servum
2814 1239 2988 1297 tuum,
3019 1239 3073 1285 et
3097 1232 3304 1287 salvum
3346 1249 3432 1291 me
3461 1234 3548 1291 fac

1962 1320 2015 1373 in
2055 1327 2145 1373 tua
2185 1319 2577 1375 misericordia.
2615 1318 2864 1387 Domine,
2895 1337 3003 1377 non
3048 1322 3372 1390 confundar,
3413 1340 3551 1396 quo-

1959 1408 2106 1463 niam
2132 1410 2376 1466 invocavi
2413 1419 2486 1465 te.
2518 1410 2736 1467 Faciem
2774 1419 2921 1465 tuam
2953 1411 3195 1467 illumina
3234 1429 3399 1485 super
3430 1428 3550 1471 sert-

1960 1515 2085 1555 vnm
2117 1508 2288 1565 tuum,
2320 1508 2374 1556 et
2405 1501 2538 1557 doce
2564 1516 2651 1557 me
2671 1501 3083 1573 iustiﬁcationes
3110 1511 3250 1559 tuas.
3282 1506 3548 1572 Quoniam

1962 1600 2017 1645 tu
2047 1590 2319 1647 illuminas
2351 1592 2598 1647 lucernas
2629 1606 2800 1657 meas,
2829 1592 3056 1649 Domine
3088 1593 3233 1649 Deus
3272 1608 3444 1662 meus,
3486 1597 3551 1650 il-

1961 1684 2164 1738 lumina
2195 1685 2442 1740 tenebras
2463 1699 2629 1740 meas.

2234 1794 2417 1851 Oratio
2451 1796 2619 1866 prima
2647 1796 2700 1850 in
2730 1794 3025 1849 dormitorii
3062 1795 3269 1851 cellula.

2030 1886 2286 1956 Benedic,
2312 1888 2557 1958 Domine,
2587 1904 2793 1961 quaeso,
2842 1889 3089 1945 cellulam
3114 1888 3135 1964 [
3163 1892 3271 1960 AL,
3324 1892 3547 1967 cellam]

1960 1981 2139 2045 istam,
2168 1989 2228 2036 ut
2248 1982 2339 2052 qui
2366 1982 2417 2037 in
2447 1983 2639 2037 umbra
2665 1982 2874 2037 alarum
2904 1988 3118 2041 tuarum
3145 1998 3448 2055 speramus,
3479 1990 3547 2042 ab

1958 2075 2210 2131 omnibus
2253 2073 2463 2129 insidiis
2498 2075 2837 2140 dzemonum,
2883 2075 3103 2132 virtutis
3148 2085 3251 2133 tua:
3306 2079 3566 2150 petentia

1957 2174 2225 2221 tueamur.
2274 2166 2379 2220 Pcr
2410 2165 2695 2221 Dominum
2732 2175 2976 2222 nostrum
3013 2165 3196 2224 Jesum
3246 2166 3541 2234 Christum,

1958 2258 2049 2328 qui
2077 2258 2207 2312 vivit
2242 2267 2295 2311 et
2323 2267 2505 2329 regnat
2541 2259 2592 2312 in
2620 2257 2813 2313 szecula
2840 2259 3181 2315 sreculorum.
3215 2261 3407 2316 Amen.

2675 2369 2814 2424 Alia.

2030 2460 2165 2515 Huic
2199 2460 2427 2522 eellulte,
2455 2474 2659 2528 quaeso,
2682 2459 2925 2525 Domine,
2955 2475 3192 2530 praesens
3232 2461 3439 2543 adesto,
3484 2470 3546 2518 ut

1958 2558 2176 2603 caterta
2199 2549 2500 2602 dmmonum
2533 2547 2763 2602 contrita
2784 2547 3070 2617 elfugctur.

2565 2657 2702 2714 Item
2750 2659 2941 2714 oratio.

2029 2749 2278 2813 Domine,
2303 2765 2465 2820 quem
2485 2764 2660 2820 neque
2690 2750 2864 2819 spatia
2892 2750 3137 2813 dilatant,
3169 2767 3268 2809 nec
3304 2753 3544 2813 brevitas

1956 2841 2197 2898 locorum
2229 2850 2501 2914 angustat,
2545 2843 2686 2897 hanc
2712 2842 2985 2911 cellulam,
3012 2858 3218 2915 quaeso,
3248 2850 3550 2918 prassentize

1956 2940 2063 2987 tua:
2091 2932 2212 2988 luce
2255 2932 2537 3004 perfunde,
2580 2940 2639 2987 ut
2687 2933 3033 2990 tenebrarum
3060 2944 3251 2991 auctor
3293 2937 3552 2996 confusus

1958 3026 2234 3082 abscedat.
2269 3027 2371 3081 Per
2392 3026 2679 3082 Dominum
2703 3035 2949 3083 nostrum
2973 3025 3157 3083 Jesum
3185 3029 3485 3086 Christum.

2682 3114 2822 3189 Alia.

331 3223 413 3279 Ne
446 3231 681 3294 reputes,
729 3222 969 3293 piissime
1000 3223 1247 3290 Domine,
1286 3232 1510 3294 peccata
1561 3226 1849 3296 quiescen-
1879 3197 1927 3261 ο
2026 3230 2070 3285 Δ
2122 3226 2259 3284 faeie
2307 3219 2616 3303 impiorum,
2665 3240 2870 3297 quzeso,
2920 3226 3167 3293 Domine,
3211 3230 3310 3286 sub
3354 3231 3546 3289 umbra

270 3314 399 3369 tium
456 3314 685 3369 fratrum
732 3318 998 3381 meorum,
1045 3315 1129 3370 vel
1177 3331 1368 3372 eorum
1405 3317 1494 3387 qui
1547 3317 1677 3373 mihi
1724 3334 1853 3375 con-

267 3405 434 3473 juncti
474 3416 563 3461 tua
595 3408 862 3462 charitate
893 3392 1254 3473 exstiterunt;
1287 3417 1348 3462 ut
1376 3409 1462 3464 bis
1489 3417 1651 3479 atque
1680 3410 1851 3465 omni-

274 3496 366 3551 bus
409 3497 463 3551 iu
504 3505 593 3550 tua
627 3497 729 3551 fide
759 3496 1027 3553 defunctis
1067 3498 1303 3569 digneris
1350 3506 1610 3555 aeternam
1657 3516 1853 3555 conec-

274 3585 396 3643 dere
427 3589 686 3658 requiem.

890 3680 1009 3734 Alia
1040 3683 1227 3735 oratio.

340 3788 439 3855 Da,
468 3805 676 3860 qua-so,
719 3784 967 3857 Domine,
1014 3790 1257 3862 requiem
1302 3792 1553 3847 omnibus
1592 3790 1852 3851 fratribus

279 3882 492 3947 nostris,
535 3883 626 3952 qui
658 3882 721 3937 de
748 3883 849 3939 hac
892 3880 1011 3936 luce
1049 3880 1476 3937 in‘coul’essione
1511 3882 1585 3935 tui
1621 3884 1852 3937 nominis

194 3998 209 4013 ιι
278 3975 656 4045 migraverunt,
686 3984 739 4027 et
769 3974 925 4029 nobis
946 3974 1219 4049 miserere.
1253 3971 1445 4027 Amen.

986 4088 1155 4148 XVI.

317 4212 495 4287 Quod
542 4211 850 4273 orandum
896 4212 977 4271 sit
1024 4206 1091 4273 in
1138 4209 1503 4271 dormitorii
1560 4209 1808 4285 cellula,

410 4291 779 4371 priusquam
812 4289 1257 4368 corpusculum
1290 4289 1475 4349 detur
1507 4290 1726 4371 quieti.

344 4415 468 4472 Post
512 4417 797 4472 decursum
829 4428 959 4470 vero
995 4412 1157 4468 totius
1202 4411 1305 4467 diei
1340 4411 1592 4482 spatium,
1634 4426 1755 4465 cum
1783 4411 1849 4465 ad

284 4507 495 4562 lectulos
522 4506 830 4563 accedimus
872 4507 1197 4570 dormitum,
1238 4504 1378 4558 votis
1407 4503 1658 4561 omnibus
1701 4517 1852 4573 roge-

1955 3324 2161 3379 alarum
2192 3329 2405 3374 tuarum
2438 3334 2535 3374 nos
2561 3328 2805 3392 protege,
2832 3326 2891 3374 ut
2914 3319 2981 3375 ad
3023 3318 3233 3375 laudem
3264 3323 3338 3377 tui
3372 3323 3547 3379 nomi-

1955 3414 2039 3466 nis
2066 3408 2384 3471 surrecturi,
2422 3415 2474 3462 te
2502 3424 2665 3477 super
2692 3423 2788 3462 nos
2814 3407 3069 3480 vigilante
3093 3410 3270 3464 securi
3306 3411 3545 3468 dormia-

1955 3519 2094 3558 mus.
2162 3500 2263 3555 Per
2328 3500 2613 3555 Dominum
2690 3490 2933 3556 nostrum
3000 3497 3181 3555 Iesum
3244 3500 3543 3557 Christum.

1954 3592 2144 3648 Atucu.

2684 3683 2824 3737 Alia.

2023 3775 2242 3829 Gratias
2284 3773 2379 3828 tibi
2411 3789 2533 3845 ago,
2580 3771 2810 3827 Domine
2858 3780 3044 3828 sancte
3087 3774 3266 3839 Pater,
3304 3776 3542 3845 omnipo-

1955 3877 2074 3922 tens
2101 3875 2301 3921 aeterne
2344 3864 2505 3927 Deus,
2557 3866 2649 3933 qui
2693 3878 2780 3919 me
2825 3864 3077 3936 dignatus
3124 3879 3184 3919 es
3222 3864 3274 3922 in
3315 3867 3415 3923 hac
3458 3868 3546 3924 die

1954 3960 2227 4018 custodire
2255 3974 2353 4031 per
2380 3967 2526 4012 tuam
2551 3966 2792 4013 sanctam
2814 3956 3275 4024 misericordiam;
3306 3962 3545 4017 concede

1955 4053 2083 4108 mihi
2115 4053 2253 4108 hanc
2278 4059 2491 4108 noctem
2521 4048 2813 4118 tranquillo
2840 4056 2894 4102 et
2920 4047 3119 4103 mundo
3151 4050 3313 4105 corde
3347 4059 3400 4105 et
3422 4066 3545 4107 cor-

1953 4160 2095 4213 pore.
2128 4144 2208 4199 sie
2255 4138 2622 4214 pertransire,
2669 4148 2729 4195 ut
2769 4154 2904 4211 pure
2953 4138 3021 4194 ad
3061 4138 3273 4212 vigilias
3315 4157 3544 4213 surgens

1952 4246 2163 4305 gratum
2192 4226 2285 4291 tibi
2317 4233 2596 4289 servitium
2626 4231 2907 4287 exsolvere
2940 4229 3163 4301 possim.

2021 4348 2133 4419 39
2161 4347 2345 4403 Oratio
2390 4348 2559 4401 sancti
2600 4345 2909 4429 Hieronymi
2941 4363 3036 4419 pro
3074 4345 3323 4423 custodia
3358 4346 3464 4400 diei

2567 4426 2827 4488 sequentis
2873 4429 2895 4456 δ
2907 4457 2919 4470 .

2027 4508 2232 4566 Mecum
2262 4521 2398 4573 esto,
2425 4508 2650 4587 Domine
2669 4508 2907 4564 Sabaoth
2926 4524 2939 4573 ;
2960 4521 3125 4561 mane
3146 4520 3268 4561 eum
3293 4521 3545 4562 surrexe-

283 4614 393 4655 ωῑι³
431 4599 739 4664 Dominum,
787 4613 911 4654 cum
960 4595 1227 4668 pl'0!)th
1277 4596 1517 4651 ἀίοοηῑοε
1549 4612 1560 4649 ε
1595 4592 1850 4648 malum“
1882 4573 1928 4632 ί)
1956 4618 2036 4667 ro,
2070 4602 2288 4659 intende
2310 4602 2380 4658 ad
2415 4616 2525 4668 me,
2550 4583 2604 4657 et
2633 4600 2870 4670 guberna
2905 4613 3095 4653 oumes
3116 4605 3269 4652 actus
3297 4613 3467 4664 meos,
3490 4607 3546 4652 et

283 4690 446 4745 oculos
471 4707 634 4756 meos,
659 4707 721 4745 ne
743 4706 971 4761 unquam
994 4690 1317 4743 obdormiam
1347 4688 1401 4741 in
1436 4696 1599 4742 morte
1619 4683 1846 4757 (Psalm.

283 4796 372 4847 xu,
400 4783 471 4854 4).
498 4782 686 4854 Neque
712 4783 856 4837 enim
884 4781 1073 4837 melior
1096 4789 1178 4837 est
1219 4789 1430 4836 mortuo
1455 4780 1729 4835 dormiens
1760 4779 1851 4851 qui

288 4888 316 4926 a
341 4889 554 4945 vespere
590 4889 760 4943 usque
806 4872 873 4928 ad
918 4888 1077 4928 mane
1123 4871 1391 4928 obdurato
1421 4871 1441 4943 [
1476 4869 1656 4934 Forte,
1697 4872 1852 4925 obtu-

290 4962 434 5039 rato]
482 4980 576 5021 ore
605 4965 761 5019 laude
790 4963 1083 5028 Creatoris,
1121 4979 1226 5018 non
1265 4971 1375 5017 tam
1422 4978 1633 5027 somno,
1689 4977 1849 5031 quam

290 5052 532 5128 letbargia
563 5059 849 5130 depressus
880 5056 1166 5127 resupinus
1201 5056 1379 5110 stertit
1406 5054 1459 5109 in
1496 5053 1711 5109 lectulo.
1744 5053 1847 5108 Υρ-

290 5159 393 5201 rum
437 5149 559 5218 quia
604 5155 792 5203 contra
822 5156 1070 5202 naturam
1099 5153 1183 5201 est
1210 5144 1504 5200 insomnem
1540 5144 1722 5199 vivere
1752 5143 1849 5197 ho-

290 5237 491 5304 minem,
537 5238 687 5293 illum
728 5254 977 5310 rogemus
1008 5233 1321 5299 dormituri,
1374 5236 1465 5306 qui
1512 5249 1616 5288 non
1645 5232 1849 5287 dormi-

292 5327 411 5383 tabit
446 5345 619 5400 neque
665 5329 931 5392 dormiet;
974 5336 1031 5380 ut
1074 5324 1471 5381 satisfaciamus
1520 5322 1849 5377 dormientes

289 5431 385 5474 non
420 5421 703 5486 voluntati,
749 5419 843 5475 sed
893 5418 1219 5473 necessitati.
1271 5416 1539 5471 Cauamus
1585 5423 1844 5482 praeterea

289 5523 454 5568 coram
480 5512 677 5585 lectulo
713 5511 978 5583 psalmum
1009 5521 1240 5574 sextum,
1292 5509 1345 5563 id
1371 5519 1472 5571 est,
1505 5507 1743 5569 Domine,
1788 5523 1850 5559 ne

286 5600 334 5655 in
371 5604 447 5658 ira
477 5616 573 5660 tua
595 5619 790 5673 arguas
835 5618 948 5665 me;
976 5602 1230 5697 congruit
1264 5600 1408 5656 enim
1437 5607 1491 5653 et
1525 5597 1603 5652 rei
1631 5605 1687 5651 et
1714 5604 1852 5651 tem—

1954 4693 2119 4749 verba
2160 4707 2303 4759 mea,
2337 4700 2388 4747 et
2427 4691 2777 4761 cogitationes
2807 4704 2954 4743 meas
2992 4688 3075 4742 vel
3105 4703 3266 4759 opera
3304 4686 3448 4757 mea,
3487 4700 3546 4745 ut

1955 4791 2127 4839 totum
2169 4783 2311 4843 diem
2359 4782 2653 4849 transigam
2698 4779 2749 4833 in
2793 4786 2883 4832 tua
2921 4777 3216 4834 voluntate.
3266 4777 3342 4834 Da
3391 4780 3542 4846 mibi,

1956 4873 2214 4938 Domine,
2275 4873 2524 4927 timorem
2574 4880 2761 4933 tuum,
2824 4871 3003 4925 cordis
3051 4872 3541 4941 compunetiouem,

1955 4963 2152 5019 mentis
2173 4962 2556 5026 humilitatem,
2595 4961 2939 5017 conscientia:
2976 4961 3288 5033 puritatem,
3329 4971 3387 5017 ut
3427 4971 3539 5018 ter-

1952 5070 2067 5108 ram
2095 5054 2412 5124 despiciam,
2451 5052 2647 5108 caelum
2685 5054 2998 5125 suspiciam,
3048 5064 3268 5126 peccata
3312 5053 3537 5117 oderim,

1949 5155 2005 5201 et
2035 5145 2307 5215 justitiam
2348 5146 2587 5217 diligam.
2634 5146 2903 5225 Abscinde
2928 5164 2958 5202 a
2986 5164 3092 5212 me,
3124 5148 3365 5211 Domine,
3404 5148 3538 5219 gula'

1951 5237 2271 5308 appetitum,
2319 5237 2814 5307 concupiscentiam
2858 5237 3251 5303 fornicationis,
3296 5248 3537 5295 amorem

1950 5327 2210 5396 pecuniae,
2242 5336 2448 5395 pestem
2474 5327 2788 5391 iracundiae,
2816 5328 3091 5383 tristitiam
3112 5329 3317 5396 smculi,
3339 5330 3540 5387 multis

1955 5418 2233 5479 accidiam,
2288 5432 2483 5472 vanam
2533 5418 2804 5483 lietitiam,
2856 5419 3195 5491 tyrannidem
3251 5419 3537 5491 superbia.

1957 5510 2144 5564 Planta
2171 5508 2224 5563 in
2250 5522 2359 5574 me,
2388 5509 2636 5572 Domine,
2665 5510 2919 5566 virtutem
2946 5511 3307 5577 abstinentiae,
3332 5519 3390 5567 et
3411 5527 3540 5568 con—

1956 5600 2237 5657 tinentiam
2270 5600 2473 5666 carnis,
2506 5609 2564 5656 et
2588 5600 2894 5658 castitatem
2923 5602 3141 5666 mentis,
3177 5603 3540 5660 voluntariam

349 5730 373 5759 ι
417 5720 609 5776 Exstat
646 5717 787 5790 apud
823 5716 1073 5779 Martem,
1115 5716 1347 5785 Antiqua
1387 5712 1639 5769 Ecelesim
1676 5710 1987 5779 Diseiplina,
2018 5727 2135 5783 pag.
2172 5711 2295 5775 62L
2331 5712 2383 5765 in
2448 5709 2653 5765 Libello
2713 5709 2888 5765 Caroli
2942 5710 3111 5777 Calvi,
3178 5729 3299 5785 pag.
3334 5715 3385 5779 li,
3416 5729 3536 5771 eum

287 5790 502 5855 quadam
529 5789 855 5847 differentia.

595 5881 874 5943 Ρλτιιοι..
921 5877 1023 5941 Cl.

3030 5871 3104 5932 16
