3968 6180
393 354 493 413 491
1240 340 1300 395 Β.
1334 338 1397 393 F.
1442 333 1668 391 ALBINI
1705 331 1837 388 SEU
1878 327 2152 385 ALCUINI
2191 324 2474 384 ΟΡεῆοΜ
2511 319 2816 379 PARS“.
3576 307 3685 362 ωδέ

387 432 783 541 paupertatem,
798 472 980 514 veram
1002 455 1342 526 patientiam,
1363 450 1605 511 laetitiam
1627 443 1983 517 spiritualem.
2017 446 2061 504 Α
2090 458 2225 496 unus
2249 450 2325 496 est
2347 437 2525 512 (Dent.
2553 453 2628 502 vt,
2658 436 2737 507 l),
2766 432 2870 488 nisi
2900 429 3141 486 Trinitas
3170 441 3309 481 unus
3337 423 3481 477 Dens
3510 430 3676 477 esset.

1758 538 1809 541 μ--
2091 536 2129 541 _.
2223 536 2234 541 -
2273 536 2284 541 _
2401 533 2435 541 _
2579 530 2617 541 κ
2662 538 2671 541 -
2781 528 2793 539 ο
2944 537 3079 541 αῖ--
3153 528 3197 541 Α.
3238 516 3403 541 una..-
3444 512 3676 541 ‘7....l...-..

587 512 960 619 stabilitatem,
988 512 1170 608 cordis
1192 512 1598 608 conti-itionem,
1620 512 1985 597 humilitatem
2089 536 2156 590 Et
2183 536 2288 591 nisi
2318 543 2373 589 tu
2401 533 2543 588 Dens
2579 530 2741 585 Pater
2781 528 2895 597 ipse
2933 537 3104 587 esses,
3146 528 3201 574 et
3238 516 3407 572 Filius
3444 512 3682 569 Verbum

396 666 506 711 non
533 648 733 714 ﬁctam,
756 610 1056 701 interdum
1090 639 1427 696 charitatem.
1464 630 1689 689 Custodi
1715 644 1779 684 os
1805 641 1986 682 meum
2077 636 2239 681 suum
2266 623 2425 681 Jesus
2448 621 2702 678 Christus
2743 618 2859 687 ipse
2899 622 3065 678 esset,
3106 620 3163 666 et
3198 610 3400 665 donum
3438 614 3685 661 vestrum

395 755 467 799 ne
491 696 873 811 ‘loquarzana,
906 749 977 790 ne
1000 728 1217 787 fabuler
1254 722 1555 787 saecularia,
1596 735 1665 776 ne
1705 717 1986 776 detraham
2080 714 2323 786 Spiritus
2360 711 2539 769 sancti
2581 704 2789 783 (Forte,
2826 701 3103 775 sanctus];
3146 717 3253 757 non
3292 699 3597 771 legeremus
3626 696 3678 751 in

2088 806 2119 811 -.
2238 806 2248 811 -
2307 802 2351 811 -.
2420 803 2431 811 .
2522 803 2533 811 .
2762 798 2793 811 .,
2832 796 2868 811 ,ι
3160 809 3185 811 Α
3428 786 3552 811 ,,._,
3606 802 3662 811 ω

396 786 873 896 Εεξιιῖὦεῗῑιῖ
905 786 1225 882 maledicam
1267 816 1626 890 praesentibus
1671 811 1989 885 parentibus
2088 806 2283 861 litteris
2307 802 2567 859 Veritatis
2600 819 2612 854 :
2648 797 2794 852 Misit
2821 796 2964 851 Deus
2992 792 3190 847 Filium
3231 806 3385 845 suum
3427 786 3571 860 (δαίο
3606 802 3694 855 πο

398 921 548 997 [Vox
582 920 893 993 parentibus
925 908 1238 982 redundat];
1279 923 1349 962 ne
1378 903 1730 997 respondeam
1765 897 1989 997 maledi-

397 983 547 1069 ctum
568 983 669 1082 pro
694 1005 1010 1070 maledicto;
1042 998 1137 1055 sed
1160 1014 1193 1055 e
1217 993 1492 1052 contrario
1527 988 1839 1047 benedicam
1878 983 1986 1040 Do-

396 1477 577 1536 David
602 1491 618 1532 :
645 1473 899 1532 Illumina
928 1465 1107 1524 oculos
1135 1478 1298 1528 meos,
1324 1476 1387 1515 ne
1417 1471 1649 1529 unquam
1668 1450 1995 1507 obdormiam

396 1570 465 1625 in
487 1576 674 1631 morte,
705 1580 769 1620 ne
797 1558 1011 1634 quando
1048 1557 1191 1611 dicat
1229 1550 1474 1607 inimicus
1509 1561 1653 1601 meus
1681 1557 1699 1597 :
1728 1538 1998 1597 Pravalsti

398 1660 664 1713 adversus
711 1631 831 1708 eum
866 1646 1041 1723 (Psal.
1084 1661 1182 1712 ιιι,
1217 1643 1295 1716 4).
1334 1640 1402 1696 Et
1432 1639 1608 1695 dicam
1651 1649 1668 1690 :
1709 1631 1864 1689 Oculi
1896 1631 1999 1685 mei

414 1764 617 1820 semper
638 1744 707 1800 ad
734 1742 1039 1805 Dominum,
1077 1744 1135 1792 et
1171 1733 1398 1804 reliqua.
1443 1730 1512 1786 Et
1540 1729 1740 1783 iterum
1773 1723 1949 1781 dicam
1981 1736 1997 1775 :

2088 896 2165 969 4).
2211 895 2322 951 Nec
2363 902 2427 948 tu
2477 890 2755 963 unigenite
2808 887 3019 943 diceres
3068 883 3135 939 de
3181 879 3389 952 Spiritu
3441 885 3678 933 sancto:

2093 986 2259 1054 Quem
2284 986 2447 1038 mittet
2481 980 2641 1035 Pater
2661 982 2714 1035 in
2752 980 2959 1033 nomine
2990 991 3135 1039 meo;
3174 982 3219 1028 et
3262 986 3417 1044 quem
3449 986 3543 1040 ego
3574 969 3690 1023 mit-

2091 1088 2200 1135 tam
2224 1076 2367 1131 vobis
2389 1092 2421 1130 (ι
2448 1072 2606 1130 Patre
2638 1072 2820 1144 (Ioan.
2856 1085 2966 1134 xw,
3008 1066 3109 1133 26;
3150 1081 3241 1131 xv,
3268 1063 3383 1135 26).
3428 1062 3512 1117 Ad
3543 1062 3695 1117 hanc

2091 1168 2332 1240 regulam
2363 1166 2487 1220 fidei
2518 1165 2755 1235 dirigens
2785 1161 3139 1218 intentionem
3179 1170 3377 1219 meam,
3420 1162 3693 1224 quantum

2093 1273 2181 1313 me
2210 1271 2371 1328 posse
2400 1254 2601 1318 fecisti,
2631 1253 2854 1324 quaesivi
2884 1260 2957 1318 te,
2989 1258 3045 1305 et
3071 1246 3375 1304 desideravi
3413 1243 3697 1300 intellectu

2093 1350 2203 1424 ω
2232 1350 2435 1415 videre,
2476 1349 2619 1421 quod
2661 1347 2884 1413 credidi,
2916 1354 2973 1400 et
2996 1358 3208 1401 mecum
3238 1341 3506 1413 disputavi
3534 1348 3590 1395 et
3612 1338 3702 1394 la-

2095 1444 2302 1499 boravi.
2353 1441 2581 1497 Domine
2621 1440 2763 1496 Deus
2795 1454 2968 1505 meus,
3000 1451 3109 1492 una
3149 1448 3274 1507 spes
3315 1449 3459 1501 mea,
3494 1433 3701 1490 exaudi

2099 1548 2205 1597 me,
2248 1548 2316 1587 ne
2352 1530 2612 1603 fatigatus
2642 1530 2808 1586 nolim
2841 1538 3182 1599 tequwrere,
3223 1527 3318 1583 sed
3352 1541 3589 1598 quaeram
3616 1523 3704 1581 fa-

2099 1626 2240 1682 ciem
2279 1630 2423 1679 tuam
2456 1638 2672 1693 semper
2695 1623 2993 1677 ardentem.
3022 1619 3102 1675 Tu
3128 1619 3195 1675 da
3223 1618 3499 1690 quaerendi
3524 1618 3697 1685 vires,

2103 1719 2194 1789 qui
2228 1716 2477 1773 invenire
2507 1723 2559 1770 te
2586 1715 2782 1780 iecisti,
2814 1721 2871 1768 et
2894 1712 3069 1785 magis
3096 1712 3379 1785 magisque
3415 1712 3704 1768 iuvenieno

414 1792 1148 1898 licentiosis—immeo”
1174 1829 1266 1902 qui
1289 1792 1496 1905 iion
1517 1824 1575 1878 in
1602 1820 1764 1878 cmlis.
1808 1818 2001 1875 Custo-

2122 1810 2159 1867 li
2186 1819 2239 1868 te
2262 1825 2416 1905 spem
2445 1808 2640 1905 dedisti
2666 1805 2837 1880 [Edit.
2861 1803 3068 1871 Calain,
3101 1804 3298 1862 Coram
3329 1814 3380 1860 te
3403 1812 3491 1860 est
3524 1803 3696 1861 ﬁrmi-

410 1932 467 1987 ιιι
490 1943 651 1986 aures
675 1939 849 1991 meas,
879 1935 948 1980 ne
982 1918 1203 1976 audiant
1227 1917 1464 1988 linguam
1485 1911 1880 1974 detrahentem,
1902 1921 2000 1962 nec

413 2022 637 2079 audiant
660 2014 1021 2079 mendacium,
1051 2026 1152 2067 nec
1177 2008 1404 2065 verbum
1429 2005 1663 2061 otiosum
1696 2020 1708 2055 :
1735 1999 1831 2056 sed
1861 2012 2004 2054 sem-

402 2131 512 2186 per
541 2119 743 2186 apertae
767 2107 877 2163 sint
900 2103 1142 2176 quotidie
1170 2100 1237 2156 ad
1271 2095 1598 2154 audiendum
1631 2088 1859 2147 verbum
1881 2087 2000 2143 Dei.

404 2182 644 2265 «insumi
677 2203 841 2276 pedes
879 2214 1046 2262 meos,
1090 2212 1157 2251 ne
1187 2194 1520 2249 circumeant
1558 2187 1779 2242 domum
1820 2182 2005 2246 otiosi,

404 2303 511 2357 sed
551 2306 697 2356 stent
726 2298 779 2350 in
814 2292 1060 2349 oratione
1099 2287 1216 2343 Dei.
1255 2284 1477 2342 Custodi
1515 2295 1706 2336 manus
1738 2291 1910 2342 meas,
1941 2290 2009 2330 ne

403 2391 766 2462 cporrigantur
788 2399 930 2455 sit-pe
967 2382 1036 2437 ad
1062 2379 1375 2453 accipienda
1414 2389 1660 2438 munera,
1699 2371 1796 2427 sed
1831 2369 2010 2440 potius

403 2458 698 2538 eleventur
723 2478 777 2532 in
800 2474 1053 2546 precibus
1080 2470 1295 2527 Domini
1341 2467 1550 2522 munda:
1582 2474 1637 2519 et
1675 2476 1844 2533 pune,
1891 2458 2010 2513 sine

406 2575 503 2626 aira
524 2579 581 2626 et
604 2566 1009 2637 disceptatione,
1043 2576 1151 2632 quo
1179 2558 1380 2630 possim
1402 2557 1582 2612 dicere
1609 2553 1758 2608 illum
1778 2550 2012 2622 prophe-

408 2665 589 2719 uicum
618 2671 921 2717 sermonem
953 2673 966 2709 :
999 2654 1273 2723 Dirigatur
1307 2650 1475 2704 oratio
1510 2665 1625 2703 mea
1662 2647 1796 2701 sicut
1833 2645 2010 2700 inccn-

412 2770 541 2809 snm
569 2753 623 2806 in
647 2755 921 2833 conspectu
946 2754 1058 2799 tuo.
1100 2741 1340 2797 Eleontio
1377 2754 1628 2794 manuum
1666 2751 1901 2819 mearum
1932 2750 2013 2790 sa-

413 2845 685 2917 criﬁcium
723 2840 1089 2912 vespertinum.
1135 2833 1281 2890 Fiat.
1325 2834 1510 2889 Amen.

423 3060 557 3122 l’ro
589 3051 892 3119 servanda
916 2946 1586 3127 silendyfiolqluendique
1616 3038 2011 3102 discretione.

2105 1907 2190 1955 tas
2233 1907 2290 1955 et
2324 1897 2615 1954 inﬁrmitas
2653 1910 2821 1961 mea;
2870 1894 3015 1950 illam
3068 1908 3261 1960 serva,
3309 1894 3469 1950 istam
3515 1891 3698 1964 sana].

2104 1986 2301 2044 Coram
2331 1995 2384 2044 te
2418 1995 2504 2043 est
2533 1987 2760 2043 scientia
2796 1996 2850 2042 et
2894 1986 3202 2059 ignorantia
3235 2000 3375 2041 mea.
3426 1983 3529 2041 Ubi
3567 1984 3704 2040 mibi

2107 2080 2386 2153 aperuisti,
2417 2079 2631 2150 suscipe
2659 2079 2984 2144 intrantem;
3008 2078 3099 2133 ubi
3120 2077 3386 2141 clausisti,
3411 2076 3557 2147 aperi
3577 2076 3704 2148 pul-

2108 2173 2273 2239 santi,
2311 2179 2372 2227 ut
2409 2170 2747 2226 meminerim
2781 2170 2888 2236 tui,
2929 2168 3223 2241 intelligam
3260 2176 3334 2234 te,
3372 2168 3592 2239 diligam
3626 2177 3701 2223 te.

2108 2270 2257 2340 Auge
2291 2266 2345 2321 in
2387 2279 2473 2320 me
2507 2264 2632 2329 ista,
2674 2262 2849 2318 donec
2888 2276 2975 2317 me
3008 2261 3272 2317 reformes
3308 2260 3377 2315 ad
3413 2260 3705 2331 integrum.

2112 2359 2237 2415 Scio
2256 2355 2669 2429 scriptum'esse
2695 2373 2707 2408 :
2733 2351 2799 2408 In
2833 2352 3161 2424 multiloquio
3200 2368 3304 2406 non
3334 2351 3551 2421 eﬁugies
3585 2367 3697 2419 pec-

2110 2459 2286 2507 catum
2317 2446 2499 2521 (Prov.
2524 2462 2578 2512 κ,
2604 2442 2710 2517 l9).
2742 2443 2850 2500 Sed
2874 2444 3083 2499 utinam
3105 2441 3449 2514 praedicando
3479 2439 3705 2494 verbum

2113 2551 2284 2607 tuum,
2318 2547 2375 2595 et
2397 2535 2671 2592 laudando
2689 2544 2764 2600 te,
2795 2533 3169 2589 tantummodo
3196 2532 3447 2604 loquerer
3474 2550 3487 2585 :
3513 2538 3571 2586 et
3600 2545 3710 2584 non

2112 2631 2287 2687 solum
2320 2629 2562 2701 fugerem
2594 2634 2895 2698 peccatum,
2927 2625 3022 2680 sed
3058 2624 3313 2679 meritum
3341 2623 3709 2693 acquirerem,

2112 2719 2408 2793 quamlibet
2429 2717 2656 2773 multum
2677 2716 2757 2772 sic
2775 2715 3045 2786 loquerer.
3077 2714 3264 2785 Neque
3291 2714 3432 2769 enim
3459 2714 3563 2768 hoc
3594 2728 3713 2767 mo.

2115 2814 2185 2870 do
2221 2812 2291 2868 de
2338 2818 2393 2867 te
2430 2810 2624 2866 beatus
2664 2807 2865 2863 Paulus
2900 2806 3219 2879 przeciperet
3253 2805 3544 2861 Timotheo
3566 2803 3712 2860 Filio

2121 2916 2241 2969 suo,
2270 2902 2360 2957 cui
2388 2900 2631 2972 scripsit,
2663 2899 2850 2957 dicens
2883 2916 2896 2951 :
2929 2894 3175 2951 Prrrdica
3203 2895 3432 2961 verbum,
3461 2895 3599 2949 insta
3627 2910 3716 2964 op—

2116 3005 2356 3067 portune,
2387 2991 2677 3064 importune
2705 2988 2865 3061 (Tim.
2902 3000 2976 3053 tv,
3004 2986 3082 3059 2).
3129 2984 3362 3042 Verbum
3393 2994 3562 3050 tuum,
3601 2984 3713 3040 Do-

2120 3086 2285 3150 mine,
2321 3082 2562 3154 nunquid
2584 3079 2873 3154 dicendum
2900 3086 3005 3143 est,
3024 3076 3205 3151 istum
3233 3090 3342 3130 non
3371 3075 3598 3131 multum
3631 3075 3715 3131 lo-

495 3180 773 3251 Scriptum
816 3183 920 3240 est,
971 3169 1271 3228 allirmante
1313 3163 1580 3237 apostolo,
1630 3159 1770 3229 Quia
1820 3159 1928 3214 vita
1967 3164 2016 3210 et

2122 3133 2285 3150 --ωη
2324 3133 2561 3154 "ws—ﬂ
2592 3133 2739 3154 --ιςη
2992 3133 3035 3151 ,,

2123 3184 2326 3241 cntum,
2352 3174 2610 3246 quoniam
2641 3187 2748 3229 non
2782 3170 2955 3227 solum
2980 3177 3303 3241 opportune,
3335 3184 3524 3225 verum
3548 3169 3718 3226 etiam

418 3266 572 3327 'snors
590 3249 646 3324 in
664 3283 824 3322 manu
845 3263 1037 3335 linguis
1060 3269 1134 3317 est
1156 3256 1340 3332 (Prov.
1372 3271 1530 3321 xvnt,
1552 3252 1667 3323 21).
1691 3251 1760 3306 Et
1780 3249 2013 3303 iterum:

431 3362 689 3434 Linguam
711 3355 888 3415 nullus
916 3353 1186 3410 hominum
1207 3350 1422 3405 domare
1436 3356 1602 3419 potest
1637 3343 1778 3417 (Jac.
1816 3357 1895 3405 ιιι,
1937 3339 2016 3410 8).

431 3451 586 3520 Quod
614 3463 747 3520 ergo
766 3462 875 3502 non
894 3452 1074 3517 potest
1100 3442 1323 3499 domare
1344 3454 1513 3511 purus
1538 3439 1722 3501 homo,
1746 3447 2020 3505 rogemus,

432 3550 496 3599 ut
506 3541 689 3597 domet
710 3537 855 3593 Deus
866 3544 923 3591 et
948 3537 1129 3590 homo.
1147 3533 1291 3602 Ergo
1304 3530 1371 3584 ad
1395 3526 1742 3585 obtinendam
1763 3524 2022 3580 virtutem

460 3622 659 3689 'iscreti
684 3627 902 3693 silentii,
934 3623 1160 3697 supplici
1191 3620 1477 3680 devotione
1503 3619 1605 3674 hos
1631 3629 1892 3673 canamus
1915 3613 2025 3668 Do-

467 3723 594 3779 sino
622 3717 912 3790 mimos:
946 3712 1118 3770 Verba
1167 3726 1317 3777 mea;
1365 3707 1494 3764 Dixi
1518 3747 1533 3772 ,
1579 3702 1874 3760 custodiam
1913 3702 2026 3757 vias

447 3828 621 3880 meas;
642 3808 883 3873 Domine,
912 3804 1134 3862 clamavi
1157 3801 1228 3857 ad
1255 3811 1325 3867 te,
1359 3795 1553 3854 exaudi
1580 3811 1681 3850 me.

687 3897 818 3954 Post
855 3895 1184 3953 Dominicam
1224 3889 1532 3947 Orationem
1564 3902 1761 3941 uersus.

514 3993 757 4058 Domine,
791 3988 987 4046 exaudi
1002 3984 1308 4042 orationem
1344 3995 1541 4046 meam,
1571 3975 1792 4033 ausibus
1817 3974 2033 4047 percipe

442 4084 606 4142 verba
631 4081 745 4139 oris
780 4078 909 4135 mei.
952 4073 1176 4134 Custodi
1223 4087 1329 4137 me,
1377 4068 1629 4131 Domine,
1674 4073 1734 4121 ut
1776 4063 2034 4136 pupillam

444 4173 623 4231 oculi.-
653 4171 755 4229 sub
778 4169 972 4225 umbra
994 4166 1204 4222 alarum
1234 4172 1448 4219 tuarum
1479 4167 1701 4232 protege
1726 4171 1833 4212 me.
1858 4155 2032 4220 Pone,

445 4267 694 4332 Domine,
717 4260 1015 4320 custodiam
1043 4257 1126 4313 ori
1154 4268 1297 4320 meo,
1318 4260 1376 4309 et
1396 4252 1596 4309 ostium
1615 4245 2037 4305 circumstantia

469 4356 608 4412 abiis
650 4352 804 4409 meis.
852 4347 928 4406 Ut
967 4360 1074 4401 non
1110 4343 1345 4400 declinet
1387 4355 1485 4397 cor
1521 4353 1699 4395 meum
1729 4337 1786 4393 in
1813 4336 2039 4392 verbum

451 4446 673 4509 malum,
702 4439 798 4496 sed
824 4435 1095 4508 repleatur
1121 4446 1185 4488 os
1210 4444 1388 4486 meum
1439 4427 1598 4484 laude
1644 4434 1764 4492 tua;
1812 4433 1873 4479 ut
1914 4438 2039 4495 ιιοιι

452 4537 556 4593 sim
595 4541 817 4591 cantare
850 4525 1078 4602 gloriam
1124 4531 1295 4589 tuam,
1332 4527 1445 4575 tota
1478 4518 1567 4574 die
1614 4515 2038 4587 magnitudinem

454 4634 625 4681 tuam.
653 4620 924 4685 Et'erunt,
952 4624 1011 4672 ut
1038 4610 1409 4685 complaceant
1441 4607 1657 4678 eloquia
1680 4604 1793 4660 oris
1817 4603 1941 4669 mei,
1985 4609 2040 4659 et

456 4715 734 4774 meditatio
762 4712 942 4770 cordis
963 4709 1069 4766 mei
1092 4709 1147 4763 in
1172 4709 1462 4776 conspectu
1484 4707 1578 4756 tuo
1599 4710 1831 4769 semper.
1865 4694 1970 4751 Sed
1986 4704 2043 4751 et

455 4807 641 4883 lingua
663 4822 781 4865 mea
810 4803 1156 4862 meditabitur
1177 4797 1443 4871 justitiam
1480 4802 1648 4861 tuam,
1673 4801 1786 4849 tota
1819 4791 1907 4847 die
1933 4790 2045 4846 lau-

459 4900 583 4959 dem
603 4908 774 4955 tuam.
820 4896 1069 4959 Domine,
1092 4891 1287 4949 exaudi
1315 4889 1616 4945 orationem
1643 4898 1841 4951 meam,
1863 4891 1917 4939 et
1938 4883 2047 4938 cla-

462 5009 583 5052 mor
608 5006 763 5049 meus
785 4989 853 5045 ad
881 4997 934 5044 te
958 4985 1256 5059 perveniat.

1141 5098 1356 5156 Oratio.

536 5220 764 5278 Domine
790 5218 934 5274 Deus
969 5222 1177 5280 noster,
1208 5211 1479 5269 credimus
1512 5217 1565 5265 te
1596 5206 1835 5271 Patrem,
1868 5212 1922 5261 et
1956 5204 2050 5260 Fi-

462 5311 622 5376 lium,
644 5317 702 5366 et
726 5307 989 5380 Spiritum
1010 5313 1279 5363 sanctum.
1331 5299 1516 5371 Neque
1541 5299 1688 5354 etaim
1713 5297 1919 5354 diceret
1946 5296 2054 5353 Ve-

470 5402 645 5459 ritas:
669 5400 771 5466 Ite,
799 5399 1059 5470 baptisate
1080 5412 1260 5452 omnes
1286 5401 1460 5466 gentes
1499 5392 1558 5447 in
1605 5390 1812 5445 nomine
1851 5384 2053 5453 Patris,

481 5773 633 5823 retur
673 5775 807 5819 voce
848 5760 1183 5830 cjus:Audi,
1214 5758 1407 5823 Israel,
1435 5756 1709 5811 'Dominus
1756 5753 1895 5808 Deus
1942 5759 2065 5805 tuus

2124 3269 2427 3339 importune
2454 3264 2690 3321 Verbum
2725 3272 2897 3329 tuum,
2923 3262 3172 3327 Domine,
3196 3276 3304 3316 non
3328 3260 3719 3325 tacebat?,Sed

2125 3360 2248 3417 ideo
2270 3374 2379 3415 non
2398 3365 2518 3414 erat
2537 3356 2787 3423 multum,
2810 3355 2938 3427 quia
2963 3361 3175 3410 tantum
3197 3361 3317 3408 erat
3328 3352 3720 3411 necessarium.

2125 3450 2320 3508 Libera
2357 3465 2466 3518 me,
2505 3450 2649 3506 Deus
2680 3464 2859 3515 meus,
2893 3462 2925 3502 s
2957 3445 3317 3515 multiloquio,
3359 3445 3501 3515 quod
3541 3444 3719 3517 patior

2127 3543 2276 3598 intus
2320 3542 2379 3597 in
2422 3540 2605 3595 anima
2650 3554 2793 3605 mea,
2835 3538 3036 3594 misera
3077 3538 3130 3607 in
3170 3544 3466 3608 conspectu
3502 3544 3615 3601 tuo,
3665 3544 3720 3591 et

2123 3634 2475 3707 confingiente
2505 3634 2573 3689 ad
2612 3630 3042 3688 misericordiam
3082 3638 3268 3684 tuam:
3293 3643 3402 3684 non
3443 3628 3587 3684 enim
3626 3642 3717 3683 co-

2130 3725 2480 3801 gitationibus
2505 3734 2678 3791 taceo,
2710 3724 2875 3779 etiam
2903 3730 3097 3777 tacens
3124 3719 3367 3777 vocibus.
3408 3719 3476 3785 Et
3502 3718 3725 3790 quidem

2070 3882 2078 3901 ,
2132 3818 2179 3874 si
2208 3831 2317 3873 non
2349 3815 2666 3887 cogitarem,
2697 3811 2803 3869 nisi
2841 3808 2983 3881 quod
3020 3808 3264 3881 placeret
3298 3807 3425 3874 tibi;
3470 3822 3579 3863 non
3617 3810 3731 3862 uti-

2132 3925 2240 3981 que
2267 3921 2534 3981 rogarem,
2576 3913 2637 3961 ut
2666 3920 2754 3960 me
2792 3904 2861 3959 ab
2901 3905 3006 3960 hoc
3057 3901 3395 3973 multiloquio
3434 3900 3725 3959 liberares.

2130 3997 2245 4054 Sed
2272 3996 2453 4053 multae
2472 4003 2601 4051 sunt
2623 3994 2980 4067 cogitationes
3010 4007 3143 4048 mea:
3174 3992 3333 4059 tales,
3359 3991 3547 4063 quales
3579 3992 3731 4045 nosti

2127 4089 2493 4161 cogitationes
2548 4087 2847 4152 hominum,
2884 4100 3004 4157 quae
3034 4099 3190 4139 vana:
3221 4092 3365 4141 sunt.
3408 4082 3557 4138 Dona
3590 4083 3734 4138 mibi

2137 4195 2246 4236 non
2273 4178 2355 4235 eis
2391 4176 2732 4243 consentire;
2772 4184 2829 4233 et
2858 4177 2906 4233 si
2933 4175 3154 4247 quando
3184 4188 3272 4231 me
3300 4173 3591 4238 delectant,
3631 4187 3739 4228 eas

2138 4268 2489 4324 nihilominus
2514 4266 2842 4338 improbare,
2872 4281 2976 4323 nec
3002 4266 3059 4321 in
3087 4266 3172 4322 eis
3205 4264 3355 4321 velut
3387 4264 3739 4321 dormitando

2140 4357 2417 4414 immorari
2449 4376 2462 4412 :
2490 4372 2592 4412 nec
2621 4365 2799 4414 tamen
2821 4356 3038 4412 valeant
3067 4356 3209 4427 apud
3229 4370 3337 4420 me,
3364 4363 3426 4410 ut
3445 4354 3653 4427 aliquid
3674 4354 3736 4409 in

2061 4496 2119 4562 ὓ
2329 4449 2734 4562 ιιιιιθ1
2752 4464 2820 4504 ex
2847 4448 2984 4516 illis;
3019 4450 3116 4507 sed
3154 4448 3224 4505 ab
3260 4449 3343 4505 eis
3382 4463 3503 4504 mea
3533 4446 3738 4504 saltem

2143 4538 2349 4613 [Forte
2376 4538 2551 4613 salva]
2578 4541 2652 4597 sit
2671 4548 2784 4597 tota
2810 4542 3103 4609 sententia,
3138 4549 3252 4599 tota
3284 4540 3645 4606 conscientia,
3681 4548 3744 4597 te

2143 4640 2347 4688 tuente.
2390 4630 2622 4704 Sapiens
2644 4632 2887 4703 quidam,
2916 4648 3044 4690 cum
3070 4633 3137 4695 de
3166 4642 3219 4689 te
3247 4631 3559 4705 loqueretur
3586 4632 3645 4690 in
3677 4631 3750 4689 li.

2142 4724 2242 4781 bro
2267 4739 2384 4792 suo,
2414 4725 2508 4796 qui
2536 4724 2954 4781 Ecclesiasticus
2981 4724 3199 4796 proprio
3227 4722 3449 4780 nomine
3477 4730 3742 4780 vocatur:

2146 4814 2340 4881 Huius,
2366 4815 2558 4886 inquit,
2586 4814 2832 4881 dicimus,
2861 4823 2911 4869 et
2938 4814 3210 4884 deﬁcimus
3237 4815 3423 4871 verbis.
3471 4812 3752 4870 Consum-

2146 4908 2308 4963 motio
2345 4916 2519 4962 autem
2552 4921 2849 4962 sermonum
2888 4906 3247 4960 universorum
3285 4906 3394 4977 ipse
3424 4914 3502 4961 est
3541 4904 3747 4975 (Εεειί.

2146 5015 2303 5064 XLIII,
2328 4996 2441 5071 29).
2490 4997 2627 5052 Cum
2652 5010 2781 5071 ergo
2807 4996 3219 5067 pervenerimus
3243 4996 3311 5051 ad
3341 5003 3413 5062 te,
3445 4995 3757 5052 cessabunt

2151 5089 2318 5145 multa
2348 5089 2453 5144 ista
2481 5103 2601 5158 qua:
2620 5085 2869 5151 dicimus,
2891 5093 2947 5140 et
2968 5100 3076 5141 non
3104 5083 3538 5156 permanebunt:
3564 5083 3666 5139 sed
3689 5092 3756 5139 tu

2152 5180 2399 5237 manebis
2428 5179 2576 5237 solus
2612 5178 2794 5234 omnia
2836 5177 2890 5232 in
2925 5175 3196 5232 omnibus.
3239 5175 3307 5232 Et
3341 5190 3444 5231 nos
3477 5173 3597 5229 sine
3635 5173 3761 5231 ﬁne

2154 5272 2417 5336 dicemus,
2450 5283 2649 5333 unum;
2680 5265 2967 5322 laudantes
3000 5273 3074 5331 te,
3102 5280 3301 5330 unum;
3332 5270 3389 5319 et
3415 5263 3470 5319 in
3499 5269 3556 5317 te
3591 5259 3759 5327 facti,

2155 5363 2321 5418 etiam
2348 5376 2447 5418 nos
2471 5376 2656 5416 unum.
2704 5356 2930 5416 Domine
2958 5356 3102 5413 Deus
3136 5372 3262 5424 une,
3300 5356 3443 5412 Deus
3478 5352 3762 5423 Trinitas,

2157 5466 2491 5524 quamunque
2514 5450 2624 5507 dixi
2652 5450 2707 5507 in
2727 5449 2814 5505 bis
2836 5448 2988 5505 libris
3008 5447 3075 5505 de
3100 5456 3211 5514 tuo,
3237 5452 3538 5519 agnoscant
3558 5452 3617 5501 et
3637 5444 3725 5501 tui
3742 5461 3764 5501 :

2160 5544 2207 5600 si
2251 5558 2358 5613 qua
2396 5542 2463 5598 de
2499 5556 2642 5609 meo,
2684 5548 2738 5597 et
2778 5548 2834 5596 tu
2874 5552 3107 5612 agnosce
3144 5533 3350 5612 [Forte,
3389 5530 3664 5610 ignosce].
3703 5540 3772 5595 οι
