3968 6180
269 337 359 397 L95

1105 326 1498 386 LITUBGICA.
1539 355 1608 366 —-—
1644 323 1731 378 DE
1769 321 2018 422 PSAl/M.
2061 319 2218 379 USU.
2256 352 2326 362 —
2359 320 2541 375 PARS
2572 321 2634 374 Il.

3407 321 3515 380 894

281 465 3516 502 W

449 533 452 536 i
1475 593 1725 678 PARS
1805 592 2296 670 SECUNDA.

1336 739 1816 803 ORATIONES
1864 739 2018 795 PER
2053 737 2445 796 0RDINEM.

1021 979 1069 1040 ι,
1865 973 1911 1027 Α
1945 975 2176 1036 tuarum,
2199 973 2410 1028 illorum
2437 981 2486 1026 et
2511 971 2851 1040 illarum,qui
2871 973 3020 1027 nobis
3044 989 3170 1029 suas
3194 973 3369 1045 largiti
3399 987 3525 1034 sunt

267 1083 480 1146 Oratio
518 1077 600 1140 ad
645 1075 951 1140 canendos
983 1079 1152 1166 [post
1210 1076 1514 1140 cantatas]
1564 1069 1842 1147 psalmos

844 1174 966 1235 pro
1002 1172 1228 1234 setpso.

333 1282 613 1337 Liberator
647 1278 950 1333 animarum
994 1283 1051 1330 et
1097 1273 1284 1330 mundi
1331 1273 1677 1342 Redemptor,
1717 1267 1844 1328 Jesu

263 1374 505 1436 Christe,
531 1371 760 1438 Domine
784 1368 926 1422 Deus
953 1373 1176 1431 aeterne,
1218 1380 1313 1423 rex
1348 1362 1686 1426 immortalis,
1723 1375 1848 1430 snp-

264 1465 400 1536 plico
420 1479 524 1535 ego
547 1469 801 1533 peccator
823 1460 1142 1514 immensam
1161 1464 1218 1511 et
1236 1469 1485 1526 magnam
1503 1451 1847 1508 clementiam

265 1565 430 1618 suam,
461 1563 524 1607 ut
542 1567 639 1622 per
657 1549 1076 1606 modulationem
1092 1545 1442 1617 psalmorum,
1468 1557 1604 1614 quos
1627 1555 1725 1613 ego
1747 1540 1848 1594 mi-

265 1657 353 1698 ser
377 1643 628 1713 indignus
657 1639 905 1703 cantavi,
936 1637 1131 1692 liberes
1159 1636 1397 1692 animam
1425 1648 1602 1690 meam
1632 1633 1698 1686 de
1727 1645 1852 1702 pec-

264 1743 404 1798 cato,
432 1742 488 1788 et
507 1732 746 1787 abducas
774 1745 870 1786 cor
896 1743 1077 1784 meum
1111 1729 1176 1784 de
1204 1727 1360 1783 malis
1387 1735 1442 1782 et
1475 1725 1660 1797 pravis
1694 1721 1852 1793 perii-

267 1823 455 1893 disque
483 1821 920 1892 cogitationibus,
951 1826 1007 1874 et
1043 1818 1330 1874 alistrabas
1367 1832 1564 1889 corpus
1599 1829 1780 1871 meum
1818 1828 1851 1867 a

270 1916 528 1970 servitute
555 1915 784 1984 peccati,
823 1921 879 1969 et
916 1911 1146 1982 repellas
1183 1927 1214 1966 a
1251 1925 1337 1966 me
1374 1909 1622 1966 carnales
1659 1920 1854 1962 concu-

221 2059 233 2069 ,
269 2006 582 2076 piscentias,
618 2012 675 2059 et
699 2005 900 2075 eripias
928 2020 1016 2059 me
1045 2004 1111 2058 de
1146 2004 1290 2059 omni
1333 2001 1718 2072 impedimento
1757 1997 1853 2053 Sa-

269 2106 424 2160 tanze,
467 2104 629 2164 atque
665 2094 1032 2150 ministrorum
1067 2092 1184 2162 ejus
1210 2092 1502 2148 visibilium
1529 2102 1689 2159 atque
1717 2087 1854 2143 iuvr-

272 2185 520 2250 sibilium,
548 2194 603 2240 et
626 2184 922 2240 infidelium
952 2193 1184 2248 tuorum,
1215 2183 1307 2253 qui
1329 2179 1854 2251 quaeruntimpedire

273 2277 504 2329 animam
537 2291 734 2330 meam.

1038 2394 1117 2454 Il.

277 2488 490 2550 Oratio
528 2491 778 2570 quando
812 2509 934 2572 pro
980 2492 1128 2553 aliis
1179 2491 1409 2572 psalmi
1445 2492 1858 2555 decantantur

785 2569 1119 2646 [decantati
1146 2569 1336 2648 sunt].

346 2675 568 2744 Domine
597 2689 740 2744 Deus
779 2690 1140 2760 omnipotens,
1172 2697 1386 2745 creator
1424 2690 1546 2745 coeli
1585 2699 1640 2745 et
1681 2699 1856 2760 terrae,

277 2781 464 2837 exaudi
488 2781 755 2852 propitius
775 2782 1076 2837 orationem
1104 2797 1300 2847 meam,
1330 2783 1384 2838 in
1413 2799 1518 2854 qua
1546 2798 1645 2855 ego
1670 2799 1862 2855 pecca-

282 2884 360 2928 tor
396 2872 853 2945 magniﬁcentiam
895 2883 1042 2928 tuam
1082 2890 1250 2930 exoro
1283 2889 1392 2946 pro,
1413 2873 1612 2929 famulo
1654 2883 1744 2930 tuo
1791 2873 1857 2928 N.

281 2962 520 3034 Suscipe,
553 2962 801 3029 obsecro,
831 2978 928 3033 per
955 2980 1204 3035 magnam
1233 2965 1660 3020 misericordiam
1690 2974 1858 3032 tuam,

281 3064 333 3109 et
358 3071 452 3126 pro
479 3053 844 3109 modulatione
877 3054 1228 3125 psalmorum,
1252 3071 1386 3126 quos
1415 3054 1600 3110 infelix
1623 3055 1859 3121 cantavi,

284 3147 587 3217 petitionem
618 3161 828 3209 meam;
861 3154 916 3200 et
944 3147 1182 3201 concede
1210 3147 1259 3200 ei
1286 3146 1340 3202 in
1378 3147 1632 3217 praesenti
1668 3145 1865 3203 sreculo

284 3237 440 3291 vitam
462 3245 516 3290 et
545 3237 854 3301 sanitatem,
887 3245 941 3290 et
966 3236 1200 3307 spatium
1224 3236 1277 3291 in
1308 3237 1411 3292 ista
1450 3238 1558 3293 vita
1595 3239 1662 3293 ad
1695 3235 1868 3308 patui-

285 3329 502 3380 tentiam
543 3327 828 3398 agendam,
857 3334 912 3381 ct
939 3327 992 3381 in
1020 3326 1200 3381 futuro
1233 3327 1428 3382 sarculo
1457 3328 1522 3383 da
1552 3329 1601 3383 ei
1627 3329 1863 3394 veniam,

281 3428 334 3472 et
373 3418 757 3490 indulgentiam
795 3417 879 3470 vel
926 3417 1299 3473 remissionem
1340 3421 1580 3474 omnium
1620 3430 1869 3490 peccato-

282 3525 417 3574 rum,
450 3518 504 3564 et
534 3524 659 3563 cum
695 3509 943 3563 omnibus
975 3511 1180 3563 sanctis
1215 3512 1340 3577 tuis,
1386 3513 1548 3567 vitam
1589 3512 1867 3582 percipere

282 3605 686 3673 sempiternam.
744 3602 934 3657 Amen.

932 3723 1034 3796 ω
1070 3716 1177 3776 ill.

287 3812 508 3877 Oratio
545 3834 667 3894 pro
693 3823 877 3892 patre
907 3858 923 3885 ,
986 3823 1316 3953 ettlmatrc,
1366 3825 1420 3875 rt
1452 3819 1618 3877 omni
1641 3835 1868 3894 parm-

1015 3913 1057 3953 .e
1086 3913 1141 3953 α.

1015 3913 1141 3953 rem.

355 4017 672 4073 Dominator
707 4015 931 4070 Domine
976 4014 1113 4070 Dens
1135 4016 1494 4087 omnipotens,
1528 4019 1618 4087 qui
1649 4017 1870 4072 mirabi-

284 4107 407 4162 liter
451 4114 649 4160 cuncta
691 4104 1000 4169 condidisti,
1046 4113 1102 4159 et
1157 4113 1245 4160 tua
1294 4107 1643 4177 dispositione
1687 4108 1870 4161 omnia

283 4197 502 4263 creasti,
534 4196 736 4267 quique
763 4195 976 4265 iussisti
998 4196 1361 4251 conditionem
1396 4199 1754 4268 propaganda:
1783 4215 1872 4254 so-

286 4288 424 4343 bolis
448 4303 518 4342 ex
554 4287 673 4342 viro
701 4295 758 4341 et
785 4286 984 4341 femina
1015 4303 1158 4353 esse,
1189 4297 1245 4344 et
1289 4290 1589 4359 prmerpisti
1630 4290 1872 4345 dilectio-

288 4395 409 4436 nem
436 4389 493 4436 et
518 4393 762 4434 amorem
807 4378 952 4433 circa
980 4387 1190 4449 patrem
1220 4389 1557 4449 matremque
1580 4383 1870 4447 exhibere;

286 4471 478 4525 exaudi
525 4485 617 4525 me
664 4469 975 4524 misericors
1005 4455 1166 4524 Deus.
1195 4470 1517 4526 clamantem
1559 4472 1625 4526 ad
1677 4480 1728 4527 te
1775 4488 1874 4543 pro

285 4562 530 4632 genitore
575 4576 698 4615 meo
743 4559 806 4613 N.
839 4568 893 4615 et
933 4575 1030 4630 pro
1059 4562 1320 4629 genitrice
1365 4577 1484 4617 mea
1530 4561 1614 4628 Νη
1643 4578 1872 4634 quorum

288 4658 579 4722 utrumque
607 4665 674 4706 ex
701 4658 791 4705 tua
813 4650 1153 4722 providentia
1179 4651 1310 4706 mihi
1336 4652 1638 4708 humillimo
1665 4668 1877 4725 praepa-

287 4757 412 4801 rare
435 4743 689 4816 dignatus
707 4758 797 4810 es;
827 4757 922 4797 seu
948 4751 1004 4796 et
1036 4741 1292 4798 fratribus
1319 4745 1455 4799 meis
1486 4753 1649 4814 atque
1669 4746 1873 4802 sorori-

1945 1060 2346 1131 eleemosynas,
2375 1070 2430 1116 et
2478 1076 2706 1130 quorum
2754 1061 2972 1115 nomina
3003 1063 3203 1134 scripta
3231 1073 3355 1119 sunt
3382 1067 3522 1138 apud

1948 1158 2128 1215 nos,et
2152 1151 2243 1221 qui
2261 1166 2318 1205 se
2334 1150 2386 1204 in
2407 1151 2606 1205 nostris
2629 1151 3143 1206 commendaverunt
3164 1153 3524 1218 orationibus,

1948 1240 2101 1296 uteis
2123 1248 2214 1295 tua
2243 1240 2613 1296 misericordia
2631 1241 2893 1296 beneficia
2930 1243 3228 1313 impendas,
3246 1253 3301 1299 et
3327 1245 3379 1300 in
3406 1246 3528 1301 loco

1951 1333 2046 1386 tibi
2087 1333 2412 1401 placentium
2439 1333 2703 1388 collocare
2746 1334 3002 1404 digneris,
3033 1331 3291 1391 Servator
3316 1339 3525 1402 mundi,

1949 1423 2038 1493 qui
2086 1439 2206 1477 cum
2233 1423 2342 1478 Deo
2366 1423 2526 1478 Patre
2554 1433 2607 1478 et
2639 1423 2841 1494 Spiritu
2871 1433 3056 1479 sancto
3087 1426 3222 1480 vivis
3249 1436 3302 1480 et
3329 1443 3527 1498 regnas

1951 1510 2002 1563 in
2032 1511 2224 1565 saecula
2255 1512 2592 1566 sceculorum.
2621 1511 2810 1566 Amen.

2699 1625 2808 1684 IV.

2028 1782 2032 1787 .
2114 1722 2332 1784 Oratio
2366 1742 2485 1802 pro
2523 1722 2739 1784 abbate
2772 1723 2868 1784 vel
2896 1729 3396 1806 congregatione.

2024 1841 2248 1898 Domine
2274 1841 2416 1896 Deus
2443 1849 2730 1897 aeterne-et
2755 1842 3334 1914 incomprehensibilis,
3361 1853 3417 1901 tu
3441 1862 3534 1903 so-

1952 1932 2036 1986 ius
2067 1933 2211 1986 nosti
2242 1932 2406 1987 corda
2447 1931 2676 1987 filiorum
2707 1932 3004 1988 hominum.
3037 1933 3116 1989 Tu
3147 1935 3256 1990 scis
3283 1937 3426 2005 quod
3453 1937 3538 1990 in-

1954 2022 2303 2077 numerabilis
2332 2030 2416 2076 est
2441 2022 2698 2092 iniquitas
2728 2037 2866 2086 mea,
2893 2030 2950 2078 et
2976 2037 3084 2092 quo
3107 2024 3266 2080 modo
3293 2040 3392 2094 pro
3419 2025 3540 2081 aliis

1955 2129 2152 2185 rogare
2170 2114 2344 2179 valeo,
2365 2116 2460 2184 qui
2482 2129 2580 2184 pro
2607 2128 2693 2168 me
2723 2113 2841 2184 ipso
2865 2113 3091 2169 idoneus
3117 2130 3224 2171 non
3251 2117 3409 2171 sum?
3435 2117 3542 2172 Ta.

1957 2220 2101 2271 men,
2130 2205 2552 2260 clementissime
2599 2206 2782 2271 Pater,
2813 2206 3112 2262 secundum
3141 2208 3540 2266 multitudinem

1883 2295 1933 2376 ις
1959 2297 2343 2352 misericordia?
2382 2305 2487 2352 tute
2527 2297 2740 2368 suscipe
2767 2311 2960 2368 preces
3000 2300 3142 2354 servi
3186 2301 3284 2364 tui,
3316 2315 3453 2372 quas
3485 2302 3541 2356 in

1962 2396 2251 2460 conspectu
2295 2388 2597 2458 maiestatis
2623 2398 2727 2444 tuae
2749 2389 2970 2446 eﬂ'undo
2989 2406 3090 2462 pro
3119 2390 3321 2448 famulo
3352 2402 3444 2450 tuo
3472 2393 3539 2448 Ν.

1962 2479 2177 2546 abbate,
2200 2481 2283 2537 vel
2307 2481 2520 2536 cunctis
2546 2478 2823 2548 fratribus,
2845 2481 2938 2551 qui
2959 2483 3060 2537 sub
3086 2482 3349 2554 regimine
3375 2484 3543 2554 ipsius

1959 2585 2081 2628 esse
2106 2573 2369 2636 videmus,
2399 2581 2462 2627 ut
2487 2573 2583 2628 des
2614 2573 2768 2628 nobis
2811 2572 3064 2628 omnibus
3099 2573 3422 2629 cbaritatem
3453 2589 3546 2630 ve-

1963 2679 2078 2719 ram
2111 2664 2180 2719 ad
2226 2663 2458 2720 invicem
2482 2671 2536 2718 et
2565 2663 2927 2729 concordiam,
2958 2678 3078 2734 quae
3107 2663 3200 2719 tibi
3229 2664 3300 2720 sit
3326 2664 3545 2735 placita.

1961 2757 2130 2813 Aufer
2156 2773 2188 2812 a
2213 2757 2390 2823 nobis,
2433 2757 2678 2822 Domine,
2707 2756 2891 2812 omnia
2938 2755 3100 2821 mala,
3126 2763 3180 2811 et
3216 2756 3369 2810 mitte
3394 2755 3549 2812 nobis

1962 2848 2143 2904 omnia
2171 2848 2311 2903 bona
2340 2862 2460 2918 quae
2489 2848 2606 2902 sine
2634 2854 2686 2902 te
2721 2861 2880 2902 nemo
2914 2847 3116 2903 habere
3143 2854 3356 2918 potest:
3386 2855 3441 2902 et
3482 2847 3548 2902 da

1963 2939 2119 2994 nobis
2145 2937 2603 3010 perseverantiam
2629 2938 2683 2992 in
2708 2937 2865 2994 bonis
2902 2937 3178 3008 operibus,
3204 2945 3265 2992 ut
3294 2945 3348 2993 te
3385 2939 3551 2994 mise-

1965 3037 2117 3084 rante
2162 3030 2449 3101 pervenire
2492 3044 2802 3085 mereamur
2845 3031 2914 3085 ad
2959 3030 3187 3101 gloriam
3239 3031 3390 3102 regni
3447 3033 3547 3096 tui,

1966 3118 2225 3175 Servator
2254 3119 2460 3185 mundi,
2490 3120 2583 3190 qui
2610 3120 2747 3174 vivis
2773 3127 2829 3174 et
2851 3135 3050 3192 regnas
3073 3121 3126 3174 in
3157 3121 3350 3176 saacula
3385 3137 3551 3177 saecu-

1965 3214 2161 3269 lorum.
2194 3212 2387 3267 Amen.

2581 3281 2701 3337 Alia
2741 3282 2934 3337 oratio.

2037 3375 2353 3431 Dominator
2377 3373 2601 3429 Domine
2629 3373 2770 3428 Deus
2794 3373 3134 3446 omnipotens
3152 3414 3166 3438 ,
3193 3374 3247 3429 in
3277 3374 3555 3430 voluntate

1967 3475 2057 3521 tua
2086 3466 2337 3521 universa
2369 3474 2493 3520 sunt
2532 3465 2726 3535 posita,
2759 3472 2816 3519 tu
2847 3464 2987 3521 nosti
3029 3466 3230 3529 omnia,
3262 3473 3550 3535 antequam

1969 3557 2119 3612 fiant.
2144 3556 2338 3627 Aspice
2369 3558 2422 3611 in
2451 3570 2566 3619 nos,
2600 3563 2654 3609 et
2680 3555 2941 3610 miserere
2967 3555 3160 3611 nostri.
3193 3554 3272 3610 Tu
3315 3555 3550 3610 clemen-

1896 3674 1943 3736 ρ
1975 3651 2182 3704 tissime
2224 3650 2394 3714 Dens,
2423 3648 2515 3718 qui
2546 3648 2686 3702 hanc
2726 3647 3197 3719 congregationem
3243 3646 3311 3702 ad
3356 3645 3558 3719 glorifi-

1973 3743 2200 3796 canilum
2225 3755 2418 3795 nomen
2441 3749 2589 3794 tuum
2613 3748 2858 3794 sanctum
2875 3739 2930 3794 in
2951 3740 3097 3795 hunc
3119 3740 3295 3794 locum
3317 3742 3559 3793 adunare

1971 3831 2284 3902 permisisti,
2317 3831 2382 3885 da
2433 3829 2758 3897 adiutorium
2808 3839 2956 3884 tuum
3006 3837 3256 3884 sanctum
3294 3831 3360 3885 de
3406 3831 3560 3886 caelis

1974 3923 2127 3978 nobis
2153 3922 2326 3975 servis
2365 3921 2495 3984 tuis,
2529 3935 2596 3974 ne
2624 3921 2896 3990 patiamur
2937 3920 3322 3975 detrimentum
3364 3922 3560 3977 animae

1974 4021 2203 4079 nostrae;
2236 4020 2292 4066 et
2317 4026 2384 4065 ne
2407 4011 2500 4065 des
2525 4013 2666 4066 hanc
2689 4010 3163 4082 congregationem
3190 4009 3244 4065 in
3271 4011 3562 4083 dispersio-

1971 4119 2120 4167 nem,
2138 4101 2231 4157 sed
2252 4116 2512 4157 conserva
2528 4111 2646 4156 eam
2663 4108 2884 4171 propter
2904 4113 3096 4154 nomen
3117 4108 3364 4157 sanctum
3387 4111 3558 4168 tuum,

1974 4198 2028 4246 et
2044 4191 2191 4261 reple
2207 4191 2370 4246 corda
2393 4198 2576 4246 nostra
2599 4189 2723 4254 ﬁde,
2739 4204 2831 4260 spe
2853 4196 2907 4245 et
2929 4189 3216 4257 cbaritate,
3231 4191 3580 4275 obedientia,‘

1975 4292 2029 4340 et
2057 4282 2382 4349 humilitate,
2410 4292 2572 4354 atque
2597 4282 2892 4355 patientia;
2925 4290 2980 4336 et
3008 4280 3092 4338 fac
3119 4290 3364 4337 nostrum
3390 4293 3563 4338 recto-

1978 4391 2090 4432 rem
2139 4385 2303 4447 atque
2346 4376 2563 4432 Patrem
2612 4380 2907 4433 secundum
2958 4394 3053 4433 cor
3091 4387 3261 4442 tuum,
3293 4387 3353 4432 ut
3403 4377 3567 4432 faciat

1977 4469 2308 4524 voluntatem
2331 4478 2474 4525 luant
2499 4469 2566 4524 ad
2593 4470 2822 4526 salutem
2855 4487 3006 4526 suam
3033 4479 3085 4525 et
3118 4478 3361 4525 nostram
3387 4487 3398 4524 :
3428 4485 3562 4538 qna-

1980 4563 2102 4617 litcr
2143 4571 2213 4625 te,
2247 4563 2491 4628 Domine,
2520 4578 2736 4634 semper
2783 4578 3091 4618 mereamur
3138 4562 3340 4617 habere
3384 4570 3564 4632 pasto-

1981 4669 2118 4718 rem,
2148 4664 2204 4708 et
2234 4654 2286 4709 in
2315 4655 2567 4709 omnibus
2595 4661 2976 4724 protectorem.
3025 4652 3165 4717 Fiat,
3195 4651 3440 4716 Domine,
3469 4667 3566 4704 vo-

1981 4745 2160 4801 luntas
2197 4753 2288 4800 tua
2321 4746 2374 4800 in
2404 4745 2655 4800 omnibus
2681 4744 2859 4807 nobis,
2889 4753 2946 4798 ut
2974 4751 3025 4798 te
3054 4744 3344 4798 miserante
3371 4759 3565 4815 perve-

285 4833 410 4903 ωε,
437 4835 696 4904 omnique
718 4834 1015 4905 parentela,
1041 4835 1131 4905 qui
1160 4835 1289 4890 mihi
1315 4835 1584 4904 peccatori
1607 4851 1674 4891 ex
1697 4837 1880 4893 carnis
1982 4838 2101 4892 nire
2123 4851 2432 4892 mereamur
2452 4837 2518 4891 ad
2541 4836 2765 4907 gloriam
2790 4836 2940 4907 regni
2960 4836 3062 4901 tui,
3078 4835 3338 4891 Servator
3360 4836 3568 4900 mundi,

285 4929 760 5002 consanguinitate
801 4929 1076 4998 conjuncti
1123 4937 1269 4990 sunt,
1302 4938 1410 4983 tam
1455 4929 1593 4984 vivis
1632 4945 1794 5000 quam
1823 4938 1878 4985 et

1984 4929 2073 5000 qui
2103 4929 2239 4984 vivis
2265 4939 2319 4983 et
2350 4943 2542 4998 regnas
2573 4927 2628 4982 in
2655 4927 2850 4984 sarcula
2875 4927 3216 4984 smculoruin.
3245 4927 3439 4982 Amen.

287 5019 582 5085 defunctis,
613 5033 845 5090 quorum
893 5019 1110 5074 nomina
1148 5028 1202 5073 et
1229 5019 1448 5081 ~merita
1505 5020 1598 5092 tibi
1651 5020 1879 5075 Domino
1910 5041 1964 5102 ι)
2747 5041 2822 5100 ν,

286 5107 404 5168 Deo
431 5111 810 5166 universorum
840 5111 1058 5181 cognita
1088 5117 1247 5175 sunt,
1279 5117 1339 5164 ut
1362 5117 1615 5182 pretegas
1655 5125 1748 5165 eos
1796 5119 1879 5164 at-

1985 5121 2206 5183 Oralio
2233 5138 2362 5212 pro
2394 5119 2820 5212 familiaribus
2856 5129 2912 5181 et
2951 5119 3236 5212 omnibus
3273 5116 3571 5180 Christiw

285 5216 396 5272 que
433 5203 501 5258 ab
546 5203 696 5258 omni
736 5203 878 5260 malo
926 5201 1203 5267 defendas,
1233 5210 1288 5258 et
1331 5203 1384 5258 in
1424 5203 1510 5257 via
1553 5202 1742 5258 salutis
1785 5218 1879 5259 eos

287 5293 577 5366 disponas;
606 5303 663 5350 et
689 5311 758 5352 ne
785 5296 902 5352 dies
927 5311 1116 5352 eorum
1163 5302 1289 5350 ante
1335 5294 1474 5354 finiri
1521 5296 1690 5362 sinas,
1720 5311 1880 5368 quam

288 5401 390 5456 per
434 5403 624 5444 veram
672 5388 1090 5454 confessionem,
1122 5401 1419 5458 veramque
1453 5388 1882 5445 emendationem

287 5491 512 5537 suorum
529 5479 772 5536 omnium
785 5479 1124 5544 delictorum,
1141 5488 1361 5551 peccata
1375 5477 1704 5543 dimittas,ut
1723 5493 1888 5534 carne

2294 5197 2417 5273 nis,
2470 5198 2752 5262 omnibus
2801 5197 3260 5261 commendatis.

2058 5299 2284 5356 Domine
2303 5297 2449 5361 Dens
2468 5297 2828 5370 omnipotens,
2846 5297 2938 5368 qui
2956 5295 3257 5354 Ecclesiam
3283 5303 3430 5353 tuam
3458 5303 3573 5354 toto

1990 5393 2122 5451 orbe
2160 5401 2432 5450 terrarum
2460 5391 2520 5448 in
2546 5391 2756 5448 uinctis
2779 5390 3030 5460 gentibus
3072 5389 3300 5448 dilatare
3325 5389 3576 5463 dignatus

1991 5499 2072 5548 es,
2101 5491 2158 5540 et
2179 5484 2249 5538 ab
2275 5481 2528 5538 omnibus
2548 5481 2808 5554 gradibus
2834 5480 2928 5552 qui
2957 5480 3014 5537 in
3049 5495 3114 5538 ea
3141 5478 3372 5537 ﬁdeliter
3399 5477 3576 5538 conti-

287 5579 489 5627 exutos
523 5569 732 5626 cmlesti
760 5571 1175 5642 participatione
1205 5570 1395 5641 dignos
1427 5566 1647 5624 eﬂlcias.
1684 5569 1891 5626 Exaudi
1995 5582 2213 5639 nentur,
2245 5574 2342 5632 tibi
2371 5573 2563 5631 serviri
2579 5571 2817 5645 iussisti,
2841 5581 2900 5630 et
2923 5574 3011 5632 cui
3030 5573 3362 5645 singulorum
3379 5573 3574 5631 merita

289 5674 384 5716 me
413 5662 583 5718 etiam
627 5662 1015 5726 miserrimum,
1044 5661 1464 5718 clementissime
1493 5661 1662 5728 Deus,
1694 5663 1894 5735 suppli-

289 5759 513 5810 cantem
538 5752 606 5808 ad
632 5760 794 5824 tepro
813 5751 1094 5809 animabus
1121 5751 1441 5808 famulorum
1467 5751 1896 5824 famularumque

1997 5665 2210 5737 cognita
2238 5673 2385 5729 sunt,
2407 5664 2671 5722 miserere
2688 5664 2958 5722 universis
2977 5663 3332 5723 familiaribus
3352 5664 3572 5722 nostris

1999 5764 2052 5808 et
2074 5754 2324 5811 omnibus
2339 5755 2657 5815 orthodoxis
2676 5756 2960 5829 episcOpis,
2983 5757 3290 5823 abbatibus,
3307 5755 3413 5829 42
3429 5769 3578 5827 pres.
