3968 6180
370 380 375 385 -
410 340 517 401 ιθες

1265 342 1324 396 Β.
1364 340 1426 396 F.
1469 338 1693 396 ALBlNl
1736 335 1870 392 SEU
1907 336 2180 393 ALCUlNl
2220 336 2499 394 OPERUM
2533 337 2718 393 PARS
2759 337 2846 394 IV.

3568 335 3683 395 498

410 455 895 527 byteris,diaconis
925 461 979 508 et
1010 453 1377 519 subdiaconis,
1407 453 1653 523 acolytis,
1683 451 1987 514 exorcistis,
2020 457 2062 512 Α
2094 451 2270 520 poenis
2301 450 2522 512 inferni.
2557 462 2612 507 et
2637 454 2705 508 ab
2730 453 2980 508 omnibus
3007 453 3218 507 insidiis
3245 452 3450 509 inimici
3479 458 3680 512 mentis

407 552 722 616 lectoribus,
756 550 1102 619 jauitoribus,
1137 550 1448 612 monachis,
1480 549 1713 614 clericis,
1764 550 1988 618 virgini-

408 647 526 705 bus,
558 643 756 707 viduis,
777 642 1096 713 coniugatis,
1124 640 1547 703 continentibus,
1577 639 1987 708 paenitentibus,

407 737 644 807 regibus,
693 734 1052 805 principibus,
1103 733 1351 795 ducibus,
1395 731 1702 801 judicibus,
1735 731 1988 795 tribunis,

404 825 826 886 centurionibus,
852 822 1329 894 quinquagenariis
1362 832 1417 875 ct
1457 821 1697 885 dccanis,
1724 822 1991 876 universis

403 915 658 989 gradibus
685 914 775 985 qui
799 915 852 968 in
888 914 991 968 ﬁde
1014 919 1221 967 sanctae
1245 910 1529 965 Trinitatis
1553 910 1606 965 in
1627 911 1865 966 Ecclesia
1897 921 1987 967 tua

403 1006 666 1059 catholica
715 1003 1073 1058 communiter
1102 1002 1467 1056 continentur.
1514 999 1768 1055 Miserere
1798 1010 1851 1055 et
1879 1017 1990 1057 om-

405 1097 561 1151 nibus
590 1097 681 1167 qui
712 1096 765 1150 in
793 1095 896 1151 ﬁde
924 1103 980 1150 et
1006 1110 1192 1149 amore
1230 1095 1402 1149 sancti
1448 1094 1683 1149 nominis
1711 1095 1786 1149 tui
1832 1096 1988 1150 nobis

401 1189 773 1260 eicemosynas
790 1204 917 1244 suas
936 1188 1223 1252 dederunt,
1241 1204 1333 1243 seu
1358 1188 1413 1243 in
1432 1188 1768 1244 orationibus
1788 1188 1987 1243 nostris

401 1295 460 1335 se
506 1278 1049 1345 commcndaverunt,
1087 1287 1143 1334 et
1170 1278 1255 1334 his
1282 1294 1418 1351 quos
1461 1277 1748 1334 admisceri
1779 1278 1829 1333 in
1864 1293 1989 1333 ora-

402 1366 637 1423 tionibus
667 1369 873 1430 nostris
902 1367 1269 1440 promisimus,
1303 1377 1411 1423 tam
1441 1367 1578 1423 vivis
1604 1383 1768 1438 quam
1798 1367 1987 1424 defun-

400 1460 525 1524 ctis,
555 1459 911 1515 incolumibus
953 1468 1115 1530 atque
1147 1458 1395 1524 inﬁrmis,
1424 1475 1656 1530 quorum
1686 1460 1904 1515 nomina
1932 1468 1988 1515 et

399 1550 593 1604 merita
646 1550 740 1604 tibi
779 1550 1007 1605 Domino
1051 1549 1159 1604 Deo
1188 1549 1562 1604 universorum
1597 1558 1723 1604 sunt
1746 1550 1982 1621 cognita,

400 1641 524 1709 quia
570 1639 848 1708 sapientia:
880 1647 985 1693 tua:
1014 1654 1118 1693 non
1168 1648 1255 1694 est
1295 1655 1571 1695 numerus.
1625 1641 1828 1695 Exaudi
1874 1657 1980 1705 me,

397 1734 501 1803 piis
516 1732 637 1786 sime
678 1740 735 1786 et
776 1732 1087 1788 misericors
1136 1731 1297 1796 Deus,
1331 1740 1387 1787 et
1431 1733 1690 1786 miserere
1731 1732 1983 1787 omnibus

2093 550 2149 619 et
2183 546 2445 613 corporis.
2494 544 2659 607 Dens,
2686 546 2776 614 qui
2820 560 2925 598 non
2966 545 3049 599 vis
3094 554 3322 601 mortem
3352 549 3678 617 peccatoris,
3718 616 3725 621 ι

2092 632 2189 687 sed
2214 644 2271 687 ut
2294 643 2639 689 convertatur
2665 644 2721 690 et
2748 635 2918 700 vivat,
2941 633 3132 703 adjuva
3163 651 3271 700 me,
3299 645 3360 691 ut
3383 645 3494 693 toto
3513 640 3680 695 corde

2062 732 2376 780 convertar
2402 726 2470 780 ad
2501 735 2575 791 te,
2603 734 2660 780 et
2700 726 2805 779 tuis
2836 740 3049 781 merear
3083 726 3349 781 inhaerere
3382 729 3675 783 mandatis.

2090 813 2254 880 Deus,
2285 816 2378 885 qui
2408 815 2700 871 mortiﬁcas
2732 822 2787 870 et
2815 815 3058 871 viviﬁcas
3079 857 3094 882 ,
3124 816 3346 873 deducis
3375 819 3443 874 ad
3472 819 3678 876 inferos

2090 919 2155 959 ac
2192 906 2427 972 reducis,
2452 905 2520 960 da
2547 906 2681 961 mihi
2718 906 3195 963 mortiﬁcationem
3223 910 3425 976 carnis,
3453 920 3509 966 et
3541 913 3678 968 vivi-

2091 993 2401 1049 ﬁcationem
2437 996 2678 1065 spiritus.
2722 997 2902 1063 Deus,
2944 999 3035 1070 qui
3077 1000 3311 1055 suscitas
3350 1001 3418 1057 de
3454 1002 3678 1072 pulvere

2088 1098 2341 1155 egenum,
2364 1093 2424 1140 et
2450 1085 2517 1140 de
2546 1093 2787 1141 stercore
2833 1086 3013 1142 elevas
3050 1102 3374 1158 pauperem;
3405 1091 3548 1162 erige
3586 1107 3677 1147 me

2088 1172 2155 1227 de
2182 1172 2303 1228 lacu
2327 1175 2581 1242 miserim,
2614 1183 2670 1230 et
2707 1175 2775 1231 de
2803 1176 2915 1231 luto
2945 1176 3091 1232 faecis
3131 1178 3200 1232 ad
3228 1186 3282 1234 te
3326 1179 3672 1255 clamantem,

2087 1272 2146 1318 et
2178 1271 2358 1319 statue
2392 1273 2794 1336 suprapetram
2832 1266 3000 1337 pedes
3042 1283 3223 1333 meos;
3253 1277 3310 1324 et
3351 1270 3579 1327 immitte
3613 1272 3673 1328 in

2086 1368 2203 1420 eos,
2230 1364 2286 1410 et
2318 1356 2372 1446 in
2402 1371 2466 1411 os
2503 1372 2683 1413 meum
2716 1358 2983 1413 canticum
3026 1376 3251 1427 novum,
3277 1362 3539 1433 hymnum
3564 1365 3677 1437 glo-

2087 1446 2181 1500 riae
2225 1456 2347 1501 une.
2384 1447 2544 1513 Deus,
2577 1450 2669 1519 qui
2716 1449 2864 1505 solus
2899 1449 3068 1507 babes
3102 1453 3587 1522 immortalitatem,
3616 1466 3675 1514 et

2085 1534 2262 1591 lucem
2283 1536 2494 1594 habitas
2520 1540 2970 1606 inaecessibilem,
2999 1541 3164 1597 libera
3190 1559 3277 1599 me
3301 1555 3331 1599 a
3353 1556 3531 1602 morte
3555 1563 3674 1618 per-

2084 1638 2267 1699 petua,
2290 1638 2347 1685 et
2378 1631 2603 1687 ostende
2627 1631 2759 1687 mihi
2789 1633 2963 1688 lucem
2991 1634 3399 1692 miserationem
3430 1647 3668 1703 tuarum,

2084 1733 2141 1778 et
2166 1724 2285 1781 dele
2312 1726 2630 1797 iniquitates
2655 1742 2826 1793 meas,
2858 1736 2914 1782 et
2940 1729 3074 1783 doce
3103 1743 3189 1784 me
3215 1729 3393 1786 facere
3415 1731 3670 1787 volunta-

397 1820 676 1877 catbolicis
695 1820 871 1878 adhuc
891 1821 943 1875 in
969 1835 1199 1891 corpore
1225 1821 1721 1888 commorautibus;
1748 1831 1805 1877 et
1828 1836 1983 1877 aver—
2016 1803 2061 1866 Β
2088 1823 2194 1873 tem
2226 1825 2374 1872 tuam
2410 1819 2622 1874 cunctis
2653 1818 2842 1874 diebus
2871 1820 2995 1874 vita:
3018 1834 3168 1875 mea.
3218 1819 3380 1886 Deus,
3408 1823 3497 1891 qui
3526 1826 3670 1878 nosti

396 1930 485 1969 sos
523 1931 556 1969 a
594 1913 680 1968 via
726 1913 974 1969 veritatis
1008 1913 1232 1984 dignare
1267 1913 1337 1969 ad
1376 1922 1431 1969 te
1466 1920 1804 1978 convertere,
1830 1921 1892 1969 ut
1927 1921 1983 1968 te

396 2014 511 2061 toto
537 2006 703 2062 corde
745 2006 1141 2075 requirantzet
1165 2013 1368 2060 aeterna
1414 2005 1752 2076 protectione
1792 2020 1984 2062 omnes

395 2112 678 2163 conserva,
709 2105 770 2151 ut
796 2096 960 2151 nullis
985 2095 1372 2151 tentationibus
1397 2110 1430 2150 a
1459 2104 1513 2151 te
1549 2104 1899 2166 separentur;
1927 2105 1999 2152 et.

395 2195 588 2259 praesta
640 2194 702 2242 ut
750 2186 979 2242 mortuis
1016 2185 1189 2255 prosit
1234 2185 1351 2241 haec
1392 2184 1569 2239 oratiu
1617 2185 1760 2241 servi
1790 2186 1870 2240 tui
1912 2184 1983 2241 ad

391 2277 827 2334 emendationem
852 2276 1198 2342 delictorum,
1221 2290 1315 2332 seu
1340 2274 1723 2332 alienationem
1750 2274 1883 2348 [Αι.,
1906 2276 1983 2331 al-

393 2368 759 2441 leviationem]
791 2383 1096 2439 pmoarum.
1129 2368 1208 2423 'l‘u
1237 2364 1382 2424 Deus
1398 2382 1595 2438 magne
1617 2375 1675 2426 et
1700 2366 1979 2433 terribilis,

393 2462 707 2518 misericors
733 2468 792 2516 et
814 2468 1027 2517 amator
1053 2460 1350 2520 hominum.
1383 2467 1441 2514 tu
1466 2459 1575 2515 scis
1598 2459 1729 2528 quid
1757 2458 1983 2530 singulis

390 2551 660 2621 expediat.
710 2548 1075 2605 Obsecramus
1118 2548 1460 2603 clementiam
1500 2558 1647 2605 tuam
1673 2588 1690 2614 ,
1720 2557 1782 2602 ut
1823 2548 1979 2618 juxta

391 2640 723 2694 voluntatem
754 2646 901 2692 tuam
931 2635 1025 2692 ﬁat
1042 2636 1199 2692 nobis
1224 2636 1495 2701 omnibus,
1514 2645 1622 2691 tam
1653 2637 1790 2693 vivis
1815 2651 1979 2707 quam

389 2729 659 2807 defunctis
687 2727 955 2793 ﬁdelibus,
987 2726 1243 2783 Servator
1268 2726 1453 2783 mundi
1471 2767 1485 2790 ,
1518 2728 1608 2797 qui
1636 2726 1773 2782 vivis
1802 2735 1855 2781 et
1889 2742 1977 2782 re-

390 2835 525 2893 gnas
556 2821 609 2874 in
641 2818 835 2876 saecula
861 2817 1202 2875 saeculorum.
1230 2818 1422 2874 Amen.

1140 2930 1243 2992 Vl.

776 3032 999 3095 Oratio
1027 3051 1150 3113 pro
1191 3030 1584 3112 elemosyna.

461 3155 686 3211 Domine
728 3154 870 3211 Deus
913 3155 1271 3226 omnipotens,
1307 3170 1501 3227 magne
1535 3164 1590 3211 et
1634 3164 1834 3211 aeterne
1866 3154 1974 3211 Me-
2000 3158 2048 3221 ο

394 3249 532 3314 dice,
559 3248 651 3319 qui
701 3246 999 3303 remedium
1045 3248 1348 3304 animarum
1407 3248 1461 3303 in
1508 3246 1973 3321 eleemosynarum

388 3341 768 3397 distributione.
797 3339 1044 3396 ﬁdelibus
1073 3341 1181 3396 tuis
1208 3339 1595 3411 indulgentiam
1616 3348 1673 3395 et
1700 3340 1975 3396 remissio-

390 3447 517 3489 nem
558 3437 905 3501 peccatorum
942 3428 1365 3484 misericorditer
1409 3429 1746 3497 promisisti;
1774 3429 1972 3484 exaudi

392 3535 500 3584 tne,
529 3518 767 3573 clemens
796 3526 850 3573 et
879 3517 1129 3589 benigne,
1151 3533 1249 3588 pro
1270 3518 1540 3573 universis
1572 3517 1821 3574 ﬁdelibus
1844 3519 1972 3589 tuis,

392 3609 483 3680 qui
514 3608 669 3664 nobis
695 3608 1069 3679 eleemosynas
1097 3622 1224 3665 suas
1245 3608 1530 3675 dederunt,
1554 3609 1638 3665 vel
1661 3610 1714 3665 in
1738 3609 1843 3666 ﬁde
1869 3620 1976 3668 tum

390 3698 691 3769 inajestatis
734 3698 791 3755 in
828 3698 1165 3757 orationibus
1211 3700 1415 3756 nostris
1456 3714 1515 3756 se
1563 3702 1977 3758 commendave-

392 3796 548 3855 runt,
578 3796 688 3844 tam
712 3787 852 3844 vivis
879 3803 1041 3859 quam
1075 3782 1366 3852 defunctis,
1410 3788 1768 3846 incolumibus
1814 3800 1975 3862 atque

390 3878 619 3934 inﬁrmis
647 3888 741 3934 :et
765 3878 1083 3950 perveniant
1128 3878 1198 3934 ad
1241 3893 1404 3934 aures
1448 3879 1831 3937 misericordia:
1872 3891 1976 3937 tum

332 3972 339 3985 ‘
390 3987 581 4043 preces
626 3988 789 4037 meae,
815 3986 950 4042 quas
979 3986 1077 4043 pro
1121 3971 1292 4027 salute
1341 3972 1557 4028 illorum
1592 3990 1776 4030 coram
1810 3984 1860 4031 te
1897 3975 1973 4031 er—

390 4061 574 4119 fundo.
609 4060 686 4118 Ne
725 4061 977 4132 aspicias,
1004 4061 1249 4128 Domine,
1276 4072 1499 4132 peccata
1525 4080 1665 4129 mea,
1689 4065 1784 4121 sed
1814 4065 1972 4122 ﬁdem

393 4155 606 4211 illorum
631 4164 793 4225 atque
832 4155 1066 4221 illarum,
1096 4157 1190 4226 qui
1230 4158 1387 4213 nobis
1413 4158 1469 4213 in
1499 4157 1604 4214 ﬁde
1632 4159 1708 4214 tui
1739 4160 1974 4217 nominis

393 4246 567 4318 largiti
594 4254 718 4302 sunt
741 4246 881 4302 bona
903 4246 1237 4317 temporalia,
1260 4258 1319 4303 ut
1344 4256 1400 4303 tu
1430 4250 1572 4305 Deus
1599 4262 1973 4311 remuneratur

390 4337 630 4393 omnium
657 4337 921 4393 bonorum
946 4336 1244 4392 retribuere
1275 4337 1379 4393 illis
1398 4338 1640 4408 digneris
1666 4356 1767 4411 pro
1790 4344 1973 4413 parvis

391 4443 607 4500 magna,
632 4435 687 4484 et
715 4443 812 4499 pro
839 4426 1069 4483 terrenis
1092 4428 1313 4495 prmmia
1334 4429 1686 4497 sempiterna,
1711 4429 1973 4488 Servator

2082 1908 2354 1977 praeterita
2383 1917 2440 1963 et
2462 1907 2661 1973 futura,
2692 1907 2762 1964 da
2788 1909 2919 1964 milii
2949 1911 3163 1966 veniam
3183 1910 3498 1967 delictorum
3527 1930 3674 1969 meo-

2083 2013 2202 2053 rum
2226 2000 2641 2069 praeteritorum,
2670 2007 2727 2054 et
2749 2000 2817 2054 de
2849 2000 3206 2069 prasentibus
3230 2010 3288 2057 et
3306 2000 3499 2056 futuris
3522 2005 3665 2059 «iouia

2082 2091 2214 2146 mihi
2260 2090 2678 2157 continentiam,
2719 2096 2780 2147 ut
2823 2091 2890 2146 ad
2923 2101 3068 2147 tuam
3117 2108 3329 2148 merear
3362 2094 3671 2149 misericor-

2082 2180 2227 2236 diam
2273 2182 2578 2251 pervenire.
2612 2181 2773 2247 Deus,
2810 2182 2902 2251 qui
2936 2183 3108 2255 magis
3136 2198 3237 2238 nos
3281 2181 3387 2255 43
3431 2184 3510 2238 vis
3544 2201 3674 2240 esse

2081 2278 2356 2326 correctos
2388 2286 2552 2342 quam
2572 2270 2753 2341 perire
2778 2271 3073 2343 neglectos,
3105 2273 3214 2327 noli
3241 2288 3329 2328 me
3356 2275 3581 2343 perdere
3611 2274 3670 2331 in

2082 2360 2294 2417 delictis
2322 2363 2458 2418 meis
2484 2362 2667 2418 multis
2686 2371 2743 2418 et
2767 2364 3050 2431 maximis;
3078 2365 3174 2421 sed
3197 2366 3493 2422 secundum
3515 2377 3669 2423 tuam

2083 2452 2508 2508 misericordiam
2536 2462 2594 2508 et
2622 2454 3025 2512 miserationem
3051 2458 3264 2529 corripe
3300 2473 3408 2522 me,
3437 2469 3493 2513 et
3516 2475 3548 2513 a
3577 2467 3669 2514 tua

2082 2542 2457 2597 misericordia
2498 2558 2566 2599 ne
2611 2545 2840 2614 repellas
2867 2560 2978 2613 me,
3009 2561 3109 2605 nec
3154 2562 3404 2602 corruam
3446 2549 3501 2602 in
3541 2566 3673 2603 con-

2080 2641 2268 2705 spectu
2296 2634 2731 2690 adversariorum
2763 2651 3038 2703 meorum;
3067 2646 3122 2693 et
3148 2653 3216 2692 ne
3243 2638 3389 2695 dicat
3416 2639 3671 2695 inimicus

2081 2740 2263 2791 meus,
2307 2723 2568 2780 Prmvalui
2612 2726 2873 2782 adversus
2920 2743 3062 2782 eum.
3114 2727 3291 2794 Deus,
3333 2728 3486 2799 cujus
3525 2731 3670 2785 oculi

2080 2814 2377 2884 respiciunt
2401 2815 2516 2871 vias
2547 2814 2777 2871 ﬁliorum
2807 2816 3084 2872 hominum
3103 2858 3117 2884 ,
3157 2819 3365 2889 respice
3394 2820 3447 2875 in
3478 2836 3586 2886 me,
3612 2830 3673 2876 ct

2081 2905 2338 2960 miserere
2358 2904 2485 2971 mei,
2501 2914 2555 2960 et
2571 2905 2769 2977 repelle
2780 2922 2811 2966 a
2827 2923 2915 2962 me
2934 2908 3076 2979 quod
3090 2907 3273 2976 odisti,
3288 2916 3344 2964 et
3355 2909 3670 2965 misericors

2080 2992 2330 3064 impende
2358 2996 2499 3066 quod
2527 2994 2723 3069 diligis.
2756 2995 2975 3068 Repelle
3002 3013 3032 3052 a
3063 3013 3169 3066 me,
3202 2998 3450 3067 Domine,
3471 3015 3670 3056 omnes

2079 3087 2434 3157 cogitationes
2458 3088 2673 3155 noxias,
2701 3096 2756 3143 et
2776 3105 2935 3145 omne
2954 3106 3017 3145 os
3036 3106 3283 3162 pravum,
3305 3102 3360 3148 et
3379 3109 3515 3164 opus
3541 3108 3672 3166 per-

2079 3192 2324 3246 versum;
2356 3187 2412 3235 et
2441 3179 2650 3234 dimitte
2670 3196 2791 3251 qua:
2811 3181 3145 3238 conscientia
3168 3199 3288 3238 mea
3320 3185 3519 3241 misera
3550 3202 3669 3243 me-

2079 3270 2199 3337 tuit,
2230 3281 2284 3326 et
2309 3272 2484 3344 adiice
2506 3274 2650 3344 quod
2679 3274 2852 3328 oratio
2881 3285 2989 3329 nco
3020 3277 3318 3345 praesumit.
3349 3276 3511 3344 Deus,
3536 3279 3675 3349 quia

2078 3362 2173 3418 tibi
2212 3364 2278 3418 de
2308 3365 2563 3422 omnibus
2598 3380 2726 3420 cura
2755 3375 2862 3432 est,
2911 3365 3024 3422 noli
3068 3383 3155 3423 me
3194 3367 3568 3440 derelinquere
3609 3370 3671 3426 in

2078 3471 2238 3509 manu
2268 3455 2481 3512 consilii
2512 3457 2643 3523 mei,
2673 3466 2728 3512 et
2756 3457 2810 3513 in
2834 3457 3056 3514 arbitrio
3082 3474 3203 3514 meo
3227 3459 3349 3515 sine
3376 3458 3668 3528 adjutorio,

2076 3547 2203 3616 quia
2245 3560 2353 3601 non
2385 3546 2773 3616 jnstiﬁcabitur
2813 3548 2866 3603 in
2913 3557 3205 3621 conspectu
3241 3558 3335 3605 tuo
3374 3551 3549 3605 omnis
3586 3553 3670 3606 vi-

2077 3652 2212 3692 vens
2236 3656 2248 3690 :
2272 3647 2327 3691 et
2352 3637 2477 3707 quia
2504 3636 2623 3694 sine
2645 3646 2699 3693 te
2721 3637 2920 3693 labitur
2947 3638 3183 3694 humana
3205 3639 3531 3705 mortalitas,
3556 3642 3671 3695 tuis

2077 3741 2292 3797 semper
2336 3726 2574 3792 auxiliis,
2624 3735 2680 3781 ct
2725 3725 3072 3782 abstrahatur
3116 3743 3147 3781 a
3195 3728 3373 3784 noxiis
3412 3728 3672 3785 omnibus

2077 3814 2342 3886 fragilitas
2370 3831 2514 3881 mea,
2551 3825 2609 3871 et
2649 3816 2717 3871 ad
2755 3816 3015 3873 salutaria
3061 3816 3343 3888 dirigatur.
3376 3817 3540 3882 Deus,
3570 3821 3669 3888 qui

2075 3921 2136 3961 es
2163 3908 2409 3962 cordium
2440 3908 2732 3978 inspector,
2763 3908 2827 3965 da
2861 3908 2994 3963 mihi
3036 3923 3132 3965 cor
3171 3910 3315 3980 quod
3354 3919 3406 3965 te
3449 3911 3667 3975 timeat,

2070 4010 2297 4053 sensum
2335 3997 2427 4067 qui
2458 4006 2511 4052 te
2553 3996 2837 4068 intelligat,
2862 4013 2999 4068 opus
3029 4000 3174 4069 quod
3206 4002 3301 4057 tibi
3331 4001 3571 4072 placeat;
3605 4015 3670 4059 ut

2076 4097 2129 4143 te
2151 4088 2396 4144 timendo
2418 4103 2634 4160 semper
2663 4088 2927 4145 declinem
2956 4106 2988 4145 a
3011 4090 3175 4165 male,
3194 4101 3251 4147 et
3294 4102 3348 4150 te
3391 4094 3670 4167 diligendo

2073 4193 2292 4249 semper
2312 4193 2346 4234 a
2369 4186 2422 4234 te
2449 4178 2727 4234 custodiar
2755 4178 2808 4234 in
2843 4179 3023 4236 bono:
3049 4188 3107 4235 et
3132 4181 3201 4236 da
3235 4183 3364 4238 mihi
3402 4183 3667 4239 virtutem

2074 4270 2363 4327 resistendi
2409 4280 2601 4326 contra
2642 4271 2772 4325 vitia
2810 4281 2868 4327 et
2902 4273 3252 4329 insidiatores
3280 4276 3523 4331 omnium
3551 4278 3666 4332 vir-

2070 4366 2268 4429 tutum.
2299 4358 2464 4425 Deus,
2495 4360 2588 4431 qui
2614 4375 2675 4415 es
2705 4359 2929 4432 largitor
2956 4363 3198 4418 omnium
3230 4364 3517 4431 bonorum,
3547 4366 3666 4422 lar-

2072 4451 2191 4523 gite
2226 4450 2361 4507 mibi
2402 4450 2584 4517 ﬁdem,
2610 4460 2669 4506 et
2697 4441 2834 4522 opus
2872 4454 3113 4509 scientiae
3148 4465 3206 4510 et
3242 4457 3665 4526 continentiam,

392 4519 598 4583 mundi,
631 4518 723 4588 qui
771 4518 906 4573 vivis
947 4526 1003 4573 et
1047 4531 1238 4590 regnas
1281 4518 1334 4572 in
1381 4519 1579 4574 smcula
1623 4520 1966 4576 smculorum.
2001 4513 2051 4575 D
2072 4513 2394 4599 ξωτίηιθω
2419 4552 2477 4598 ει
2494 4513 2826 4610 ὠηωῴω,
2852 4561 3035 4602 veram
3058 4548 3382 4619 patientiam

392 4610 582 4665 Amen.

1114 4700 1251 4761 νυ.

458 4820 776 4901 Confessio
808 4820 1170 4899 majestatis,
1206 4828 1261 4880 et
1284 4819 1640 4899 postulatio
1677 4823 1888 4883 venia.

462 4939 705 5011 Domine,
737 4937 931 4993 exaudi
953 4938 1254 4995 orationem
1277 4953 1474 5007 meam,
1500 4940 1721 4996 auribus
1754 4942 1973 5015 percipe

388 5035 554 5091 verba
579 5033 691 5088 oris
718 5031 843 5086 mei.
877 5031 1041 5095 Deus,
1069 5030 1235 5086 intret
1264 5032 1315 5086 in
1344 5041 1634 5103 conspectu
1665 5043 1758 5089 tuo
1797 5037 1975 5091 oratio

392 5138 532 5180 mea.
563 5123 764 5179 lnclina
791 5135 977 5177 aurem
1007 5131 1154 5177 tuam
1184 5114 1252 5178 sa
1275 5138 1465 5193 preces
1503 5140 1678 5189 meas,
1724 5127 1968 5184 Domine.

393 5215 533 5270 Deus
559 5216 649 5284 qui
664 5215 810 5286 justa
836 5212 1172 5284 postulantes
1200 5215 1446 5281 exaudis,
1472 5231 1541 5272 ne
1574 5218 1650 5273 sis
1674 5219 1976 5276 inexorabi-

392 5306 457 5361 lis
485 5315 703 5378 propter
728 5305 892 5361 nimia
937 5314 1159 5375 peccata
1196 5312 1253 5359 et
1288 5305 1516 5361 erimina
1558 5323 1697 5374 mea,
1727 5311 1823 5365 scd
1855 5328 1975 5383 pro-

390 5404 512 5466 pter
563 5398 881 5453 immensam
936 5397 1191 5467 pietatem
1243 5405 1388 5452 tuam
1426 5400 1624 5454 exaudi
1667 5404 1971 5458 orationem

393 5500 591 5550 meam,
620 5495 673 5540 et
706 5487 926 5542 auribus
950 5488 1169 5559 percipe
1194 5487 1459 5560 laerymas
1486 5505 1654 5555 meas,
1677 5501 1733 5546 et
1760 5495 1972 5549 remitte

392 5566 547 5637 milii,
582 5585 643 5629 ut
680 5576 970 5648 refrigerer
1004 5577 1157 5647 prius
1187 5593 1353 5648 quam
1391 5581 1606 5645 abeant,
1642 5590 1701 5636 et
1740 5584 1971 5655 amplius

393 5683 502 5723 non
540 5678 655 5719 ero.
684 5665 843 5729 Deus,
885 5668 977 5736 qui
1016 5682 1206 5723 omnes
1252 5669 1498 5725 homines
1525 5672 1608 5727 vis
1649 5689 1889 5741 servare,
1914 5686 1970 5732 et

360 5756 667 5815 meminem
696 5756 775 5810 vis
804 5756 1001 5826 perire,
1030 5768 1184 5811 serva
1218 5770 1307 5813 me
1342 5771 1372 5811 a
1404 5757 1593 5829 laqueo
1624 5765 1835 5833 mortis,
1861 5775 1914 5821 et
1938 5782 1968 5821 a

2072 4633 2301 4699 litatem,
2328 4641 2387 4689 et
2408 4632 2769 4689 voluntariam
2794 4644 3186 4706 paupertatem,
3208 4647 3266 4693 et
3301 4654 3664 4709 perseveran-

2075 4724 2205 4779 tiam
2230 4723 2428 4785 bonam
2458 4724 2512 4778 in
2544 4731 2638 4778 tuo
2664 4722 2943 4780 famulatu.
2986 4725 3168 4808 Deus,
3181 4729 3272 4798 qui
3295 4744 3356 4783 es
3382 4731 3487 4792 via,
3522 4734 3670 4789 veri-

2074 4824 2158 4869 tas
2186 4822 2241 4870 et
2266 4813 2404 4877 vita,
2434 4812 2612 4871 deduc
2641 4830 2729 4870 me
2756 4815 2812 4870 in
2845 4815 2987 4871 viam
3020 4825 3188 4881 tuam,
3211 4827 3270 4873 ut
3298 4820 3570 4890 ingrediar
3604 4824 3665 4878 in

2073 4906 2299 4962 veritate
2344 4912 2467 4971 tua;
2500 4904 2711 4963 laetetur
2749 4920 2846 4960 cor
2892 4900 3094 4971 meum,
3120 4915 3182 4960 ut
3228 4908 3417 4963 timeat
3454 4926 3664 4969 nomen

2075 5006 2248 5063 tuum,
2273 5004 2330 5051 et
2355 4995 2556 5067 perduc
2582 5010 2669 5051 me
2695 4996 2763 5052 ad
2791 4996 2958 5051 vitam
2983 5004 3263 5052 sternam.

2143 5128 2309 5194 Deus,
2341 5129 2432 5199 qui
2464 5142 2525 5183 es
2555 5126 2646 5183 lux
2685 5143 2814 5183 vera
2853 5126 3162 5183 illuminans
3200 5131 3363 5185 corda
3393 5130 3658 5199 ﬁdelium,

2073 5218 2312 5273 illumina
2354 5234 2450 5273 cor
2487 5233 2667 5273 meum
2703 5216 2906 5273 lumine
2945 5217 3308 5291 intelligentia
3349 5230 3472 5286 tuae,
3504 5231 3558 5278 et
3589 5227 3658 5282 (la

2073 5309 2204 5365 mihi
2232 5310 2513 5367 scientiam
2543 5324 2746 5367 veram.
2779 5317 2835 5364 et
2863 5309 3060 5380 repelle
3094 5326 3123 5364 a
3158 5327 3244 5366 me
3279 5328 3466 5368 omnes
3504 5322 3660 5371 tene.

2070 5399 2198 5454 bras
2243 5398 2577 5470 ignorantia,
2619 5404 2674 5452 et
2718 5400 2970 5454 tenebras
3018 5409 3362 5469 peccatorum
3409 5416 3659 5459 meorum

2072 5491 2278 5561 expelle
2307 5506 2337 5544 a
2368 5506 2476 5554 me,
2507 5489 2756 5556 Domine,
2788 5500 2849 5546 ut
2895 5493 2948 5546 in
2998 5492 3285 5563 splendore
3319 5495 3535 5550 luminis
3575 5497 3686 5552 tui‘

2072 5597 2286 5653 semper
2322 5582 2598 5637 ambulare
2634 5598 2865 5639 merear.
2899 5582 3061 5651 Deus,
3092 5586 3184 5655 qui
3222 5584 3352 5641 facis
3382 5587 3656 5645 mirabilia

2072 5691 2263 5747 magna
2292 5675 2437 5729 solus
2464 5715 2479 5740 ,
2512 5673 2595 5728 fac
2623 5690 2834 5729 mecum
2881 5676 3093 5747 signum
3134 5678 3187 5732 in
3228 5678 3449 5743 bonum,
3476 5689 3535 5733 ut
3562 5681 3652 5749 yi-

2070 5764 2233 5821 deant
2271 5765 2361 5834 qui
2412 5780 2505 5839 me
2536 5766 2785 5832 oderunt,
2831 5774 2882 5821 et
2929 5765 3357 5845 confundantur;
3389 5766 3652 5842 quoniam
