3968 6180
333 289 414 344 697
1154 286 1546 344 LlTURGlCA.
1585 319 1655 328 —-
1691 287 1781 345 DE
1817 286 1884 343 PS

1988 273 2065 343 ,ιιέ
2106 287 2267 347 usu.
2308 320 2379 331 —
2413 290 2593 349 psus
2631 293 2693 348 ιι.
2744 314 2747 315 ν

3462 303 3564 358 498

331 401 643 467 ri,Domine,
659 399 910 467 adiuvisti
950 414 1055 465 me,
1074 409 1129 455 et
1160 401 1469 456 consolatus
1499 416 1558 456 es
1589 410 1766 464 me,et
1804 401 1876 455 di-
1907 407 1953 463 Α
1982 398 2260 466 Miserere,
2293 402 2574 469 miserere,
2606 404 2844 459 Trinitas
2868 414 2924 460 ct
2951 406 3162 462 Unitas.
3199 410 3273 465 Te
3305 411 3480 475 laudo,
3519 424 3568 467 te

328 491 612 551 canui-late
650 492 876 546 mutatio
904 491 1140 547 dextera:
1180 492 1415 558 Excelsi,
1445 503 1583 548 esto.
1634 492 1882 556 Domine,

324 588 398 643 fac
433 602 551 642 cum
592 600 751 639 servo
790 593 884 641 tuo
914 579 1682 641 secundummisericordiam
1715 595 1880 652 tuam,

321 686 369 735 et
402 675 818 747 iustiﬁcationes
865 683 986 730 tuas
1032 676 1165 731 doce
1203 691 1308 731 me.
1359 675 1560 732 Servus
1603 684 1725 732 tuus
1763 694 1882 733 sum

318 786 423 843 ego,
444 768 509 823 da
536 768 671 823 mihi
711 766 1063 833 intellectum,
1092 776 1153 821 ut
1175 767 1379 821 discam
1409 769 1658 823 mandata
1691 775 1801 833 tua,
1830 778 1887 823 et

317 860 597 917 eustoliam
627 860 717 915 illa
744 859 799 914 in
831 868 946 914 toto
971 859 1135 914 corde
1157 874 1299 922 meo,
1330 860 1456 930 quia
1483 860 1535 914 in
1567 860 1881 915 custodien-

315 953 390 1007 dis
421 950 524 1005 illis
562 948 848 1004 retributio
892 947 1060 1003 multa
1088 955 1191 1003 est.
1240 948 1469 1003 Domine
1490 990 1505 1013 ,
1533 948 1620 1005 fac
1669 966 1882 1006 mecum

315 1041 594 1098 secundum
618 1039 1048 1094 misericordiam
1081 1048 1248 1103 tuam,
1281 1039 1408 1110 quia
1445 1041 1629 1096 suavis
1667 1048 1754 1096 est
1785 1041 1884 1096 mi-

311 1133 589 1189 sericordia
620 1139 731 1187 tua.
781 1132 977 1188 Libera
1024 1147 1133 1198 me,
1165 1132 1292 1203 quia
1333 1146 1538 1204 egenus
1585 1141 1640 1189 et
1680 1150 1885 1206 panper

311 1243 399 1298 ego
435 1242 580 1289 sum,
610 1234 667 1280 et
692 1240 788 1281 cor
831 1239 1014 1280 meum
1042 1224 1423 1280 conturbatum
1465 1235 1551 1282 est
1589 1227 1731 1281 intra
1772 1243 1878 1283 me.

309 1322 483 1376 Libera
530 1334 620 1373 me
665 1333 696 1372 a
744 1316 1197 1389 persequentibus
1247 1332 1367 1381 me,
1415 1316 1543 1387 quia
1590 1317 1880 1374 confortati

307 1420 422 1467 sunt
445 1426 610 1482 super
636 1426 740 1465 me.
762 1409 963 1465 Libera
1005 1424 1112 1475 me,
1142 1409 1286 1466 Deus
1315 1409 1498 1474 Israel,
1531 1427 1598 1466 ex
1629 1411 1882 1469 omnibus

308 1502 676 1573 iniquitatibus
700 1500 856 1556 meis.
888 1499 1084 1555 Libera
1103 1515 1191 1555 me
1219 1499 1286 1555 de
1314 1492 1687 1573 sanguinibus,
1714 1501 1880 1568 Deus,

305 1571 437 1647 Deus
461 1590 656 1646 salutis
695 1604 849 1654 mem,
877 1596 933 1644 et
958 1588 1218 1644 exaltabit
1252 1571 1437 1661 lingua
1460 1605 1579 1644 mea
1612 1590 1882 1660 justitiam

304 1691 458 1735 tuam.
508 1680 701 1734 Libera
732 1693 820 1733 me
865 1676 931 1731 de
959 1687 1052 1733 Ore
1081 1677 1277 1743 leonis,
1321 1686 1378 1733 et
1404 1693 1436 1732 a
1466 1680 1720 1735 cornibus
1761 1683 1882 1736 uni-

302 1770 537 1825 carnium
588 1767 723 1840 [.ll.,
767 1764 1199 1839 unicorniorum]
1228 1807 1243 1831 ,
1282 1774 1343 1821 ut
1391 1782 1641 1822 enarrem
1682 1785 1878 1825 nomen
1917 1750 1959 1811 Β

305 1870 443 1915 ιιιιιιιι
490 1860 748 1914 fratribus
797 1858 955 1913 meis.
1004 1857 1290 1914 Liberator
1336 1872 1490 1913 meus
1534 1858 1599 1913 de
1648 1859 1881 1916 inimicis

301 1951 431 2005 meis
479 1949 792 2014 iracundis,
822 1947 891 2003 ab
937 1945 1339 2019 insurgentibus
1386 1946 1443 2001 in
1484 1961 1572 2001 me
1621 1946 1882 2002 exaltabis

301 2057 400 2107 me,
430 2058 461 2096 ι
497 2043 617 2096 viro
646 2041 834 2110 iniquo
861 2038 1059 2109 eripies
1086 2053 1173 2092 me
1192 2078 1207 2103 ,
1236 2053 1340 2093 nec
1377 2052 1466 2093 me
1494 2037 1721 2107 patiaris
1764 2046 1883 2093 ten-

300 2133 394 2187 tari
439 2147 609 2202 supra
650 2130 703 2185 id
730 2128 873 2199 quod
900 2143 1154 2200 possum,
1182 2127 1311 2197 quia
1342 2135 1399 2182 tu
1427 2127 1535 2182 scis
1566 2125 1881 2199 ﬁgmentum

298 2240 492 2289 meum,
527 2233 585 2279 tu
617 2225 726 2279 seis
753 2222 1097 2295 fragilitatem
1127 2220 1371 2294 corporis
1411 2229 1467 2277 et
1498 2221 1697 2277 mentis
1726 2237 1878 2278 mezc.

297 2318 368 2372 Τιι
392 2318 501 2373 scis
532 2316 905 2388 insipientiam
941 2329 1139 2381 meam,
1163 2322 1219 2370 et
1252 2314 1448 2370 delicta
1486 2329 1606 2370 mea
1634 2329 1664 2368 a
1693 2321 1744 2368 te
1772 2329 1880 2368 non

293 2418 414 2465 sunt
458 2410 804 2465 abscondita.
836 2408 983 2464 Deus
1025 2422 1198 2482 meus,
1239 2406 1390 2478 eripe
1429 2420 1515 2461 me
1537 2405 1604 2460 de
1631 2403 1883 2459 manibus

294 2502 637 2557 inimicorum
684 2515 950 2564 meorum,
999 2505 1061 2569 et_
1100 2514 1132 2553 a
1176 2494 1631 2567 persequentibus
1677 2510 1799 2560 me,
1829 2503 1886 2550 et

293 2594 462 2650 deduc
492 2609 584 2649 me
613 2594 681 2649 de
709 2593 903 2663 laqueo
929 2607 1091 2662 quem
1137 2590 1541 2647 absconderunt
1574 2588 1730 2655 mihi,
1756 2589 1882 2661 quia

293 2692 346 2740 tu
367 2701 427 2743 es
452 2694 742 2759 protector
764 2701 917 2739 meus
942 2703 956 2737 :
981 2691 1037 2738 et
1059 2682 1298 2739 illumina
1325 2680 1519 2738 faciem
1551 2688 1699 2736 tuam
1720 2697 1884 2753 super

292 2792 504 2831 servum
536 2786 713 2842 tuum,
738 2784 794 2831 et
820 2774 1028 2831 salvum
1057 2789 1144 2830 me
1173 2772 1260 2829 fac
1286 2773 1341 2828 in
1370 2781 1461 2827 tua
1490 2771 1879 2828 misericordia.

293 2866 536 2934 Domine,
570 2884 682 2923 non
704 2865 1027 2932 confundat,
1056 2865 1312 2935 quoniam
1343 2862 1588 2919 invocavi
1622 2871 1692 2919 te.

1008 2977 1177 3039 VIII.

290 3078 511 3158 Oratio
564 3096 689 3156 pro
724 3076 1042 3155 agnitione
1072 3075 1207 3158 Dei,
1257 3084 1310 3134 et
1336 3092 1457 3158 pro
1492 3073 1884 3158 indulgentia
1908 3093 1957 3158 α

369 3152 784 3226 defiet-orum,
814 3164 869 3215 et
896 3155 1323 3235 peremptione
1342 3152 1738 3215 diversarum
1764 3153 1883 3214 tri-

361 3236 538 3297 bulat
552 3237 815 3317 ionum._
1794 3254 1799 3261 ’

350 3334 626 3391 Miserere
645 3373 658 3396 ,
690 3332 946 3396 Domine,
978 3332 1269 3397 miserere,
1296 3329 1538 3394 Christe;
1575 3337 1629 3383 tu
1672 3329 1883 3386 miseri-

283 3422 465 3482 cordia
498 3440 629 3479 mea
662 3423 921 3479 miserere
956 3423 1081 3478 mei.
1125 3422 1401 3486 Miserere,
1433 3420 1683 3486 Domine,
1714 3421 1880 3476 mise-

283 3532 419 3583 rere,
450 3516 704 3573 Christe.
740 3521 800 3567 ut
826 3513 966 3568 bene
996 3528 1177 3585 rogem
1207 3521 1278 3568 te.
1314 3510 1569 3568 Miserere
1590 3551 1606 3578 ,
1632 3510 1881 3591 Domine,

285 3609 586 3672 miserere,
619 3606 863 3671 Christe,
908 3612 970 3660 ut
1013 3604 1235 3677 dignum
1277 3618 1365 3659 me
1404 3602 1574 3658 facias
1616 3602 1880 3658 exaudiri.

284 3701 567 3765 Miserere,
605 3698 851 3763 Domine,
896 3697 1176 3760 miserere,
1208 3692 1441 3750 Christe.
1474 3693 1746 3750 Exaudias
1772 3707 1880 3758 me,

281 3804 338 3849 ut
364 3795 548 3851 sciam
586 3792 921 3847 voluntatem
949 3798 1131 3854 tuam;
1175 3788 1373 3842 doceas
1410 3795 1603 3852 me,.ut
1626 3786 1680 3840 in
1707 3785 1884 3840 chari-

281 3898 386 3945 tate
419 3899 516 3945 tua
551 3885 806 3945 enutrias
838 3900 943 3940 me.
987 3881 1277 3945 Miserere,
1320 3878 1567 3943 Domine,
1597 3878 1881 3945 miserere,

278 3985 524 4049 Christe,
557 3992 626 4037 ιιι
660 3981 881 4037 credam
920 3979 976 4036 in
1018 3986 1103 4042 te,
1132 3984 1195 4031 ut
1218 3988 1545 4050 cognoscam
1576 3981 1652 4036 te,
1682 3981 1741 4028 ut
1765 3971 1885 4027 dili-

275 4093 395 4147 gam
446 4086 526 4133 te.
592 4074 872 4138 Miserere,
930 4069 1178 4132 Domine,
1223 4067 1504 4128 miserere,
1544 4062 1782 4128 Christe,
1825 4071 1886 4118 ut

276 4182 493 4237 sperem
525 4166 588 4219 in
636 4171 708 4217 te.
749 4159 861 4233 44
890 4158 1145 4214 Miserere
1166 4197 1181 4222 ,
1209 4155 1459 4224 Domine,
1486 4153 1613 4222 quia
1639 4152 1886 4223 coinqui—

275 4264 467 4313 natum
523 4268 758 4309 sensum
807 4251 981 4306 habeo
1031 4250 1086 4304 in
1136 4247 1391 4303 omnibus
1427 4243 1884 4316 concupiscentiis

274 4347 507 4411 illicitis,
549 4353 618 4401 et
641 4360 710 4399 ex
737 4343 884 4399 omni
912 4342 1145 4397 elatione
1174 4348 1231 4395 et
1256 4339 1360 4403 ira,
1392 4345 1449 4393 et
1482 4336 1793 4408 suspicione
1828 4346 1885 4392 et

1985 491 2172 552 azloro,
2207 500 2257 546 te
2299 494 2579 557 conﬁteor,
2603 512 2708 565 pax
2749 512 2898 560 mea,
2921 512 3056 566 spes
3082 515 3221 563 mea,
3265 499 3403 566 laus,
3435 503 3565 567 vita,

1984 580 2324 649 pttlcltt'it'dtlo
2353 592 2409 637 et
2437 586 2710 640 beatitudo
2762 603 2903 651 mea,
2935 588 3260 645 conﬁdentia
3293 602 3350 646 et
3378 593 3569 649 ﬁducia

1985 685 2126 735 mea,
2157 673 2407 728 remissio
2446 673 2769 729 facinorum-
2798 686 2872 730 et.
2904 677 3227 748 ﬂagitiorum
3275 696 3520 737 meorum
3554 705 3567 739 :

1982 776 2137 816 amor
2169 778 2233 817 ac
2277 762 2675 819 ﬁrmamentum
2722 781 2899 820 meum
2921 808 2935 832 ,
2968 766 3259 840 refugium,
3290 770 3570 838 liberator,

1984 848 2300 923 [protector]
2329 861 2383 907 et
2430 861 2714 930 susceptor
2752 853 2895 909 Deus
2936 871 3087 911 meus
3115 874 3128 910 :
3155 857 3371 924 doctor,
3398 861 3571 917 medi-

1982 939 2125 1003 cina,
2158 940 2485 1012 gubernator
2523 956 2587 995 ac
2616 942 2926 1013 redemptor
2953 959 3127 1011 mens,
3169 948 3386 1017 requies
3427 964 3569 1010 mea.

1982 1032 2189 1086 sanitas
2219 1042 2273 1088 et
2297 1033 2583 1088 delectatio
2609 1050 2752 1101 mea,
2786 1034 2939 1089 testis
2967 1034 3203 1104 etjudex
3241 1054 3416 1104 meus,
3445 1056 3572 1095 san-

1982 1129 2066 1175 cta
2094 1120 2355 1187 Trinitas,
2382 1122 2760 1193 inseparabilis
2786 1122 3000 1180 Unitas.
3033 1124 3173 1180 Dens
3203 1128 3567 1197 omnipotens,

1981 1226 2069 1267 me
2097 1213 2166 1268 ab
2200 1214 2349 1268 omni
2396 1213 2537 1268 malo
2582 1213 2814 1270 liberare
2854 1215 3125 1288 digneris,
3149 1226 3205 1273 et
3243 1226 3330 1273 tua
3378 1218 3573 1291 sempi-

1982 1309 2138 1357 terna
2168 1303 2542 1359 benedictione
2587 1304 2929 1371 benedicere,
2960 1306 3049 1376 qui
3077 1325 3138 1365 es
3165 1313 3308 1365 Deus
3350 1309 3571 1365 benedi—

1980 1400 2121 1457 ctus,
2159 1392 2446 1450 ineﬁ‘ahilis
2481 1402 2537 1449 et
2568 1393 2989 1466 incorruptibilis
3023 1398 3077 1452 in
3107 1398 3302 1455 szecula
3347 1400 3570 1456 sazculo—

1980 1498 2121 1537 rum.
2152 1482 2347 1538 Amen.

2723 1597 2836 1658 ιΧ.

2380 1716 2704 1797 Confessio
2739 1726 3164 1796 peccatorum.

2053 1863 2166 1921 Sub
2191 1865 2587 1922 confessionem
2628 1875 2773 1921 tuam
2813 1865 3051 1922 futuram
3079 1865 3308 1922 viriliter
3345 1882 3464 1938 age,
3497 1876 3570 1923 te-

1980 1971 2086 2029 que
2131 1956 2187 2011 in
2235 1954 2466 2015 Domino
2506 1956 2836 2022 confortare,
2883 1965 2940 2013 et
2983 1956 3095 2013 noli
3140 1956 3486 2021 erubescere,
3515 1969 3571 2013 ct

1981 2049 2106 2118 quia
2134 2049 2261 2103 inde
2290 2052 2438 2106 venit
2466 2047 2834 2121 indulgentia,
2860 2063 2985 2103 cum
3028 2048 3083 2103 in
3125 2063 3224 2119 spe
3263 2048 3570 2106 misericor-

1983 2136 2083 2191 diae
2133 2134 2227 2191 Dei
2274 2136 2553 2191 humiliter
2592 2135 2877 2193 confessus
2905 2136 3081 2193 fueris
3118 2145 3341 2209 peccata
3372 2146 3485 2204 tua,
3516 2151 3573 2193 et

1981 2225 2270 2296 reliqueris
2307 2241 2401 2293 ea;
2436 2227 2562 2298 quia
2597 2227 2717 2282 sine
2746 2226 3095 2284 confessione
3131 2243 3240 2283 non
3264 2236 3367 2284 est.
3396 2228 3570 2284 indul—

1983 2316 2182 2387 gentia.
2208 2314 2265 2370 ln
2295 2316 2483 2385 primis
2507 2325 2791 2386 prosterno
2822 2324 2874 2371 te
2893 2316 3172 2373 humiliter
3199 2317 3254 2371 in
3276 2328 3569 2388 conspectu

1983 2405 2077 2462 Dei
2109 2408 2162 2462 in
2192 2414 2335 2463 terra
2361 2407 2430 2463 ad
2458 2409 2780 2474 orationem,
2811 2417 2867 2464 et
2888 2425 3017 2481 roga
3045 2409 3269 2479 beatam
3294 2409 3392 2466 Dei
3417 2412 3570 2481 geni-

1983 2499 2172 2555 tricem
2208 2499 2454 2566 Mariam,
2482 2508 2541 2556 ut
2584 2499 2700 2571 ipsa
2741 2500 3043 2556 intercedat
3083 2517 3182 2572 pro
3212 2509 3266 2558 te
3294 2502 3363 2558 ad
3389 2500 3571 2559 Domi,

1984 2609 2134 2659 num,
2167 2609 2290 2648 cum
2337 2593 2590 2649 omnibus
2642 2593 2848 2650 sanctis
2894 2593 3175 2664 apostolis,
3222 2594 3569 2666 martyribus.

1983 2684 2388 2741 confessoribus
2438 2692 2494 2740 et
2538 2682 2868 2755 virginibus;
2923 2691 2984 2738 ut
3033 2682 3177 2739 Deus
3225 2685 3573 2755 omnipotens

1984 2775 2236 2848 dignetur
2275 2775 2370 2830 tibi
2414 2775 2545 2830 dare
2587 2775 2911 2845 sapientiam
2952 2772 3272 2846 perfectam,
3303 2783 3361 2830 et
3394 2774 3574 2831 induis

1984 2868 2222 2941 gentiam
2270 2868 2485 2934 veram,
2507 2875 2564 2923 et
2608 2867 3087 2924 virtutemianimi
3132 2875 3475 2924 constantem
3504 2868 3572 2924 ad

1985 2958 2353 3014 conﬁtendum
2380 2960 2648 3015 veraciter
2684 2975 2750 3014 ex
2792 2960 2985 3016 intimo
3013 2960 3178 3016 corde
3202 2968 3427 3030 peccata
3459 2968 3570 3023 tua.

1986 3059 2041 3107 et
2069 3058 2255 3121 postea
2300 3066 2482 3122 surge,
2510 3060 2714 3106 etcum
2763 3050 2954 3106 ﬁducia
2985 3059 3040 3107 et
3079 3066 3208 3107 vera
3251 3051 3572 3107 credulitate

1986 3141 2072 3197 die
2093 3140 2277 3205 ei,cui
2295 3141 2541 3197 conﬁteri
2573 3141 2652 3197 vis
2675 3149 2898 3213 peccata
2930 3149 3022 3197 tua
3051 3160 3065 3196 :
3090 3142 3206 3198 Mea
3235 3142 3414 3213 culpa,
3443 3144 3570 3213 quia

1985 3232 2203 3303 peccavi
2233 3231 2394 3287 nimis
2423 3232 2478 3286 in
2505 3232 2867 3304 cogitatione,
2885 3231 3157 3288 locutione
3174 3240 3239 3288 et
3257 3247 3440 3303 apere.

2701 3339 2843 3396 Alia.

2053 3450 2328 3508 Conﬁteor
2354 3465 2539 3507 coram
2563 3450 2675 3506 Deo
2693 3450 3072 3521 omnipotenti,
3095 3458 3343 3506 creatore
3368 3450 3490 3505 coeli
3518 3459 3572 3505 et

1981 3552 2162 3607 terrai,
2184 3549 2241 3598 et
2265 3557 2453 3598 coram
2476 3540 2580 3597 hoc
2599 3539 2757 3596 altari
2786 3547 2999 3605 sancto,
3023 3548 3080 3595 et
3097 3540 3300 3595 sanctis
3325 3539 3569 3610 reliquiis

1982 3648 2103 3705 qua:
2141 3632 2198 3689 in
2224 3632 2330 3688 hoc
2357 3632 2481 3687 loco
2503 3637 2878 3696 sanctosunt;
2908 3630 3035 3700 quia
3066 3630 3231 3686 nimis
3257 3630 3477 3701 peccavi
3515 3630 3569 3685 in

1982 3722 2402 3794 cogitationibus
2446 3720 2875 3785 nefandissimis,
2902 3720 3221 3776 delectando
3246 3728 3303 3775 et
3341 3736 3572 3775 consen-

1983 3813 2164 3869 tieudo
2204 3811 2329 3876 illis,
2367 3820 2425 3866 et
2462 3810 2794 3875 meditando,
2832 3808 3173 3880 disponendo
3207 3811 3262 3863 in
3301 3825 3488 3874 sensu,
3518 3820 3573 3864 et

1984 3905 2270 3968 memoria,
2296 3918 2363 3958 ac
2386 3902 2665 3957 voluntate
2692 3914 2835 3965 mea,
2857 3899 3095 3970 qualiter
3120 3899 3337 3970 explere
3372 3900 3573 3969 potuis-

1983 4012 2101 4054 sem
2130 4010 2314 4067 opere,
2339 4008 2460 4065 quae
2486 3991 2628 4047 male
2654 3990 2976 4065 cogitabam.

2709 4106 2853 4163 Alia.

2023 4228 2028 4232 ’
2053 4221 2344 4289 Conﬁteor,
2371 4223 2496 4292 quia
2524 4219 2750 4293 peccavi
2778 4218 2942 4275 nimis
2962 4219 3018 4274 in
3045 4217 3388 4276 sermonibus
3414 4218 3581 4275 vanis-

1984 4324 2041 4371 et
2067 4312 2358 4370 immundis
2386 4321 2443 4368 et
2466 4312 2734 4383 turpibus,
2759 4311 2953 4367 otiosis
2978 4318 3035 4368 et
3053 4309 3260 4367 nocuis.
3293 4308 3570 4365 Conﬁteor

648 4398 904 4487 Miserere
921 4472 937 4499 ,
978 4430 1225 4486 Domine'
1243 4398 1385 4484 Dens
1430 4398 1796 4497 omnipotens,
1823 4435 1885 4481 ut
1911 4442 1959 4503 ο
1984 4407 2106 4462 Odia
2131 4404 2319 4508 Ῡονάίῆ
2336 4404 2466 4507 me}:
2488 4412 2544 4460 ει
2562 4402 2903 4505 ἀοίοεξίίξιθθν
2935 4409 2991 4458 ει
3014 4398 3571 4509 ίηνξάίδθνίίξψξξιίο·

272 4490 627 4596 cognoscam
656 4530 712 4575 et
738 4490 954 4592 diligam
996 4503 1269 4575 vinculum
1313 4490 1597 4573 charitatis
1634 4530 1884 4586 perseve-

1988 4512 2109 4561 nes,
2136 4496 2553 4566 impatientiam,
2582 4493 2850 4558 convicia,
2881 4491 3277 4553 contentiones,
3308 4490 3569 4559 diiudica-

273 4623 485 4669 ranter.
529 4612 818 4675 Miserere,
850 4610 1019 4675 Deus,
1046 4616 1160 4664 uta
1184 4615 1360 4664 morte
1398 4614 1659 4679 perpetua
1685 4605 1889 4676 eripias

274 4720 376 4758 me.
414 4703 725 4763 Miserere,
755 4698 920 4763 Deus,
950 4707 1010 4755 ut
1038 4699 1104 4754 de
1141 4698 1393 4757 omnibus
1419 4697 1659 4768 peccatis
1688 4706 1745 4751 et
1776 4697 1884 4753 cri-

190 4802 197 4807 ‘
274 4793 529 4848 minibus
576 4790 717 4846 meis
766 4805 946 4843 veram
988 4788 1364 4861 paenitentiam
1405 4796 1462 4842 et
1499 4787 1885 4858 indulgentiam

271 4884 490 4937 tribuas
539 4876 703 4935 mihi.
737 4877 1013 4943 Miserere,
1044 4877 1222 4943 Deus,
1250 4885 1310 4930 ιιι
1347 4877 1725 4932 remissionum
1772 4891 1888 4931 om-

273 4975 426 5029 nium
492 4979 859 5045 peccatorum
906 4984 1153 5024 meorum
1203 4967 1474 5024 concedas
1521 4966 1672 5032 milii,
1722 4974 1781 5020 ut
1820 4966 1890 5021 ab

1985 4590 2182 4655 tiones,
2211 4587 2595 4659 blaSphemias,
2624 4583 2969 4657 turpiloquia,
3008 4581 3390 4647 scurrilitates,
3418 4596 3571 4636 men-

1986 4679 2160 4744 dacia,
2201 4677 2507 4742 maledicta,
2542 4674 2807 4746 perjuria,
2837 4671 3067 4728 consilia
3109 4670 3317 4742 iniqua,
3348 4687 3567 4726 excusa-

1989 4770 2162 4825 tiones
2213 4778 2558 4840 peccatorum
2602 4779 2869 4830 meorum,
2918 4763 3225 4831 irrisiones,
3267 4764 3571 4820 dissimula-

1992 4863 2205 4926 tiones,
2254 4858 2618 4923 adulationes,
2666 4855 3190 4927 improperationes,
3245 4853 3569 4919 inflationes,

1995 4950 2460 5014 tumnltuaticncs,
2488 4946 3306 5013 malevolentias,seductiones,
3336 4944 3570 5009 furores,

1993 5043 2417 5116 indignationes,
2443 5039 2798 5104 ambitiones,
2819 5038 3289 5109 concupiscentias
3313 5037 3494 5093 carnis
3518 5045 3573 5092 et

1994 5136 2306 5201 oculorum,
2377 5143 2434 5190 ct
2499 5133 2817 5204 superbias,
2876 5132 3123 5188 tristitias
3154 5172 3168 5195 ,
3234 5130 3569 5194 timiditates,

1995 5226 2247 5284 mollities
2284 5225 2474 5289 animi,
2505 5225 2660 5279 tredia
2690 5223 2889 5289 multa,
2910 5222 3286 5293 ncgligentias,
3313 5221 3574 5276 securita-

1991 5328 2096 5382 tes,
2116 5316 2324 5388 vigilias
2347 5313 2587 5377 inutiles,
2610 5322 2669 5369 et
2686 5313 2797 5367 Deo
2816 5310 3164 5381 displicentes
3180 5309 3497 5375 cdacitates,
3517 5317 3575 5367 et

1989 5408 2302 5467 bibitiones,
2325 5414 2381 5459 et
2405 5402 2729 5467 locutiones,
2758 5412 2811 5457 et
2849 5399 3204 5456 dormitiones
3245 5398 3571 5471 superﬂuas,

1992 5507 2046 5553 et
2076 5496 2407 5552 inordinatus
2438 5491 2686 5549 carnales
2728 5489 3215 5559 concupiscentias,
3244 5498 3299 5544 et
3328 5489 3573 5561 tyranni-

1992 5589 2087 5644 des
2126 5587 2303 5643 cordis
2343 5585 2448 5641 mei
2484 5582 2731 5654 iniquas,
2762 5590 2816 5636 et
2852 5595 3065 5635 amaras
3104 5588 3265 5651 atque
3308 5577 3569 5652 impiissi-

1993 5696 2131 5736 mas.

267 5065 422 5119 omni
456 5059 825 5117 tribulatione
848 5058 1047 5128 eripias
1077 5074 1189 5122 me,
1210 5065 1266 5111 et
1285 5055 1353 5109 ab
1378 5054 1523 5111 omni
1552 5054 1891 5110 immunditia

269 5156 460 5209 θυι-,ἷξε
487 5162 554 5208 et
578 5150 825 5221 corporis
848 5149 1045 5204 liberes
1071 5163 1179 5212 me,
1205 5155 1483 5215 totumque
1509 5144 1749 5199 fomitem
1772 5143 1891 5199 libi-

266 5248 414 5303 dinis
448 5242 792 5314 exstinguas
823 5243 876 5297 in
904 5256 1013 5304 me,
1044 5255 1106 5294 ac
1145 5239 1212 5292 ab
1242 5237 1492 5293 omnibus
1531 5234 1743 5290 insidiis
1777 5234 1890 5287 dia-

268 5338 377 5392 boli
405 5345 469 5392 et
484 5332 656 5389 omni
674 5331 813 5387 malo
829 5331 1025 5407 liberes
1050 5345 1154 5385 me.
1176 5327 1451 5389 Miserere,
1479 5323 1703 5379 Domine
1725 5322 1892 5385 Deus,

265 5429 594 5490 miserere,
625 5431 682 5476 ut
722 5409 903 5477 anima
952 5436 1071 5476 mea
1120 5420 1266 5474 vivat
1318 5418 1369 5472 in
1415 5425 1488 5481 te,
1523 5424 1577 5471 et
1615 5415 1724 5469 vita
1773 5428 1890 5467 mea

264 5519 546 5593 proficiat
578 5517 639 5571 in
681 5524 750 5570 te.
782 5514 1062 5578 Miserere,
1096 5511 1323 5566 Domine
1353 5509 1497 5564 Deus
1521 5507 1702 5569 Pater,
1724 5504 1891 5576 gloria

263 5624 421 5675 mea,
467 5606 603 5664 vita
651 5619 793 5668 mea,
836 5603 983 5680 salus
1027 5617 1093 5656 ac
1137 5595 1395 5654 fortitudo
1425 5611 1563 5651 mea.
1613 5593 1888 5655 Miserere,

265 5701 534 5776 Spiritus
604 5696 891 5768 paraclcte,
936 5689 1234 5752 consolatio
1286 5698 1340 5744 ct
1392 5685 1710 5743 illuminatio
1750 5697 1894 5739 mea.
