3908 6184
296 323 407 380 499

1020 435 1158 487 Alia.

365 526 662 591 Conﬁteor,
700 526 823 594 quia
870 534 1088 596 propter
1125 526 1370 595 corporis
1412 526 1515 579 mei
1564 527 1886 580 suavitatem

296 629 354 675 et
380 619 826 687 delectationem,
862 618 958 675 Dei
1006 625 1272 688 prmcepta
1318 618 1621 686 postposui,
1653 626 1708 672 et
1747 633 1888 687 saepe

296 710 510 783 vigilias
553 716 772 766 sanctas
801 701 1004 772 dimisi,
1032 715 1088 761 et
1133 705 1549 760 somnolentiam
1595 722 1771 762 meam
1801 722 1890 761 ex—

296 803 439 875 plevi
481 821 495 856 :
541 799 823 867 desidiam,
881 786 1193 864 mollitiem,
1242 800 1537 869 pigritiam,
1591 809 1886 870 torporem,

301 894 591 964 ignaviam,
621 892 813 963 plenus
845 889 1063 945 fastidio
1089 888 1196 960 45
1223 888 1453 959 spiritali
1499 900 1717 945 secutus
1746 908 1883 947 sum.
1941 906 1947 925 ε

295 983 402 1040 Per
425 982 735 1054 superbiam
760 989 815 1036 et
850 980 1138 1065 elationem
1169 978 1264 1033 Dei
1292 988 1560 1050 praecepta
1593 990 1892 1053 transgres-

295 1093 389 1132 sus
423 1092 566 1139 sum,
588 1084 643 1131 et
669 1090 757 1129 me
797 1073 1073 1128 meliorem
1102 1074 1314 1129 carteris
1358 1075 1543 1144 putavi
1571 1095 1582 1128 :
1611 1076 1677 1131 de
1706 1077 1887 1131 multis

294 1169 459 1223 rebus
505 1165 806 1235 voluptates
834 1163 1102 1229 carnales,
1131 1172 1186 1219 et
1226 1165 1617 1231 immunditias,
1647 1165 1889 1235 pollutio-

296 1275 417 1325 nes,
442 1259 762 1324 ebrietates,
803 1258 1254 1324 comessationes,
1296 1259 1567 1325 convivia,
1616 1258 1885 1330 crapulas,

295 1347 582 1404 manifeste
603 1356 659 1404 et
676 1348 906 1414 occulte,
937 1364 1222 1419 perperam
1244 1348 1362 1422 [F.,
1392 1349 1720 1421 perpetravi]
1748 1359 1804 1408 et
1831 1352 1885 1404 in

296 1436 382 1491 his
427 1437 556 1491 totis
604 1437 860 1492 sensibus
906 1438 1065 1503 meis,
1095 1446 1352 1508 tanquam
1407 1439 1459 1493 in
1509 1439 1719 1493 deliciis
1747 1440 1888 1495 delc-

295 1537 450 1584 ctans
486 1529 625 1582 male
646 1528 993 1597 suaviterque
1014 1529 1275 1598 requievi.
1310 1529 1714 1584 Dominicorum
1747 1530 1882 1596 dies,

295 1628 351 1673 et
387 1626 607 1673 sanctas
646 1617 743 1673 Dei
774 1617 1167 1683 solemnitates,
1199 1627 1254 1675 et
1283 1628 1595 1675 sanctorum
1629 1620 1889 1675 festivita~

299 1720 381 1764 tes
410 1707 648 1779 indigne,
681 1717 737 1763 et
773 1708 892 1764 sine
919 1707 1015 1764 Dei
1046 1709 1238 1766 timore
1275 1711 1507 1776 deduxi,
1531 1720 1586 1767 et
1614 1712 1749 1766 nihil
1780 1713 1887 1782 spi-

1151 323 1211 379 n.
1256 324 1315 379 ι’.
1358 284 1583 379 Atat-xl
1622 323 1752 380 seu
1793 322 2073 379 ALCUINI
2106 324 2389 383 omnem
2428 328 2606 384 rans
2644 330 2730 385 iv.

3467 337 3579 393 500

1915 439 1962 495 Λ
1991 450 2095 491 non
2124 437 2359 503 visitavi,
2392 441 2631 496 nudosve
2658 444 2869 510 operui,
2903 454 2963 498 ut
3004 446 3283 502 debebam.
3328 449 3585 521 Hospites

1990 533 2045 580 et
2071 529 2383 598 peregrinos
2418 540 2640 600 propter
2667 533 2833 588 Deum
2861 550 2968 590 non
3008 540 3241 608 suscepi.
3271 540 3589 600 Esurientcs

1990 628 2044 674 et
2073 620 2318 677 sitientes
2344 638 2450 676 non
2482 623 2663 680 refeci.
2711 626 2960 684 Dolcntes
2998 638 3055 684 ct
3099 630 3292 690 ﬂentes
3315 650 3423 691 non
3463 654 3583 693 sum

1990 712 2320 767 consolatus.
2351 714 2731 772 Discordantcs
2773 719 2915 774 inter
2938 736 2998 777 se
3021 722 3141 792 plus
3170 725 3238 780 ad
3260 726 3397 782 iram
3421 745 3582 798 quam

1990 801 2057 856 ad
2095 818 2285 871 pacem
2326 806 2634 875 provocari.
2686 807 2883 863 Malum
2920 822 2977 865 et
3030 814 3253 871 credere
3293 824 3349 872 et
3393 820 3586 875 audire

1990 892 2151 946 malui
2181 908 2341 962 quam
2369 894 2598 963 bonum;
2631 906 2686 951 et
2715 901 3051 957 mendacium
3094 905 3244 973 prius
3288 922 3451 977 quam
3491 923 3586 965 ve-

1991 983 2204 1039 ritatem
2238 999 2252 1037 :
2284 993 2337 1040 et
2378 987 2521 1056 quod
2553 990 2786 1046 maxime
2821 994 3043 1049 credere
3088 996 3268 1064 debui,
3312 1014 3418 1056 non
3462 1018 3585 1058 ere.

1990 1075 2121 1137 didi,
2166 1076 2387 1144 etquod
2434 1093 2540 1133 non
2572 1081 2731 1136 debui
2775 1084 3019 1152 credere,
3070 1088 3298 1144 credidi.
3332 1089 3486 1163 Saepe
3512 1094 3583 1149 ad

1988 1165 2186 1219 malum
2234 1168 2503 1234 consensi,
2548 1168 2894 1230 detrahentes
2922 1175 3156 1233 libenter
3185 1180 3363 1237 audivi
3400 1202 3414 1237 :
3463 1200 3582 1241 tne—

1989 1256 2164 1325 ipsum
2208 1272 2305 1329 per
2348 1259 2585 1314 carnalia
2617 1261 2902 1329 desideria,
2937 1275 2991 1321 et
3024 1268 3196 1324 malas
3228 1273 3583 1340 cogitationes

1987 1360 2051 1399 ac
2076 1345 2396 1416 voluntates,
2426 1358 2480 1403 et
2507 1350 2647 1406 mala
2675 1367 2837 1422 opera
2864 1358 3223 1414 contaminari
3253 1371 3308 1416 et
3349 1365 3579 1433 perdidi,

1987 1444 2041 1491 et
2069 1438 2155 1492 cui
2197 1454 2393 1497 nocere
2430 1443 2599 1514 potui,
2634 1446 2812 1512 nocui,
2853 1456 2908 1503 et
2949 1449 3162 1507 diabolo
3206 1459 3478 1522 consensi,
3526 1468 3582 1513 et

1989 1527 2246 1597 voluptati
2273 1529 2418 1587 illius
2442 1534 2717 1602 peccando
2756 1550 2843 1591 me
2865 1537 3098 1596 subdidi.
3126 1541 3423 1611 Confiteor,
3449 1549 3577 1617 quia

1987 1618 2212 1674 multum
2254 1623 2473 1692 peccavi
2506 1623 2562 1678 in
2601 1625 2741 1693 visu,
2772 1628 2983 1696 auditu,
3025 1640 3206 1700 gustu,
3236 1635 3484 1702 odoratu,
3527 1648 3583 1693 ct

1990 1718 2163 1776 tactu;
2194 1712 2245 1766 in
2276 1714 2503 1782 pedibus
2531 1726 2586 1772 et
2628 1718 2682 1771 in
2711 1719 2959 1776 manibus
3001 1724 3155 1788 meis,
3202 1735 3260 1781 et
3297 1728 3352 1783 in
3397 1729 3579 1800 lingua

298 1797 455 1854 ritate
492 1798 547 1852 in
596 1798 683 1853 bis
727 1798 1019 1855 meditatus
1064 1815 1205 1866 sum,
1236 1800 1334 1856 sed
1382 1809 1551 1856 totum
1596 1779 1887 1857 carnaliter
1920 1779 1961 1837 Β
1990 1814 2127 1864 mea,
2162 1779 2321 1871 atque
2348 1802 2401 1859 in
2429 1804 2753 1877 genitalibus
2778 1811 3037 1867 membris
3075 1815 3230 1880 meis,
3272 1825 3329 1871 et
3366 1818 3422 1874 in
3461 1779 3579 1875 (rm-

296 1888 405 1959 egi,
435 1888 677 1942 intentus
722 1887 790 1941 ad
837 1896 1177 1943 saturitatem
1208 1891 1442 1956 ventris,
1474 1900 1531 1945 et
1565 1891 1633 1945 ad
1660 1891 1888 1946 dissolu-

301 1979 509 2034 tionem
545 1978 712 2044 risus,
763 1987 819 2034 et
862 1979 972 2049 joci
1025 1981 1149 2034 vani
1200 1982 1525 2037 discursus:
1574 1982 1887 2053 religiosum

297 2079 498 2127 statum
517 2086 643 2126 eum
667 2072 859 2127 timore
887 2071 984 2127 Dei
1016 2082 1350 2139 reverenter,
1378 2082 1538 2145 prout
1565 2074 1745 2140 debui,
1777 2091 1883 2129 non

297 2160 588 2216 custodivi.
618 2160 676 2216 lu
705 2168 893 2216 sancta
925 2161 1181 2229 ecclesia,
1211 2164 1338 2218 dum
1379 2165 1448 2219 ad
1493 2180 1628 2235 opus
1656 2164 1751 2219 Dei
1798 2180 1888 2219 ac-

297 2253 443 2308 cessi
469 2260 526 2308 et
570 2252 819 2319 interfui,
845 2254 1013 2309 multa
1042 2270 1182 2309 vana
1212 2264 1269 2312 et
1293 2259 1436 2312 mala
1482 2259 1735 2330 cogitavi,
1767 2274 1888 2329 per—

297 2346 502 2417 petrari
534 2352 590 2401 et
613 2345 826 2402 locutus
851 2350 1000 2415 suln;
1031 2357 1088 2405 et
1112 2364 1254 2421 saepe
1283 2351 1451 2407 nimio
1473 2366 1666 2406 somno
1693 2367 1886 2422 grava:

298 2447 387 2494 tus
405 2436 604 2494 multas
633 2438 841 2509 perdidi
869 2443 1166 2510 orationes,
1194 2444 1454 2499 lectiones
1477 2452 1532 2499 et
1558 2444 1886 2515 psalmodias

298 2544 425 2583 unm
463 2527 674 2585 officiis.
727 2529 864 2586 Nam
908 2541 964 2588 et
1015 2534 1243 2602 vigilans
1295 2534 1607 2604 frequenter
1652 2535 1886 2591 alienata

299 2621 565 2676 memoria
618 2622 873 2677 discurrit
901 2624 1052 2680 visus
1086 2641 1240 2681 meus
1284 2610 1511 2681 interior
1544 2644 1642 2697 per
1688 2628 1886 2687 multas

300 2723 482 2763 rerum
510 2716 848 2765 terrenarum
882 2712 1289 2783 dispositiones,
1315 2724 1370 2771 et
1404 2731 1502 2785 per
1548 2716 1762 2774 illicitas
1791 2720 1888 2774 ob-

299 2798 639 2865 lectationes,
665 2816 832 2856 vanas
858 2817 922 2857 ac
954 2810 1136 2874 turpes
1171 2806 1572 2873 meditationes,
1600 2809 1886 2882 variosque

299 2904 542 2956 errores;
577 2892 721 2947 unde
767 2903 1061 2980 occupatus
1112 2912 1306 2954 sensus
1351 2914 1503 2955 meus
1545 2902 1663 2958 sine
1707 2901 1883 2958 fructu

299 2980 527 3051 spiritali
558 2981 805 3038 efficitur.

876 3076 996 3132 Alia
1026 3080 1301 3150 confessio.

371 3166 697 3221 Consecrata
729 3169 821 3223 Dei
857 3170 1175 3235 ministeria,
1206 3181 1261 3228 et
1286 3183 1501 3230 sanctas
1527 3177 1801 3248 reliquias,
1830 3188 1884 3234 et

302 3264 519 3310 sanctos
547 3257 778 3323 codices,
800 3269 855 3314 et
881 3270 1069 3316 sancta
1113 3278 1240 3318 vasa
1276 3265 1526 3337 indiguus
1564 3276 1618 3324 ct
1654 3259 1888 3339 pollutus

305 3349 479 3419 tetigi,
510 3358 565 3404 et
589 3350 805 3408 sordide
830 3360 991 3423 atque
1013 3354 1347 3426 negligenter
1381 3362 1730 3415 contrectari.
1757 3361 1889 3417 Cor-

304 3455 405 3509 pus
431 3448 487 3496 et
514 3443 828 3511 sanguinem
863 3442 1073 3499 Domini
1102 3445 1305 3514 polluto
1344 3451 1506 3504 corde
1541 3458 1596 3505 et
1640 3466 1887 3522 corpore,

304 3531 420 3585 sine
445 3530 785 3591 confessione
820 3542 876 3589 et
913 3534 1251 3604 ptenitentia,
1288 3538 1523 3595 scienter
1555 3540 1772 3612 indigne
1799 3558 1890 3598 ac-

302 3622 444 3689 cepi,
472 3637 572 3676 nec
598 3620 863 3692 judicium
909 3625 1002 3681 Dei
1049 3641 1213 3697 super
1258 3644 1345 3684 me
1386 3639 1672 3686 venturum
1710 3641 1893 3688 exter-

304 3711 442 3766 ritus
487 3711 662 3779 timui,
713 3722 774 3768 nt
818 3714 1011 3772 timere
1057 3718 1235 3773 debui.
1286 3718 1472 3775 Ofﬁcia
1516 3725 1794 3788 canonica,
1836 3732 1891 3779 et

303 3804 581 3861 orationes
609 3814 771 3878 atque
797 3808 1124 3877 psalmodias
1158 3810 1244 3866 vel
1275 3811 1534 3868 lectiones
1559 3812 1892 3885 negligenter

305 3904 469 3966 atque
497 3894 858 3953 irreverenter
885 3898 939 3957 in
977 3909 1269 3971 conspectu
1294 3901 1390 3956 Dei
1428 3902 1611 3969 effudi,
1641 3914 1697 3960 et
1722 3906 1889 3960 multa

307 3984 509 4050 dimisi,
553 4001 675 4054 quae
717 4003 823 4042 non
867 3989 1020 4045 solvi.
1066 3990 1283 4046 Patrem
1327 4008 1506 4048 meum
1548 4004 1605 4048 et
1639 4003 1886 4060 matrem,

306 4072 505 4128 fratres
534 4090 682 4130 meos
711 4086 766 4132 ct
792 4094 1030 4145 sorores,
1070 4089 1125 4136 et
1150 4096 1338 4136 omnes
1377 4083 1706 4152 propinquos
1741 4100 1891 4139 meos

305 4174 363 4217 et
386 4162 739 4228 Christianos,
776 4181 902 4232 non,
929 4169 1070 4223 sicut
1096 4172 1351 4240 prmcepit
1384 4171 1547 4237 Deus,
1572 4172 1732 4227 dilexi
1758 4191 1885 4244 pro-

306 4259 430 4320 pter
456 4251 648 4318 Deum,
695 4261 750 4309 et
787 4270 889 4309 nec
929 4257 1008 4311 eis
1036 4257 1257 4313 honoris
1286 4258 1602 4329 obsequium
1631 4263 1884 4328 exhibui;

308 4342 402 4396 sed
431 4356 642 4414 semper
677 4344 929 4400 omnibus
968 4348 1258 4403 carnaliter
1298 4350 1509 4420 placere
1552 4351 1715 4417 volui,
1764 4355 1887 4423 quia

305 4446 428 4499 qum
464 4446 582 4486 mea
613 4442 761 4498 sunt,
791 4434 1011 4503 quazsivi
1053 4437 1253 4505 potius,
1284 4453 1451 4508 quam
1476 4456 1595 4510 qua:
1636 4441 1750 4496 Dei.
1780 4445 1887 4499 Ad-

306 4530 586 4577 versantes
633 4532 687 4577 et
724 4523 1118 4580 calumniantes
1147 4541 1232 4582 me
1263 4544 1369 4583 non
1395 4529 1564 4585 solum
1594 4533 1885 4586 secundum

308 4611 403 4666 Dei
443 4622 770 4683 praeceptum
821 4630 929 4669 non
968 4615 1147 4681 dilexi,
1189 4633 1290 4673 nec
1324 4620 1595 4690 patienter
1617 4622 1884 4687 sustinui;

308 4704 404 4758 sed
438 4705 657 4774 insuper
676 4706 879 4761 malum
906 4722 1003 4776 pro
1034 4708 1179 4764 malo
1203 4710 1518 4782 ampliatum
1550 4713 1629 4765 eis
1658 4710 1891 4778 reddidi,

309 4801 364 4849 et
382 4807 523 4864 sarpe
557 4796 755 4852 malum
788 4814 885 4868 pro
910 4800 1051 4855 bono
1080 4799 1304 4857 reddere
1347 4802 1638 4858 decertavi.
1671 4804 1889 4875 Episco-

308 4902 435 4955 pos,
481 4889 845 4959 presbyteros,
888 4891 1128 4955 abbates,
1172 4895 1484 4960 monachos,
1521 4898 1808 4953 canonicos
1837 4908 1890 4953 et

308 4994 525 5033 outnem
540 4979 743 5035 clerum
769 4981 1020 5037 Ecclesia:
1038 4982 1157 5048 Dei,
1181 5001 1398 5041 necnon
1424 4996 1475 5041 et
1488 4989 1696 5058 priores
1717 5008 1889 5056 meos,

308 5085 401 5123 seu
450 5071 503 5124 in
540 5070 868 5127 sublimitate
911 5076 1118 5145 positos
1156 5092 1262 5132 non
1304 5080 1506 5145 amavi,
1557 5097 1655 5136 nec
1702 5083 1888 5149 dilexi,

309 5177 486 5233 neque
526 5164 748 5220 honoris
803 5164 1126 5238 obsequium
1169 5170 1376 5239 praebui
1420 5173 1520 5237 eis,
1567 5175 1707 5229 sicut
1751 5177 1893 5232 Deus

310 5257 585 5326 pnecepit,
616 5258 711 5313 sed
745 5258 963 5329 insuper
992 5261 1292 5331 vituperavi
1333 5279 1449 5330 eos,
1478 5274 1535 5319 et
1566 5266 1777 5322 detraxi
1810 5277 1892 5322 at-

308 5358 416 5413 que
444 5347 749 5417 dijudicavi.
773 5347 1019 5407 Decimus
1049 5350 1138 5406 vei
1159 5352 1426 5422 primitias
1451 5355 1713 5412 bonorum
1742 5373 1890 5413 meo-

310 5455 429 5494 rum
451 5457 554 5497 non
573 5443 801 5509 reddidi,
818 5445 1240 5515 hospitalitatem
1263 5461 1368 5502 non
1386 5447 1765 5514 dilexi,veram
1787 5448 1892 5505 fra-

312 5529 619 5586 ternitatem
656 5546 794 5601 puro
830 5536 994 5590 corde
1020 5550 1125 5591 non
1160 5536 1446 5601 custodivi,
1479 5536 1819 5594 latrocinium
1839 5547 1893 5593 et

310 5621 512 5677 furtum
559 5624 817 5680 abscondi
861 5635 917 5681 et
960 5629 1196 5690 comedi,
1246 5629 1794 5701 latrocinantibusque
1838 5641 1893 5687 et

310 5711 764 5769 ahscondentibus
796 5715 1074 5770 consensi.
1121 5715 1367 5772 Inﬁrmus
1421 5726 1474 5774 et
1528 5719 1891 5776 incarceratos

1910 3123 1958 3185 C

1918 4479 1973 4541 υ

1987 1887 2145 1943 nibus
2172 1891 2308 1946 meis
2332 1893 2579 1950 sensibus
2600 1895 2767 1952 multa
2802 1897 2941 1955 mala
2967 1905 3291 1972 perpetravi.
3315 1904 3575 1977 Repletus

1986 1979 2133 2033 omni
2157 1979 2461 2050 iniquitate,
2485 1985 2690 2041 malitia
2711 1996 2767 2043 et
2792 1991 3053 2060 nequitia,
3080 1991 3182 2049 feci
3205 1996 3569 2068 sacrilegium,

1986 2067 2358 2138 homicidium,
2401 2071 2743 2143 adulterium,
2785 2077 2979 2135 falsum
3025 2067 3420 2153 tcStimonium,
3459 2087 3573 2142 fur-

1989 2167 2123 2224 tum,
2157 2160 2421 2231 rapinam,
2461 2163 2757 2234 perjurium
2786 2187 2798 2222 :
2826 2184 3021 2227 usuras
3067 2174 3211 2228 tenui
3238 2174 3398 2246 longo
3436 2185 3573 2232 tem-

1986 2263 2137 2320 pore,
2168 2250 2374 2307 reddidi
2400 2255 2601 2310 malum
2645 2273 2744 2326 pro
2769 2259 2951 2326 bonis;
2991 2271 3047 2316 et
3097 2279 3201 2319 non
3242 2266 3415 2322 solum
3445 2269 3573 2334 is'a,

1988 2342 2083 2396 sed
2108 2350 2161 2396 et
2187 2342 2289 2396 alia
2315 2347 2452 2399 mala
2492 2345 2594 2402 fcci
2639 2349 2828 2416 multa,
2871 2360 2924 2406 ct
2961 2352 3281 2412 facientibus
3300 2361 3573 2414 consensi.

1988 2430 2100 2502 Ego
2129 2432 2294 2488 miser
2322 2437 2538 2504 peccavi
2584 2440 2766 2504 nimis,
2797 2442 2921 2511 quia
2953 2446 3343 2518 cleemosynas,
3373 2459 3430 2505 et
3457 2452 3574 2520 pri-

1988 2523 2189 2589 mitias,
2205 2532 2366 2594 atquc
2382 2526 2643 2594 decimas,
2657 2545 2791 2600 quas
2810 2532 2909 2586 sub
2922 2532 3007 2588 ob:
3019 2543 3142 2589 cntu
3166 2539 3452 2595 sacerdotii
3480 2557 3577 2609 su;-

1986 2615 2150 2685 sccpi,
2193 2615 2331 2671 male
2370 2619 2618 2689 expendi,
2642 2629 2697 2674 et
2733 2623 2788 2677 in
2827 2625 3057 2695 propriis
3100 2627 3290 2683 usibus
3329 2631 3464 2686 meis
3509 2650 3578 2687 ea

1986 2706 2317 2776 consumpsi,
2349 2716 2405 2762 et
2432 2708 2560 2763 illud
2585 2710 2728 2780 quod
2758 2712 2882 2769 inde
2909 2714 3071 2770 debui
3090 2715 3286 2783 facere,
3310 2734 3417 2773 non
3437 2719 3570 2778 feci.

1987 2797 2230 2862 Peccavi,
2260 2798 2404 2866 quod
2430 2800 2710 2871 negligens
2739 2802 2811 2855 fui
2844 2803 2909 2857 de
2935 2821 3059 2861 meo
3080 2822 3267 2873 cursu,
3289 2824 3449 2879 quem
3477 2826 3575 2882 per

1987 2887 2150 2942 horas
2161 2887 2449 2944 canonicas
2463 2889 2746 2946 exsolvere
2759 2892 2917 2947 debui
2936 2910 2950 2960 ;
2974 2895 3108 2949 etde
3129 2911 3245 2951 mea
3258 2898 3582 2969 psalmodia,

1986 2990 2042 3037 et
2061 2980 2128 3036 de
2147 2982 2282 3037 meis
2299 2982 2654 3050 orationibus,
2672 2986 2804 3042 etde
2823 3002 2944 3043 meo
2962 2989 3287 3057 ministerio,
3300 2994 3444 3062 quod
3466 3011 3581 3051 non

1988 3070 2252 3127 custodiri
2282 3073 2582 3131 secundum
2617 3075 2883 3132 ordinem.
2920 3076 3144 3134 Peccavi
3166 3079 3232 3135 de
3262 3080 3366 3137 illis
3399 3084 3579 3153 ι)ωηί-

1993 3166 2230 3222 tentibus
2257 3168 2348 3237 qui
2376 3167 2445 3223 ad
2474 3183 2561 3224 me
2587 3177 2809 3240 propter
2831 3170 2942 3244 46
2970 3172 3362 3230 confessionem
3403 3192 3576 3232 vene-

1990 3265 2147 3331 runt,
2178 3273 2314 3327 quos
2345 3272 2445 3328 ego
2475 3274 2573 3315 nec
2620 3261 2916 3316 secundum
2958 3265 3277 3320 canonicum
3313 3266 3582 3335 judicium

1983 3345 2242 3416 judicavi,
2270 3361 2375 3403 nec
2399 3347 2660 3404 sollicitus
2692 3348 2767 3405 fui
2799 3352 2864 3406 de
2891 3351 3016 3420 illis,
3065 3353 3207 3408 sicut
3234 3355 3413 3411 debui.
3447 3356 3586 3414 Pec—

1989 3436 2107 3493 cavi
2131 3451 2257 3510 erga
2278 3438 2521 3495 subditos
2542 3440 2696 3519 mihi,
2722 3443 2849 3513 quia
2870 3443 3014 3499 circa
3040 3444 3374 3517 negligentes
3400 3446 3580 3503 zelum

1991 3531 2329 3587 rectitudinis
2350 3530 2500 3600 justo
2529 3533 2898 3590 moderamine
2938 3551 3044 3591 non
3093 3538 3262 3603 tenui,
3293 3546 3353 3593 ut
3379 3538 3577 3606 debui;

1990 3627 2045 3674 et
2068 3606 2209 3690 Saepe
2238 3635 2333 3691 per
2357 3621 2603 3677 inutilem
2646 3623 3020 3679 remissionem
3065 3625 3144 3681 eis
3190 3627 3585 3695 condescendi,

1990 3709 2205 3779 quando
2224 3724 2333 3764 non
2362 3710 2541 3765 debui.
2586 3709 2813 3767 Peccavi
2863 3721 3149 3784 postquam
3185 3715 3467 3773 confessus
3498 3717 3579 3772 fui

1990 3800 2217 3855 crimina
2246 3816 2366 3856 mea
2410 3817 2530 3871 quae
2559 3805 2885 3874 perpetravi.
2935 3804 3162 3861 Peccavi
3209 3806 3262 3860 in
3307 3807 3581 3863 desiderio

1990 3889 2290 3945 alienarum
2337 3905 2542 3955 rerum,
2597 3899 2651 3946 et
2693 3907 2794 3962 per
2843 3894 3217 3949 curiositatem
3263 3893 3432 3949 multa
3469 3895 3579 3950 vidi

1989 3981 2159 4036 oculis
2189 3981 2344 4046 meis,
2375 3988 2431 4036 et
2456 3980 2623 4035 multa
2650 3982 2829 4037 audivi
2867 3985 3088 4040 auribus
3124 3986 3281 4050 meis,
3322 3999 3444 4054 qua:
3480 4000 3581 4040 nec

1990 4072 2174 4127 videre
2206 4085 2310 4127 nec
2358 4071 2545 4126 audire
2591 4080 2920 4142 oportuerat.
2968 4073 3124 4144 Saepe
3167 4075 3312 4130 volui
3363 4064 3583 4145 publica

1989 4163 2361 4233 increpatione
2389 4176 2512 4218 eum
2539 4163 2631 4233 qui
2657 4163 2789 4219 mihi
2819 4179 2926 4220 non
2949 4165 3174 4236 placuit,
3221 4166 3577 4232 confundere,

1989 4264 2044 4310 et
2067 4256 2300 4326 proximi
2334 4255 2531 4310 famam
2557 4255 2887 4311 mordaciter
2914 4263 3245 4327 carpere,et
3268 4256 3471 4327 passim
3498 4257 3586 4312 vi-

1993 4354 2260 4415 tuperare.
2284 4344 2439 4415 Smpe
2468 4344 2681 4426 occulta
2718 4345 2895 4399 cordis
2920 4345 3082 4400 alieni
3105 4344 3245 4400 male
3265 4345 3581 4417 dijudicavi.

1992 4434 2236 4500 Peccavi,
2261 4435 2386 4504 quia
2414 4433 2644 4503 injurias
2673 4435 2803 4490 mihi
2829 4433 3001 4491 factas
3047 4435 3102 4490 in
3142 4446 3324 4491 mente
3351 4436 3580 4501 retinui,

1990 4532 2044 4579 ct
2062 4524 2411 4593 peccantibus
2426 4524 2482 4578 in
2502 4538 2589 4579 me
2613 4538 2750 4594 puro
2775 4525 2936 4581 corde
2957 4539 3064 4580 non
3088 4525 3313 4591 indulsi,
3337 4533 3393 4580 et
3420 4526 3582 4580 modo

1987 4614 2201 4669 dimitto
2222 4629 2291 4667 ex
2319 4620 2433 4670 toto
2454 4614 2616 4670 corde
2658 4614 2934 4681 omnibus,
2980 4617 3071 4686 qui
3120 4616 3175 4670 in
3206 4632 3293 4671 me
3319 4631 3580 4687 peccave-

1988 4712 2134 4760 runt.
2171 4704 2417 4771 Peccavi,
2462 4706 2591 4776 quia
2636 4706 2783 4777 ipsas
2831 4706 3169 4776 iniquitates,
3197 4723 3332 4778 quas
3371 4707 3473 4763 feci
3525 4709 3578 4763 in

1989 4798 2144 4864 alios,
2169 4798 2290 4869 jure
2327 4797 2615 4867 dijudieavi
2644 4806 2700 4854 et
2726 4800 3111 4866 condemnavi;
3153 4810 3210 4855 et
3257 4800 3415 4855 aliter
3463 4812 3576 4864 me,

1990 4887 2149 4944 aliter
2167 4887 2303 4942 alios
2322 4885 2579 4956 iudicavi.
2608 4887 2773 4943 Multa
2802 4888 2936 4955 dixi,
2963 4904 3084 4959 qua:
3123 4888 3307 4944 dicere
3343 4903 3452 4944 non
3483 4889 3579 4945 de-

1989 4980 2100 5034 bui.
2118 4976 2281 5034 Multa
2301 4978 2530 5050 cogitavi
2557 4994 2677 5050 qua:
2703 4994 2812 5034 non
2835 4979 3018 5046 debui,
3044 4988 3096 5035 et
3119 4980 3310 5045 multa,
3336 4995 3458 5050 quas
3481 4994 3578 5033 co—

1991 5070 2164 5141 gitare
2198 5069 2357 5124 debui
2393 5068 2533 5123 bona
2560 5108 2577 5134 ,
2616 5083 2725 5125 non
2756 5069 3007 5140 cogitavi.
3054 5069 3251 5126 Oscula
3294 5069 3481 5124 illicita
3522 5076 3580 5122 et

1991 5159 2269 5230 amplexus
2284 5157 2546 5215 nefandos
2567 5157 2690 5214 feci.
2708 5159 2862 5231 Stepe
2879 5162 3093 5231 palpavi
3111 5177 3231 5232 qua
3265 5178 3372 5216 non
3391 5160 3575 5225 debui,

1992 5266 2132 5321 smpc
2159 5249 2408 5306 consensi
2436 5263 2554 5318 qum
2582 5264 2691 5304 non
2722 5252 2989 5320 Oportuit;
3033 5252 3213 5307 dimisi
3242 5266 3405 5322 opera
3434 5250 3592 5305 bona

1992 5354 2111 5408 qua:
2137 5354 2242 5393 non
2270 5337 2449 5403 debui,
2478 5345 2535 5392 et
2559 5335 2665 5392 feci
2694 5336 2832 5393 mala
2873 5353 2991 5409 quae
3023 5356 3128 5395 non
3159 5341 3317 5397 debui
3351 5338 3581 5397 :horrui

1993 5427 2135 5497 quod
2172 5427 2395 5499 diligere
2416 5425 2599 5491 debui,
2628 5434 2682 5482 et
2710 5427 2872 5484 dilexi
2913 5431 3053 5499 quod
3095 5445 3204 5486 non
3246 5431 3425 5487 debui.
3468 5427 3582 5487 Pro

1994 5517 2188 5587 quibus
2200 5515 2452 5595 omnibus
2472 5523 2634 5585 atque
2648 5515 2771 5572 aliis
2787 5518 3086 5575 innumeris
3106 5519 3401 5577 sceleribus
3415 5520 3581 5587 meis,

1994 5623 2112 5677 qua:
2155 5613 2343 5662 contra
2392 5605 2564 5675 legem
2616 5605 2709 5661 Dei
2765 5607 3029 5673 commisi,
3068 5616 3127 5663 ut
3168 5623 3384 5681 possem
3434 5610 3579 5680 apud

1995 5696 2159 5752 Deum
2189 5693 2431 5750 invenire
2455 5692 2862 5765 indulgentiam,
2894 5697 3197 5755 cmnobium
3225 5699 3379 5772 petii,
3410 5699 3580 5755 vitam
