3968 6180
323 275 413 331 501

1171 271 1565 331 υτυιιςιολ.
1599 304 1669 314 -
1707 273 1797 329 DE
1833 272 2083 330 PSALM.
2129 275 2284 332 USU.
2326 308 2396 316 —
2428 277 2609 332 PARS
2649 270 2711 333 ιῐ.

3450 317 3463 347 ς
3489 287 3596 343 501

318 389 676 461 monasticam
715 387 959 456 suscepi;
1009 388 1105 443 sed
1132 389 1298 444 miser
1336 402 1437 459 ego
1479 402 1623 458 saepe
1660 386 1901 444 involvor
1928 390 1975 450 Α
2010 386 2113 457 ll).
2161 386 2231 441 Et
2270 388 2468 444 iterum
2513 413 2526 444 ;
2568 388 2848 446 Caudium
2864 395 2962 447 erit
2988 411 3147 463 super
3190 414 3293 450 uno
3324 411 3595 465 peccatore

316 480 482 537 variis
507 479 686 536 modis
710 479 766 534 in
797 477 1131 544 levitatibus,
1150 478 1419 543 vanitate,
1443 477 1789 549 negligentia,
1819 477 1903 532 in-

314 570 638 643 quietudine
658 568 846 635 animi,
875 568 930 624 in
971 568 1355 633 amaritudine,
1397 576 1449 622 et
1478 566 1708 641 stimulis
1735 566 1904 621 mala-

313 678 440 725 rum
463 662 884 735 cogitationum,
909 661 964 715 in
991 660 1302 717 contumaci
1330 660 1631 724 eversione,
1660 659 1714 713 in
1740 659 1908 730 negli-

310 754 500 819 gentia
527 754 656 810 boni
686 752 891 825 operis,
935 752 991 807 iu
1037 751 1477 824 praevaricatione
1512 751 1808 822 religionis,
1851 750 1917 804 in.

310 845 669 917 loquacitate,
700 843 1048 908 scurrilitate,
1079 843 1276 899 duritia
1321 842 1542 907 mentis,
1592 843 1644 898 in
1679 842 1903 903 accidia.

317 934 375 992 in
397 932 791 1008 indignatione,
820 931 1211 998 inobedientia,
1239 930 1642 1001 dijudicatione,
1666 946 1907 985 murmu-

315 1026 531 1083 ratione
575 1037 633 1082 et
670 1025 1030 1089 detractione,
1071 1022 1321 1096 superbia
1361 1029 1417 1078 et
1453 1036 1683 1077 rancore
1717 1021 1902 1076 animi.

316 1117 449 1186 Quae
469 1117 654 1181 omnia
685 1116 825 1172 mala
854 1131 1041 1173 coram
1069 1115 1180 1170 Deo
1216 1113 1609 1184 omnipotente,
1636 1118 1691 1167 et
1715 1120 1907 1167 sancto

210 1200 217 1205 ⁷
314 1211 423 1268 hoc
446 1208 629 1275 altari,
658 1217 715 1265 et
737 1208 943 1265 sanctis
971 1205 1211 1276 reliquiis
1234 1220 1355 1275 quae
1394 1203 1449 1259 in
1480 1204 1584 1259 hoc
1611 1203 1731 1258 luco
1755 1209 1903 1268 sunt,

316 1301 581 1359 conﬁteor
606 1314 743 1372 pura
765 1306 823 1354 et
843 1313 970 1353 vera
991 1294 1368 1361 confessione;
1396 1302 1453 1351 et
1469 1292 1611 1350 bona
1630 1292 1907 1348 voluntate

315 1392 607 1449 emendare
652 1388 869 1463 [Supple
892 1402 1156 1459 propono,
1180 1386 1257 1442 vel
1284 1384 1496 1457 simile],
1538 1384 1592 1440 in
1641 1392 1905 1454 quantum

316 1484 412 1539 Dei
440 1480 813 1539 misericordia
852 1479 1106 1549 dignatur
1154 1491 1242 1531 me
1294 1473 1568 1543 adjuvare.
1601 1472 1721 1544 lpse
1756 1472 1913 1528 enim-

313 1576 458 1632 Deus
498 1574 872 1646 omnipotens,
912 1570 1005 1641 qui
1052 1569 1190 1625 dixit
1232 1583 1330 1639 per
1368 1566 1726 1638 prophetam:
1761 1562 1902 1618 Nolo

312 1676 529 1722 mortem
553 1664 864 1737 peccatoris,
891 1663 981 1719 sed
1011 1671 1069 1717 ut
1098 1669 1428 1717 convertatur
1449 1669 1498 1714 et
1521 1660 1657 1714 vivat
1679 1656 1897 1730 (Ezech.

314 1776 512 1826 xum,
544 1726 665 1831 ll),
694 1765 751 1813 et
771 1726 1003 1814 iterum:
1037 1754 1104 1811 In
1124 1770 1434 1826 quaatnque
1454 1753 1538 1807 die
1563 1726 1897 1824 ingemueris,
1930 1726 1978 1787 Β

316 1854 492 1909 calvus
522 1853 625 1908 eris
650 1850 841 1922 (Ibid.,
871 1847 1065 1920 v-12),
1105 1855 1160 1904 et
1187 1847 1289 1917 qui
1329 1860 1416 1901 me
1449 1845 1699 1915 dignatus
1721 1852 1805 1899 est
1833 1843 1902 1898 ad

312 1944 711 2001 confessionem
778 1949 1127 2013 peccatorum
1181 1954 1427 1995 meorum
1479 1936 1903 2005 misericorditer

314 2037 555 2099 trahere,
602 2043 660 2091 et
705 2032 838 2089 mihi
883 2032 1138 2087 virtutem
1177 2028 1497 2086 continendi
1545 2043 1633 2083 me
1673 2043 1704 2083 a
1744 2027 1900 2083 malis

312 2125 566 2196 operibus
599 2123 818 2199 [Supple
846 2124 1066 2188 tribuat,
1095 2122 1172 2177 vel
1213 2119 1428 2194 simile],
1479 2128 1535 2176 et
1579 2120 1904 2176 misereatur

312 2218 506 2272 anima:
533 2232 692 2281 meae,
744 2223 801 2270 ct
844 2225 1033 2287 parcat
1068 2222 1122 2270 et
1152 2213 1395 2270 remittat
1422 2228 1488 2268 ae
1517 2212 1699 2268 deleat
1721 2212 1913 2269 omnia

312 2315 531 2379 peccata
560 2323 682 2365 mea
720 2308 1017 2379 praeterita,
1063 2306 1352 2378 przesentia
1382 2312 1446 2362 et
1465 2304 1666 2369 futura,
1695 2312 1752 2360 et
1774 2319 1901 2375 per-

313 2401 474 2456 ducat
497 2416 584 2457 me
612 2408 667 2456 et
686 2400 999 2457 introducat
1026 2400 1080 2455 in
1106 2399 1573 2454 vitam-racternam.
1603 2396 1791 2454 Amen.

890 2510 1013 2567 Alia
1061 2509 1338 2581 confessio.

384 2620 608 2694 Suscipe
626 2621 1019 2679 confessionem
1059 2636 1258 2688 meam,
1305 2620 1531 2678 Domine
1552 2622 1721 2685 Deus,
1739 2621 1899 2677 unica

311 2729 436 2785 spes
477 2713 670 2769 salutis
698 2728 850 2769 meai.
898 2712 1058 2779 Gula,
1102 2712 1387 2778 ebrietate,
1428 2711 1808 2778 fornicatione,
1837 2711 1902 2767 li-

312 2805 515 2871 bidine,
567 2805 813 2871 tristitia,
863 2805 1074 2871 acedia,
1127 2804 1506 2870 somnolentia,
1549 2803 1896 2877 negligentia,

314 2898 413 2961 ira,
444 2897 763 2969 cupiditate,
793 2897 1015 2962 invidia,
1054 2895 1202 2963 odio,
1241 2897 1597 2961 detractione,
1637 2895 1896 2969 perjurio,

315 2985 569 3054 falsitate,
589 2987 895 3054 mendacio,
921 3002 1057 3043 vana
1082 2987 1272 3060 gloria,
1296 2988 1513 3044 levitate
1537 2987 1896 3058 anc-superbia,

313 3079 549 3149 perlitus
591 3095 714 3135 sum
762 3079 1002 3135 omnino.
1056 3077 1412 3150 Cogitatione,
1468 3078 1758 3145 locutione,
1803 3094 1893 3135 ac-
1919 3089 1968 3155 ο

314 3170 458 3225 tione
481 3178 645 3240 atque
670 3169 923 3225 omnibus
950 3167 1201 3225 sensibus
1246 3168 1382 3223 meis
1405 3175 1696 3224 exsecutus
1740 3182 1892 3234 sum;

312 3261 407 3314 sed
437 3267 526 3326 tu,
567 3260 659 3332 qui
692 3259 961 3333 justillcas
1001 3259 1195 3330 impios
1238 3265 1295 3313 et
1328 3256 1572 3313 vivillcas
1614 3265 1893 3325 mortuos,

315 3352 521 3411 viviﬁca
570 3369 679 3420 me,
734 3359 792 3409 et
830 3352 1069 3424 jnstiﬂca
1109 3368 1220 3419 me,
1274 3352 1498 3408 Domine
1537 3351 1681 3408 Deus
1720 3366 1899 3408 meus.

314 3443 500 3499 Amen.

824 3634 969 3696 Alia
999 3535 1302 3715 coffessio
1336 3648 1388 3693 ⁸.

380 3757 603 3814 Domine
645 3757 807 3821 Deus,
847 3755 1011 3813 credo
1042 3754 1504 3825 omnipotentem,
1548 3753 1893 3820 invisibilem,

313 3847 865 3919 incircumscriptum,
911 3846 1095 3902 omnia
1146 3853 1460 3918 regentem,
1499 3845 1683 3901 omnia
1717 3846 1895 3902 conti-

314 3946 546 4004 nentem,
578 3936 822 3993 omnium
850 3945 1185 4003 creatorem,
1211 3936 1554 4002 Trinitatem,
1597 3936 1893 3992 Unitatem.

313 4027 481 4083 Credo
506 4037 561 4084 te
598 4026 817 4084 misisse
862 4026 1059 4084 Filium
1088 4036 1238 4083 tuum
1271 4026 1457 4084 Iesum
1485 4026 1763 4083 Christum
1788 4026 1896 4081 Do-

314 4116 511 4170 minum
527 4122 779 4171 nostrum
794 4115 848 4170 in
878 4124 1080 4172 terram
1100 4132 1199 4188 pro
1220 4115 1392 4172 salute
1418 4116 1633 4189 generis
1651 4114 1893 4170 humani.

316 4203 435 4259 llaec
453 4212 537 4260 est
561 4204 721 4272 ﬁdes,
747 4220 856 4276 qua
884 4206 940 4261 in
965 4214 1017 4262 te
1040 4206 1223 4263 credo.
1253 4205 1311 4261 Si
1341 4214 1491 4263 recte
1511 4206 1698 4273 credo,
1723 4206 1893 4274 bene;

314 4300 392 4355 sin
445 4308 627 4358 autem
679 4301 865 4359 minus
914 4315 1096 4372 quam
1127 4306 1365 4372 Oportet,
1405 4298 1633 4354 obsecro
1682 4307 1749 4354 ut
1784 4314 1894 4355 non

313 4388 542 4460 aspicias
585 4390 653 4446 ad
700 4391 865 4446 verba
906 4406 1026 4461 quae
1060 4390 1190 4456 dixi,
1222 4390 1318 4445 sed
1359 4389 1427 4445 ad
1456 4387 1511 4444 id
1557 4388 1702 4459 quod
1726 4388 1890 4443 volui.

316 4479 533 4536 Domine
568 4478 693 4536 Jesu
724 4481 961 4548 Christe,
992 4481 1157 4537 credo
1203 4489 1256 4536 te
1298 4495 1396 4552 per
1436 4479 1683 4553 angelum
1715 4477 1897 4535 Maria:

315 4570 501 4642 virgini
553 4572 955 4637 annuntiatum,
1008 4572 1172 4627 credo
1221 4579 1274 4626 te
1325 4572 1627 4628 secundum
1674 4585 1903 4625 carnem

318 4668 520 4725 natum,
549 4659 856 4731 pastoribus
884 4660 1333 4716 demonstratum.
1377 4658 1554 4716 Credo
1603 4668 1655 4715 te
1703 4666 1898 4715 octavo

320 4751 399 4807 die
446 4753 851 4819 circumcisum,
898 4753 1062 4808 credo
1114 4761 1168 4808 te
1221 4769 1252 4807 a
1307 4751 1476 4825 Magis
1515 4753 1820 4818 adoratum,
1865 4768 1899 4808 a

320 4840 517 4898 Joanne
537 4841 865 4914 baptizatum
891 4845 944 4900 in
973 4843 1228 4911 Jorilane,
1259 4852 1645 4916 pnesentatum
1674 4845 1728 4900 in
1760 4853 1898 4901 tem-

322 4931 417 4992 Dlo.
445 4931 623 4989 Credo
650 4940 705 4989 te
725 4948 757 4988 a
777 4931 911 4989 Juda
943 4935 1200 4990 traditore
1227 4934 1505 4999 traditum,
1545 4941 1895 5005 consputum,

323 5022 655 5095 ﬂagellatum,
679 5022 852 5094 spinis
872 5031 1213 5090 coronatum,
1235 5023 1577 5090 cruciﬁxum,
1603 5025 1897 5095 sepultum,

322 5114 469 5168 tertia
497 5113 585 5171 die
612 5113 1000 5182 resurrexisse,
1042 5123 1100 5171 et
1133 5115 1492 5187 quadraginta
1541 5115 1734 5171 diebus
1773 5131 1899 5172 cum

322 5201 587 5276 discipulis
630 5205 989 5262 manducasse
1032 5215 1088 5262 et
1119 5206 1362 5262 bibisse:
1392 5205 1500 5280 4⁵1
1526 5206 1722 5263 deinde
1768 5223 1902 5279 qua-

324 5292 615 5366 dragesimo
643 5296 732 5351 die
760 5297 815 5351 in
844 5295 1015 5353 caelos
1043 5297 1350 5355 astantibus
1395 5296 1675 5368 discipulis
1703 5313 1899 5354 ascen-

325 5381 475 5450 disse,
499 5385 626 5442 inde
652 5383 817 5441 credo
836 5393 891 5441 te
908 5393 1197 5442 venturum
1212 5385 1459 5456 judicare
1497 5387 1647 5442 vivos
1675 5394 1731 5443 et
1757 5402 1902 5444 mor-

326 5479 452 5532 tuos.
473 5476 670 5535 Certus
690 5494 833 5545 sum,
859 5478 1107 5545 Domine,
1143 5489 1197 5536 te
1232 5480 1435 5538 dixisse
1467 5500 1481 5536 :
1515 5481 1655 5537 Nolo
1682 5494 1901 5538 mortem

324 5571 616 5638 peccatoris,
646 5570 738 5627 sed
765 5580 821 5627 ut
842 5581 1177 5629 convertatur
1214 5584 1261 5628 et
1291 5574 1426 5630 vivat
1459 5574 1676 5648 (Ezech.
1705 5592 1899 5643 χχχιιι,

385 5710 408 5739 ⁸
433 5705 580 5767 Fidei
606 5724 828 5780 nempe.
860 5723 970 5769 non
992 5717 1370 5782 peccatorum.

2003 475 2367 544 paenitentiam
2402 486 2603 546 agente,
2661 496 2819 549 quam
2868 498 3027 550 super
3082 486 3370 552 nonaginta
3414 500 3594 542 nam

1997 564 2158 634 justi:
2186 566 2276 637 qui
2302 583 2405 621 non
2436 567 2669 638 indigent
2694 571 2995 639 paniteutia
3023 571 3175 642 (Luc.
3202 587 3296 638 xm,
3324 572 3402 643 7).

2437 798 2662 860 Oratio
2696 700 3162 865 mirandumne

2075 916 2322 984 Domine,
2362 918 2628 990 quidquid
2668 936 2881 989 errans,
2923 924 3102 981 sciens
3142 934 3305 998 atque
3343 935 3593 986 eontem-

2006 1024 2170 1076 nens;
2210 1009 2470 1082 quidquid
2502 1011 2798 1077 voluntate,
2836 1014 2918 1070 vel
2956 1015 3302 1083 infirmitate,
3344 1034 3439 1076 seu
3476 1030 3594 1076 stu-

2005 1097 2126 1163 dio;
2160 1099 2419 1169 quidquid
2440 1101 2788 1174 subreptione
2816 1104 2900 1160 vel
2925 1106 3297 1175 meditatione,
3333 1109 3592 1183 cogitatu,

2004 1186 2152 1243 dicto
2176 1189 2261 1245 vel
2293 1189 2455 1257 facto,
2483 1191 2692 1249 occulte
2721 1210 2817 1250 seu
2843 1195 3143 1254 manifeste
3154 1201 3407 1269 peccavi;
3439 1201 3594 1274 quid-

2006 1280 2138 1351 quid
2166 1280 2329 1336 etiam
2359 1283 2555 1339 borum
2597 1293 2690 1340 aut
2732 1285 2862 1342 latet
2897 1288 3101 1356 animo,
3146 1300 3240 1346 aut
3276 1301 3459 1363 patet,
3499 1303 3595 1350 aut

2006 1373 2217 1429 mordet
2242 1389 2461 1431 sensum
2479 1417 2495 1443 ,
2527 1386 2620 1432 aut
2650 1377 2952 1435 deludendo
2980 1382 3392 1457 quibuscunque
3421 1387 3594 1445 modis

2003 1481 2101 1536 per
2128 1469 2479 1526 securitatem
2501 1472 2720 1542 decipit,
2747 1475 2980 1544 gratuita
3009 1478 3211 1548 pietate
3234 1493 3324 1536 tua
3349 1481 3594 1551 placatus

2003 1558 2304 1616 clementer
2326 1561 2571 1636 indulge;
2595 1579 2697 1621 nec
2718 1566 2836 1622 sine
2856 1583 2953 1638 spe
2974 1570 3142 1625 venia:
3160 1571 3397 1629 animam
3419 1590 3594 1631 meam

2003 1648 2245 1717 deseras,
2268 1666 2431 1721 quam
2461 1660 2585 1724 post
2611 1663 2919 1725 perpetrata
2942 1657 3169 1715 crimina
3200 1660 3366 1716 multa
3395 1670 3452 1719 et
3472 1679 3596 1737 grav-
3648 1678 3653 1683 ί

2004 1741 2112 1807 via,
2144 1757 2208 1798 ac
2233 1743 2506 1812 mortalia,
2538 1747 2607 1801 ad
2633 1746 2955 1804 immensam
2982 1757 3090 1808 tua:
3116 1752 3336 1823 pietatis
3363 1754 3600 1815 clemen-

2003 1834 2133 1890 tiam
2181 1834 2441 1892 t‘estinare
2484 1839 2775 1896 miseratus
2815 1840 3083 1914 inspiras;
3129 1852 3184 1900 et
3226 1860 3350 1901 cum
3378 1861 3499 1904 eam
3530 1849 3615 1906 de

2003 1923 2202 1980 futuris
2236 1940 2526 1996 pmnarum
2553 1929 2843 1986 tormentis
2874 1939 3183 2002 suspectam
3211 1948 3333 1990 esse
3368 1937 3599 2008 pateris.

2002 2017 2070 2072 de
2112 2019 2385 2075 mansuris
2425 2035 2641 2091 quoque
2673 2021 2800 2077 vitae
2840 2030 3061 2079 aeternas
3102 2025 3593 2100 gaudiis,‘indulta

2002 2107 2158 2162 venia
2200 2117 2595 2179 peccatorum,
2624 2125 2844 2182 semper
2890 2113 3165 2184 respirare
3194 2117 3493 2182 concedas;
3541 2127 3598 2177 et

2001 2196 2348 2252 emundatam
2387 2198 2573 2254 animi:
2590 2200 2980 2257 conscientiam
3014 2218 3045 2257 a
3081 2205 3593 2274 praevaricationum

2002 2303 2096 2343 seu
2124 2290 2366 2345 omnium
2404 2290 2661 2346 vitiorum
2697 2291 3026 2363 cogitatione
3060 2293 3255 2351 iterum
3295 2298 3609 2368 apostatari:

2001 2397 2121 2437 eam
2146 2397 2179 2436 a
2209 2388 2278 2446 te,
2303 2382 2389 2437 vel
2410 2382 2910 2454 irrecuperabiliter
2934 2384 3209 2454 inquinari
3232 2402 3339 2442 non
3370 2388 3594 2459 permit-
3666 2400 3669 2401 '

2002 2480 2105 2527 tas.
2138 2471 2648 2537 Domine,.omuem
2690 2473 2974 2530 stultitiam
3014 2475 3196 2532 cordis
3234 2478 3341 2533 mei
3382 2478 3594 2534 miseri-

2001 2562 2241 2619 corditer
2268 2564 2490 2629 munda,
2513 2572 2567 2619 et
2597 2578 2717 2634 quae
2746 2564 2801 2619 in
2829 2580 2918 2620 me
2945 2574 3071 2620 sunt
3098 2566 3353 2622 vitiorum
3379 2576 3611 2625 secreta

1999 2652 2250 2725 purifica,
2291 2662 2348 2709 et
2386 2670 2480 2710 cor
2512 2669 2717 2721 meum,
2759 2654 2827 2711 ad
2863 2657 3251 2728 espugnandas
3288 2658 3595 2728 passiones,

2001 2754 2095 2802 tua
2124 2753 2314 2802 sancta
2338 2745 2596 2802 unctione
2623 2745 2811 2811 dilata,
2845 2761 3146 2818 sensusque
3186 2762 3336 2803 meos
3381 2749 3448 2805 ad
3492 2749 3595 2804 im-

1999 2837 2390 2910 pugnationum
2418 2836 2721 2893 certamina
2756 2837 3062 2909 superanda
3098 2836 3380 2905 contorta;
3417 2847 3476 2896 et
3506 2838 3611 2895 fast

2000 2941 2088 2981 me
2116 2926 2278 2998 digne
2302 2925 2452 2982 vitiis
2478 2927 2617 2983 meis
2644 2927 2834 2992 irasci,
2873 2935 2933 2982 ut
2971 2929 3210 2984 omnium
3239 2940 3611 3001 peccatorum

2001 3032 2249 3074 meorum
2296 3016 2685 3091 indulgentiam
2714 3034 3036 3090 consequar.
3087 3020 3332 3089 Domine,
3367 3022 3451 3080 fac
3494 3039 3620 3091 nos.

1998 3110 2333 3166 incessanter
2390 3117 2517 3165 ante
2573 3110 2771 3166 mentis
2828 3110 3014 3175 oculos
3070 3112 3275 3169 habere
3341 3115 3614 3172 timorem.

1998 3209 2151 3258 tuum
2171 3243 2204 3268 ,.
2227 3210 2286 3256 ut
2321 3201 2375 3257 in
2411 3202 2559 3258 omni
2595 3202 2717 3258 loco
2753 3211 2978 3275 pceoata
3017 3212 3317 3271 nostra,aet
3352 3204 3592 3263 futurum

1996 3310 2097 3367 pro
2126 3296 2206 3350 eis
2235 3291 2500 3363 judicium
2538 3294 2781 3366 cogitare
2812 3310 2877 3349 ac
2917 3293 3135 3355 limere.
3159 3295 3427 3367 simulque
3456 3314 3592 3369 prte-

1996 3394 2155 3457 cepta
2183 3392 2297 3451 tua,
2323 3394 2378 3441 et
2402 3383 2631 3456 gloriam
2658 3384 2935 3441 emlestem
2963 3401 2993 3440 a
3023 3393 3075 3441 te
3099 3386 3281 3443 datam
3306 3389 3394 3445 his
3415 3390 3506 3460 qui
3530 3406 3611 3445 ca.

1997 3485 2267 3543 servant,“
2289 3477 2654 3540 considerare,
2688 3484 2747 3533 et
2781 3469 2999 3549 semper
3023 3478 3075 3533 in
3113 3488 3293 3538 mente
3324 3481 3595 3546 retinere;

1997 3569 2123 3642 quia
2162 3570 2500 3626 incessanter
2527 3578 2582 3624 tu
2612 3568 2893 3639 Deus,.qui
2924 3586 3023 3627 nos
3041 3569 3390 3642 judicaturus
3416 3588 3493 3639 es,
3527 3573 3594 3629 de

1995 3660 2390 3731 cmlorespicis
2409 3676 2598 3717 omnes
2623 3668 2778 3717 actus
2803 3667 2861 3716 et
2882 3660 3242 3732 cogitationes
3268 3673 3507 3729 nostras.
3538 3674 3595 3720 et

1996 3750 2308 3807 locutiones
2328 3757 2567 3813 nostras,
2597 3757 2653 3803 et
2678 3749 2821 3820 quod
2849 3750 2995 3804 omni
3024 3750 3158 3806 hora
3187 3751 3410 3823 angelus
3437 3753 3608 3809 nobis

1996 3841 2286 3913 deputatus
2314 3839 2369 3893 in
2400 3838 2540 3894 cmlo
2565 3839 2852 3893 annuntiat
2872 3837 3014 3894 facta
3045 3848 3266 3906 nostra;
3307 3841 3619 3899 etideircoo

1996 3934 2249 3987 timentes
2272 3943 2549 3999 nunquam
2576 3928 2893 3982 recedamus
2920 3928 3131 3984 abonis
3154 3930 3595 3991 meditationibus

1994 4029 2051 4077 et
2079 4020 2311 4085 actibus,
2342 4018 2437 4074 sed
2458 4031 2672 4088 semper
2693 4015 2748 4071 in
2769 4016 3026 4072 cordibus
3043 4020 3246 4075 nostris
3274 4021 3368 4077 tibi
3394 4022 3615 4093 placita.

1994 4114 2295 4185 cogitemus
2330 4119 2385 4166 et
2411 4111 2778 4181 disponamus.
2815 4109 3059 4176 Domine,
3097 4112 3276 4168 tribue
3314 4115 3490 4181 nobis,
3528 4127 3590 4171 ut

1994 4205 2142 4262 nullo
2171 4214 2295 4261 actu
2328 4204 2660 4263 delectemus
2687 4212 2933 4260 nostram
2961 4203 3293 4263 voluntatem
3320 4210 3593 4280 propriam

1996 4297 2251 4368 implere;
2298 4298 2392 4353 sed
2428 4298 2610 4352 omnia
2649 4296 2946 4354 secundum
2991 4299 3263 4355 tramitem
3303 4310 3595 4372 praeceptu-

1997 4403 2116 4442 rum
2147 4394 2361 4443 tuorum
2400 4386 2615 4453 tibi,et
2652 4387 2924 4460 prioribus
2964 4389 3165 4445 nostris
3189 4389 3486 4448 obediendo
3514 4392 3593 4448 fa-

2000 4481 2225 4536 ciamus.
2270 4478 2515 4544 Domine,
2557 4479 2757 4552 largire
2801 4479 2999 4548 nobis,.
3024 4490 3096 4537 ut.
3129 4481 3245 4557 sine
3289 4496 3594 4538 murmura»

1998 4572 2146 4627 tione
2175 4571 2291 4627 oris
2320 4579 2374 4625 et
2403 4570 2604 4636 cordis,
2635 4570 2888 4626 omnibus
2917 4571 3108 4626 diebus
3137 4572 3259 4627 vita:
3288 4581 3489 4629 nostra:
3521 4575 3594 4628 si-

2000 4679 2123 4719 mus
2146 4661 2415 4718 veraciter
2443 4659 2671 4731 subjeCti
2699 4668 2755 4715 et
2781 4659 3095 4716 obedientes
3121 4660 3219 4716 tibi
3239 4670 3340 4726 ,.et
3366 4664 3595 4719 seniori-

1997 4753 2101 4809 bus
2123 4751 2343 4807 nostris.
2375 4751 2404 4791 δ
2434 4749 2680 4815 Domine,
2714 4749 2887 4804 tribue
2932 4748 3115 4815 nobis,
3149 4763 3209 4807 ut
3239 4752 3419 4808 omnia
3457 4753 3591 4810 dura

1998 4850 2054 4897 et
2081 4856 2293 4912 aspera,
2329 4852 2384 4895 et
2412 4847 2610 4894 nostra:
2628 4836 2891 4894 voluntati
2918 4842 3212 4907 contraria,
3236 4843 3400 4898 etiam
3428 4860 3602 4916 super.

1997 4934 2144 4988 vires
2171 4941 2222 4987 et
2254 4929 2532 4987 scientiam
2560 4937 2800 4985 nostram
2831 4931 2990 4987 nobis
3014 4930 3274 5002 injuncta,
3305 4935 3389 4992 vel
3427 4938 3609 4994 etiam.

1998 5024 2115 5080 haec
2144 5022 2261 5093 ipsa
2289 5035 2413 5077 cum
2445 5020 2658 5092 injuriis
2682 5028 2739 5076 et
2765 5023 3106 5080 contumeliis
3133 5026 3394 5098 imperata
3412 5069 3429 5097 ,
3458 5030 3592 5086 sim-

1998 5115 2214 5188 pliciter
2238 5123 2293 5172 et
2318 5113 2596 5171 humiliter
2624 5116 2680 5171 in
2707 5131 2803 5189 spe
2825 5118 3211 5177 misericordia:
3236 5130 3363 5190 tua,
3386 5123 3595 5197 absque

1996 5206 2108 5263 ulla
2141 5206 2485 5264 simulatione
2510 5206 2781 5278 patienter
2807 5217 2869 5263 et
2884 5210 3193 5282 gaudentes.
3210 5214 3588 5289 suscipiamus.

1998 5294 2206 5354 etcum
2231 5308 2428 5368 magno
2452 5295 2723 5354 desiderio
2749 5298 3101 5372 impleamus,
3112 5301 3219 5358 etsi
3238 5302 3592 5375 impossibilia

2000 5397 2204 5454 fuerint
2226 5396 2405 5460 nobis,
2434 5393 2715 5453 humiliter
2736 5403 2793 5452 et
2818 5397 3088 5468 patienter
3109 5413 3462 5472 suggeramus
3487 5402 3590 5461 im-

2000 5485 2212 5560 peranti
2256 5478 2744 5558 impossibilitatem
2786 5495 3028 5542 nostram
3058 5502 3081 5541 ‘.
3117 5495 3172 5544 et
3213 5488 3260 5546 si
3304 5489 3395 5561 ille
3433 5505 3604 5548 suarm

2000 5575 2323 5635 sententiam
2355 5576 2671 5633 nullatenus
2689 5584 2900 5634 mutare
2924 5578 3177 5648 voluerit,
3198 5587 3257 5638 tu
3282 5597 3509 5655 operare
3531 5583 3603 5641 ite

2076 5711 2101 5752 ι’
2140 5709 2217 5765 Ex
2245 5706 2455 5779 Regula
2481 5709 2655 5765 sancti
2684 5709 2979 5769 Benedicti.
