3968 6180
436 287 543 342 503

1272 280 1333 334 B.
1375 278 1433 334 ιτ.
1478 278 1703 332 anum
1743 274 1876 332 seu
1915 258 2188 332 ALCUINI
2222 272 2509 332 ornum:
2545 276 2722 331 rans
2759 274 2847 331 1v.

3604 277 3714 334 ΕΜ

435 396 692 452 cordibus
726 393 946 457 nostris,
987 399 1048 445 ut
1084 407 1182 446 nos
1219 389 1549 446 confidentes
1589 390 1642 443 in
1670 388 1869 443 auxilio
1909 397 2021 452 tuo,
2057 394 2095 447 Α
2130 395 2236 440 tem
2267 385 2501 443 discreto
2528 388 2769 453 tacendi,
2800 397 2856 442 ct
2881 389 3112 445 discreto
3139 391 3421 460 loquendi,
3460 401 3519 447 ut
3549 394 3715 450 inter-

436 486 579 542 datis
618 484 772 540 nobis
813 483 1070 538 divinitus
1110 482 1276 536 animi
1306 481 1521 537 viribus
1568 490 1621 536 et
1668 481 1916 545 scientia,
1958 497 2024 534 ex

433 577 704 635 charitate
734 574 1049 630 obediamus
1080 575 1291 639 devote,
1323 575 1449 644 quia
1482 575 1600 629 sine
1635 583 1687 630 te
1727 575 1858 629 nihil
1899 575 2024 631 boni

433 682 743 735 possumus.
785 666 861 720 Da
902 665 1075 726 nobis,
1122 665 1365 729 Domine,
1403 675 1463 720 ut
1501 666 1644 720 nulla
1684 667 2025 738 correptione

432 758 748 820 contenden~
819 766 1239 823 Jraesumamus,
1288 772 1465 828 neque
1513 758 1638 815 ullis
1682 759 2025 814 sermonibus

429 849 605 920 iustos
637 863 735 903 nos
764 863 1023 902 conemur
1051 849 1368 913 ostendere,
1401 863 1503 904 nec
1536 848 1905 906 erubescendo
1933 851 2024 905 de-

431 939 635 997 formes
663 939 785 995 aliis
809 954 1089 1010 apparere,
1124 938 1357 1010 aliquem
1391 940 1609 1010 culpare
1637 942 1894 1010 velimus;
1929 943 2021 997 sed

431 1042 580 1090 terra
608 1030 936 1089 consternati
961 1038 1068 1084 tam
1095 1028 1185 1085 diu
1214 1045 1315 1085 nos
1342 1031 1636 1104 culpabiles
1662 1042 1717 1087 et
1744 1048 1865 1088 reos
1893 1049 2021 1089 con-

431 1123 704 1188 ﬁteamur,
736 1134 1018 1191 quousque
1037 1121 1328 1175 commotio
1358 1121 1524 1176 animi
1555 1138 1653 1176 nos
1679 1122 2022 1194 corripientis

428 1224 613 1271 nostra
643 1213 950 1270 humilitate
981 1220 1222 1268 sanetur.
1249 1213 1493 1279 Domine,
1521 1212 1587 1269 da
1618 1214 1793 1281 nobis,
1823 1224 1881 1270 ut
1904 1231 2020 1271 om-

427 1316 535 1362 nes
548 1312 764 1360 nostras
792 1303 965 1359 malas
1008 1303 1381 1374 cogitationes,
1412 1313 1478 1358 et
1494 1304 1633 1359 mala
1662 1319 1825 1375 Opera
1852 1320 1881 1359 a
1927 1320 2019 1359 no-

424 1395 510 1451 bis
538 1395 803 1451 absconsa
833 1393 1108 1450 humiliter
1136 1404 1321 1451 nostro
1349 1395 1704 1451 confiteantur
1731 1395 1936 1461 abbati,
1966 1405 2020 1450 ct

426 1485 521 1542 alii
565 1485 788 1543 cuilibet
816 1486 1047 1557 Spiritali
1091 1485 1278 1553 fratri;
1325 1496 1386 1541 ut
1414 1503 1512 1557 per
1540 1488 1933 1560 correptionem
1966 1499 2019 1543 et

426 1576 848 1633 admonitionem
884 1592 1070 1632 eorum
1095 1619 1109 1643 ,
1146 1576 1342 1633 diaboli
1379 1577 1601 1647 laqueos
1638 1586 1688 1632 te
1725 1577 2017 1632 auxiliante

426 1666 749 1730 evadamus,
792 1665 885 1721 sed
914 1673 968 1721 et
1000 1681 1096 1721 cor
1133 1673 1374 1720 nostrum
1407 1680 1620 1735 semper
1648 1666 1718 1720 sit
1754 1664 2016 1720 confitens

2128 483 2298 553 rogati
2328 498 2450 537 cum
2491 483 2792 538 humilitate
2827 493 2882 539 et
2920 485 3219 539 reverentia
3250 488 3711 556 respondeamus;

2125 584 2180 627 et
2214 589 2335 628 cum
2375 574 2791 645 interrogamus,
2830 589 2953 629 cum
2991 577 3137 631 omni
3172 575 3504 646 sulujcctione
3543 588 3597 634 et
3626 596 3716 634 re-

2124 667 2364 722 verentia
2405 667 2820 740 interrogemus,
2859 676 3130 736 caventes,
3164 686 3234 725 ne
3271 670 3391 741 plus
3421 680 3512 726 aut
3554 673 3716 729 aliter

2124 759 2404 815 videamur
2446 759 2592 829 loqui
2635 775 2797 829 quam
2837 760 3055 831 expedit
3092 770 3294 817 nostra:
3336 762 3580 833 religioni
3625 764 3715 818 vel

2123 865 2332 915 causze,
2380 865 2473 904 seu
2516 850 2862 917 necessitati,
2911 851 3053 907 unde
3098 852 3402 922 loquimur;
3452 863 3507 908 et
3557 854 3712 907 muni

2122 940 2284 993 corda
2314 946 2529 1004 nostra,
2570 947 2630 994 ut
2666 954 2939 1010 nunquam
2967 940 3296 995 delectemur
3324 956 3462 996 vana
3497 941 3577 995 vel
3620 956 3714 996 su-

2120 1028 2323 1100 perﬂua
2361 1029 2553 1101 gloria,
2594 1046 2771 1101 neque
2806 1031 3014 1086 inutilia
3049 1033 3371 1103 cogitemus,
3401 1034 3708 1099 audiamus,

2122 1122 2425 1193 loquamur,
2471 1137 2565 1178 seu
2591 1123 2889 1179 videamus.
2937 1124 3185 1190 Domine,
3231 1125 3491 1182 miserere
3527 1127 3709 1193 nobis,

2120 1222 2175 1266 et
2200 1211 2285 1267 fac
2316 1220 2374 1265 ut
2402 1213 2709 1269 non-simus
2735 1212 2919 1269 faciles
2941 1229 3005 1269 ac
3025 1213 3260 1285 prompti
3295 1214 3347 1268 in
3373 1214 3504 1279 risu,
3536 1216 3631 1270 sed
3655 1225 3713 1270 te

2122 1304 2425 1368 tribuente,
2465 1304 2536 1357 sit
2568 1304 2621 1359 in
2661 1303 2817 1359 nobis
2853 1303 3107 1359 salutaris
3140 1303 3396 1359 contritio
3435 1313 3489 1359 et
3526 1306 3710 1360 cordis

2121 1395 2438 1458 humiliatio,
2470 1404 2523 1451 et
2546 1396 2907 1466 compunctio,
2932 1404 2988 1450 et
3017 1395 3293 1450 affluentia
3318 1395 3707 1452 lacrvmarum.

2119 1496 2173 1542 et
2201 1488 2350 1543 utilis
2381 1487 2520 1542 tristi
2538 1487 2619 1541 .ia.
2651 1487 2815 1542 Risus
2840 1487 3068 1550 otiosus,
3099 1485 3334 1542 carnalis
3356 1485 3564 1550 hetitia,
3597 1487 3710 1543 dis-

2119 1580 2315 1637 solutio
2359 1588 2415 1635 et
2452 1579 2766 1645 oblectatio,
2811 1588 2902 1633 tua
2940 1579 3140 1633 virtute
3176 1577 3364 1649 procul
3404 1578 3640 1649 pellatur
3674 1594 3707 1632 a

2120 1672 2294 1727 nobis.
2332 1673 2589 1737 Domine,
2623 1672 2688 1727 da
2729 1672 2885 1729 nobis
2913 1679 2973 1727 ut
3003 1688 3125 1728 cum
3160 1672 3446 1742 loquimur,
3489 1672 3704 1738 leviter,

425 1760 636 1826 omnia;
680 1760 767 1815 cui
809 1760 942 1815 nihil
988 1769 1069 1815 est
1107 1757 1519 1815 absconditum.‘
1544 1759 1797 1824 Domine,
1839 1756 2018 1812 tribue
2049 1742 2096 1802 Β
2120 1776 2241 1818 cum
2268 1763 2555 1832 gravitate,
2582 1779 2752 1834 pauca
2782 1764 2946 1819 verba
2971 1763 3247 1829 salutaria,
3281 1765 3397 1819 sine
3418 1765 3568 1820 vocis
3591 1766 3705 1820 cla—

426 1853 600 1919 nobis,
634 1862 690 1907 ut
731 1869 945 1924 semper
984 1853 1154 1908 simus
1189 1851 1423 1907 contenti
1463 1851 1607 1907 omni
1641 1850 1846 1906 vilitate
1886 1849 2012 1915 cibi,

424 1954 477 1998 et
507 1953 682 2017 potus,
715 1960 780 2001 ac
808 1945 1067 2010 vestium;
1113 1954 1172 1999 ut
1210 1959 1545 2017 quzecunque
1584 1944 1694 1999 sint
1723 1941 1849 1998 vilia
1887 1942 2013 2008 ista,

422 2034 477 2087 in
510 2014 718 2089 tantum
739 2076 753 2099 ,
794 2042 852 2089 ut
889 2050 983 2104 per
1018 2050 1081 2091 ea
1122 2036 1293 2106 possit
1327 2014 1523 2105 corpus
1556 2038 1801 2090 nostrum
1840 2033 2015 2088 smsi-

421 2133 567 2180 stere
611 2127 678 2181 ad
723 2126 1065 2182 serviendum
1114 2126 1245 2189 tibi,
1298 2142 1403 2182 non
1451 2127 1606 2181 nobis
1654 2125 1725 2182 sit
1771 2140 1902 2181 cura
1946 2124 2013 2178 de

420 2213 535 2289 48
579 2216 920 2284 melioribus,
969 2219 1063 2275 sed
1107 2220 1193 2276 his
1234 2219 1403 2274 simus
1445 2216 1772 2273 suﬂicientes
1811 2217 2013 2287 absque

419 2307 545 2365 dolo
574 2317 630 2365 et
656 2310 947 2382 hypocrisi.
985 2312 1232 2378 Domine,
1259 2313 1324 2367 da
1361 2312 1515 2367 nobis
1544 2321 1602 2366 ut
1630 2311 1807 2366 omnis
1834 2318 2013 2365 extre-

422 2402 582 2459 mitas
607 2404 817 2474 placeat
843 2406 1019 2466 nobis,
1044 2414 1459 2477 quantocunque
1488 2404 1747 2458 fuerimus
1777 2402 2007 2464 minimi,

419 2501 474 2547 et
521 2495 853 2565 posteriores
893 2496 1145 2551 omnibus
1189 2497 1242 2551 in
1289 2494 1545 2558 sedendo,
1595 2495 1647 2547 in
1697 2494 1911 2559 stando,
1957 2503 2010 2547 et

419 2587 778 2652 ascendendo,
821 2597 876 2641 et
918 2588 1205 2657 loquendo,
1252 2598 1306 2642 et
1349 2588 1401 2641 in
1443 2588 1696 2641 omnibus
1735 2602 1855 2657 qua:
1900 2585 2005 2641 dici

417 2684 679 2746 possunt,
724 2678 1052 2749 gaudeamus
1085 2677 1151 2731 de
1190 2676 1293 2732 hoc
1327 2696 1337 2729 :
1373 2687 1427 2731 et
1457 2686 1581 2732 tunc
1613 2694 1708 2733 nos
1738 2694 1863 2732 vere
1896 2694 1924 2731 a
1957 2686 2006 2731 te

402 2765 842 2822 misericorditer
885 2779 1156 2838 respectus
1193 2769 1542 2836 aestimemus,
1574 2781 1627 2824 et
1664 2772 1715 2824 in
1753 2771 2007 2825 cordibus

418 2856 617 2911 nostris
650 2858 852 2931 gratias
883 2860 975 2914 tibi
1014 2878 1254 2932 agamus.
1288 2861 1533 2928 Domine,
1562 2863 1627 2918 da
1658 2861 1813 2917 nobis
1842 2872 1900 2917 ut
1938 2864 2005 2917 ad

415 2944 597 3001 omnia
646 2965 767 3020 qum
809 2948 965 3006 nobis
1012 2949 1381 3024 iniunguntur,
1431 2963 1850 3024 quantocunque
1896 2952 2005 3007 sint

416 3039 542 3095 vilia
572 3049 628 3099 et
656 3041 885 3111 objecta,
926 3054 981 3100 et
1013 3046 1253 3101 omnium
1295 3046 1719 3103 ministeriorum
1757 3046 1999 3110 minima,

415 3132 664 3202 indignos
706 3150 803 3191 nos
840 3137 907 3191 ad
948 3146 1055 3191 tam
1102 3139 1327 3194 honesta
1371 3137 1704 3202 faciendum,
1750 3146 1804 3192 et
1842 3138 2005 3193 corde
2029 3125 2073 3146 ’⁸

413 3222 700 3280 credamus
739 3241 802 3283 ac
839 3227 1156 3294 sentiamus,
1188 3243 1250 3283 ac
1275 3227 1621 3301 perficiamus
1650 3244 1711 3285 ea
1739 3244 1861 3283 cum
1894 3245 2005 3283 ma-

413 3326 515 3379 gna
548 3312 850 3371 devotione.
892 3317 1139 3384 Domine,
1172 3320 1238 3372 da
1268 3319 1421 3374 nobis
1457 3318 1693 3374 fructum
1721 3319 2004 3375 charitatis

414 3411 471 3456 et
494 3403 835 3470 humilitatis,
865 3415 920 3460 et
947 3407 1285 3473 obedientim,
1312 3418 1369 3463 et
1398 3409 1693 3481 patientirc,
1722 3424 1844 3463 cum
1875 3425 2003 3463 vero

413 3506 599 3547 amore
642 3490 1018 3551 fraternitatis.
1069 3494 1329 3563 Domine,
1377 3498 1553 3553 tribue
1600 3499 1755 3553 nobis
1799 3505 1857 3552 ut
1904 3515 2003 3554 nos

413 3597 628 3657 semper
665 3602 729 3642 ex
768 3588 956 3646 intimo
994 3589 1156 3645 corde
1191 3592 1475 3647 credamus
1504 3593 1723 3649 viliores
1750 3593 2002 3651 omnibus

414 3682 576 3746 atque
604 3673 911 3746 inferiores,
941 3690 996 3737 et
1025 3681 1104 3737 sic
1133 3682 1320 3759 haberi
1349 3699 1446 3738 nos
1474 3685 1543 3739 ah
1569 3666 1690 3741 aliis
1718 3695 1772 3741 et
1802 3687 2002 3742 consti-

415 3763 491 3817 tui
528 3765 827 3834 cuplamus,
868 3778 1030 3841 atque
1068 3771 1136 3827 ab
1175 3771 1426 3828 omnibus
1453 3773 1580 3840 dici,
1623 3775 1871 3847 quamvis
1909 3776 1997 3832 alii

413 3872 511 3913 nos
536 3858 615 3915 sic
639 3876 743 3915 non
773 3862 1056 3931 :estiment,
1086 3880 1186 3921 nec
1207 3865 1480 3933 ordinent,
1509 3884 1683 3939 neque
1705 3869 1918 3936 dicant;
1948 3880 2001 3926 et

413 3964 513 4004 nos
546 3946 650 4006 non
688 3952 835 4011 sinas
863 3969 983 4010 esse
1020 3955 1353 4029 hypocritas,
1380 3967 1440 4014 ut
1472 3958 1626 4032 quasi
1654 3977 1754 4018 nos
1781 3977 1875 4016 ore
1904 3978 2000 4019 no-

411 4049 524 4095 stro
549 4040 815 4099 fateamur
842 4061 942 4103 nos
963 4062 1086 4104 esse
1111 4049 1377 4121 indignos,
1397 4059 1460 4123 vet
1487 4053 1702 4109 viliores
1730 4039 1891 4125 atque
1920 4055 1998 4110 in-

410 4130 638 4188 feriores
665 4135 916 4191 omnibus
939 4152 1059 4195 esse
1081 4138 1293 4204 debere,
1322 4149 1379 4196 et
1408 4140 1506 4196 sub
1537 4142 1638 4199 hac
1664 4143 1998 4213 professione

410 4225 597 4281 humili
639 4228 864 4286 velimus
904 4232 1103 4300 videri,
1144 4242 1198 4288 et
1239 4235 1430 4293 haberi
1468 4237 1536 4292 ab
1574 4236 1696 4295 aliis
1741 4247 1997 4310 tanquam

405 4315 536 4388 justi
556 4326 611 4373 et
640 4320 898 4393 religiosi,
928 4322 1156 4379 interius
1184 4325 1343 4396 hujus
1369 4327 1551 4383 sxeculi
1577 4329 1910 4396 altitudines,
1941 4338 1997 4386 et

408 4404 595 4463 laudes
623 4417 783 4480 atque
812 4411 1046 4468 honores
1072 4422 1405 4485 appetentes.
1440 4415 1622 4489 Neque
1660 4420 1726 4475 de
1760 4419 1866 4475 illis
1897 4436 1994 4476 nos
2025 4434 2073 4496 ι)

408 4500 692 4568 permittas
718 4516 839 4557 esse
865 4501 1060 4575 quibus
1083 4505 1126 4559 si
1155 4503 1293 4559 alter
1319 4506 1399 4561 eis
1421 4508 1615 4562 dixerit
1635 4511 1779 4580 quod
1806 4510 1905 4579 ipsi
1931 4512 1996 4569 de

409 4601 469 4644 se
493 4587 730 4643 fatentur
753 4606 849 4647 ore
872 4593 1115 4663 proprio,
1145 4594 1227 4649 vel
1253 4596 1297 4651 si
1328 4596 1400 4651 ita
1428 4612 1523 4653 cos
1546 4597 1680 4653 viles
1705 4608 1798 4655 aut
1823 4610 1998 4655 extre—

409 4692 527 4735 mos
560 4683 802 4750 posuerit
841 4691 901 4738 ut
933 4683 1038 4741 illis
1072 4701 1191 4742 esse
1219 4686 1418 4743 debere
1445 4689 1650 4755 dicunt,
1691 4700 1784 4745 aut
1813 4692 1995 4748 statim

409 4769 464 4824 in
491 4773 866 4842 contumelias,
904 4783 996 4830 aut
1030 4778 1250 4834 nimiam
1285 4778 1418 4835 iram
1462 4779 1796 4852 irrumpunt,
1838 4790 1896 4836 ut
1930 4783 1996 4838 ad

408 4863 511 4917 hoc
557 4878 725 4933 usque
770 4866 1087 4939 perveniant
1133 4868 1303 4938 quod,
1346 4860 1640 4941 instigante
1684 4870 1920 4937 diabolo,
1965 4890 1994 4928 a

407 4954 826 5027 congregatione
851 4956 937 5012 cui
965 4973 1024 5013 se
1050 4959 1392 5016 sociaverant
1415 4962 1700 5028 recedant;
1734 4975 1826 5018 aut
1850 4977 1997 5022 certe

408 5045 589 5100 dolum
634 5046 686 5100 in
731 5046 893 5102 corde
929 5047 1193 5115 celantes,
1240 5053 1534 5109 iracundia:
1569 5063 1780 5125 tempus
1821 5073 1997 5112 reser-

404 5138 573 5190 vent:
612 5135 697 5190 vel
720 5151 814 5192 eos
842 5137 934 5209 qui
968 5147 1112 5196 recte
1147 5142 1328 5197 vivere
1365 5144 1678 5209 decertant,
1710 5146 1997 5203 detrahere

407 5232 463 5281 et
490 5225 788 5284 dilacerare
818 5229 1030 5301 injuriis
1069 5240 1232 5303 atque
1266 5233 1526 5306 impedire
1566 5253 1672 5291 non
1710 5237 1991 5294 desistant.

408 5318 490 5374 Ab
516 5312 622 5384 his,
657 5321 897 5384 Domine,
934 5332 987 5378 ct
1016 5323 1322 5394 hujnsmodi
1355 5328 1520 5384 nmvis
1550 5328 1839 5401 [Quercet.,
1872 5346 1996 5385 ner-

409 5409 512 5485 vis]
540 5413 702 5470 corda
744 5425 927 5472 nostra
956 5418 1174 5473 munda.
1216 5418 1460 5486 Domine,
1489 5420 1680 5491 adjuva
1710 5437 1827 5486 nos,
1856 5430 1909 5476 et
1936 5422 1995 5477 li-

408 5500 539 5555 bera
586 5517 702 5567 nos,
745 5514 800 5560 ct
844 5508 1053 5563 custodi
1096 5525 1222 5574 nos;
1268 5519 1327 5565 ut
1372 5511 1501 5565 nihil
1549 5527 1773 5581 agamus
1815 5520 1993 5565 nostra

408 5597 848 5663 prmsutnptione,
899 5600 1002 5655 nisi
1054 5602 1196 5671 quod
1251 5604 1517 5674 agendum
1569 5603 1620 5656 in
1670 5603 1995 5658 monasterio

410 5695 595 5742 sancta
633 5691 873 5759 praeripit
906 5694 1107 5764 regula.
1158 5694 1404 5756 Domine,
1438 5697 1613 5751 tribue
1646 5699 1800 5753 nobis
1831 5697 1995 5751 virtu-

2120 1871 2269 1910 more
2296 1864 2349 1911 et
2377 1856 2581 1926 absque
2609 1856 2971 1912 concitatione
2996 1856 3298 1926 loquamur.
3330 1858 3576 1923 Domine,
3609 1860 3708 1913 tri-

2116 1947 2221 2003 bue
2250 1947 2406 2002 nobis
2437 1948 2651 2004 miseris
2679 1956 2735 2003 et
2763 1947 2999 2021 indignis
3026 1958 3087 2004 ut
3122 1949 3175 2005 in
3205 1949 3351 2005 omni
3386 1948 3503 2005 loco
3531 1952 3709 2005 omni-

2115 2056 2221 2111 que
2248 2050 2517 2111 tempore,
2549 2050 2604 2097 et
2631 2043 2779 2098 omni
2819 2058 2983 2113 opere
3018 2042 3285 2109 sedentes,
3322 2052 3548 2109 Stantcs,
3588 2060 3710 2098 am-

2115 2133 2393 2199 bulantes,
2436 2144 2725 2204 operantes
2762 2136 3079 2193 inclinatum
3118 2145 3173 2192 et
3216 2137 3556 2192 humiliatum
3602 2139 3707 2192 hac

2113 2226 2340 2283 beamus
2366 2226 2507 2302 [cor]
2538 2244 2721 2285 coram
2753 2238 2824 2295 te,
2855 2238 2911 2285 et
2958 2246 3080 2287 reos
3123 2246 3222 2286 nos
3270 2231 3412 2285 omni
3462 2232 3595 2285 hora
3641 2233 3710 2287 de

2114 2317 2315 2374 nostris
2344 2319 2554 2375 actibus
2580 2320 2930 2386 mstimcmus,
2958 2328 3013 2376 et
3043 2320 3231 2392 repleti
3267 2320 3460 2391 spiritu
3492 2322 3709 2377 timoris

2110 2417 2167 2462 et
2214 2409 2415 2464 amoris
2465 2409 2541 2464 tui
2560 2420 2591 2477 ,‘
2632 2410 2878 2466 dicamus
2924 2409 3119 2481 singuli
3168 2411 3222 2466 in
3268 2419 3479 2466 secreto
3524 2411 3710 2466 cordis

2111 2503 2282 2558 nostri
2315 2520 2327 2556 :
2362 2501 2617 2568 Domine,
2662 2518 2769 2559 non
2805 2519 2925 2559 sum
2963 2504 3155 2575 dignus
3192 2519 3292 2576 ego
3331 2512 3589 2574 peccator
3624 2503 3707 2556 lc-

2111 2608 2239 2650 vare
2261 2593 2449 2650 oculos
2470 2609 2622 2650 meos
2649 2593 2701 2648 in
2731 2593 2948 2651 omium.
2974 2593 3142 2660 Deus,
3165 2593 3420 2665 propitius
3439 2602 3550 2647 esto
3572 2592 3710 2646 mihi

2107 2687 2369 2756 peccaturi
2400 2685 2553 2758 (Luc.
2581 2702 2734 2751 xvm,
2765 2685 2853 2758 15)
2878 2700 3111 2756 semper,
3140 2685 3231 2740 hic
3252 2692 3308 2740 et
3333 2684 3386 2739 in
3413 2690 3707 2746 aeternum,

2109 2781 2203 2848 qui
2234 2778 2369 2834 vivis
2397 2786 2451 2833 et
2480 2794 2677 2849 regnas
2704 2779 2757 2833 in
2784 2777 2979 2834 stecula
3003 2776 3344 2833 saeculorum.
3376 2774 3568 2830 Amen.

2835 2891 2982 2953 ΧΠ.

2706 3002 2849 3063 Alia
2881 3004 3113 3064 oratio.

2180 3127 2401 3199 Magnus
2442 3143 2522 3189 es,
2567 3125 2813 3190 Domine,
2859 3133 2915 3180 et
2953 3122 3236 3180 laudabilis
3279 3121 3469 3186 valde,
3502 3135 3707 3193 magna

2107 3217 2281 3275 virtus
2323 3224 2442 3282 tua,
2475 3225 2532 3271 et
2563 3215 2842 3287 sapientia:
2880 3223 2986 3271 tua:
3024 3231 3131 3270 non
3168 3222 3254 3270 est
3295 3227 3575 3268 numerus.
3617 3209 3710 3268 Tu

2104 3307 2314 3363 excitas
2337 3322 2434 3362 cor
2460 3313 2728 3372 nostrum,
2758 3313 2820 3361 ut
2851 3313 2905 3360 te
2946 3304 3129 3361 laudet
3161 3311 3217 3358 et
3241 3300 3539 3373 glorificet,
3569 3301 3707 3371 quia

2106 3398 2279 3453 fecisti
2325 3413 2424 3453 nos
2465 3397 2533 3451 ad
2575 3397 2899 3452 laudandum
2932 3404 3020 3460 te,
3051 3400 3117 3450 et'
3142 3393 3440 3465 inquietum
3477 3401 3561 3448 cst
3602 3408 3710 3447 cur

2106 3498 2368 3554 nostrum,
2411 3488 2582 3545 donec
2621 3488 2927 3559 requiescat
2969 3487 3023 3542 in
3058 3495 3130 3542 te.
3177 3486 3426 3555 Quaeram
3472 3495 3543 3549 te,
3590 3484 3710 3540 Do-

2104 3582 2282 3646 mine,
2318 3581 2576 3635 invocans
2620 3588 2706 3647 te,
2747 3588 2803 3636 et
2851 3569 3097 3636 invocem
3142 3588 3197 3634 te
3225 3577 3454 3633 credens
3494 3576 3548 3630 in
3591 3584 3647 3630 te
3683 3595 3701 3630 :

2102 3687 2351 3742 quaerens
2378 3671 2521 3728 enim
2552 3680 2634 3737 te,
2664 3672 2933 3727 inveniam
2966 3680 3049 3738 te,
3082 3680 3137 3726 et
3174 3669 3453 3725 inveniens
3480 3667 3706 3723 laudem

2103 3772 2175 3818 te.
2226 3762 2443 3819 lnvocat
2488 3773 2560 3830 te,
2611 3763 2856 3828 Domine,
2911 3763 3044 3819 ﬁdes
3090 3776 3231 3827 mea,
3283 3775 3444 3831 quam
3494 3759 3703 3813 dedisti

2100 3853 2255 3920 mihi,
2298 3869 2459 3924 quam
2498 3854 2774 3925 inspirasti
2814 3853 2947 3909 mihi
2995 3869 3094 3925 per
3132 3852 3522 3909 humanitatem
3562 3848 3704 3903 Filii

2102 3946 2175 4000 tui
2196 3987 2209 4011 ,
2243 3958 2343 4018 per
2370 3946 2728 4001 ministerium
2758 3944 3131 4016 pratdicatoris
3159 3943 3235 3998 tui
3266 3962 3278 3998 :
3310 3949 3364 3998 et
3385 3943 3509 4013 quis
3538 3941 3705 3997 locus

2099 4049 2181 4095 est
2222 4041 2275 4095 in
2311 4056 2418 4106 me,
2462 4056 2569 4111 quo
2604 4040 2788 4095 venias
2828 4041 2881 4093 in
2920 4055 3027 4105 me,
3073 4038 3298 4094 Domine
3335 4037 3475 4091 Deus
3511 4050 3699 4099 meus,

2097 4146 2205 4202 quo
2232 4132 2452 4187 veniens
2480 4131 2724 4187 invenias
2757 4130 2808 4185 in
2840 4146 2925 4185 me
2965 4131 3129 4195 Deus,
3159 4130 3249 4202 qui
3288 4128 3463 4184 fecisti
3490 4126 3700 4183 malum

2096 4232 2151 4279 ct
2178 4231 2398 4278 terram.
2428 4220 2510 4276 An
2533 4236 2662 4277 vero
2687 4221 2881 4277 cmlum
2904 4228 2958 4277 et
2988 4229 3154 4287 terra,
3183 4234 3304 4291 qua:
3332 4217 3526 4283 fecisti,
3554 4225 3613 4272 et
3636 4216 3699 4271 in

2096 4316 2292 4386 quibus
2321 4332 2408 4371 me
2435 4314 2642 4381 fecisti,
2671 4313 2892 4385 capiunt
2927 4314 3012 4370 te?
3046 4313 3159 4388 49
3195 4312 3277 4367 An
3314 4313 3437 4384 quia
3477 4311 3597 4367 sine
3638 4319 3699 4366 te

2098 4426 2204 4464 non
2231 4416 2314 4465 est
2348 4408 2609 4481 quidquid
2635 4417 2749 4475 est,
2778 4408 2870 4474 ﬁt,
2903 4417 2962 4462 ut
2987 4406 3248 4477 quidquid
3275 4413 3359 4461 est
3384 4403 3560 4474 capiat
3603 4402 3699 4457 te?

2097 4502 2362 4573 Quoniam
2392 4502 2573 4571 itaque
2598 4510 2654 4556 ct
2677 4516 2777 4572 ego
2814 4516 2932 4555 sum
2952 4541 2964 4565 ,
3004 4498 3132 4570 quid
3168 4509 3293 4568 peto
3322 4506 3382 4552 ut
3416 4496 3605 4552 venias
3634 4495 3696 4549 in

2096 4611 2215 4661 me,
2258 4595 2349 4668 qui
2394 4611 2501 4651 non
2548 4610 2724 4650 essem
2774 4594 2878 4650 nisi
2925 4609 3073 4649 esses
3118 4592 3170 4647 in
3217 4592 3339 4647 me?
3387 4590 3503 4646 Non
3551 4605 3697 4656 ergo

2096 4703 2293 4753 essem,
2325 4687 2467 4743 Deus
2505 4704 2678 4755 meus,
2709 4702 2817 4741 non
2848 4687 3068 4742 omnino
3094 4701 3289 4750 essem,
3318 4683 3420 4739 nisi
3447 4698 3597 4738 esses
3632 4683 3692 4737 in
3734 4697 3741 4713 ι

2096 4796 2202 4835 me.
2229 4778 2472 4845 Summe,
2504 4778 2726 4849 optime,
2751 4777 3149 4849 potentissime,
3176 4774 3694 4831 misericordissime

2095 4879 2147 4923 et
2168 4866 2490 4939 justissimc,
2522 4867 2907 4932 sacratissime,
2936 4865 3252 4929 fortissime,
3283 4862 3493 4920 stabilis
3520 4870 3575 4918 et
3605 4864 3692 4918 in-

2095 4960 2613 5033 comprehensililis,
2654 4958 3005 5014 immutabilis
3045 4967 3260 5013 mutans
3298 4956 3504 5022 omnia,
3544 4972 3691 5010 nun-

2094 5069 2254 5125 quam
2284 5068 2476 5115 novus,
2509 5066 2781 5120 nunquam
2811 5057 2985 5113 vetus,
3015 5049 3276 5105 innovans
3307 5046 3509 5112 omnia,
3540 5054 3599 5100 et
3628 5045 3689 5102 in

2094 5150 2416 5197 vetustatem
2458 5138 2760 5210 perducens
2809 5138 3098 5208 superbos,
3141 5138 3305 5194 etiam
3353 5130 3689 5192 nescientes.

2097 5232 2323 5306 Semper
2364 5247 2560 5301 agens,
2611 5246 2827 5302 semper
2877 5230 3119 5302 quietus;
3171 5230 3427 5301 colligens
3470 5238 3526 5283 et
3569 5228 3686 5286 non

2095 5340 2280 5395 egens,
2322 5332 2542 5393 portans
2576 5332 2629 5377 et
2673 5322 2918 5392 impleas,
2963 5330 3018 5377 et
3059 5307 3362 5394 protegens,
3407 5338 3603 5378 creans
3630 5328 3693 5378 ct

2096 5416 2374 5481 nutriens,
2415 5425 2471 5471 et
2497 5414 2784 5486 pet‘ﬁcicns
2821 5424 2875 5471 et
2904 5430 3183 5485 quarreus,
3221 5431 3343 5469 cum
3375 5412 3509 5469 nihil
3539 5414 3690 5470 desit

2097 5509 2212 5563 tibi.
2266 5508 2451 5572 Amas,
2497 5524 2595 5563 nec
2635 5516 2849 5571 aestuas,
2907 5515 2959 5562 et
3004 5506 3168 5572 zelas,
3219 5515 3273 5562 et
3323 5522 3547 5562 securus
3598 5522 3683 5561 cs.

2096 5599 2326 5655 Pcenitct
2371 5610 2445 5666 te,
2487 5609 2542 5655 et
2587 5617 2691 5655 non
2726 5600 2912 5656 dolet:
2949 5600 3223 5665 irasceris,
3264 5608 3315 5653 et
3355 5598 3689 5667 tranquillus

2096 5709 2179 5763 es;
2213 5707 2375 5761 opera
2407 5700 2605 5757 mutas,
2633 5706 2731 5746 nec
2761 5698 2941 5747 mulas
2968 5690 3281 5755 consilium;
3310 5689 3513 5747 retin:
3532 5687 3691 5751 quod
