3968 6180
1217 232 1230 258 ι

227 321 323 377 δας

1063 316 1455 377 ιῐτυῐίϐῐϐᾹ.
1494 349 1563 359 —
1601 317 1690 374 DE
1722 316 1972 375 PSALM.
2012 316 2169 373 USU.
2207 346 2277 357 —
2314 314 2496 372 PARS
2530 315 2592 370 ll.

3384 314 3490 379 ωδ

225 433 452 497 invenis,
494 441 551 488 et
595 447 871 502 nunquam
911 434 1170 500 amisisti;
1218 448 1494 518 nunquam
1535 435 1712 504 in0ps,
1750 443 1805 488 et
1835 440 1880 495 Α
1907 433 2185 489 ductiones
2233 448 2371 502 quas
2416 441 2635 487 secutus
2677 447 2816 494 sum,
2860 440 2914 485 ct
2958 430 3219 499 ampfcxci
3276 444 3491 483 ιιεωιιιιιι

225 524 422 595 gaudes
467 521 668 585 lucris;
716 537 990 591 nunquam
1034 538 1246 587 avarus,
1293 532 1349 578 et
1376 539 1569 579 usuras
1607 524 1805 595 exigis;

225 620 647 682 supercregatur
688 612 813 674 tibi,
859 621 919 665 ut
958 613 1177 678 debeas,
1211 622 1266 667 et
1301 613 1423 682 quis
1461 614 1622 670 habet
1655 613 1812 684 quid-

226 701 424 772 quam?
470 702 660 760 Nonne
690 710 744 756 tu
780 701 965 757 reddis
991 703 1171 758 debita
1215 704 1607 769 nullidebcns,
1645 705 1845 760 donas'

224 792 404 847 debita
448 792 587 848 nihil
628 792 895 862 perdens?
941 793 1009 847 Et
1044 794 1173 864 quid
1212 795 1322 849 dixi
1353 794 1487 866 [Al.,
1513 795 1604 864 qui
1630 794 1809 867 dixit].

225 881 366 937 Deus
391 896 575 946 meus,
605 882 719 937 vita
743 897 887 947 mea,
912 882 1137 938 dulcedo
1160 898 1283 938 mea
1308 884 1531 939 sancta?
1551 883 1660 939 Aut
1686 883 1814 954 quid

224 973 353 1027 dicit
379 972 602 1042 aliquis,
635 987 759 1027 cum
789 972 856 1026 de
887 980 939 1026 te
966 972 1132 1027 dicit?
1171 972 1239 1027 Et
1279 987 1362 1028 vae.
1404 974 1707 1029 tacentibus
1748 973 1815 1029 dc

224 1072 297 1129 te,
326 1064 587 1133 quoniam
610 1063 866 1134 loquaces
893 1063 1028 1118 muti
1056 1070 1201 1119 sunt.
1234 1063 1367 1131 Quis
1396 1065 1526 1119 mihi
1556 1065 1704 1120 dabit
1726 1080 1817 1119 ae-

224 1156 509 1228 quiescere
549 1156 604 1210 in
647 1156 734 1211 te?
774 1154 908 1223 Quis
934 1155 1084 1211 dabit
1123 1156 1285 1221 mihi,
1316 1163 1377 1210 ut
1406 1156 1594 1211 venias
1633 1157 1687 1210 in
1721 1170 1816 1210 cor

226 1263 432 1313 meum,
461 1254 518 1302 et
550 1246 787 1302 inebries
817 1245 968 1314 illud,
996 1255 1058 1302 ut
1099 1246 1389 1303 obliviscar
1414 1247 1555 1303 mala
1596 1262 1736 1314 mea,
1763 1254 1821 1302 ct

224 1353 392 1391 unum
440 1338 642 1392 bonum
689 1350 870 1392 meum
908 1334 1203 1405 amplectar
1247 1337 1332 1391 te?
1374 1335 1513 1404 Quid
1555 1336 1685 1391 mihi
1725 1336 1820 1392 es?

231 1426 492 1482 Miserere
521 1435 581 1482 ut
610 1427 817 1498 loquar.
856 1425 994 1495 Quid
1026 1426 1122 1481 tibi
1150 1442 1269 1482 sum
1297 1427 1442 1497 ipse,
1483 1433 1540 1482 nt
1567 1426 1736 1482 amari
1765 1434 1819 1481 te

219 1514 420 1584 iubeas
442 1531 473 1569 a
501 1531 609 1583 me,
638 1525 693 1571 et
723 1516 827 1572 nisi
856 1515 1070 1582 faciam,
1115 1516 1367 1572 irasceris
1390 1517 1544 1582 mihi,
1571 1523 1627 1571 et
1647 1514 1820 1570 mina-

227 1607 309 1659 ris
340 1607 586 1677 ingentes
617 1606 905 1662 miserias?
940 1606 1183 1661 Parvane
1220 1607 1335 1676 ipsa
1369 1614 1455 1662 est
1491 1606 1738 1671 miseria,
1771 1607 1818 1661 si

228 1711 341 1750 non
371 1712 545 1755 amem
571 1698 658 1752 te?
687 1697 787 1753 Hei
816 1698 978 1752 mihi!
1022 1698 1118 1754 Dic
1154 1699 1283 1753 mihi
1313 1714 1412 1769 per
1445 1700 1819 1756 miserationes

1910 535 2056 582 tuam
2101 528 2227 582 totis
2263 526 2577 597 praecordiis
2619 525 2774 589 meis,
2807 534 2867 578 ut
2909 539 3070 578 eruas
3112 539 3195 576 me
3237 524 3304 576 ab
3345 520 3493 587 omni

1911 621 2206 674 teutatione
2235 633 2405 688 usque
2432 619 2486 672 in
2512 616 2692 679 ﬁnem,
2718 625 2773 671 et
2802 615 2980 670 omnia
3013 622 3234 684 peccata
3262 612 3495 667 delecta-

1910 710 2117 765 tionum
2153 724 2395 764 mearum
2431 707 2696 762 malarum
2734 706 2974 761 dimittas
3005 705 3158 759 mihi.
3196 703 3339 757 Erue
3371 715 3491 766 me,

1910 800 2155 864 Domine,
2205 801 2272 855 de
2324 798 2716 854 immanissimo
2764 795 3025 868 profunda
3087 793 3493 853 tlelcctationum

1911 891 2239 961 iniquarum,
2271 899 2326 945 et
2355 889 2522 944 libera
2573 902 2662 942 me
2695 893 3026 957 qumrentem
3060 894 3111 940 te
3142 892 3197 939 et
3225 883 3495 939 sitientem

1913 982 2297 1038 delectationes
2322 988 2444 1035 tuas
2468 997 2483 1034 :
2511 987 2568 1034 et
2592 979 2736 1034 dicat
2764 978 2859 1033 tibi
2882 992 2980 1032 cor
3011 991 3190 1031 meum
3220 994 3232 1029 :
3269 972 3497 1053 Quwsiri

1912 1068 2113 1126 vultum
2143 1079 2311 1135 tuum,
2339 1067 2536 1123 vultum
2566 1076 2734 1133 tuum,
2759 1065 3001 1129 Domine,
3032 1065 3290 1135 requiram
3324 1061 3495 1134 (Psal.

1914 1177 2061 1227 xxvr,
2089 1160 2166 1232 8).
2199 1160 2332 1215 Nam
2354 1160 2510 1230 longe
2535 1175 2565 1223 a
2589 1158 2739 1212 vultu
2770 1165 2864 1212 tuo
2887 1158 2939 1211 in
2967 1155 3161 1211 affectu
3189 1155 3496 1219 tenebroso,

1915 1266 2020 1307 non
2049 1252 2277 1323 pedibus
2299 1257 2391 1305 aut
2416 1249 2603 1319 spatiis
2632 1249 2871 1304 locorum
2902 1248 3011 1303 itur
3042 1248 3138 1302 abs
3174 1254 3246 1311 te,
3284 1254 3377 1300 aut
3411 1259 3499 1300 re-

1917 1341 2060 1405 ditu;
2098 1340 2166 1395 ad
2195 1349 2288 1409 te;
2334 1347 2427 1395 aut
2454 1354 2582 1395 vero
2616 1338 2782 1393 Filius
2817 1347 2941 1393 tuus
2983 1337 3072 1392 ille
3101 1336 3280 1390 minor
3304 1348 3495 1404 equos,

1915 1432 2001 1488 vel
2029 1448 2240 1497 currus,
2279 1431 2361 1485 vrl
2398 1445 2561 1486 naves
2603 1429 2868 1499 qumsivit,
2915 1436 3009 1482 aut
3049 1426 3278 1481 avolavit
3322 1440 3497 1493 penna

1916 1522 2136 1587 visibili,
2180 1528 2273 1576 aut
2312 1530 2459 1576 moto
2489 1519 2690 1589 poplite
2715 1519 2820 1572 iter
2854 1518 2980 1586 egit,
3021 1525 3080 1570 ut
3118 1514 3497 1582 in'louginqua

1917 1613 2135 1682 regione
2169 1613 2356 1666 vivens
2390 1609 2495 1680 50
2527 1608 2751 1678 prodige
2785 1606 3071 1675 dissiparet
3101 1603 3246 1672 quod
3274 1602 3500 1657 dederas

1918 1701 2299 1772 proﬁciscenti,
2338 1700 2509 1754 dulcis
2538 1699 2718 1759 Pater,
2756 1704 2813 1749 et
2837 1709 3006 1764 regno
3031 1691 3163 1765 [Αι.,
3191 1689 3383 1762 egeno]
3411 1703 3502 1743 re-

230 1797 375 1851 tuas,
406 1787 632 1847 Domine
661 1787 824 1852 Deus,
856 1788 984 1859 quid
1014 1789 1090 1843 sis
1118 1788 1271 1843 mihi.
1302 1789 1398 1843 Dic
1427 1791 1618 1844 animo?
1642 1805 1770 1844 mete
1797 1802 1815 1841 :
1848 1781 1893 1840 Β
1922 1792 2104 1848 deunti
2136 1791 2362 1847 dulcior.
2411 1789 2470 1843 In
2510 1787 2705 1843 aﬁ‘ectu
2750 1801 2880 1856 ergo
2926 1783 3210 1839 libidinoso
3250 1788 3305 1835 et
3349 1788 3503 1834 tene-

231 1877 400 1932 Salus
428 1880 535 1932 tua"
561 1894 653 1948 ego
684 1895 803 1933 sum
830 1876 1001 1949 (Psal.
1051 1894 1237 1945 δίκην,
1277 1878 1367 1951 3);
1399 1879 1493 1934 sed
1528 1878 1614 1934 dic
1639 1887 1701 1933 ut
1727 1894 1821 1933 au-

229 1969 405 2024 diam.
436 1970 762 2025 Eece'aures
790 1968 1099 2025 cordismei
1136 1977 1263 2025 ante
1293 1978 1365 2034 te,
1394 1969 1641 2035 Domine,
1671 1968 1820 2040 aperi

229 2075 353 2119 eas.
384 2069 441 2115 et
464 2060 551 2117 dic
575 2061 770 2116 anima:
796 2075 928 2115 mete
954 2077 967 2114 :
998 2058 1159 2116 Salus
1186 2068 1279 2114 tua
1307 2076 1400 2129 ego
1426 2067 1563 2114 sum.
1592 2057 1820 2115 Curram

231 2160 362 2225 post
385 2168 570 2209 vocem
600 2154 761 2219 hanc,
808 2160 863 2208 et
888 2152 1287 2224 appreliendam
1314 2162 1386 2207 te.
1434 2151 1551 2207 Noli
1595 2151 1823 2208 abscon-

233 2244 366 2298 dere
390 2226 429 2296 3
458 2257 544 2298 me
586 2241 782 2299 faciem
823 2251 972 2298 tuam
1004 2257 1073 2298 ne
1108 2242 1332 2307 mariar,
1376 2243 1469 2298 sed
1498 2241 1583 2298 fac
1613 2252 1675 2298 ut
1703 2257 1822 2298 eam

235 2336 470 2391 videam.
506 2334 749 2407 Angusta
775 2337 1071 2392 estdomus
1095 2335 1288 2391 anima:
1323 2351 1481 2402 meae,
1506 2350 1613 2406 quo
1639 2337 1826 2391 venias

237 2426 307 2479 ad
342 2439 482 2489 eam,
511 2424 766 2481 dilatetur
789 2440 819 2480 a
847 2434 901 2481 te
931 2444 943 2479 :
976 2426 1195 2482 ruinosa
1219 2434 1322 2492 est,
1350 2425 1512 2481 reﬁce
1535 2441 1675 2481 eam.
1717 2425 1825 2480 lla-

239 2515 336 2568 bet
370 2514 738 2570 immunditias
774 2524 1117 2586 peccatorum
1154 2516 1369 2582 multas,
1400 2533 1520 2587 quae
1555 2516 1828 2573 offendant

239 2607 425 2662 nullos
457 2616 580 2663 tuos
608 2626 622 2662 :
656 2608 832 2666 fateor
855 2617 911 2664 et
936 2611 1068 2666 scio.
1099 2609 1206 2666 Sed
1232 2611 1352 2680 quis
1381 2610 1520 2665 alius
1548 2610 1829 2665 mundabit

238 2711 383 2762 eam,
408 2706 500 2751 aut
524 2698 613 2752 cui
638 2698 728 2752 alii
752 2706 951 2768 praeter
969 2707 1024 2755 te
1049 2699 1355 2755 acclamans
1381 2700 1557 2754 dicam
1582 2717 1597 2754 :
1632 2699 1710 2753 Ab
1742 2716 1824 2754 oc-

238 2786 395 2841 cultis
437 2789 563 2842 meis
605 2790 802 2843 munda
842 2807 940 2855 me,
986 2790 1229 2857 Domine,
1274 2791 1413 2845 etab
1454 2790 1640 2846 alienis
1673 2807 1829 2861 parce

239 2894 384 2932 uno
424 2889 512 2933 tuo
555 2876 730 2949 (Psal.
772 2896 929 2945 xv'iii,
972 2882 1111 2953 15)?
1148 2881 1337 2937 Nonne
1379 2881 1474 2936 tibi
1518 2881 1830 2952 prolocutus
1882 2892 1889 2897 '

242 2982 360 3023 sum
401 2968 686 3024 adversum
730 2986 817 3026 me
855 2972 1048 3027 delicta
1090 2989 1228 3033 mea,
1274 2972 1414 3028 Deus
1450 2973 1636 3028 meus?
1667 2972 1735 3026 Et
1772 2981 1829 3027 tu

244 3060 472 3123 dimitte,
500 3061 751 3126 obsecro,
780 3062 1108 3133 impietatem
1133 3065 1312 3119 cordis
1338 3064 1463 3119 mei.
1492 3064 1605 3118 Non
1624 3064 1828 3135 judicio

245 3152 507 3206 contendo
542 3160 743 3217 tecum,
773 3155 898 3223 quia
921 3155 1122 3211 veritas
1146 3170 1233 3221 es;
1272 3164 1328 3211 et
1362 3171 1462 3227 ego
1491 3155 1614 3211 nolo
1644 3155 1827 3214 fallere
1852 3128 1900 3190 C

248 3246 502 3316 meipsmn
545 3262 616 3301 ne
641 3247 932 3302 mentiatur
958 3248 1213 3319 iniquitas
1259 3264 1377 3303 mea
1419 3249 1541 3303 sibi.
1588 3247 1701 3302 Non
1729 3263 1829 3320 ego

243 3335 439 3404 iudicio
466 3337 736 3393 contendo
769 3346 945 3393 tecum
966 3380 981 3405 ,
1017 3341 1143 3408 quia
1177 3342 1222 3394 si
1259 3341 1557 3412 iniquitates
1591 3341 1831 3394 observa-

249 3430 392 3490 veris,
416 3428 660 3495 Domine,
704 3430 949 3494 Domine,
988 3433 1104 3502 quis
1128 3431 1403 3485 sustinebit
1430 3429 1602 3503 (Psnl.
1640 3445 1824 3495 cxxrx,

250 3520 341 3583 5)?
360 3518 454 3575 Dic
482 3521 617 3576 mihi
651 3522 897 3593 supplici,
932 3523 1073 3577 Deus
1114 3523 1444 3585 misericors,
1473 3522 1559 3577 dic
1585 3522 1783 3576 misero
1813 3540 1826 3575 :

255 3607 521 3663 Salnsatua
548 3627 645 3681 ego
672 3626 813 3665 sum.
840 3611 1087 3678 Peccavi,
1118 3613 1342 3667 Domine
1370 3613 1512 3667 Deus
1540 3628 1711 3677 meus,
1743 3628 1833 3667 or-

253 3699 461 3755 dinatur
482 3713 539 3757 et
575 3713 792 3758 creator
821 3719 1000 3759 rerum
1028 3705 1268 3759 omnium
1307 3702 1669 3768 naturalium;
1706 3718 1831 3774 pec-

254 3799 491 3845 catorum
549 3801 758 3848 tantum
818 3809 923 3849 non
969 3796 1246 3850 ordinator
1297 3809 1552 3863 unquam.
1610 3794 1832 3849 Domine

259 3880 391 3936 Deus
436 3898 605 3947 meus,
643 3886 861 3954 peccavi
898 3886 1145 3941 faciendo
1183 3893 1370 3941 contra
1403 3893 1671 3955 praecepta
1716 3893 1827 3938 tua.

258 3968 365 4027 Non
413 3974 555 4027 enim
604 3976 825 4030 meliora
870 3976 1076 4048 eligens
1120 3976 1432 4032 inobediens
1474 3975 1684 4039 exstiti;
1739 3974 1834 4030 sed

260 4076 434 4117 amore
458 4063 690 4120 faciendi
727 4066 1058 4122 voluntatem
1092 4067 1388 4138 pr0priam,
1422 4077 1477 4122 et
1508 4065 1831 4135 adimplendi

260 4154 507 4222 superbas
535 4152 812 4212 victorias.
860 4156 1053 4214 Libera
1086 4174 1192 4223 me,
1238 4157 1484 4224 Domine,
1525 4155 1641 4225 jam
1683 4157 1836 4213 invo—

262 4252 459 4300 cantem
487 4254 557 4301 te.
584 4246 777 4304 Libera
799 4249 964 4303 etiam
986 4263 1078 4305 eos
1098 4250 1189 4320 qui
1218 4248 1455 4304 nondum
1481 4258 1531 4302 Ie
1562 4247 1831 4310 invocant,

261 4342 316 4387 ut
342 4332 588 4392 invocent
624 4346 675 4392 te
711 4347 766 4393 et
812 4339 1009 4395 liberes
1048 4355 1162 4395 eos.
1203 4337 1441 4394 Obsecro
1476 4345 1561 4403 te,
1609 4337 1836 4392 Domine

262 4423 392 4480 Deus
430 4442 601 4493 meus,
636 4437 696 4482 ut
724 4428 869 4483 intus
896 4429 948 4483 in
976 4429 1152 4483 anima
1190 4443 1306 4482 mea
1339 4428 1569 4491 clamosa
1597 4426 1725 4498 quid
1765 4427 1836 4481 sit

263 4531 435 4573 amare
457 4527 529 4584 te,
558 4528 615 4575 et
639 4535 739 4591 ego
764 4520 992 4583 audiam,
1032 4531 1088 4577 et
1123 4521 1323 4576 veritas
1361 4530 1450 4576 tua
1477 4521 1622 4576 dicat
1653 4519 1782 4575 mihi
1813 4537 1825 4573 :

266 4604 411 4663 Salus
440 4620 529 4664 tua
562 4628 656 4682 ego
689 4629 839 4677 sum;
885 4620 943 4667 et
983 4612 1378 4668 consolationes
1419 4621 1523 4668 tute
1558 4612 1831 4668 laetiﬁcent

268 4699 485 4754 animam
516 4716 712 4757 meam.
752 4702 865 4758 Non
890 4704 1124 4759 clament
1146 4705 1404 4760 adversus
1430 4720 1516 4758 me
1548 4704 1715 4773 iniqui
1739 4719 1831 4774 ap-

268 4792 449 4859 petitus
483 4794 611 4857 mei,
655 4808 756 4850 nec
790 4794 1016 4850 timeant
1046 4796 1187 4866 quod
1226 4793 1518 4850 timendum
1558 4810 1662 4848 non
1699 4801 1782 4848 est
1817 4810 1829 4847 :

271 4882 352 4935 sed
379 4883 638 4938 conﬁtear
669 4883 787 4949 tibi,
824 4884 966 4940 Deus
1001 4900 1174 4951 meus,
1203 4892 1258 4939 et
1292 4884 1628 4953 acquiescam
1667 4884 1719 4936 iu
1754 4898 1837 4936 rc-

274 4971 663 5037 prcltensionem
702 4974 965 5029 malarum
994 4975 1203 5029 viarum
1236 4990 1497 5037 mearum,
1529 4982 1588 5027 ut
1620 4973 1836 5044 diligam

278 5059 425 5119 bonas
458 5065 574 5120 vias
610 5073 730 5120 tuas
771 5084 782 5118 :
832 5066 1035 5121 ﬂuxum
1082 5066 1392 5121 vitiositatis
1440 5081 1574 5120 mea:
1616 5065 1838 5119 restrin-

280 5162 389 5218 gaut
435 5155 574 5225 leges
615 5167 669 5210 et
706 5157 1079 5214 miserationes
1116 5168 1239 5222 ture,
1274 5157 1517 5213 Domine.
1553 5157 1716 5212 Misce
1752 5174 1838 5212 sa-

277 5238 439 5300 lubres
467 5246 875 5313 amaritudincs,
916 5258 1230 5304 revocantes
1264 5265 1363 5304 nos
1395 5250 1461 5303 ad
1499 5257 1550 5304 te
1586 5264 1616 5301 a
1646 5247 1839 5317 jucun-

281 5331 426 5389 ditate
461 5337 739 5406 pestifera,
784 5353 891 5408 qua
921 5342 1243 5396 recessimus
1284 5357 1313 5395 a
1354 5347 1424 5394 te.
1464 5339 1699 5402 Exaudi,
1738 5337 1840 5391 Do—

282 5421 426 5487 mine,
468 5426 900 5497 deprecationem
938 5444 1134 5495 meam,
1165 5444 1231 5484 nc
1257 5429 1474 5484 deﬁciat
1507 5428 1684 5482 anima
1721 5442 1838 5481 mea

284 5513 367 5565 sub
389 5516 664 5588 disciplina
694 5524 785 5574 tua
812 5538 824 5574 :
860 5538 1034 5592 neque
1056 5522 1299 5578 deﬁciam
1332 5520 1385 5577 iu
1413 5518 1713 5576 eouﬁtcudo
1743 5519 1840 5573 mi-

286 5609 556 5666 serationes
592 5621 734 5676 tuas,
767 5613 964 5683 quibus
998 5633 1157 5672 eruas
1194 5634 1277 5671 me
1318 5616 1385 5670 ab
1419 5613 1668 5669 omnibus
1700 5610 1842 5666 vitiis

289 5699 399 5752 meis
438 5704 710 5773 pessimis,
760 5714 819 5759 ut
859 5707 1135 5765 dulcescas
1177 5711 1304 5786 mihi
1344 5725 1505 5780 super
1538 5720 1725 5765 unmcs
1760 5719 1840 5761 sc-

1920 1885 2102 1950 broso,
2142 1892 2200 1937 ut
2240 1880 2356 1954 [F.,
2384 1879 2514 1951 itur]
2545 1879 2702 1949 longe
2740 1894 2772 1933 a
2802 1875 2954 1931 vultu
2982 1882 3092 1929 tuo.
3140 1873 3319 1929 Bonus
3358 1870 3504 1926 enim

1921 1991 2001 2040 es,
2049 1974 2304 2036 Domine,
2350 1971 2475 2041 quia
2526 1979 2582 2024 tu
2626 1984 2686 2023 es
2729 1970 2928 2023 bonum
2970 1972 3235 2021 nostrum.
3280 1961 3503 2017 Peccavi

1922 2069 2068 2139 quod
2090 2083 2195 2122 non
2223 2066 2276 2122 in
2307 2075 2381 2129 te,
2408 2064 2502 2120 sed
2527 2064 2581 2116 in
2608 2061 2873 2117 creaturis
2897 2060 3004 2114 tuis
3025 2058 3330 2128 voluptates
3353 2069 3504 2109 meas

1922 2157 2164 2222 dilatavi,
2189 2164 2247 2211 et
2266 2155 2387 2209 ideo
2416 2153 2550 2208 irrui
2573 2152 2627 2206 in
2655 2151 2887 2217 dolores,
2915 2148 3260 2205 confusiones
3280 2153 3335 2200 et
3354 2157 3508 2199 erro—

1924 2264 2032 2306 res.
2057 2249 2138 2304 Tu
2166 2254 2366 2311 autem,
2393 2245 2641 2310 Domine,
2678 2243 2769 2313 qui
2803 2257 3016 2312 semper
3040 2256 3119 2304 es,
3154 2248 3210 2295 et
3251 2254 3358 2293 non
3388 2252 3507 2293 mu-

1927 2341 2078 2406 taris,
2106 2339 2198 2411 qui
2242 2352 2457 2407 semper
2484 2334 2640 2398 vivis,
2683 2342 2738 2389 et
2769 2331 2904 2387 nihil
2928 2330 3158 2387 moritur
3192 2328 3246 2382 in
3283 2337 3336 2382 te
3369 2344 3382 2379 :
3421 2326 3509 2381 die

1924 2430 2057 2487 mihi
2088 2429 2288 2484 misero
2314 2440 2472 2483 servo
2507 2433 2600 2478 tuo
2634 2442 2646 2477 :
2682 2422 2841 2481 Salus
2875 2431 2967 2475 tua
2992 2436 3084 2490 ego
3120 2435 3257 2473 sum.
3290 2417 3509 2472 Gratias

1927 2523 2041 2588 tibi,
2085 2520 2311 2578 dulcedo
2350 2533 2492 2581 mea,
2535 2522 2590 2570 et
2618 2515 2793 2569 honor
2827 2526 3001 2576 meus,
3033 2518 3090 2565 et
3132 2508 3327 2563 ﬁducia
3363 2522 3506 2571 mea,

1926 2614 2069 2670 Deus
2094 2625 2246 2667 meus
2273 2628 2287 2664 :
2320 2609 2523 2681 gratias
2547 2605 2643 2661 tibi
2673 2604 2740 2659 de
2774 2602 3043 2658 universis
3074 2599 3229 2681 donis
3257 2598 3365 2653 tuis
3388 2610 3511 2666 quae

1926 2704 2152 2774 largitus
2195 2716 2255 2757 es
2301 2680 2466 2765 mihi;
2515 2697 2608 2753 sed
2639 2703 2696 2750 tu
2731 2694 2864 2750 mihi
2898 2709 2963 2749 ea
3008 2706 3162 2748 serva
3201 2680 3217 2744 Ξ
3253 2689 3328 2744 ita
3364 2687 3509 2744 enim

1928 2796 2171 2853 servabis
2203 2808 2310 2860 me,
2339 2800 2393 2848 et
2420 2791 2758 2861 augebuntur
2789 2793 2844 2841 et
2880 2783 3232 2856 perﬁcientur
3259 2795 3379 2851 quae
3420 2778 3513 2834 de-

1928 2888 2052 2943 disti
2081 2885 2234 2951 mihi,
2260 2893 2313 2939 et
2340 2898 2432 2937 ero
2463 2882 2576 2952 ipse
2601 2882 2803 2953 tecum,
2829 2876 2875 2931 si
2907 2883 2965 2930 tu
2994 2872 3295 2929 servaveris
3322 2885 3431 2935 me,
3456 2879 3515 2924 et

1929 2978 2067 3034 dona
2105 2988 2195 3030 tua
2240 2989 2359 3045 qua:
2385 2970 2578 3028 dedisti
2614 2969 2777 3033 mihi,
2811 2965 2937 3038 quia
2970 2962 3069 3037 [et]
3106 2972 3165 3017 ut
3200 2962 3301 3017 sim
3333 2969 3388 3014 tu
3414 2961 3512 3015 de-

1930 3073 2058 3128 disti
2089 3071 2239 3135 mihi,
2270 3070 2363 3140 qui
2393 3064 2531 3122 {iris
2561 3074 2616 3122 et
2637 3079 2830 3135 regnas
2861 3063 2914 3117 in
2940 3060 3137 3117 smcula
3169 3057 3510 3114 saeculorum.

1931 3165 2122 3219 Amen.

2649 3246 2818 3308 XIII.

2397 3348 2618 3411 Oratio
2655 3344 2737 3406 ad
2773 3360 3035 3406 crucem.

2002 3482 2248 3546 Christe,
2279 3478 2372 3549 qui
2404 3491 2502 3548 pro
2529 3473 2684 3531 nobis
2704 3471 2883 3529 erucis
2910 3476 2967 3524 et
2994 3465 3183 3522 mortis
3216 3458 3515 3535 patibulum

1932 3576 2168 3638 sul‘iisti,
2196 3582 2256 3628 ut
2285 3570 2477 3626 mortis
2512 3584 2543 3622 a
2573 3566 2729 3622 nobis
2757 3563 3053 3634 expelleres
3087 3564 3434 3629 potestatem,
3459 3561 3516 3611 et

1932 3667 2208 3739 sanguinis
2247 3665 2324 3719 tui
2367 3678 2467 3717 nos
2498 3660 2674 3730 pretio
2717 3658 3011 3718 liberares,
3056 3653 3315 3723 miserere
3372 3647 3514 3739 mei,

1932 3737 2178 3832 qui‘su‘m
2214 3754 2549 3810 humillimus
2584 3764 2773 3804 servus
2818 3754 2977 3809 tuus,
3031 3750 3088 3798 et
3131 3740 3343 3795 veniam
3382 3737 3515 3792 mihi

1932 3850 2175 3906 omnium
2210 3858 2450 3899 meorum
2493 3840 2671 3894 tribue
2706 3844 3075 3908 peccatorum,
3108 3844 3302 3900 meque
3330 3841 3515 3883 coram

1934 3939 2205 3998 adoranda
2250 3948 2410 3991 cruce
2455 3940 2547 3985 tua
2590 3933 2918 4000 prostratum
2961 3924 3029 3977 ab
3070 3921 3319 3975 omnibus
3362 3916 3518 3971 malis

1935 4034 2105 4103 eripe,
2133 4028 2289 4087 bonis
2320 4025 2427 4080 tuis
2456 4018 2879 4077 misericorditer
2908 4013 3086 4070 reﬁce.

2554 4134 2676 4189 Alia
2709 4131 2895 4187 oratio.

2006 4260 2232 4316 Domine
2263 4256 2391 4311 Iesu
2421 4253 2656 4318 Christe,
2683 4249 2776 4322 qui
2806 4264 2886 4313 es,
2914 4255 2970 4302 et
2994 4244 3084 4315 qui
3114 4258 3239 4300 eras
3262 4256 3384 4297 cum
3410 4239 3516 4296 Pa-

1935 4364 2019 4410 tre
2054 4361 2180 4408 anle
2209 4348 2404 4405 saecula
2440 4345 2674 4417 genitus,
2712 4342 2855 4397 Deus
2884 4354 2950 4396 ex
2986 4337 3098 4393 Deo
3130 4348 3284 4399 vero,
3322 4346 3520 4388 conce-

1934 4453 2058 4515 ptus
2082 4457 2148 4497 ex
2188 4438 2392 4511 Spiritu
2421 4444 2628 4499 sancto,
2661 4440 2716 4488 et
2742 4438 2903 4486 natus
2929 4430 3094 4484 homo
3125 4426 3179 4482 in
3210 4425 3316 4479 ﬁne
3343 4434 3519 4515 smon-

1866 4494 1913 4554 D
1936 4494 2400 4591 .Maria
2437 4494 2645 4598 virgine
2677 4536 2921 4591 semper;
2958 4517 3050 4589 qui
3079 4516 3335 4572 obediens
3367 4514 3519 4576 Patri

1934 4641 2105 4696 usque
2144 4622 2211 4678 ad
2254 4628 2509 4680 mortem,
2543 4624 2771 4672 mortem
2801 4622 2983 4667 autem
3020 4609 3229 4672 erucis,
3274 4607 3518 4678 liberast;

1936 4733 2039 4773 nos
2058 4725 2150 4770 tuo
2170 4719 2359 4769 sancto
2378 4721 2434 4764 et
2463 4708 2701 4778 pretioso
2720 4702 3007 4771 sanguine,
3030 4700 3304 4755 destructo
3328 4699 3522 4754 mortis

1939 4806 2187 4876 imperio,
2224 4801 2476 4856 omnibus
2509 4797 2563 4852 in
2600 4804 2653 4849 te
2686 4791 3028 4850 credentibus
3069 4788 3304 4845 caelestis
3339 4788 3525 4860 gloria:

1940 4898 2145 4952 aditum
2171 4890 2422 4948 reserasti
2451 4906 2464 4941 :
2498 4896 2550 4942 te
2581 4886 2750 4941 Deum
2774 4898 2962 4939 verum
2983 4921 2998 4949 ,
3025 4891 3082 4937 ct
3110 4881 3394 4937 Dominum
3424 4896 3524 4937 no-

1939 4995 2111 5041 strum
2147 4981 2463 5053 suppliciter
2493 4991 2679 5041 exoro,
2718 4976 2990 5031 sedentem
3023 4972 3090 5028 ad
3119 4973 3395 5035 dexteram
3423 4970 3521 5027 Dei

1941 5076 2117 5132 Patris
2147 5069 2564 5140 omnipotentis;
2593 5064 2930 5136 deprecando
2960 5062 3223 5119 inﬁnitam
3252 5070 3308 5116 et
3334 5059 3521 5116 ineffa-

1941 5172 2101 5226 bilem
2127 5165 2550 5223 miscricordiam
2576 5173 2743 5226 tuam.
2772 5169 2833 5216 ut
2855 5176 2954 5230 per
2974 5160 3227 5214 virtutem
3252 5157 3410 5227 hujus
3433 5162 3523 5213 sa-

1942 5261 2131 5315 lutaris
2158 5257 2294 5328 signi
2321 5256 2502 5311 crucis
2527 5263 2581 5309 et
2606 5251 2989 5323 redemptionis
3020 5259 3146 5314 tute,
3172 5249 3405 5304 redimas
3434 5263 3522 5305 me

1942 5352 2220 5414 miserum,
2249 5328 2304 5404 et
2335 5348 2551 5418 dignum
2589 5352 2762 5399 morte
2794 5351 3131 5414 peccatorcm
3168 5341 3236 5395 ab
3272 5340 3525 5397 omnibus

1939 5443 2256 5499 criminibus
2279 5448 2336 5495 et
2371 5436 2697 5492 facinoribus
2724 5434 2877 5498 meis,
2909 5443 2964 5489 et
2992 5431 3161 5488 libera
3189 5447 3274 5486 me
3302 5432 3370 5485 ab
3403 5446 3522 5487 om-

1940 5535 2097 5589 nibus
2144 5531 2298 5586 malis
2342 5526 2648 5599 praztcritis.
2695 5524 3053 5595 pncscntibus
3100 5531 3155 5577 et
3201 5519 3417 5586 futuris,
3466 5528 3525 5577 et

1941 5624 2204 5679 mortiﬁca
2239 5622 2291 5675 iu
2318 5636 2403 5676 me
2427 5618 2607 5674 omnia
2639 5617 2766 5672 vitia
2795 5615 3112 5687 spiritalium
3142 5624 3196 5671 ct
3225 5615 3522 5670 carnalium

1941 5717 2323 5790 nequitiarum,
2368 5723 2421 5773 et
2462 5714 2545 5770 fac
2593 5726 2677 5768 me
2712 5726 2991 5785 resurgere
3023 5722 3197 5769 tecum
3232 5711 3286 5767 in
3318 5718 3526 5775 ,virtute
