3968 6180
523 305 629 365 507

1364 303 1422 355 Β.
1460 301 1520 355 F.
1563 297 1790 354 ALBINI
1829 294 1960 350 SEU
1998 287 2274 347 ALCUINI
2312 286 2595 346 OPERUM
2630 286 2810 344 PARS
2847 289 2933 343 IV.

3676 286 3775 345 508

525 422 708 492 gloriae
737 431 859 484 tum,
889 431 943 474 et
966 436 1083 488 qum
1105 434 1316 473 sursum
1348 425 1492 479 sunt,
1527 413 1766 468 ccelestia
1802 407 2112 464 desiderare

2221 400 2498 471 caliginem
2537 410 2627 454 tua
2663 417 2762 456 nos
2796 410 3041 471 protegat
3067 402 3286 454 dextera
3312 441 3326 466 ,
3357 410 3414 453 ut
3445 401 3495 454 in
3527 399 3661 455 lueis
3688 417 3778 457 an-

523 526 577 570 et
603 530 866 584 quaerere,
895 522 948 568 et
975 512 1038 566 ad
1066 522 1278 566 internae
1314 507 1660 563 beatitudinis
1684 505 1907 576 gloriam
1932 503 2104 558 felici-

523 613 608 659 ter
655 604 966 672 pervenire,
1021 609 1309 671 prmstante
1356 607 1446 652 tua
1494 599 1753 652 immensa
1800 595 2103 660 clementia,

521 692 752 749 Domine
785 693 909 748 ἔθευ
940 693 1156 747 Christe
1188 692 1350 754 Deus,
1387 697 1441 744 et
1477 687 1737 742 Dominus
1770 695 1974 751 noster,
2015 685 2108 755 qui

525 799 650 838 cum
682 783 790 839 Deo
821 783 980 837 Patre
1003 792 1059 836 et
1084 781 1287 851 Spiritu
1318 787 1508 834 sancto
1541 779 1595 832 in
1632 779 1834 832 unitate
1862 777 2109 832 essentia:

525 873 744 930 deitatis
777 875 956 928 omnia
992 871 1226 928 creando
1252 871 1416 939 regis,
1439 870 1699 933 viviﬁcas,
1733 876 1786 922 et
1818 869 2105 939 gubernas,

524 977 623 1041 per
646 964 973 1020 immortalia
1002 962 1194 1018 szecula
1221 961 1560 1024 saeculorum,
1590 961 1780 1016 Amen.

1249 1075 1421 1136 XIV.

645 1176 861 1236 Prima
891 1176 1046 1235 hora
1079 1176 1189 1236 hac
1228 1176 1510 1236 oratione
1547 1173 1849 1235 orandum
1877 1183 1985 1236 est.

599 1314 624 1342 ε
664 1301 890 1356 Domine
927 1302 1091 1367 Deus,
1127 1302 1218 1370 qui
1248 1302 1314 1356 ad
1343 1301 1666 1371 principium
1698 1297 1858 1367 hujus
1879 1298 1984 1352 diei
2013 1313 2112 1353 nos

526 1394 809 1462 pervenire
839 1392 1034 1458 fecisti,
1064 1400 1152 1446 tua
1178 1409 1277 1446 nos
1301 1408 1456 1447 serva
1487 1392 1706 1455 virtute,
1731 1399 1790 1444 ut
1816 1389 1868 1444 in
1896 1388 1980 1444 die
2011 1389 2113 1443 bac

527 1483 592 1536 ad
643 1483 847 1538 nullum
889 1484 1218 1538 declinemus
1263 1490 1542 1552 peccatum
1587 1499 1599 1534 :
1648 1481 1742 1536 sed
1787 1495 2001 1550 semper
2047 1477 2112 1534 ad

529 1584 674 1628 tuam
692 1575 955 1643 justitiam
987 1575 1290 1630 faciendam
1333 1585 1517 1629 nostra
1553 1574 1849 1644 procedant
1876 1573 2109 1643 eloquia.

527 1663 631 1720 Per
658 1666 941 1720 Dominum
969 1673 1212 1721 nostrum
1234 1664 1416 1722 Jesum
1442 1666 1739 1722 Christum.

908 1779 1090 1834 Oratio
1121 1779 1190 1833 ad
1223 1780 1504 1833 secundum
1536 1780 1741 1832 horam.

601 1872 823 1927 Domine
851 1871 995 1926 Deus
1015 1873 1376 1940 omnipotens,
1407 1873 1496 1941 qui
1533 1888 1633 1927 nos
1660 1872 1712 1926 in
1748 1873 1887 1926 hanc
1923 1870 2111 1924 horam

527 1963 817 2018 secundam
853 1971 973 2032 post
1009 1973 1300 2018 nocturnas
1326 1964 1584 2034 caligines
1610 1963 1892 2035 pervenire
1916 1961 2110 2026 fecisti,

527 2072 782 2111 conserva
825 2071 921 2110 nos
958 2055 1117 2110 hodie
1151 2070 1248 2124 per
1276 2057 1516 2110 omnium
1557 2058 1815 2111 horarum
1858 2056 2030 2124 spatia
2059 2063 2114 2110 et

527 2155 797 2203 momenta
828 2147 1103 2216 temporis,
1135 2155 1189 2200 et
1226 2156 1484 2216 perpetua
1515 2164 1615 2203 nos
1648 2163 1861 2218 semper
1894 2147 1978 2202 fac
2006 2149 2110 2201 mi—

526 2241 817 2296 sericordia
861 2238 993 2311 [Al.,
1030 2255 1126 2311 per
1161 2249 1374 2294 tuam...
1417 2239 1866 2310 misericordiam]
1897 2254 2112 2307 perma-

526 2346 654 2386 nere
682 2332 891 2394 illaesos,
915 2348 1012 2403 per
1032 2332 1316 2387 Dominum
1341 2341 1584 2388 nostrum
1607 2330 1790 2388 Jesum
1812 2331 2108 2388 Christum.

1029 2444 1212 2500 Oratio
1245 2447 1313 2499 ad
1347 2446 1592 2500 Tertiam.

600 2554 818 2609 Domine
842 2555 1002 2620 Deus,
1028 2555 1155 2610 ἔθευ
1180 2556 1417 2622 Christe,
1445 2559 1535 2626 qui
1565 2559 1699 2612 hora
1731 2559 1888 2612 tertia
1913 2559 2016 2613 diei
2043 2560 2111 2613 ad

525 2645 704 2698 crucis
724 2659 938 2713 ptenam
969 2661 1067 2715 pro
1095 2647 1276 2700 mundi
1309 2647 1480 2702 salute
1502 2647 1696 2703 ductus
1723 2662 1802 2714 es,
1829 2656 1881 2702 te
1908 2649 2110 2718 suppli-

527 2736 663 2788 ci’er
687 2735 1042 2803 deprecamur
1071 2746 1130 2790 ut
1155 2747 1339 2792 nostra
1365 2739 1545 2794 deleas
1581 2747 1803 2808 peccata
1835 2757 1847 2792 :
1881 2747 1940 2794 ut
1963 2748 2016 2793 et
2046 2739 2111 2794 de

528 2826 813 2894 praeteritis
851 2825 1003 2881 malis
1031 2828 1233 2882 nostris
1268 2843 1482 2898 semper
1507 2830 1648 2899 apud
1691 2838 1743 2886 te
1778 2819 2112 2884 inveniamus

528 2915 767 2979 veniam,
814 2923 869 2970 et
907 2917 972 2972 de
1011 2915 1207 2972 futuris
1239 2916 1438 2987 jugiter
1467 2920 1761 2974 habeamus
1789 2920 2106 2974 custodiam.

525 3006 627 3071 Qui
674 3007 810 3063 vivis
853 3016 906 3064 ct
951 3023 1142 3079 regnas
1183 3024 1280 3078 per
1309 3011 1488 3064 omnia
1535 3010 1728 3066 szecnla
1769 3010 2106 3065 szecnlorum.

529 3095 719 3151 Amen.

1047 3191 1228 3247 Oratio
1264 3192 1334 3246 ad
1367 3191 1604 3250 Sextum.

599 3278 822 3334 Domine
855 3280 981 3336 ἔθευ
1011 3283 1241 3348 Christe,
1271 3286 1361 3354 qui
1390 3286 1514 3340 dum
1545 3287 1677 3341 hora
1710 3297 1860 3341 sexta
1895 3305 1992 3357 pro
2025 3303 2114 3341 re-

415 3424 431 3439 ,
526 3367 832 3437 dempt‘one
875 3373 1058 3426 mundi
1105 3375 1156 3426 in
1185 3376 1362 3427 crucis
1398 3377 1687 3430 ascendisti
1729 3377 1958 3446 lignum,
1997 3378 2117 3432 uni-

525 3468 714 3509 versus
741 3458 972 3511 mundus
1003 3460 1054 3512 in
1081 3461 1320 3514 tenebris
1355 3461 1486 3532 [A!.,
1515 3465 1568 3516 in
1593 3464 1864 3535 tenebras]
1892 3479 2115 3521 convcr-

527 3560 620 3601 sus
656 3557 758 3608 est,
787 3547 931 3601 illam
969 3547 1069 3617 51
1112 3551 1267 3605 nobis
1301 3551 1474 3606 lucem
1513 3553 1566 3606 in
1598 3554 1775 3607 anima
1808 3563 1862 3608 et
1886 3571 2114 3627 corpore

527 3643 714 3690 nostra
749 3652 961 3706 semper
997 3639 1198 3705 tribue,
1233 3657 1330 3710 per
1368 3657 1527 3710 quam
1567 3643 1633 3697 ad
1667 3653 1921 3700 :cternam
1947 3649 2111 3703 vitam

527 3728 813 3798 pervenire
847 3745 1171 3785 mereamur.
1209 3733 1310 3800 Qui
1336 3749 1457 3788 cum
1485 3733 1644 3788 Patre
1677 3743 1732 3789 et
1759 3735 1959 3806 Spiritu
1991 3754 2112 3793 san—

524 3829 616 3874 ctu
649 3837 839 3892 regnas
869 3823 920 3876 in
951 3831 1152 3878 aeterna
1182 3826 1395 3881 smcula.

1031 3935 1213 3991 Oratio
1259 3938 1327 3991 ad
1377 3938 1427 3992 Ν
1433 3957 1606 3995 onam.

603 4022 830 4078 Domine
866 4022 991 4079 Jesu
1010 4025 1245 4094 Christe,
1277 4029 1367 4098 qni
1397 4046 1537 4085 nona
1564 4032 1695 4086 hora
1727 4033 1779 4086 in
1810 4033 1986 4088 crucis
2011 4048 2108 4102 pa-

529 4114 700 4170 tibulo
734 4117 1083 4172 confitentem
1119 4119 1383 4175 latronem
1433 4122 1574 4176 intra
1623 4125 1823 4178 mmnia
1871 4123 2106 4193 paradisi

531 4211 768 4265 transire
791 4211 1034 4281 iussisti,
1068 4221 1121 4268 te
1152 4215 1464 4284 suppliciter
1495 4215 1836 4289 [conﬁtentes
1865 4216 2106 4289 peccata]

527 4304 924 4372 dedrecamur,
958 4313 1017 4358 ut
1055 4314 1175 4375 post
1205 4307 1410 4362 obitum
1446 4317 1692 4382 nostrum
1731 4311 1970 4380 paradisi
2006 4326 2106 4365 nos

527 4393 723 4461 gaudia
756 4394 983 4449 introire
1012 4397 1307 4464 gaudentes
1333 4401 1618 4454 concedas.
1648 4399 1749 4467 Qui
1781 4401 1916 4456 vivis
1943 4409 1998 4456 et
2024 4415 2106 4456 re-

532 4500 669 4553 gnas
699 4499 797 4554 per
823 4485 1002 4540 omnia
1032 4487 1226 4542 saecula
1257 4489 1597 4546 saeculorum.
1625 4490 1819 4546 Amen.

1019 4597 1202 4653 Oratio
1237 4601 1304 4655 ad
1347 4599 1613 4674 Vesperas.

603 4687 822 4743 Gratias
859 4690 955 4744 tibi
994 4690 1231 4761 agimus,
1269 4692 1494 4749 Domine
1537 4693 1681 4750 Deus
1727 4696 2103 4766 omnipotens,

526 4779 621 4848 qui
661 4795 760 4834 nos
789 4796 885 4849 per
917 4780 1072 4849 hujus
1110 4783 1218 4837 diei
1254 4799 1472 4839 cursum
1520 4785 1571 4838 in
1623 4786 1763 4840 hanc
1796 4786 1988 4840 boram
2019 4802 2110 4841 vc-

529 4872 828 4944 spertinam
854 4875 1141 4943 pervenire
1171 4875 1437 4939 tribuisti,
1473 4883 1526 4930 te
1553 4876 1822 4945 supplices
1851 4878 2110 4948 depreca-

531 4982 676 5033 mur,
727 4975 786 5020 ut
833 4967 900 5021 ad
945 4975 997 5021 te
1039 4969 1274 5022 elevatio
1306 4984 1565 5023 manuum
1600 4978 1909 5024 nostrarum
1945 4970 2016 5023 sit
2054 4971 2106 5023 in

530 5064 824 5128 conspectu
864 5064 956 5111 tuo
990 5059 1323 5126 aeceptabile
1361 5059 1685 5115 sacrificium
1721 5061 2104 5130 vespertinum.

533 5146 639 5203 Per
669 5147 954 5208 Dominum
983 5157 1226 5202 nostrum
1255 5149 1443 5204 Jesum
1475 5152 1774 5207 Christum.

916 5261 1101 5318 Oratio
1138 5262 1282 5317 hanc
1314 5262 1636 5320 duodecima
1676 5267 1724 5319 δ.

603 5369 834 5428 Domine
873 5372 1044 5440 Deus,
1087 5373 1392 5430 dominator
1431 5377 1672 5432 omnium
1717 5387 1772 5431 ct
1814 5387 2108 5448 protector,

531 5461 626 5533 qui
665 5465 928 5532 separasti
963 5464 1137 5521 lucem
1174 5465 1240 5520 de
1274 5467 1543 5532 tenebris,
1587 5476 1637 5522 te
1673 5467 1900 5522 subnixe
1935 5467 2112 5537 preci-

535 5551 636 5607 bus
683 5568 1001 5622 cxoramus,
1051 5565 1109 5612 ut
1158 5572 1254 5628 per
1300 5558 1440 5614 hanc
1486 5568 1891 5630 superventume
1939 5560 2112 5613 noctis

611 5719 636 5748 ι
678 5705 967 5774 Sequentia
997 5709 1262 5766 habentur
1283 5712 1442 5766 ctiam
1468 5712 1520 5766 in
1550 5712 1726 5767 lihelle
1746 5711 1918 5768 Caroli
1943 5709 2107 5768 Calvi.
2177 5721 2184 5739 '

2211 504 2336 544 rora
2365 492 2545 545 cuncti
2578 507 2864 561 surgamus
2891 491 3204 561 gaudentes.
3238 491 3339 546 Per
3367 491 3649 546 Dominum
3689 509 3782 547 no-

2209 587 2378 633 strum
2408 579 2591 634 Iesum
2619 579 2910 634 Christum.

2622 694 2806 747 Oratio
2848 695 2917 748 ad
2953 693 3379 764 Completorium.

2280 783 2476 839 Pacem
2509 792 2656 838 tuam
2681 824 2695 849 ,
2727 782 2952 839 Domine
2972 826 2985 848 ,
3019 785 3084 840 da
3116 786 3272 840 nobis
3300 787 3366 842 de
3396 787 3531 841 curlo
3556 827 3569 850 ,
3601 796 3650 840 et
3683 805 3781 856 pax

2211 881 2302 927 tua
2321 913 2336 938 ,
2367 873 2611 939 Christe,
2639 890 2852 944 semper
2888 885 3105 930 maneat
3130 877 3182 931 in
3207 878 3511 945 visceribus
3552 882 3780 943 nostris,

2211 972 2271 1017 ut
2295 979 2401 1018 non
2433 964 2722 1020 timeamus
2750 982 2780 1018 a
2810 965 3006 1022 timore
3037 973 3320 1022 nocturno.

2929 1079 3065 1134 Alia.

2285 1165 2478 1221 Pacem
2510 1176 2657 1223 tuam
2679 1210 2694 1233 ,
2725 1169 2947 1224 Domine
2967 1211 2982 1234 ,
3015 1171 3080 1226 da
3113 1172 3268 1228 nobis
3294 1174 3359 1229 de
3390 1177 3526 1231 cmlo
3547 1219 3560 1241 ,
3592 1187 3644 1232 et
3683 1197 3780 1249 pax

2215 1267 2306 1312 tua
2326 1299 2340 1323 ,
2373 1258 2620 1326 Christe,
2653 1277 2867 1331 semper
2896 1273 3113 1318 maneat
3140 1265 3191 1319 in
3222 1266 3517 1324 visceribus
3551 1275 3783 1339 nostris,

2215 1357 2273 1403 ut
2302 1351 2635 1406 dormiamus
2662 1368 2783 1407 cum
2809 1369 2940 1422 pace
2962 1395 2976 1420 ,
3004 1364 3056 1409 et
3085 1357 3364 1427 vigilemus
3391 1376 3511 1415 cum
3540 1363 3782 1427 Christo,

2215 1438 2314 1505 Qui
2353 1456 2476 1495 cum
2516 1442 2676 1497 Patre
2713 1451 2767 1498 et
2806 1443 3008 1515 Spiritu
3047 1456 3234 1503 sancto
3274 1462 3460 1522 regnat
3496 1453 3548 1508 iu
3584 1465 3780 1510 aeterna

2214 1535 2428 1588 saecula.

2928 1609 3062 1672 XV.

2521 1705 2740 1766 Oratio
2781 1716 2922 1768 ante
2956 1714 3462 1776 communionem.

2287 1821 2512 1877 Domine
2551 1821 2676 1879 Iesu
2717 1825 2964 1893 Christe,
2998 1829 3098 1886 Fili
3137 1831 3233 1888 Dei
3265 1835 3570 1904 unigenite,
3602 1839 3689 1908 qui
3720 1856 3782 1896 es

2212 1920 2269 1965 et
2295 1913 2397 1992 qui
2415 1927 2535 1968 eras
2563 1929 2687 1969 cum
2714 1915 2872 1973 Patre
2899 1927 2956 1974 et
2981 1920 3183 1992 Spiritu
3211 1934 3396 1980 sancto
3421 1928 3579 1983 unius
3602 1944 3789 1986 essen-

2215 2002 2301 2056 tia:
2333 1991 2474 2058 Dens
2499 2021 2514 2070 ;
2549 2005 2602 2059 in
2633 2022 2740 2076 quo
2769 2007 2882 2063 solo
2909 2018 2993 2064 est
3022 2026 3148 2068 vera
3175 2016 3415 2071 omnium
3441 2029 3786 2086 peccatorum

2214 2097 2459 2151 remissio
2479 2138 2494 2162 ,
2521 2107 2577 2152 et
2613 2115 2710 2169 per
2739 2117 2899 2172 quem
2930 2105 3037 2159 vita
3069 2114 3122 2161 et
3151 2107 3295 2162 salus
3321 2096 3608 2179 praestatur
3634 2121 3790 2169 acter-

2134 2227 2137 2230 -
2215 2203 2282 2242 na
2309 2203 2322 2240 :
2355 2189 2448 2258 qui
2477 2191 2825 2262 publicanum
2855 2196 3202 2253 conﬁtentem
3223 2210 3442 2270 peccata
3474 2218 3572 2256 sua
3588 2203 3787 2273 justiti-

2214 2278 2347 2333 casti
2371 2320 2384 2343 ,
2416 2288 2471 2335 et
2496 2280 2858 2338 Chananwam
2888 2286 3148 2346 humilem
3175 2299 3226 2344 te
3255 2290 3597 2346 invocantem
3624 2309 3789 2349 exau-

2214 2369 2372 2436 disti,
2403 2380 2455 2425 et
2493 2372 2712 2428 Petrum
2750 2385 3034 2446 negantem
3073 2380 3389 2449 respexisti,
3417 2380 3635 2438 ﬂentem
3661 2400 3793 2454 quo-

2215 2478 2319 2532 que
2346 2479 2531 2520 amare
2559 2467 2843 2537 recepisti,
2871 2476 2926 2524 et
2949 2469 3145 2525 latroni
3171 2473 3223 2526 in
3251 2489 3411 2528 cruce
3439 2483 3490 2530 te
3515 2476 3793 2531 conﬁtenti

2214 2553 2425 2608 veniam
2456 2570 2578 2609 cum
2605 2556 2775 2626 gloria
2803 2560 3041 2628 paradisi
3074 2561 3306 2618 donasti.
3340 2563 3415 2618 Da
3446 2566 3579 2620 mihi
3605 2567 3798 2623 miser-

2213 2647 2352 2701 rimo
2387 2655 2445 2700 et
2479 2647 2847 2705 infelicissimo
2875 2655 3183 2720 peccatori,
3218 2671 3340 2710 cum
3371 2657 3566 2712 timore
3592 2668 3648 2714 et
3675 2668 3792 2715 tre-

2214 2751 2365 2791 more
2403 2737 2683 2794 conﬁtenti
2717 2753 2941 2810 peccata
2979 2759 3128 2810 mea,
3172 2747 3383 2801 veniam
3415 2757 3470 2802 et
3508 2748 3797 2819 indulgen-

2214 2827 2345 2881 tiam
2383 2828 2647 2884 scelerum
2683 2846 2961 2898 meorum,
3001 2842 3061 2888 ut
3099 2839 3431 2894 sacrosancti
3459 2841 3802 2897 communio-

2214 2936 2336 2975 nem
2368 2923 2615 2992 corporis
2638 2931 2693 2978 et
2713 2927 2991 2995 sanguinis
3021 2931 3098 2983 tui
3125 2944 3232 2985 non
3259 2930 3329 2986 ad
3346 2930 3607 2999 judicium
3638 2935 3797 2991 dam-

2215 3013 2452 3068 nationis
2470 3055 2485 3080 ,
2517 3015 2611 3070 sed
2641 3016 2710 3070 ad
2740 3018 3034 3072 remedium
3066 3031 3339 3092 perpetua:
3367 3024 3498 3078 mihi
3528 3027 3801 3083 concedas

2137 3097 2182 3156 C
2215 3120 2334 3160 esse
2384 3107 2591 3162 salutis.
2644 3107 2748 3163 Per
2795 3109 3076 3171 Dominum
3125 3123 3365 3171 nostrum
3411 3115 3595 3172 Iesum
3639 3120 3802 3176 Chri-

2216 3203 2380 3248 stum.
2413 3195 2606 3251 Amen.

2831 3291 2951 3345 Alia
2986 3295 3176 3346 oratio.

2285 3376 2509 3434 Domine
2534 3378 2660 3434 Jesu
2688 3380 2934 3448 Christe,
2967 3382 3067 3437 Fili
3098 3384 3192 3439 Dei
3222 3386 3360 3451 vivi,
3389 3387 3480 3457 qui
3506 3404 3576 3443 ex
3603 3390 3802 3447 volun—

2215 3477 2325 3524 tate
2354 3470 2564 3536 Patris,
2597 3481 2919 3541 cooperante
2948 3475 3151 3546 Spiritu
3181 3487 3400 3545 sancto,
3431 3496 3531 3550 per
3562 3493 3801 3540 mortem

2214 3568 2361 3615 tuam
2387 3562 2643 3617 mundum
2670 3564 2984 3631 viviticasti,
3017 3568 3185 3624 libera
3212 3587 3296 3626 me
3320 3586 3420 3640 per
3449 3572 3554 3627 hoc
3577 3589 3804 3630 sacrum

2212 3669 2409 3724 corpus
2445 3664 2501 3709 et
2533 3657 2851 3727 sanguinem
2890 3667 3040 3714 tuum
3077 3677 3107 3714 a
3147 3663 3354 3717 cunctis
3385 3663 3800 3733 iniquitatibus,

2211 3755 2266 3801 et
2290 3747 2472 3817 pravis
2497 3763 2561 3802 ac
2586 3749 2806 3819 perfidis
2831 3751 3270 3820 cogitationibus,
3300 3761 3356 3809 et
3380 3755 3654 3811 universis
3680 3773 3804 3812 ma-

2211 3837 2314 3902 lis;
2353 3844 2409 3892 et
2440 3837 2525 3893 fac
2563 3853 2651 3894 me
2688 3840 2797 3894 tuis
2831 3841 3052 3896 obedire
3083 3844 3399 3913 praeceptis,
3426 3828 3493 3899 ‘et
3544 3848 3806 3914 permitte

2213 3943 2297 3981 me
2331 3943 2360 3982 a
2399 3935 2450 3983 te
2481 3944 2756 3998 nunquam
2795 3930 2849 3986 in
2887 3940 3208 4002 perpetuum
3247 3936 3508 4004 separari.
3543 3935 3652 3991 Per
3687 3937 3802 3993 Do-

2209 4018 2436 4072 minam.

2601 4086 2786 4143 Oratio
2815 4102 2929 4162 post
2964 4095 3397 4148 communionem.

2280 4178 2503 4234 Domine
2547 4178 2674 4235 Jesu
2722 4181 2969 4250 Christe,
3017 4185 3116 4240 Fili
3165 4185 3256 4240 Dei
3309 4187 3447 4251 vivi,
3482 4198 3703 4244 creator
3745 4200 3809 4245 et

2210 4279 2546 4337 restaurator
2571 4273 2783 4344 generis
2809 4274 3060 4340 humani,
3088 4277 3180 4347 qui
3207 4293 3273 4332 ex
3303 4279 3576 4335 voluntate
3601 4283 3800 4337 mterni

2207 4360 2407 4427 Patris,
2427 4372 2750 4432 cooperante
2777 4374 2964 4419 sancto
2987 4365 3211 4436 Spiritu,
3233 4376 3286 4421 et
3307 4383 3527 4423 carnem
3549 4381 3802 4428 nostram

2135 4445 2183 4504 Ι)
2209 4453 2484 4524 suscipere
2506 4495 2520 4518 ,
2550 4461 2605 4506 et
2634 4463 2862 4509 mortem
2889 4471 2988 4524 pro
3019 4458 3172 4512 nobis
3203 4459 3384 4512 subire
3412 4459 3668 4530 dignatus
3697 4477 3758 4516 es
3783 4479 3800 4526 ;

2211 4544 2301 4615 qui
2329 4542 2530 4614 iugiter
2562 4559 2661 4614 pro
2699 4555 2882 4600 nostra
2918 4547 3090 4602 salute
3135 4549 3434 4605 immolaris
3480 4559 3537 4605 et
3581 4557 3809 4624 integer

2210 4651 2496 4705 permanes
2525 4653 2536 4688 :
2573 4643 2624 4690 te
2655 4635 2896 4705 gloriﬁco
2930 4647 2983 4691 et
3024 4640 3394 4710 superexaltn,
3431 4642 3808 4700 clementissio

2209 4741 2328 4791 me,
2362 4727 2618 4797 hymnum
2650 4727 2832 4797 gloriae
2862 4730 3115 4795 concino,
3147 4732 3237 4800 qui
3269 4748 3354 4788 me
3385 4733 3645 4789 miserum
3679 4745 3810 4790 tau-

2211 4819 2279 4874 tis
2305 4819 2624 4874 criminibus
2667 4821 2965 4888 irretitum,
2999 4822 3050 4876 in
3082 4839 3306 4878 numero
3348 4840 3634 4881 servorum
3679 4837 3804 4882 tuo-

2212 4926 2330 4966 rum
2358 4910 2619 4965 advocare
2651 4911 2901 4983 dignatus
2928 4929 2986 4968 es
3004 4955 3019 4978 ,
3048 4923 3102 4967 et
3127 4917 3268 4970 sacri
3299 4919 3542 4986 corporis
3572 4935 3642 4975 ac
3667 4937 3806 4974 san-

2209 5003 2387 5070 guinis
2424 5002 2496 5056 tui
2535 5002 2858 5072 participem
2895 5004 3011 5058 fieri
3055 5006 3328 5072 tribuisti,
3373 5023 3502 5077 rogo
3530 5017 3806 5066 aeternam

2211 5093 2634 5147 misericordiam
2683 5102 2869 5158 tuam,
2915 5093 3140 5150 Domine
3184 5095 3324 5151 Deus
3367 5113 3551 5162 meus,
3595 5110 3660 5155 ut
3701 5117 3812 5170 per

2213 5186 2352 5239 hanc
2379 5193 2836 5240 sacramentorum
2865 5195 3076 5241 tuorum
3103 5187 3500 5258 perceptionem
3529 5198 3585 5243 et
3611 5205 3644 5243 a
3670 5206 3815 5261 pec-

2211 5285 2457 5332 catorum
2489 5277 2738 5332 sordibus
2777 5293 2864 5333 me
2891 5278 3120 5332 mundcs
3138 5321 3152 5344 ,
3181 5287 3236 5333 et
3264 5295 3294 5332 a
3325 5279 3467 5334 vitiis
3495 5283 3720 5336 cunctis
3749 5290 3820 5337 et

2213 5372 2421 5426 insidiis
2451 5371 2655 5426 inimici
2683 5371 2988 5437 custodias,
3021 5380 3075 5427 et
3102 5380 3249 5427 tuam
3279 5388 3364 5428 me
3394 5371 3577 5428 facere
3607 5375 3823 5430 volun-

2211 5469 2378 5516 tatem
2407 5453 2628 5523 doceas,
2663 5469 2720 5514 et
2748 5461 2817 5515 ad
2845 5477 3094 5533 supernae
3131 5464 3320 5533 patriae
3358 5462 3555 5534 gaudia
3584 5463 3824 5536 perdu—

2213 5569 2325 5609 cas.
2359 5552 2468 5608 Deo
2496 5554 2719 5624 gratias.
2748 5552 2938 5608 Amen.

2286 5708 2312 5748 ιν
2351 5709 2550 5781 Nempe
2580 5710 2682 5766 dici
2711 5709 2993 5766 naturalis.
