3968 6180
870 548 977 622 ⁵³
1051 572 1903 689 OPUSCULUM
1988 486 2679 737 TERTIUM.

1151 312 1542 372 LITURGICA.
1580 346 1651 356 —
1688 314 1954 372 OFFICIA
1991 315 2129 372 PER
2169 317 2435 373 FEﬂlAS.

306 455 3343 488 ._._____-____________________________________________________

3316 325 3424 382 δίο

782 786 1519 909 ornem
1588 746 1974 909 PER
2045 793 2721 909 FEBIAS
2743 862 2798 944 ,

1722 982 1856 1040 SEU

155 1111 443 1175 PSALMI
488 1110 915 1175 SECUNDUM
968 1114 1151 1176 DIES
1192 1115 1726 1179 HEBDOMADJE
1770 1116 2156 1187 SINGULOS
2196 1116 2481 1191 QUIBUS
2522 1119 2603 1179 IN
2645 1118 3021 1182 ECCLESIA
3070 1121 3425 1187 CANTAN-

232 1213 413 1287 TUR,
457 1212 875 1289 DISPOSITI,
920 1214 1087 1278 CUM
1128 1216 1691 1290 ORATIONIBUS,
1735 1216 2072 1291 HYMNIS,
2116 1215 2780 1282 CONFESSIONIBUS
2821 1221 2923 1281 ET
2969 1221 3339 1284 LITANllS.

1541 1362 2018 1379 Ψ

575 1484 635 1527 IN
679 1482 927 1529 NOMINE
972 1487 1078 1530 DEI
1121 1485 1328 1530 SUMUI

347 1563 585 1606 INCIPIT
627 1562 940 1609 SCRIPTUM
988 1564 1198 1608 ΑιΒιΝΙ
1244 1566 1544 1610 ΜΔΗῙΘἸἮΙ

438 1644 520 1685 Διὶ
560 1641 860 1687 (ιΔιιοιωι
895 1643 1355 1689 IMPERATOREM
1393 1647 1443 1686 ⁸.

220 1773 421 1831 Beatus
453 1774 621 1846 igitur
654 1773 827 1829 David
856 1790 951 1828 rex
984 1789 1211 1846 magnus
1235 1784 1292 1831 et
1313 1791 1506 1832 servus
1532 1776 1625 1831 Dei
1653 1777 1759 1833 ιιι-ς

154 1866 350 1921 tissimi
389 1866 546 1921 nobis
588 1864 853 1937 psallendi
895 1865 1137 1936 regulam
1161 1867 1338 1933 dedit,
1366 1866 1600 1938 qualiter
1638 1883 1728 1937 pet

150 1957 523 2013 dinumeratas
562 1956 728 2014 horas
764 1956 1034 2028 quaslibet
1057 1957 1218 2013 homo
1245 1959 1315 2013 ad
1326 1959 1515 2023 .Deum
1543 1975 1734 2031 preces

150 2048 381 2104 {trudere
426 2048 649 2115 debeat,
693 2048 765 2103 ita
814 2048 1000 2103 dicens
1028 2065 1041 2077 ·
1088 2046 1286 2118 Septies
1324 2050 1379 2104 in
1409 2050 1496 2104 die
1522 2048 1734 2104 laudem

149 2143 324 2195 dicam
354 2142 449 2195 tibi
479 2138 664 2212 (Psal.
691 2154 891 2206 cxvm,
922 2138 1078 2212 164).
1109 2139 1223 2195 Hoc
1250 2147 1335 2195 est
1361 2140 1536 2211 prima
1565 2140 1695 2196 hora
1715 2180 1730 2206 ,

151 2231 387 2286 secunda
412 2271 426 2295 ,
470 2231 661 2295 tertia,
690 2237 843 2285 sexta
863 2268 878 2296 ,
910 2245 1050 2285 nona
1072 2268 1087 2294 ,
1113 2229 1426 2300 vespertina
1453 2238 1510 2285 et
1534 2230 1733 2285 duode-

150 2324 313 2377 cima.
330 2321 434 2376 Per
454 2322 555 2376 has
576 2321 760 2392 itaque
787 2330 996 2392 septem
1022 2308 1190 2377 horas
1210 2320 1379 2376 David
1400 2336 1496 2377 rex
1522 2320 1732 2377 laudem

151 2414 364 2468 diceLat
399 2411 546 2477 Deo,
587 2413 682 2467 sed
713 2421 771 2467 et
807 2420 1025 2468 sanctus
1059 2411 1249 2468 Daniel
1281 2413 1544 2483 pmpbeta
1574 2413 1732 2467 tertia

150 2513 197 2557 et
237 2511 391 2557 sexta
434 2511 491 2559 et
537 2518 680 2558 nona
710 2503 843 2558 hora
872 2503 979 2558 diei
1011 2503 1079 2557 ad
1117 2504 1516 2574 deprecandum
1544 2502 1729 2559 Domi-

151 2610 280 2649 num
306 2595 608 2650 ascendens
652 2594 705 2649 in
730 2595 987 2649 solatium
1014 2610 1171 2650 suum
1197 2596 1454 2667 expansis
1479 2596 1731 2652 manilius

150 2687 216 2741 ad
243 2686 442 2743 cmlum
470 2686 865 2757 deprecabatur
901 2685 1070 2742 Deum
1104 2702 1203 2761 pro
1232 2703 1291 2743 se
1320 2696 1375 2744 et
1398 2702 1497 2758 pro
1532 2687 1730 2758 populo

150 2780 332 2835 lsrael.
364 2780 475 2836 Sed
500 2790 554 2835 et
580 2780 721 2836 idem
756 2795 845 2834 rex
878 2778 1047 2835 David
1071 2780 1251 2835 adhuc
1275 2779 1413 2835 dixit
1441 2798 1453 2833 :
1490 2779 1559 2834 Et
1587 2779 1729 2850 adji-

150 2874 287 2927 ciam
324 2889 483 2943 super
521 2887 727 2926 omnem
753 2870 962 2926 laudem
988 2880 1132 2926 tuam
1164 2869 1357 2944 (Psal.
1410 2888 1546 2937 us,
1594 2872 1661 2926 14
1685 2871 1725 2939 ).

151 2965 381 3021 Proinde
408 2980 597 3020 rursus
624 2964 740 3019 ait:
771 2961 947 3018 Media
978 2972 1127 3027 nocte
1167 2963 1443 3034 surgebam
1472 2964 1542 3018 ad
1568 2965 1734 3035 con/i-

72 3092 73 3103 ι
149 3059 359 3113 tendum
390 3058 482 3112 tibi
515 3054 701 3129 (Psal.
726 3071 891 3111 cxvm
912 3097 927 3122 ,
955 3055 1022 3111 62
1044 3057 1082 3118 ).
1114 3054 1171 3110 Id
1198 3064 1313 3122 est,
1344 3062 1607 3110 nocturna
1635 3056 1733 3111 bo-

153 3168 230 3205 ra.
272 3150 343 3206 Et
386 3151 585 3206 iterum
614 3150 694 3205 ait
722 3167 735 3203 :
772 3148 985 3203 Memor-
999 3148 1079 3218 [αἱ
1106 3149 1159 3203 in
1190 3157 1336 3203 nocte
1365 3148 1589 3203 nominis
1619 3149 1729 3214 tui,

153 3243 372 3298 Bestiae
415 3241 618 3314 (Ibid.,
648 3256 702 3295 v.
727 3239 860 3311 55),
904 3240 1047 3310 quod
1085 3247 1169 3294 est
1206 3238 1467 3308 gallorum
1517 3245 1730 3294 cantus.

154 3333 243 3388 Sic
278 3349 482 3387 memor
507 3330 588 3402 [ui
615 3331 692 3385 tui
720 3346 876 3401 super
899 3338 1122 3384 stratum
1149 3345 1351 3394 meum,
1377 3329 1431 3383 in
1460 3328 1731 3384 matutinis

158 3424 447 3479 meditabor
475 3425 531 3477 in
559 3432 609 3477 te
642 3421 659 3494 (
684 3419 831 3476 Psal.
861 3437 1001 3484 uti,
1032 3420 1121 3491 7).
1151 3419 1217 3475 lli
1247 3426 1374 3474 sunt
1412 3434 1511 3490 per
1549 3426 1733 3475 noctes

157 3525 264 3572 tres
287 3515 449 3578 allicii
477 3529 698 3579 cursus,
726 3521 783 3568 et
805 3528 902 3583 per
924 3512 1068 3569 diem
1097 3519 1304 3583 septem
1331 3529 1344 3565 :
1373 3511 1569 3582 quibus
1593 3511 1732 3581 aptis

160 3605 178 3679 [
201 3604 292 3672 17.,
312 3604 555 3677 junctis]
585 3603 747 3659 simul
770 3602 1075 3659 adiciuntur
1100 3604 1283 3658 decem
1304 3642 1319 3667 ,
1350 3617 1488 3671 quos
1515 3616 1615 3661 nos
1638 3615 1727 3656 se-

158 3700 389 3755 cundum
423 3699 615 3755 decem
654 3701 818 3754 verba
854 3697 990 3769 legis
1027 3696 1197 3768 Moysi
1235 3705 1509 3752 sectantes
1541 3705 1731 3752 mnta-

160 3806 275 3846 mus
302 3792 352 3845 δ.
386 3791 495 3847 Sed
522 3790 651 3862 quia
676 3805 775 3847 vos
807 3788 1074 3861 rogastis,
1107 3794 1166 3842 ut
1191 3788 1556 3843 scriberemus
1578 3786 1733 3843 vobis

160 3883 484 3938 breviarium
512 3880 841 3937 commatico
867 3893 1118 3936 sermone
1135 3918 1151 3945 ,
1180 3878 1414 3948 qualiter
1441 3878 1603 3933 homo
1630 3877 1731 3931 lai-

161 3989 251 4029 cus
276 3974 369 4044 qui
398 3972 661 4029 adhuc-in
689 3972 867 4027 activa
893 3970 1005 4026 vita
1037 3969 1319 4034 consistit,
1350 3983 1448 4039 per
1475 3968 1732 4023 dinume-

163 4073 304 4122 ratas
332 4066 498 4121 horas
527 4065 628 4119 has
653 4063 764 4118 Deo
793 4061 1099 4134 supplicare
1121 4060 1317 4116 debeat
1341 4078 1354 4113 :
1386 4068 1442 4115 et
1464 4058 1590 4113 licet
1611 4073 1729 4126 vos,

1766 1447 2105 1518 Asequitur.
2166 1446 2417 1503 Miserere
2466 1448 2614 1512 mei,
2669 1446 2831 1501 Deus.
2890 1446 3141 1501 Deinde:
3207 1445 3416 1511 Venite,

1838 1538 2157 1595 exsultemus
2206 1538 2453 1594 Domino.
2509 1537 2712 1595 Deinde
2757 1538 2995 1608 psalmos
3046 1547 3279 1609 quantos
3330 1555 3423 1594 vo-

1839 1629 2020 1684 luerit.

2441 1720 2759 1819 "FERIA
2814 1740 2878 1817 1.

2246 1894 2477 1970 (Deesse
2509 1895 2718 1951 videtur
2747 1893 2966 1967 aliquid.
2990 1894 3012 1967 )

2455 2026 2798 2085 PSALMUS.

1907 2140 2089 2213 (Pw.
2117 2141 2249 2215 Civ.)
2276 2152 2296 2180 ε
2331 2139 2677 2196 Conﬁtemini
2696 2140 2949 2206 Domino,
2970 2148 3027 2195 et
3052 2140 3298 2196 invocato
3323 2156 3422 2197 no-

1834 2245 1960 2287 men
1986 2229 2104 2299 ejus
2129 2250 2141 2284 :
2173 2231 2491 2287 annuntiate
2531 2232 2675 2287 inter
2701 2239 2891 2303 gentes
2916 2246 3084 2304 opera
3111 2230 3248 2301 ejus.
3277 2231 3420 2289 Can-

1835 2329 1947 2377 tate
1975 2322 2057 2387 ei,
2087 2331 2144 2376 et
2166 2321 2377 2392 psallite
2403 2326 2455 2378 ei
2484 2342 2497 2377 ;
2527 2332 2747 2377 narrate
2772 2322 2954 2377 omnia
2982 2322 3250 2378 mirabilia
3279 2322 3417 2393 ejus.

1833 2410 2154 2469 Laudamini
2185 2413 2240 2468 in
2269 2413 2488 2469 nomine
2514 2421 2702 2469 sancto
2728 2412 2846 2482 ejus
2870 2428 2886 2468 :
2915 2412 3127 2469 laetetur
3150 2429 3244 2468 cor
3274 2429 3421 2483 qua:-

1833 2506 2067 2560 rentium
2097 2504 2405 2562 Dominum.
2435 2505 2670 2573 Qumrite
2700 2506 2987 2561 Dominum
3029 2516 3085 2562 et
3125 2507 3419 2563 conﬁrma-

1832 2597 1963 2653 mini
1989 2615 1999 2650 :
2032 2599 2259 2668 qumrite
2282 2597 2478 2654 faciem
2504 2597 2621 2667 ejus
2645 2614 2877 2670 semper.
2900 2598 3225 2655 Mementote
3255 2600 3422 2654 mira-

1831 2688 2018 2745 bilium
2062 2690 2180 2761 ejus
2219 2705 2341 2761 quae
2380 2688 2552 2745 fecit:
2603 2690 2848 2760 prodigia
2891 2690 3045 2761 ejus,
3080 2690 3281 2759 judicia
3308 2692 3420 2746 oris

1762 2810 1803 2870 Β
1831 2778 1964 2870 ejus.
2000 2778 2194 2870 Semen
2222 2779 2527 2870 Abraham,
2557 2780 2698 2836 servi
2724 2779 2880 2848 ejus;
2909 2779 3006 2835 lilii
3033 2779 3231 2848 Iacob,
3259 2782 3418 2837 electi

1834 2868 1972 2938 ejus.
2013 2869 2132 2940 Ipse
2172 2869 2433 2925 Dominus
2477 2869 2618 2925 Deus
2659 2879 2866 2934 uoster,
2900 2870 2952 2925 in
2992 2871 3242 2927 universa
3274 2881 3420 2927 terra

1826 2959 2031 3031 judicia
2060 2961 2197 3033 ejus.
2229 2961 2433 3017 Memor
2457 2961 2559 3016 fuit
2585 2962 2640 3016 in
2666 2962 2922 3017 sarculum
2954 2963 3259 3018 testamenti
3290 2964 3371 3019 sui
3402 2980 3417 3017 :

1832 3052 1982 3110 verbi
2024 3054 2170 3122 quod
2210 3054 2486 3108 mandavit
2529 3054 2583 3109 in
2626 3054 2773 3108 mille
2817 3055 3214 3125 generationes.
3257 3056 3415 3124 Quod

1833 3144 2097 3216 disposuit
2133 3145 2201 3200 ad
2234 3144 2509 3199 Abraham
2539 3163 2552 3198 :
2583 3153 2640 3200 et
2671 3144 2971 3213 jurameuti
3011 3146 3095 3201 sui
3135 3147 3205 3202 ad
3241 3146 3416 3203 Isaac.

1834 3235 1901 3290 Et
1929 3236 2120 3291 statuit
2145 3235 2273 3290 illud
2298 3234 2468 3291 Jacob
2494 3237 2548 3290 in
2577 3245 2908 3307 praeceptum
2937 3257 2950 3291 :
2980 3246 3036 3292 et
3063 3237 3227 3293 Israel
3255 3240 3308 3293 in
3340 3250 3425 3294 te-

1833 3335 2157 3383 stamentum
2186 3336 2467 3383 aeternum.
2500 3327 2691 3384 Dicent
2715 3344 2730 3383 :
2756 3324 2878 3384 Tibi
2906 3328 3048 3384 dabo
3080 3339 3281 3384 terram
3312 3327 3428 3399 53

1831 3417 2091 3475 Chanaan
2119 3438 2132 3473 :
2157 3417 2453 3475 funiculum
2479 3419 2811 3476 haereditatis
2833 3427 3049 3476 vestrm.
3079 3419 3211 3476 Cum
3237 3430 3427 3476 essent

1831 3525 2056 3566 numero
2097 3508 2295 3565 brevi:
2327 3510 2637 3580 paucissimi
2682 3520 2738 3566 et
2780 3511 2970 3568 incol-ae
3015 3510 3152 3581 ejus.
3187 3510 3254 3566 Et
3294 3525 3419 3582 per-

1832 3601 2163 3657 transierunt
2186 3601 2252 3657 de
2280 3610 2439 3673 gente
2467 3602 2522 3657 in
2550 3610 2764 3673 gentem
2790 3621 2803 3657 :
2836 3611 2889 3658 et
2918 3604 2984 3658 de
3012 3619 3175 3676 regno
3213 3602 3280 3659 ad
3322 3618 3423 3675 po-

1828 3696 2017 3767 pulum
2056 3695 2308 3751 alterum.
2349 3696 2466 3753 Non
2511 3698 2731 3775 reliquit
2766 3699 3037 3754 hominem
3077 3715 3272 3755 nocere
3299 3701 3426 3766 eis,

1831 3796 1888 3842 et
1926 3788 2189 3858 corripuit
2229 3803 2329 3858 pro
2366 3788 2447 3842 eis
2489 3803 2663 3859 reges.
2704 3787 2880 3843 Nolite
2922 3797 3142 3861 tangere
3179 3792 3427 3846 Christus

1831 3892 2021 3935 meos:
2054 3884 2109 3932 et
2148 3878 2202 3932 in
2230 3878 2509 3948 prophetis
2536 3879 2671 3933 meis
2698 3878 2863 3933 nolite
2892 3879 3194 3950 malignari.
3226 3880 3295 3935 Et
3319 3895 3417 3935 vo-

1831 3969 1974 4024 cavit
2013 3967 2210 4023 famem
2251 3982 2413 4038 super
2450 3973 2651 4021 terram
2683 3983 2697 4020 :
2729 3974 2785 4021 et
2823 3982 2983 4023 omne
3012 3968 3424 4025 ﬁrmamentum

1830 4060 1987 4130 panis
2025 4058 2297 4115 contrivit.
2344 4056 2488 4113 Misit
2527 4065 2650 4112 ante
2691 4072 2786 4113 eos
2823 4058 2997 4113 virum
3028 4076 3042 4113 :
3096 4060 3147 4113 in
3197 4075 3424 4116 servum

162 4157 248 4226 qui
287 4155 600 4212 Christiano
637 4154 829 4209 ordine
857 4151 1068 4216 vivitis,
1099 4149 1406 4206 Christiana
1454 4162 1618 4217 opera
1647 4145 1728 4202 fa-
1754 4170 1801 4232 ρ
1831 4151 2173 4206 venundatus
2194 4157 2279 4203 est
2299 4146 2517 4220 Joseph.
2544 4147 2973 4204 Humiliaverunt
2996 4150 3049 4204 in
3069 4150 3431 4222 compedibus.

163 4262 280 4302 cere
301 4246 652 4309 desideratis,
683 4258 790 4298 non
816 4242 1079 4314 ignoratis
1105 4239 1333 4311 qualiter
1358 4239 1584 4294 Domino
1608 4254 1733 4311 sup-

160 4337 385 4405 plicetur
411 4356 424 4391 :
468 4336 564 4392 sed
605 4335 733 4407 quia
765 4334 1027 4406 regestis,
1059 4332 1298 4387 dicemus
1325 4330 1563 4385 breviter
1590 4330 1734 4399 quod

163 4432 436 4487 sentimus.
467 4429 601 4485 Cum
631 4430 778 4485 enim
822 4428 887 4483 de
916 4425 1111 4481 lectulo
1152 4433 1354 4481 stratus
1395 4422 1564 4478 vestri
1610 4438 1733 4476 sur-

166 4524 407 4587 resistis,
439 4523 724 4578 dicendum
753 4522 908 4577 vobis
935 4529 1019 4575 est
1044 4539 1057 4573 :
1088 4520 1175 4575 dic
1199 4519 1432 4589 primum
1466 4536 1479 4572 :
1510 4517 1735 4571 Domine

162 4614 283 4670 Iesu
308 4615 541 4680 Christe,
577 4614 685 4670 Fili
714 4615 813 4668 Dei
841 4613 937 4670 vivi
954 4653 968 4675 ,
997 4613 1051 4667 in
1082 4611 1288 4665 nomine
1310 4620 1401 4664 tuo
1425 4608 1600 4664 levabo
1623 4624 1735 4662 ma-

165 4725 257 4762 m
284 4725 448 4763 meas.
480 4707 689 4762 Dicitur
718 4704 852 4778 [F.,
884 4702 1062 4774 Deus}
1083 4703 1139 4756 in
1165 4701 1493 4771 adjutorium
1508 4716 1693 4765 ,meum
1715 4738 1733 4764 ,

167 4806 271 4850 tres
312 4797 426 4869 [ita
456 4796 599 4869 ms.]
642 4798 849 4851 vicibus
901 4809 1023 4849 cum
1076 4792 1321 4862 psalmo:
1366 4789 1531 4845 Verba
1578 4807 1692 4845 mea
1717 4829 1734 4855 ,

166 4904 327 4960 usque
355 4908 368 4944 :
412 4889 573 4945 Hane
603 4888 784 4943 astabo
823 4887 938 4941 tibi.
979 4883 1182 4939 Deinde
1206 4922 1221 4946 ,
1262 4881 1424 4935 Pater
1458 4888 1653 4943 noster,
1681 4886 1736 4931 ct

164 4996 341 5051 preces
367 4997 382 5036 :
415 4982 676 5053 Dignare,
704 4980 927 5034 Domine
948 5019 973 5049 ,Α
997 4977 1082 5031 die
1110 4978 1208 5030 isto
1235 4990 1252 5027 :
1299 4970 1489 5042 perﬁce
1531 4986 1735 5039 gressus

166 5092 297 5130 neos
322 5093 340 5129 :
372 5074 686 5130 Benedictus
728 5072 983 5126 Dominus
1020 5069 1104 5122 die
1140 5064 1366 5138 quotidie
1388 5078 1406 5115 :
1435 5061 1661 5130 dirigere
1687 5069 1735 5113 et

166 5167 488 5237 sanctiﬁcare
509 5164 739 5236 digneris
760 5179 779 5217 :
807 5160 933 5215 Fiat
959 5154 1318 5215 misericordia
1345 5161 1435 5206 tua
1453 5192 1467 5215 ,
1495 5150 1734 5214 Domine,

166 5274 315 5328 super
341 5273 456 5314 nos.
487 5256 558 5312 Et
583 5270 812 5326 surgens
836 5252 1059 5324 incipiat
1086 5262 1302 5304 versum
1330 5263 1342 5298 :
1374 5244 1624 5305 Domine,
1658 5242 1738 5296 la-

171 5345 247 5400 bia
287 5365 401 5403 mea
441 5348 666 5418 aperies.
712 5345 835 5415 ipso
877 5342 1089 5412 expleto
1133 5352 1261 5394 cum
1301 5334 1469 5406 gloria
1517 5332 1740 5402 incipiat

172 5433 470 5493 Psalmum:
514 5436 771 5497 Domine,
811 5432 936 5504 quid
975 5427 1309 5499 multiplicati
1350 5434 1491 5479 sunt.
1535 5422 1738 5477 Deinde

1833 4241 1998 4314 pedes
2021 4242 2156 4311 ejus,
2187 4239 2390 4295 ferrum
2417 4239 2767 4309 pet-transivit
2793 4240 3031 4296 animam
3057 4239 3175 4309 ejus
3200 4258 3213 4295 :
3243 4241 3423 4299 donec

1834 4334 2042 4389 veniret
2068 4333 2291 4388 verbum
2322 4333 2458 4404 ejus.
2492 4333 2780 4404 Eloquium
2809 4334 3022 4391 Domini
3061 4334 3423 4392 inﬂammavit

1804 4441 1986 4489 ,eum,
2017 4425 2164 4481 misit
2192 4440 2288 4480 rex
2316 4433 2372 4481 et
2397 4425 2557 4480 solvit
2583 4440 2705 4480 eum
2734 4440 2748 4480 :
2780 4426 3028 4498 princeps
3057 4426 3374 4498 populorum
3395 4465 3424 4493 ,

1832 4525 1888 4573 et
1933 4518 2140 4574 dimisit
2182 4533 2326 4574 eum.
2374 4516 2666 4574 Constituit
2709 4533 2834 4573 eum
2884 4518 3172 4573 Dominum
3220 4518 3426 4575 domus

1834 4625 1944 4667 sua:
1963 4652 1980 4677 ,
2011 4618 2067 4667 et
2093 4609 2391 4681 principem
2419 4609 2599 4664 omnis
2630 4608 2989 4679 possessionis
3019 4624 3150 4664 suae.
3184 4608 3253 4665 Ut
3290 4623 3421 4665 eru—

1834 4700 1975 4757 diret
1998 4701 2272 4772 principes
2296 4697 2415 4767 ejus
2445 4699 2591 4753 sicut
2614 4697 2967 4767 semetipsum
2986 4738 3004 4761 .
3031 4707 3087 4754 et
3114 4714 3273 4755 senes
3299 4698 3419 4770 ejus

1832 4790 2175 4859 prudentiam
2204 4790 2441 4845 doceret.
2468 4788 2537 4842 Et
2566 4787 2790 4842 intravit
2814 4787 2977 4845 Israel
3005 4789 3059 4844 in
3085 4788 3377 4862 Egyptum
3396 4810 3418 4848 :

1833 4886 1887 4933 et
1906 4877 2072 4933 Jaeob
2094 4876 2272 4932 accola
2299 4875 2399 4932 fuit
2425 4876 2479 4930 in
2508 4884 2651 4930 terra
2677 4875 2871 4931 Cham.
2897 4876 2964 4933 Et
2988 4880 3140 4934 auxit
3162 4880 3415 4951 populum

1834 4985 1991 5025 suum
2027 4969 2375 5024 vehementer
2407 4984 2421 5020 :
2463 4974 2521 5023 et
2558 4963 2792 5023 nrmavit
2821 4984 2945 5024 eum
2977 4985 3142 5041 super
3170 4972 3416 5029 inimicos

1835 5058 1971 5128 ejus.
2028 5058 2306 5114 Convertit
2359 5072 2453 5113 cor
2502 5072 2727 5126 eorum,
2781 5068 2841 5115 ut
2894 5062 3111 5118 odirent
3158 5060 3411 5133 populoin

1834 5152 1953 5223 ejus
1978 5171 1990 5206 :
2022 5161 2079 5208 et
2101 5152 2281 5209 dolum
2305 5149 2549 5207 facerent
2575 5153 2628 5208 in
2655 5169 2840 5209 servos
2864 5153 2998 5222 ejus.
3029 5154 3175 5210 Misit
3198 5155 3417 5227 Moysen

1838 5260 2054 5301 servum
2082 5258 2238 5298 suum
2271 5260 2285 5296 :
2314 5241 2497 5297 Aaron
2529 5258 2691 5314 quem
2721 5244 2883 5316 elegit
2910 5245 3106 5315 ipsum.
3146 5243 3335 5301 Posuit
3362 5246 3417 5301 in

1836 5336 1916 5413 eis
1950 5336 2114 5391 verba
2142 5334 2416 5406 signorum
2442 5349 2662 5389 suorum
2709 5343 2764 5389 et
2797 5334 3166 5406 prodigiorum
3193 5336 3246 5391 in
3274 5348 3420 5397 terra

1837 5424 2029 5483 Cham.
2062 5425 2207 5483 Misit
2234 5424 2481 5480 tenebras
2504 5431 2559 5479 et
2582 5423 2894 5480 obscuravit
2919 5442 2932 5479 :
2965 5434 3021 5481 et
3049 5443 3157 5483 non
3187 5441 3421 5485 exacer-
3478 5422 3485 5425 ’

241 5579 263 5606 ι
299 5568 370 5623 Ex
395 5569 581 5625 codice
606 5566 753 5637 regio
778 5562 1067 5621 Parisiensi
1091 5568 1147 5616 et
1170 5557 1347 5613 libello
1370 5556 1737 5627 precationum
1769 5534 1818 5596 υ
1859 5569 1947 5637 ηε
1980 5556 2057 5614 De
2101 5556 2212 5615 Usu
2255 5554 2605 5629 psalmorum.
2648 5554 2753 5611 Pro
2795 5570 2891 5611 usu
2936 5556 3097 5612 tertio
3121 5572 3282 5628 supra
3311 5558 3422 5615 col.

175 5639 337 5693 (Kartin
362 5639 533 5694 Calvi.
1123 5702 1134 5708 ,
1206 5699 1237 5708 Α
1344 5698 1374 5708 ..
1413 5699 1447 5708 ,.
1489 5698 1498 5708 .
1542 5697 1552 5708 .

246 5712 270 5751 ³ο
306 5709 587 5779 ﬂuensque
619 5710 669 5764 in
702 5707 839 5764 libro
869 5702 1171 5775 precatorio
1199 5698 1375 5756 Caroli
1408 5698 1577 5754 Calvi.

1845 5627 1967 5683 ιθδ.
