3968 6180
536 287 634 344 5H

1351 284 1412 339 B.
1453 282 1515 337 F.
1552 280 1777 337 ALBINI
1816 278 1948 335 SEU
1983 274 2261 333 ALCUINI
2298 273 2581 331 OPERUM
2617 272 2797 331 PARS
2835 274 2922 329 IV.

3691 276 3792 332 512

540 402 683 455 bavn
714 412 993 452 sermones
1019 412 1166 451 suos.
1197 394 1477 451 Convertit
1500 409 1887 474 aquageornm
1916 392 1970 446 in
1999 406 2122 445 san-
2151 399 2198 455 Λ
2224 388 2435 456 operuit
2486 404 2648 458 super
2694 391 3164 460 congregationem
3212 390 3435 444 Abimn.
3482 392 3552 446 Ει
3597 408 3717 451 exat
3729 403 3796 455 sit

541 492 758 562 guinem
786 508 797 541 :
828 500 881 543 et
908 490 1105 544 occidit
1127 489 1301 558 pisces
1322 503 1529 543 eorum.
1558 486 1736 540 Edidit
1759 495 1905 539 terra
1931 498 2120 538 eorum

541 601 702 640 ranas
726 602 739 637 :
769 584 820 638 in
847 582 1215 654 penetralibus
1246 597 1430 653 regum
1461 581 1717 649 ipsorum.
1742 577 1890 634 Dixit
1909 616 1925 645 ,
1952 586 2007 632 et
2034 591 2125 630 vc-

538 679 617 732 nit
640 676 913 747 cynomia,
932 683 989 730 et
1007 673 1278 743 sciniphes
1301 672 1353 726 in
1374 671 1623 726 omnibus
1644 669 1841 724 ﬁnibus
1863 670 2119 738 ipsorum.

541 770 727 824 Posuit
752 768 963 838 pluvias
991 781 1176 821 eorum
1204 764 1519 836 grandinem
1550 782 1561 816 :
1594 763 1774 835 ignem
1803 763 2124 819 comburen-
2159 811 2165 819 .

541 871 649 916 tem
681 861 732 915 in
765 869 910 915 terra
942 860 1201 929 ipsorum.
1244 850 1312 910 Et
1350 846 1616 926 percussit
1642 854 1829 909 vineas
1854 869 2040 909 eorum
2068 862 2123 908 et

543 953 801 1006 ﬁculneas
828 965 1016 1005 eorum
1046 967 1058 1001 :
1089 955 1146 1002 et
1173 947 1429 1002 contrivit
1456 945 1658 1016 lignum
1676 944 1873 999 ﬁnium
1911 958 2122 999 eorum.

539 1045 720 1109 Dixit,
751 1050 805 1097 et
832 1042 980 1095 venit
1005 1041 1241 1103 locusta,
1273 1046 1329 1093 et
1355 1037 1591 1094 bruchus
1619 1055 1631 1091 :
1666 1036 1820 1106 cujus
1859 1051 1967 1091 non
2004 1042 2126 1090 erat

541 1148 813 1188 numerus.
841 1131 906 1185 Et
928 1131 1162 1186 comedit
1182 1145 1341 1185 omne
1366 1128 1546 1184 fenum
1572 1129 1624 1183 in
1651 1136 1795 1183 terra
1818 1143 2005 1183 eorum
2028 1144 2040 1179 :
2069 1135 2124 1182 et

539 1223 775 1278 comedit
801 1238 1015 1277 onmem
1046 1220 1281 1275 fructum
1313 1228 1470 1274 terra:
1496 1234 1704 1275 eorum.
1750 1217 1817 1272 Et
1853 1217 2125 1288 percussit

536 1329 696 1369 omne
721 1314 1136 1385 primogenitum
1167 1313 1221 1367 in
1252 1321 1396 1368 terra
1434 1328 1623 1367 eorum
1651 1329 1663 1364 :
1695 1310 1963 1381 primitias
1999 1324 2121 1364 om-

538 1405 625 1460 nis
653 1405 856 1460 laboris
881 1420 1091 1459 eorum.
1123 1404 1190 1458 Et
1213 1402 1400 1460 eduxit
1428 1417 1522 1457 eos
1548 1417 1671 1457 cum
1698 1408 1924 1471 argento
1943 1408 2001 1455 et
2027 1415 2123 1454 au—

541 1510 641 1548 ro:
675 1502 730 1548 et
759 1510 862 1548 non
892 1503 1012 1547 erat
1041 1493 1094 1546 in
1128 1493 1376 1546 tribubus
1400 1507 1587 1547 eorum
1620 1491 1886 1546 infirmus.
1916 1490 2120 1544 laetata

539 1591 624 1638 est
663 1582 928 1654 [Egyplus
972 1583 1026 1636 in
1071 1580 1406 1651 profectione
1445 1597 1668 1635 eorum:
1713 1582 1837 1650 quia
1880 1581 2123 1636 incubuit

542 1675 703 1728 timor
729 1688 917 1728 eorum
947 1689 1110 1743 super
1137 1688 1251 1727 cos.
1294 1672 1566 1743 Expandit
1603 1672 1800 1727 nubem
1840 1671 1894 1726 in
1934 1680 2118 1742 prote-

2222 480 2359 548 ignis
2397 481 2450 533 in
2488 495 2814 551 synagogam
2841 497 3027 536 corum
3056 500 3068 536 :
3100 483 3313 537 ﬂamma
3353 488 3649 542 combussit
3675 505 3793 559 pec-

2221 584 2452 627 catores.
2483 571 2557 626 Et
2577 569 2825 628 fecerunt
2850 574 3073 628 vitulum
3114 577 3167 631 in
3198 576 3378 631 Horeb
3404 596 3418 632 :
3449 586 3506 635 et
3544 580 3794 639 adcreve-

2222 671 2347 716 rnnt
2375 662 2641 731 sculptile.
2666 663 2733 717 Et
2762 674 3106 719 mutaverunt
3132 666 3357 738 gloriam
3384 684 3537 725 suam
3563 672 3619 727 in
3649 675 3794 730 simi-

2223 753 2504 809 litudinem
2565 754 2717 810 vituli
2777 758 3114 814 comedenda
3188 758 3389 815 fenum.
3450 763 3613 820 Obliti
3674 778 3797 823 sunt

2222 841 2413 908 Deum,
2444 844 2534 913 qui
2565 844 2795 901 salvavit
2827 860 2941 910 eos,
2972 849 3063 918 qui
3100 848 3229 904 fecit
3254 854 3519 923 magnalia
3548 856 3602 910 in
3634 855 3796 928 Egy-

2222 942 2336 1004 pto,
2361 935 2627 990 mirabilia
2657 937 2711 991 in
2736 945 2880 992 terra
2907 938 3077 994 Cbam
3104 958 3116 994 :
3152 942 3413 997 terribilia
3442 944 3495 999 in
3526 948 3665 1001 mari
3693 946 3795 1003 Ru-

2222 1024 2342 1080 bro.
2370 1025 2438 1080 Et
2465 1027 2603 1082 dixit
2632 1036 2691 1083 ut
2716 1028 3052 1099 disperderet
3079 1048 3173 1089 eos
3198 1052 3210 1088 :
3244 1037 3287 1090 si
3320 1052 3429 1092 non
3457 1037 3668 1109 Moyses
3695 1042 3794 1099 elc-

2222 1123 2341 1172 ctus
2363 1117 2478 1189 ejus
2506 1119 2744 1175 stetisset
2771 1122 2820 1174 in
2852 1122 3218 1180 confractione
3243 1128 3295 1182 in
3333 1141 3623 1201 conspectu
3661 1135 3789 1205 ejus.

2224 1207 2296 1263 Ut
2323 1218 2592 1265 averteret
2628 1212 2764 1266 iram
2797 1212 2934 1282 ejus,
2968 1229 3036 1269 ne
3077 1215 3411 1285 disperderet
3445 1234 3579 1276 eos:
3611 1233 3667 1278 et
3704 1241 3796 1295 pro

2222 1299 2393 1356 nihilo
2419 1302 2723 1357 habuerunt
2767 1312 2968 1359 terram
3011 1305 3443 1364 desiderabilem.
3480 1311 3596 1367 Non
3627 1317 3799 1372 credi-

2221 1391 2416 1446 derunt
2443 1393 2610 1448 verbo
2637 1394 2776 1464 ejus,
2804 1404 2859 1449 et
2887 1409 3363 1455 murmuraverunt
3395 1402 3448 1456 in
3482 1405 3796 1462 tabernacu-

2222 1478 2291 1535 lis
2315 1481 2427 1536 suis
2454 1498 2466 1535 :
2492 1497 2598 1537 non
2624 1483 2982 1540 exaudierunt
3006 1503 3192 1543 vocem
3218 1488 3448 1546 Domini.
3476 1493 3544 1547 Et
3569 1495 3797 1553 elevavit

2223 1586 2442 1626 manum
2467 1588 2620 1628 suam
2664 1591 2828 1646 super
2851 1592 2986 1633 eos:
3015 1588 3072 1633 ut
3105 1589 3475 1651 prosterneret
3499 1601 3594 1642 eos
3624 1589 3679 1644 in
3705 1589 3795 1646 de-

2222 1673 2387 1721 serto.
2414 1667 2480 1721 Et
2506 1676 2564 1721 ut
2593 1666 2852 1737 dejiceret
2879 1686 3064 1727 semen
3089 1688 3274 1729 eorum
3307 1676 3359 1730 in
3387 1679 3716 1749 nationibus,
3743 1693 3796 1739 et

541 1765 773 1817 ctionem
802 1779 989 1817 eorum
1014 1740 1030 1815 ξ
1064 1770 1120 1817 et
1148 1764 1322 1833 ignem
1347 1740 1408 1816 uit
1430 1761 1633 1815 luceret
1658 1762 1737 1815 eis
1765 1776 1861 1831 per
1886 1740 2117 1815 noctem.
2150 1740 2197 1800 Β
2223 1755 2553 1826 disperderet
2578 1773 2671 1813 eos
2708 1759 2761 1813 in
2793 1761 3118 1831 regionibus.
3151 1764 3217 1818 Et
3259 1765 3454 1820 initiati
3485 1780 3612 1825 sunt
3650 1740 3794 1827 Beel-

542 1855 851 1920 Petierunt,
884 1865 940 1910 et
965 1856 1112 1910 venit
1140 1856 1391 1911 coturnix
1417 1874 1430 1910 :
1465 1863 1520 1910 et
1542 1869 1682 1926 pane
1711 1854 1830 1911 coeli
1857 1856 2122 1911 saturavit

543 1961 656 1999 cos.
706 1945 945 2016 Disrupit
985 1955 1230 2015 petram,
1261 1954 1333 2001 et-
1354 1944 1625 2000 ﬂuxerunt
1651 1960 1805 2015 aqua
1830 1962 1843 1999 :
1872 1945 2123 2000 abierunt

543 2037 593 2090 in
624 2038 768 2092 sicco
798 2035 1038 2091 ﬂumina.
1081 2036 1345 2103 Quoniam
1387 2052 1593 2091 memor
1632 2036 1733 2090 fuit
1760 2037 1909 2090 verbi
1948 2037 2117 2092 sancti

541 2129 661 2193 sui,
712 2130 854 2199 quod
901 2128 1085 2183 habuit
1132 2128 1198 2182 ad
1246 2127 1519 2183 Abraham
1562 2142 1790 2197 puerum
1831 2142 2008 2181 suum.
2055 2126 2124 2181 Et

539 2221 727 2275 eduxit
774 2220 1028 2290 populum
1071 2235 1230 2275 suum
1272 2219 1325 2274 in
1372 2212 1776 2274 exsultatione:
1822 2226 1879 2273 et
1918 2218 2120 2274 electos

543 2328 670 2368 suos
699 2314 753 2367 in
782 2312 988 2367 laetitia.
1030 2313 1097 2366 Et
1135 2312 1283 2368 dedit
1326 2312 1431 2367 illis
1470 2312 1716 2382 regiones
1757 2313 2034 2383 gentium:
2065 2320 2122 2367 ct

537 2403 749 2460 labores
777 2405 1090 2475 populorum
1123 2405 1496 2476 possederunt.
1530 2404 1601 2460 Ut
1627 2404 1937 2459 custodiant
1959 2406 2119 2476 justi-

537 2495 816 2552 flcationes
843 2497 995 2564 ejus:
1023 2505 1077 2551 et
1106 2498 1276 2567 legem
1303 2495 1418 2564 ejus
1448 2495 1744 2566 requirant.

610 2585 678 2641 Ut
705 2605 883 2658 supra.
934 2587 1180 2651 Domine,
1214 2588 1277 2641 ‘in
1308 2586 1445 2641 czrlo
1484 2587 1855 2642 misericordia
1905 2597 2017 2653 tua,
2063 2600 2117 2645 et

535 2677 738 2733 veritas
760 2686 848 2730 tua
874 2690 1045 2745 usque
1066 2676 1132 2729 ad
1161 2675 1350 2730 nubes.
1374 2675 1690 2732 [invocantes
1711 2692 1906 2732 nomen
1931 2685 2106 2745 tuum,

536 2767 783 2833 Domine,
813 2767 1070 2821 exaudire
1093 2751 1348 2836 digneris.

607 2858 812 2913 Oratio.
837 2857 1152 2912 lnvocantes
1195 2871 1388 2910 nomen
1427 2863 1600 2920 tuum,
1644 2855 1892 2920 Domine,
1922 2857 2115 2927 depre-

536 2964 745 3013 camur,
776 2956 834 3003 nt
872 2947 965 3017 qui
1006 2957 1189 3017 patres
1231 2953 1467 3010 nostros,
1509 2946 1708 2999 virtute
1756 2947 1830 3000 tui
1880 2948 2114 3004 nominis

534 3047 826 3109 przeeunte,
867 3036 1124 3108 angelicis
1172 3036 1414 3106 pastihus
1458 3034 1728 3101 refecisti,
1761 3052 1861 3092 nos
1899 3052 2113 3109 quoque

536 3130 778 3203 mysticis
801 3130 1028 3200 dapibus
1058 3127 1238 3183 foveas
1260 3141 1325 3182 ac
1350 3125 1631 3182 reformes.
1655 3124 1781 3183 Per.

1149 3285 1495 3343 PSALMUS.

607 3423 785 3494 (Psam
820 3421 929 3492 ev.)
955 3418 1294 3475 Confitemiui
1342 3417 1569 3471 Domino
1610 3416 1865 3486 quoniam
1896 3416 2107 3471 bonus:

538 3513 794 3584 quoniam
816 3510 869 3565 in
895 3510 1148 3565 steculum
1170 3508 1540 3563 misericordia
1560 3502 1695 3574 ejus.
1717 3506 1848 3575 Quis
1864 3507 2114 3577 loquetur

534 3603 803 3674 potentias
832 3600 1042 3655 Domini
1067 3616 1082 3665 ;
1110 3598 1321 3655 auditas
1348 3598 1510 3654 faciet
1533 3613 1720 3655 omnes
1747 3598 1935 3654 laudes
1962 3598 2112 3668 ejus?

535 3691 685 3746 Beati
724 3689 815 3759 qui
859 3687 1168 3744 custodiunt
1197 3686 1498 3757 judicium:
1530 3697 1584 3742 et
1616 3687 1814 3743 faciunt
1841 3688 2109 3759 justitiam

534 3786 587 3839 in
616 3782 760 3837 omni
790 3789 1050 3851 tempore.
1078 3780 1342 3835 Memento
1358 3780 1553 3846 nostri,
1577 3780 1820 3843 Domine,
1856 3780 1910 3835 in
1939 3780 2107 3836 bene-

532 3876 728 3944 placito
753 3872 931 3944 populi
960 3873 1036 3927 tui
1066 3873 1265 3928 rvisita
1296 3888 1395 3928 nos
1430 3873 1481 3927 in
1516 3872 1737 3927 salutari
1770 3881 1885 3928 tuo.
1909 3872 1991 3929 Ad
2025 3873 2109 3928 vi-

533 3966 762 4022 dendum
792 3966 843 4021 in
871 3965 1113 4021 bonitate
1136 3964 1429 4020 electorum
1457 3972 1692 4031 tuorum,
1716 3965 1783 4020 ad
1817 3965 2104 4021 laetandum

533 4061 585 4113 in
630 4059 813 4114 lmtitia
853 4058 1026 4129 gentis
1067 4064 1205 4113 tum:
1238 4066 1298 4111 ut
1340 4056 1574 4112 lauderis
1619 4073 1739 4112 cum
1787 4057 2107 4112 hmreditate

533 4158 644 4202 tua.
691 4147 1039 4203 Peccavimus
1063 4162 1183 4202 cum
1209 4146 1455 4216 patribus
1481 4147 1685 4202 nostris
1710 4163 1723 4200 :
1756 4145 1954 4214 injuste
1990 4145 2104 4218 egl-

532 4236 670 4306 nius,
701 4240 1037 4311 iniquitatem
1065 4237 1310 4294 fecimus.
1349 4237 1537 4294 Patres
1567 4238 1734 4294 nostri
1768 4238 1823 4293 in
1868 4236 2104 4311 Egypto

530 4347 635 4386 non
665 4330 1043 4385 intellexerunt
1073 4329 1338 4383 mirabilia
1361 4337 1449 4383 tua
1480 4348 1491 4382 :
1521 4345 1625 4383 non
1655 4328 1872 4385 fuerunt
1899 4343 2102 4383 memo-

530 4437 616 4475 res
647 4419 1002 4475 multitudinis
1044 4418 1428 4475 misericordiae
1464 4426 1589 4473 tuac.
1637 4420 1703 4473 Et
1746 4421 2100 4477 irritaverunt

2138 3088 2189 3154 ϐ

2219 1847 2461 1918 phegor:
2491 1857 2547 1903 et
2572 1851 2925 1906 comederunt
2948 1853 3213 1910 sacrificia
3243 1867 3598 1914 mortuorum.
3630 1862 3697 1917 Et
3727 1864 3796 1918 ir-

2221 1939 2519 1994 ritaverunt
2539 1953 2663 1993 eum
2691 1936 2744 1995 in
2771 1942 3240 2001 adinventionibus
3263 1949 3376 2003 suis
3399 1964 3414 2002 :
3448 1951 3797 2022 multiplicaza

2218 2038 2302 2084 est
2343 2030 2397 2084 in
2431 2030 2510 2085 eis
2541 2030 2715 2085 ruina.
2758 2032 2823 2086 Et
2866 2034 3013 2088 stetit
3061 2034 3311 2104 Phinees,
3341 2048 3396 2093 et
3439 2039 3672 2110 placavit
3703 2064 3714 2096 ς
3746 2053 3797 2097 et

2217 2121 2454 2176 cessavit
2478 2122 2775 2191 quassatio.
2803 2123 2869 2178 Et
2898 2134 3202 2195 reputatum
3234 2134 3320 2183 est
3348 2129 3399 2184 ei
3435 2130 3488 2185 in
3529 2131 3795 2202 justitiam

2220 2210 2274 2264 in
2308 2211 2654 2282 generatione
2687 2220 2743 2267 et
2773 2215 3198 2284 generationem,
3227 2234 3397 2289 usque
3434 2221 3487 2275 in
3517 2224 3798 2293 sempiter-

2219 2316 2368 2355 num.
2395 2301 2462 2357 Et
2486 2303 2837 2360 irritaverunt
2868 2321 2994 2361 eum
3024 2307 3091 2361 ad
3120 2324 3290 2379 aquas
3314 2313 3795 2371 contradictionis:

2217 2403 2273 2449 et
2301 2404 2527 2452 vexatus
2549 2404 2636 2452 est
2658 2396 2871 2469 lioyses
2896 2408 3119 2469 propter
3140 2416 3251 2467 eos,
3285 2404 3411 2474 quia
3439 2408 3798 2463 exacerbave-

2219 2495 2345 2541 runt
2376 2489 2623 2557 spiritum
2652 2490 2788 2562 ejus.
2821 2491 2889 2546 Et
2930 2490 3179 2549 distinxit
3222 2494 3274 2549 in
3318 2496 3474 2553 labiis
3504 2500 3622 2554 suis
3652 2518 3666 2553 :
3698 2516 3799 2555 non

2215 2577 2650 2648 disperdiderunt
2677 2590 2883 2651 gentes,
2923 2599 3058 2655 quas
3103 2584 3241 2641 dixit
3274 2586 3534 2644 Dominus
3576 2590 3704 2646 illis.
3736 2590 3799 2646 Et

2216 2670 2493 2725 commixti
2509 2679 2635 2726 sum
2648 2672 2790 2727 inter
2802 2681 3009 2745 gentes,
3023 2683 3075 2729 et
3088 2676 3566 2748 didiceruntopera
3582 2693 3770 2735 eorum
3787 2700 3799 2735 :

2216 2768 2270 2814 et
2285 2760 2591 2816 servierunt
2606 2762 2947 2834 sculptilibns
2966 2781 3155 2821 eorum
3182 2786 3194 2820 :
3221 2776 3277 2822 et
3291 2767 3490 2824 factum
3513 2782 3599 2827 est
3621 2773 3731 2827 illis
3753 2773 3802 2827 in

2216 2853 2549 2909 scandalum.
2586 2855 2653 2910 Et
2682 2855 3091 2913 immolaverunt
3123 2859 3264 2916 filios
3285 2876 3410 2916 suos
3440 2871 3493 2917 et
3517 2862 3662 2919 ﬁlias
3684 2880 3805 2921 suas

2216 2947 2515 3001 daemoniis.
2541 2947 2608 3002 Et
2627 2946 2928 3003 effuderunt
2948 2951 3261 3022 sanguinem
3291 2954 3667 3009 innocentem:
3692 2971 3805 3010 san-

2215 3039 2431 3109 guinem
2476 3040 2709 3097 ﬁliorum
2743 3058 2961 3097 suorum
3013 3045 3329 3122 etxliliarnm
3366 3063 3592 3103 suarum
3621 3067 3637 3103 :
3673 3066 3805 3122 quas

2218 3128 2660 3186 sacrificaverunt
2693 3133 3033 3203 sculptilibus
3074 3116 3351 3191 Chanaan.
3390 3137 3458 3193 Et
3490 3116 3805 3199 infecta-cst

2219 3231 2361 3277 terra
2392 3222 2447 3276 in
2486 3224 2857 3295 sanguinibus.
2881 3234 2936 3280 et
2959 3228 3324 3283 contaminata
3348 3239 3430 3285 est
3458 3230 3511 3284 in
3546 3234 3807 3302 operibus

2168 3322 2177 3327 '
2214 3329 2402 3371 eorum
2432 3356 2444 3368 .
2474 3323 2530 3371 et
2556 3317 2807 3373 fornicati
2838 3327 2966 3374 sunt
2994 3318 3047 3373 in
3077 3319 3549 3378 adinventimiibus
3574 3325 3716 3381 suis.
3742 3326 3806 3381 Et

2214 3407 2387 3463 iratus
2411 3417 2496 3463 est
2514 3408 2699 3465 furore
2725 3410 2985 3468 Dominus
3010 3412 3064 3468 in
3094 3414 3347 3484 populum
3374 3431 3531 3470 suum
3557 3434 3571 3470 :
3596 3427 3660 3473 et
3679 3419 3805 3474 abo-

2214 3498 2450 3554 minatus
2473 3506 2556 3555 est
2576 3501 2948 3558 hareditatem
2969 3519 3142 3559 suam.
3159 3504 3226 3560 Et
3247 3506 3473 3562 tradidit
3492 3522 3586 3562 eos
3610 3509 3669 3562 in
3693 3526 3805 3563 ma-

2213 3604 2317 3646 nus
2353 3592 2631 3660 gentium:
2660 3602 2717 3650 et
2742 3593 3004 3650 dominati
3040 3596 3166 3652 sunt
3206 3612 3416 3664 eorum,
3448 3598 3540 3668 qui
3569 3601 3803 3655 oderunt

2211 3697 2325 3738 eos.
2357 3683 2424 3738 Et
2452 3684 2843 3742 tribulaverunt
2862 3703 2955 3744 eos
2982 3688 3188 3745 inimici
3215 3705 3423 3758 eorum,
3450 3701 3503 3747 et
3533 3692 3804 3749 humiliati

2212 3783 2341 3830 sunt
2364 3776 2463 3832 sub
2482 3778 2733 3834 manibus
2756 3794 2964 3847 eorum,
2993 3797 3135 3852 saepe
3163 3782 3411 3838 liberavit
3437 3800 3550 3840 eos.
3571 3786 3683 3857 ipsi
3712 3803 3805 3841 an-

2214 3874 2319 3922 tem
2343 3868 2806 3923 exacerbaverunt
2828 3884 2951 3924 eum
2970 3869 3023 3924 in
3046 3871 3272 3927 consilio
3294 3886 3390 3927 suo
3409 3887 3423 3926 :
3446 3883 3499 3929 et
3525 3874 3806 3930 humiliati

2211 3966 2338 4014 sunt
2364 3958 2419 4013 in
2454 3959 2831 4046 iniquitatibus
2872 3962 3005 4018 suis.
3049 3964 3116 4018 Et
3143 3964 3276 4020 vidit
3304 3981 3424 4020 cum
3470 3967 3808 4025 tribularen—

2212 4059 2332 4105 tur:
2362 4059 2416 4106 et
2442 4051 2645 4106 audivit
2679 4051 2976 4109 orationem
3004 4069 3213 4111 eorum.
3254 4055 3320 4111 Et
3350 4073 3561 4113 memor
3585 4058 3696 4115 fuit
3725 4069 3807 4116 te-

2210 4144 2463 4198 stamenti
2489 4144 2571 4199 sui
2597 4164 2610 4198 :
2637 4151 2693 4199 et
2721 4146 2975 4216 paenituit
3017 4162 3140 4202 eum
3166 4146 3458 4203 secundum
3486 4149 3804 4207 multitudi-

2209 4248 2333 4288 nem
2367 4234 2754 4290 miserieordiae
2791 4251 2922 4291 suae.
2961 4236 3029 4292 Et
3067 4236 3215 4293 dedit
3255 4254 3350 4294 eos
3392 4240 3448 4294 in
3478 4242 3808 4298 misericor-

2208 4325 2360 4381 dias:
2386 4326 2441 4381 in
2466 4334 2754 4399 conspectu
2779 4329 3017 4383 omnium
3039 4330 3133 4400 qui
3159 4339 3436 4401 cmperant
3460 4347 3574 4387 eos.
3602 4332 3808 4390 Salvos

2208 4417 2294 4474 fac
2324 4434 2441 4485 nos,
2487 4419 2713 4475 Domine
2760 4421 2902 4477 Dens
2946 4432 3146 4489 noster,
3179 4431 3236 4477 et
3279 4437 3546 4496 congrega
3584 4441 3698 4482 nos
3738 4424 3809 4483 de

527 4509 879 4565 ascendentes
908 4510 961 4563 in
991 4523 1174 4563 mare:
1201 4524 1350 4563 mare
1370 4507 1631 4563 Rubrum.
1664 4508 1731 4563 Et
1756 4509 1983 4564 salvavit
2007 4526 2101 4565 eos
2132 4507 2176 4531 ν
2204 4510 2531 4566 nationibus.
2576 4510 2650 4567 Ut
2690 4512 3045 4568 confiteamur
3086 4512 3291 4569 nomini
3340 4523 3530 4571 sancto
3576 4523 3717 4572 tuo:
3751 4526 3807 4573 et

527 4612 744 4673 propter
789 4615 982 4656 nomen
1019 4615 1210 4654 suum:
1243 4606 1304 4654 ut
1342 4607 1523 4654 notam
1571 4599 1773 4654 faceret
1805 4601 2099 4669 potentiam

527 4707 700 4745 suam.
725 4690 791 4744 Et
815 4690 1085 4760 increpuit
1106 4705 1255 4744 mare
1270 4688 1532 4753 Rubrum,
1554 4697 1610 4744 et
1633 4689 1962 4745 exsiccatum
1987 4697 2098 4744 est:

526 4792 582 4839 ct
603 4782 821 4838 deduxit
844 4799 936 4840 eos
960 4784 1012 4837 in
1040 4784 1249 4854 abyssis
1270 4783 1411 4839 sicut
1436 4783 1489 4836 in
1519 4761 1753 4838 deserto.
1780 4782 1848 4837 Et
1873 4783 2102 4838 salvavit

523 4891 618 4933 cos
664 4874 730 4931 de
776 4889 935 4928 manu
981 4874 1277 4929 odientium
1307 4894 1318 4928 :
1350 4885 1405 4929 et
1444 4875 1671 4930 redemit
1707 4889 1801 4929 eos
1831 4874 1898 4929 de
1936 4891 2098 4932 manu

523 4965 748 5024 inimici.
777 4965 843 5019 Et
869 4964 1078 5033 operuit
1106 4979 1244 5033 aqua
1274 4965 1592 5020 tribulantes
1615 4980 1741 5020 eos:
1771 4980 1909 5021 unus
1929 4982 1997 5021 ex
2023 4969 2102 5023 eis

524 5073 631 5113 non
659 5054 935 5111 remansit.
961 5053 1026 5108 Et
1056 5055 1400 5109 crediderunt
1428 5056 1608 5111 verbis
1635 5055 1753 5126 ejus
1780 5075 1792 5110 :
1818 5066 1872 5111 et
1912 5057 2100 5114 lauda-

521 5157 717 5206 verunt
752 5147 961 5203 laudem
1005 5144 1138 5215 ejus.
1167 5144 1286 5202 Cito
1315 5145 1591 5214 fecerunt,
1628 5149 1778 5204 obliti
1816 5159 1941 5205 sunt
1968 5132 2098 5221 ope-

522 5258 642 5297 rum
688 5242 803 5314 ejus
831 5259 845 5295 :
877 5247 931 5294 rt
958 5256 1064 5295 non
1109 5242 1484 5296 sustinuerunt
1521 5242 1805 5297 consilium
1848 5240 1985 5311 ejus.
2032 5243 2100 5298 Et

520 5336 904 5406 concupierunt
940 5335 1432 5404 concupiscentiam
1460 5335 1515 5389 in
1557 5336 1805 5391 deserto:
1838 5344 1891 5390 et
1910 5334 2095 5390 'tcnta-

521 5431 715 5478 verunt
760 5425 926 5480 Deum
975 5425 1028 5478 in
1075 5424 1354 5495 inaquoso.
1387 5424 1453 5479 Et
1489 5425 1634 5481 dedit
1675 5426 1754 5481 eis
1783 5426 2094 5496 petitionem

523 5516 760 5586 ipsorum
787 5534 803 5570 :
836 5526 892 5572 et
933 5516 1085 5573 misit
1111 5517 1449 5574 saturitatem
1482 5517 1534 5572 in
1560 5516 1771 5573 animas
1796 5532 2002 5572 eorum.
2034 5517 2099 5570 Et

521 5608 873 5663 irritavcrunt
898 5606 1006 5679 54
1036 5607 1251 5677 Moysen
1284 5608 1339 5663 in
1371 5608 1602 5663 castris:
1637 5607 1815 5662 Aaron
1852 5615 2098 5661 sanctum

522 5696 754 5754 Domini.
783 5696 982 5767 Aperta
1023 5705 1107 5753 est
1150 5706 1316 5766 terra,
1356 5707 1411 5753 et
1448 5698 1723 5771 deglutivit
1773 5699 2005 5763 Dathan,
2048 5706 2098 5753 ct

2201 4599 2497 4671 gloriemur
2537 4601 2591 4655 in
2630 4600 2789 4658 laude
2817 4611 2932 4658 tua.
2976 4603 3299 4661 Benedictus
3340 4606 3604 4663 Dominus
3658 4611 3807 4667 Deus

2200 4689 2385 4755 Israel,
2409 4705 2440 4745 a
2466 4691 2664 4747 smculo
2684 4701 2740 4747 et
2767 4706 2939 4763 usque
2963 4692 3015 4747 in
3042 4694 3297 4750 sarculum
3322 4713 3336 4750 :
3363 4705 3420 4752 et
3442 4697 3585 4753 dicet
3614 4700 3805 4756 omnis

2201 4779 2446 4849 populus,
2475 4779 2616 4846 Fiat,
2648 4780 2762 4836 ﬁat.

2274 4871 2339 4927 Ut
2364 4891 2545 4945 supra.
2576 4875 2719 4931 Deus
2754 4875 2809 4931 in
2843 4884 3032 4932 sancto
3060 4861 3167 4933 via,
3188 4887 3298 4944 tua,
3329 4880 3452 4949 quis
3481 4880 3630 4937 Dens
3680 4897 3800 4936 ma-

2202 4981 2339 5037 gnus
2366 4966 2507 5022 sicut
2542 4967 2683 5023 Deus
2713 4968 2931 5024 noster?
2959 4978 3017 5025 tu
3045 4984 3105 5026 es
3131 4969 3275 5027 Deus
3315 4973 3408 5041 qui
3441 4971 3578 5029 facis
3624 4974 3801 5028 mira-

2202 5054 2350 5111 bilia.

2274 5149 2480 5206 Oratio.
2526 5151 2795 5207 Memento
2837 5154 3042 5219 nostri,
3070 5153 3317 5219 Domine,
3347 5156 3399 5210 in
3442 5156 3799 5226 beneplacito

2202 5242 2381 5313 populi
2407 5242 2506 5309 tui,
2535 5252 2591 5300 et
2610 5259 2639 5297 a
2660 5245 2868 5314 peccati
2896 5260 2997 5331 nos
3020 5246 3280 5302 servitute
3298 5247 3594 5317 discussos,
3626 5248 3799 5305 Salu-

2202 5334 2334 5391 laris
2360 5336 2438 5390 tui
2463 5335 2773 5391 visitatione
2797 5335 3056 5392 salviﬂca.
3084 5338 3188 5395 Per
3217 5339 3527 5396 Dominum.

2827 5468 3170 5527 PSALMUS.

2273 5603 2451 5673 (l’ssL.
2486 5604 2615 5671 cvi.)
2646 5602 2987 5659 Conﬁtemini
3022 5604 3249 5661 Domino
3274 5607 3526 5675 quoniam
3557 5592 3755 5662 bonus
3776 5622 3795 5662 :

2202 5697 2454 5768 quoniam
2488 5696 2539 5752 in
2586 5693 2839 5751 sa-culum
2872 5695 3240 5753 misericordia
3270 5696 3401 5766 ejus.
3451 5696 3646 5752 Dicant
3689 5697 3795 5767 qui
