3968 6180
244 291 332 350 IIS

1185 276 1575 335 LITURGICA.
1618 304 1686 315 ——-
1725 271 1988 329 OFFICIA
2025 272 2159 329 PER
2199 271 2468 327 FERIAS.

3323 266 3429 323 5N

243 397 449 470 redempti
468 402 587 453 sunt
610 409 643 448 ιι
674 390 922 455 Domino,
946 404 1083 459 quos
1114 388 1342 444 redemit
1368 389 1436 443 de
1466 402 1628 441 manu
1658 384 1758 439 ini-
1786 388 1834 444 Δ
1863 385 2097 455 sapiens,
2122 394 2177 439 et
2201 384 2467 439 custodiet
2491 384 2642 439 lucc?
2666 392 2721 439 ct
2748 383 3009 454 intelliget
3038 385 3438 444 misericordias

242 490 343 547 inici
363 509 372 543 :
393 497 436 544 et
458 489 516 543 de
545 483 859 555 regionibus
884 480 1234 552 congregavit
1259 494 1375 535 eos.
1403 479 1447 533 A
1475 478 1605 533 solis
1633 485 1757 531 ortu
1858 473 2090 528 Domini.

240 592 472 641 stactam.
494 579 560 632 ab
588 574 841 645 aquilone
863 582 920 627 et
947 572 1105 627 mari.
1132 572 1463 627 Erraverunt
1488 571 1541 624 in
1571 570 1762 625 solitu—

236 670 342 728 dine
365 669 408 724 in
429 667 679 737 inaquoso
703 682 716 718 :
740 663 858 717 vias
885 661 1125 717 civitatis
1155 659 1448 716 habitaculi
1474 675 1581 715 non
1612 660 1763 713 inve-

238 764 414 816 nerunt.
430 755 733 812 Esurientes
751 760 808 808 et
825 752 1072 807 sitientes
1098 770 1111 805 :
1134 752 1315 806 anima
1339 767 1525 806 eorum
1553 752 1606 806 in
1633 750 1764 822 ipsis

234 848 414 903 defecit.
450 847 507 900 Et
542 845 911 900 clamaverunt
951 843 1020 898 ad
1047 841 1338 898 Dominum
1375 858 1500 898 cum
1533 841 1763 897 tribula—

232 945 427 1007 rentur:
451 942 501 989 et
532 933 601 988 de
639 931 1054 987 necessitatibus
1093 945 1282 986 eorum
1326 929 1527 1000 eripuit
1555 943 1668 985 eos.
1698 929 1766 984 Et

230 1026 422 1083 deduxit
447 1038 531 1080 eos
575 1025 631 1078 in
665 1023 809 1077 viam
854 1030 1058 1078 rectam
1084 1029 1187 1076 :ut
1212 1021 1356 1077 irent
1398 1022 1457 1076 in
1488 1022 1766 1077 civitatem

230 1113 558 1171 habitationis.
628 1111 1002 1168 Conﬁteantur
1074 1112 1304 1167 Domino
1380 1112 1769 1169 misericordiae

225 1206 332 1276 ejus
355 1224 365 1259 :
388 1214 435 1261 et
456 1202 716 1259 mirabilia
747 1202 865 1273 ejus
905 1200 1030 1257 ﬁliis
1062 1202 1359 1257 hominum.
1390 1202 1525 1269 Quia
1551 1201 1771 1257 satiavit

226 1302 433 1356 animam
455 1298 660 1354 inanem
687 1315 701 1351 :
728 1305 784 1351 et
817 1297 1051 1351 animam
1079 1295 1407 1351 esurientem
1431 1295 1650 1350 satiavit
1673 1294 1770 1349 bo-

224 1396 319 1451 nis.
364 1393 601 1449 Sedentes
627 1391 684 1445 in
727 1389 967 1444 tenebris
992 1396 1048 1442 et
1072 1387 1263 1442 umbra
1297 1385 1526 1441 mortis:
1560 1385 1771 1440 vinctos

223 1490 269 1542 in
296 1484 620 1542 mendicitate
639 1492 695 1539 et
718 1480 885 1538 ferro.
911 1479 1045 1547 Quia
1068 1478 1535 1541 exacerbaverunt
1557 1476 1772 1547 eloquia

220 1580 349 1636 Dei:
375 1586 422 1633 et
460 1575 738 1632 consilium
780 1570 1046 1627 Altissimi
1082 1569 1455 1625 irritaverunt.
1485 1566 1555 1622 Et
1587 1566 1769 1622 humi-

218 1671 397 1725 liatum
429 1678 505 1723 est
542 1668 599 1723 in
627 1665 903 1722 laboribus
940 1677 1037 1719 cor
1064 1675 1292 1727 eorum;
1327 1658 1587 1716 inﬁrmati
1621 1664 1768 1721 sunt,

1931 566 1997 621 Ut
2019 584 2199 638 supra.
2244 566 2645 624 Misericordias
2674 567 2888 624 Domini
2936 569 2988 622 in
3018 580 3277 624 aeternum
3305 585 3437 625 can-

1862 659 2009 713 tabo.
2066 660 2123 714 ln
2172 658 2520 730 generatione
2571 668 2626 715 et
2656 660 3060 731 generationem
3111 662 3443 716 annuntiabo

1862 749 2147 803 veritatem
2173 757 2322 804 tuam
2353 748 2408 803 in
2437 763 2533 804 ore
2561 764 2702 805 meo.

1937 835 2143 893 Oratio.
2188 837 2543 905 Conﬁtemur,
2588 841 2834 907 Domine,
2867 841 3269 897 misericordias
3298 852 3441 907 tuas.

1863 945 1998 1000 quas
2021 928 2225 1000 jugiter
2251 930 2397 986 circa
2428 939 2643 986 nostras
2668 947 2893 988 exerces
2923 934 3131 1003 inopias
3160 949 3174 986 :
3220 948 3447 1003 precan-

1867 1030 1969 1087 tes,
2001 1028 2058 1075 ut
2083 1020 2175 1091 qui
2226 1021 2494 1077 exaltatus
2545 1022 2600 1076 in
2643 1023 2887 1079 ecclesiis
2936 1022 3052 1096 [F.,
3100 1024 3152 1079 in
3192 1021 3445 1097 excelsis]

1867 1110 2072 1168 resides
2109 1112 2178 1165 ad
2207 1111 2482 1166 dexteram
2508 1111 2689 1168 Patris
2736 1114 2791 1168 in
2839 1114 3056 1179 throno,
3089 1116 3245 1171 nobis
3287 1123 3449 1169 tanta:

1868 1202 2234 1259 miserationis
2282 1210 2337 1256 et
2386 1202 2684 1275 intelligere
2745 1213 2801 1259 et
2854 1204 3128 1260 custodire
3185 1205 3451 1260 concedas

1870 1282 2151 1348 arcanum.
2193 1292 2317 1348 Per.

2493 1384 2835 1442 PSALMUS.

1942 1493 2124 1567 (PSAL.
2151 1494 2267 1568 cx.)
2306 1494 2620 1551 Conﬁtebor
2647 1498 2765 1563 tibi,
2798 1498 3043 1562 Domine,
3071 1499 3124 1553 in
3148 1506 3262 1555 toto
3292 1500 3456 1555 corde

1872 1599 2031 1640 meo:
2060 1584 2114 1638 in
2144 1585 2375 1640 concilio
2399 1584 2672 1655 justorum
2701 1599 2757 1642 et
2791 1588 3225 1659 congregatione.
3266 1589 3457 1661 Magna

1871 1689 2039 1744 opera
2066 1674 2279 1729 Domini
2312 1692 2326 1728 :
2359 1676 2629 1746 exquisita
2680 1678 2735 1732 in
2764 1692 2952 1733 omnes
2978 1678 3284 1735 voluntates
3320 1679 3456 1749 ejus.

217 1776 313 1817 nec
358 1758 447 1815 fuit
480 1759 568 1828 qui
613 1756 907 1826 adjuvaret.
953 1754 1023 1810 Et
1058 1753 1437 1810 clamaverunt
1472 1730 1541 1806 ad
1584 1749 1771 1805 Domi-

1900 1764 2155 1821 )onfessio
2200 1772 2257 1820 et
2289 1730 2694 1837 magnificentia
2744 1783 2880 1840 opus
2907 1769 3023 1840 ejus
3056 1767 3302 1839 :justitia
3344 1730 3462 1843 ejus

214 1864 342 1904 num
366 1862 476 1902 cum
509 1845 929 1902 tribularentur:
959 1850 1015 1899 et
1040 1843 1106 1898 de
1133 1840 1553 1898 necessitatibus
1582 1853 1775 1896 eorum

1878 1866 2062 1913 manet
2108 1858 2163 1913 in
2192 1857 2451 1914 saeculum
2479 1860 2682 1915 smenli.
2714 1860 3029 1916 Memoriam
3070 1861 3201 1918 fecit
3243 1864 3461 1920 mirabi-

215 1938 451 1995 liberavit
487 1952 595 1993 eos.
627 1936 695 1991 Et
738 1936 924 1992 eduxit
972 1950 1067 1991 eos
1109 1934 1166 1990 in
1207 1932 1452 1990 tenebris
1490 1941 1548 1988 ει
1583 1929 1776 1987 umbra
1874 1948 2008 2003 lium
2034 1964 2277 2015 suorum,
2304 1950 2612 2006 misericors
2628 1960 2685 2006 et
2705 1952 2987 2008 miserator
3002 1953 3261 2011 Dominus
3281 1971 3463 2013 escam

216 2030 430 2086 mortis:
457 2037 508 2083 et
532 2025 741 2082 vincula
770 2042 960 2081 eorum
993 2025 1241 2096 disrupit.
1272 2023 1645 2082 Conﬁteantur
1673 2022 1780 2076 Do-
1878 2034 2028 2096 dedit
2057 2040 2373 2097 umentibus
2396 2057 2475 2096 se.
2521 2042 2728 2098 Memor
2768 2045 2875 2099 erit
2918 2046 2974 2100 in
2996 2046 3252 2105 mulum
3293 2057 3465 2105 ωειδ-

216 2123 361 2177 mino
394 2118 765 2176 misericordia:
792 2118 910 2189 ejus
935 2136 949 2171 :
978 2116 1084 2189 55
1108 2124 1165 2173 et
1196 2114 1466 2171 mirabilia
1507 2111 1626 2183 ejus
1656 2111 1781 2167 ﬁliis

1900 2134 2050 2188 nenti
2103 2133 2216 2200 sui,
2270 2134 2528 2190 virtutem
2579 2151 2806 2206 operum
2852 2154 3076 2196 suorum
3127 2144 3466 2200 annuntiabit

215 2212 494 2267 hominum.
530 2208 667 2276 Quia
715 2207 972 2263 contrivit
1013 2215 1200 2278 portas
1247 2219 1459 2261 aereas:
1496 2212 1551 2258 et
1598 2210 1780 2257 vectes

1900 2225 2078 2296 inpulo
2102 2241 2220 2281 suo.
2246 2226 2317 2282 Ut
2347 2229 2437 2282 det
2464 2227 2572 2283 illis
2594 2229 2971 2288 hereditatem
2996 2235 3236 2303 gentium
3264 2254 3278 2291 :
3302 2253 3466 2311 opera

217 2301 409 2357 ferreos
437 2297 719 2368 confregit.
750 2297 1000 2367 Suscepit
1032 2310 1126 2351 eos
1152 2296 1218 2351 de
1243 2296 1329 2349 via
1370 2296 1673 2363 iniquitatis
1696 2307 1783 2348 eo

1900 2333 2140 2372 nanuum
2186 2316 2323 2387 ejus,
2370 2320 2572 2375 veritas
2614 2329 2669 2375 et
2708 2319 2996 2391 judicium.
3040 2325 3247 2382 Fidelia
3285 2296 3468 2384 omnia

217 2411 330 2449 rum
356 2413 365 2447 :
395 2400 605 2462 propter
634 2388 936 2461 injustitias
978 2386 1123 2442 enim
1157 2399 1285 2440 suas
1322 2382 1590 2438 humiliati
1635 2387 1779 2436 sunt.

216 2487 427 2542 Omnem
460 2498 638 2539 escam
682 2481 991 2536 abominata
1023 2486 1106 2533 est
1132 2476 1313 2531 anima
1343 2489 1557 2539 eorum,
1594 2480 1651 2529 et
1684 2486 1782 2542 ap-

216 2575 697 2646 propinquaverunt
733 2585 905 2641 usque
947 2568 1014 2623 ad
1041 2575 1228 2637 portas
1262 2565 1471 2620 mortis.
1497 2564 1565 2617 Et
1593 2562 1786 2618 clamar

217 2674 397 2721 verunt
421 2664 485 2719 ad
512 2663 796 2718 Dominum
823 2676 946 2716 cum
976 2659 1369 2714 tribularentur
1392 2676 1404 2710 :
1431 2665 1485 2713 et
1511 2656 1577 2711 de
1604 2668 1788 2709 neces-

215 2756 451 2811 sitatibus
473 2769 657 2809 eorum
685 2749 937 2806 liberavit
963 2765 1075 2805 eos.
1113 2748 1257 2805 Misit
1287 2749 1510 2803 verbum
1547 2761 1705 2801 suum
1729 2753 1784 2799 et

213 2847 420 2903 sanavit
452 2860 582 2900 eos:
612 2851 667 2897 et
704 2841 900 2911 eripuit
925 2854 1020 2894 eos
1046 2839 1111 2894 de
1143 2837 1547 2892 interitionibus
1576 2850 1783 2891 eorum.

212 2933 577 2991 Conﬁteantur
598 2931 827 2986 Domino
850 2927 1232 2984 misericordiae
1257 2926 1412 2997 ejus:
1441 2936 1495 2981 et
1520 2924 1787 2979 mirabilia

210 3027 325 3097 «ius
346 3024 470 3080 ﬁliis
494 3022 796 3079 hominum.
820 3019 887 3073 Et
912 3016 1219 3075 sacriﬁcent
1245 3014 1571 3071 sacriﬁcium
1595 3014 1787 3080 laudis,

210 3083 261 3176 e't
283 3119 609 3175 annuntient
630 3130 795 3187 npera
818 3112 934 3183 ejus
959 3113 1015 3167 in
1037 3110 1417 3168 exsultatione.
1444 3109 1547 3177 Qui
1573 3109 1791 3165 descen-
1817 3083 1867 3147 θ

210 3214 338 3266 dunt
362 3225 512 3264 mare
536 3209 592 3263 in
615 3207 864 3272 navibus,
889 3206 1147 3262 facientes
1170 3193 1539 3274 operationem
1560 3201 1614 3256 in
1634 3201 1793 3271 aquis

210 3302 407 3357 multis.
441 3301 545 3373 ipsi
576 3300 826 3355 viderunt
851 3313 1017 3367 opera
1040 3295 1273 3361 Domini,
1299 3302 1354 3349 et
1378 3293 1651 3349 mirabilia
1676 3291 1796 3362 ejus

210 3394 258 3447 iu
305 3392 601 3463 profundo.
653 3389 831 3454 Dixit,
861 3396 917 3444 et
964 3388 1114 3444 stetit
1156 3387 1378 3459 spiritus
1412 3385 1699 3456 procellae:
1741 3391 1797 3439 et

207 3486 425 3553 exaltati
448 3493 577 3541 sunt
603 3484 801 3539 ﬂuctus
820 3483 957 3554 ejus.
980 3480 1295 3536 Ascendunt
1317 3496 1488 3550 usque
1515 3480 1581 3535 ad
1605 3479 1794 3545 caelos,

210 3588 262 3632 et
296 3578 642 3633 descendunt
683 3589 856 3645 usque
884 3572 951 3628 ad
995 3573 1257 3645 abyssos:
1288 3572 1467 3626 anima
1508 3586 1698 3626 eorum
1742 3568 1797 3624 in

208 3670 363 3723 malis
400 3667 743 3723 tabescebat.
789 3664 1014 3721 Turbati
1060 3672 1189 3719 sunt
1223 3670 1281 3718 et
1310 3663 1439 3718 moti
1486 3669 1614 3717 sunt
1660 3661 1801 3716 sicut

207 3760 390 3815 ebrius
419 3755 449 3812 ε’
466 3766 525 3814 et
548 3757 729 3813 omnis
768 3756 1033 3828 sapientia
1069 3769 1259 3810 eorum
1287 3753 1542 3808 devorata
1587 3759 1691 3807 est.
1736 3752 1802 3806 Et

207 3850 587 3907 clamaverunt
623 3850 691 3905 ad
715 3848 1005 3904 Dominum
1029 3861 1152 3902 eum
1185 3845 1612 3901 tribularentur:
1641 3852 1696 3898 et
1733 3843 1801 3898 de

208 3942 633 3998 necessitatibus
651 3956 839 3997 eorum
859 3939 1044 3995 eduxit
1065 3954 1178 3994 eos.
1204 3937 1270 3992 Et
1298 3937 1483 3992 statuit
1508 3934 1800 4006 procellam

204 4032 324 4100 ejus
353 4035 415 4089 in
462 4046 691 4087 auram:
720 4039 777 4087 et
817 4030 1084 4086 siluerunt
1127 4028 1323 4084 ﬂuctus
1356 4028 1493 4098 ejus.
1528 4026 1595 4080 Et
1634 4024 1800 4081 lmtati

204 4135 328 4179 sunt
357 4124 494 4195 quia
521 4124 825 4179 siluerunt:
851 4130 906 4176 et
930 4120 1151 4176 deduxit
1172 4135 1266 4174 eos
1294 4119 1348 4173 in
1374 4125 1589 4188 portum
1612 4117 1803 4172 volun-

204 4215 333 4271 tatis
351 4229 579 4270 eorum.
600 4211 971 4268 Conﬁteantur
993 4209 1218 4264 Domino
1239 4207 1625 4263 misericordia:
1647 4203 1763 4274 ejus
1784 4224 1798 4261 :

199 4314 255 4363 et
282 4305 573 4361 mirabilia
597 4302 715 4373 ejus
750 4302 875 4358 ﬁliis
902 4300 1202 4358 hominum.
1228 4300 1298 4355 Et
1323 4298 1564 4354 exaltent
1590 4313 1713 4353 eum
1745 4297 1801 4351 in

202 4397 457 4453 Ecdesia
503 4395 723 4467 plebis:
762 4402 819 4449 et
860 4395 918 4449 in
960 4391 1217 4447 cathedra
1264 4391 1540 4446 seniorum
1584 4389 1805 4445 laudent
1835 4431 1885 4491 Β

196 4503 346 4544 eam.
376 4488 580 4544 Posuit
605 4484 826 4540 ﬁumina
852 4485 906 4538 in
932 4482 1204 4538 desertum
1232 4500 1246 4533 :
1270 4489 1324 4537 et
1344 4482 1522 4538 exitus
1541 4494 1805 4551 aquarum

1886 2408 2137 2463 mandata
2181 2407 2318 2477 ejus,
2344 2409 2660 2466 conﬁrmata
2710 2414 2762 2467 in
2795 2414 3050 2470 saeculum
3095 2416 3297 2484 saeculi,
3327 2416 3468 2473 facta

1886 2498 1940 2554 in
1961 2500 2189 2555 veritate
2222 2508 2278 2554 et
2302 2502 2577 2570 aequitate.
2619 2503 3066 2575 Bedemptionem
3095 2508 3245 2562 misit
3272 2509 3471 2579 populo

1886 2607 2005 2655 suo,
2036 2592 2315 2647 mandavit
2345 2594 2399 2647 in
2423 2603 2686 2650 :eternum
2711 2603 3095 2653 testamentum
3120 2614 3296 2654 suum.
3336 2599 3473 2657 San-

1886 2693 2035 2740 ctum
2077 2693 2132 2740 et
2184 2684 2423 2741 terribile
2461 2690 2664 2742 nomen
2710 2686 2871 2757 ejus:
2912 2688 3124 2743 initium
3173 2689 3470 2761 sapientize.

1890 2777 2054 2833 timor
2080 2777 2315 2833 Domini.
2344 2777 2653 2835 intellectus
2673 2780 2847 2837 bonus
2873 2781 3125 2837 omnibus
3152 2781 3475 2841 facientibus

1889 2882 2013 2922 eum
2044 2884 2057 2920 :
2087 2868 2327 2924 laudatio
2349 2868 2469 2939 ejus
2493 2879 2678 2925 manet
2703 2872 2758 2927 in
2784 2872 3039 2928 saeculum
3070 2874 3269 2931 szeculi.

1965 2956 2034 3013 Ut
2052 2975 2235 3031 supra.
2283 2959 2596 3017 Conﬁtebor
2620 2962 2739 3027 tibi,
2772 2963 3022 3030 Domine,
3070 2964 3125 3019 in
3172 2974 3285 3022 toto
3314 2968 3476 3023 corde

1893 3063 2037 3113 meo,
2065 3051 2302 3105 narrabo
2330 3051 2513 3106 omnia
2544 3052 2810 3108 mirabilia
2838 3061 2947 3109 tua.

1969 3138 2175 3196 Oratio.
2245 3139 2568 3197 Sanctorum
2615 3145 2858 3199 omnium
2902 3147 3134 3218 gloriosa
3186 3147 3476 3215 confessio,

1894 3230 2059 3295 Deus,
2095 3231 2275 3287 tribue
2303 3232 2461 3289 nobis
2496 3233 2748 3290 timorem
2788 3238 3023 3294 nominis
3065 3240 3164 3306 tui,
3190 3241 3332 3310 quod
3360 3255 3479 3296 esse

1894 3323 2110 3378 initium
2162 3325 2441 3395 sapientia:
2478 3326 2799 3396 pmdixisti,
2841 3336 2899 3383 ut
2943 3336 3159 3387 tuorum
3206 3334 3479 3388 commissi

1896 3415 2143 3472 conciliis
2170 3415 2556 3472 misericordia:
2587 3425 2692 3473 tute
2724 3418 2953 3490 dapibus
2977 3423 3307 3494 sagincmur.
3351 3423 3478 3480 Per.

2448 3528 2571 3609 56‘
2592 3529 2935 3589 PSALMUS.

1971 3642 2152 3715 (PSAL.
2205 3644 2339 3717 cxi.)
2387 3643 2584 3698 Beatus
2623 3646 2708 3699 vir
2734 3645 2828 3716 qui
2872 3648 3022 3703 timet
3052 3647 3338 3704 Dominum
3372 3668 3385 3702 :
3425 3650 3482 3706 in

1900 3734 2169 3789 mandatis
2197 3732 2313 3802 ejus
2338 3733 2482 3788 volet
2523 3734 2704 3790 nimis.
2744 3735 2943 3791 Potens
2972 3737 3027 3792 in
3070 3746 3212 3792 terra
3250 3740 3354 3793 erit
3402 3755 3488 3796 se-

1900 3840 2025 3880 men
2054 3823 2171 3894 ejus
2197 3843 2209 3878 :
2240 3825 2519 3895 generatio
2536 3834 2809 3881 rectorum
2838 3828 3208 3883 benedicetur.
3224 3829 3406 3885 Gloria
3432 3840 3487 3886 et

1903 3917 2105 3972 divitia:
2141 3917 2195 3971 in
2233 3917 2392 3971 domo
2420 3916 2539 3986 ejus
2572 3934 2585 3969 :
2618 3925 2672 3972 et
2693 3915 2903 3986 justitia
2933 3919 3049 3990 ejus
3076 3929 3260 3974 manet
3296 3921 3350 3975 in
3386 3937 3491 3978 sm-

1903 4009 2081 4066 cnlum
2112 4009 2314 4067 saeculi.
2339 4008 2600 4063 Exortum
2625 4016 2711 4065 est
2737 4010 2789 4064 in
2819 4010 3057 4066 tenebris
3074 4011 3257 4067 lumen
3292 4014 3484 4069 rectis:

1904 4099 2215 4154 misericors
2259 4106 2316 4153 et
2361 4098 2648 4153 miseratur
2690 4107 2746 4154 et
2778 4099 2978 4171 justus.
3022 4098 3303 4159 Iucundus
3328 4104 3490 4160 homo

1903 4189 1998 4260 qui
2019 4189 2312 4243 miseretur
2340 4198 2396 4243 et
2419 4188 2747 4255 commodat,
2794 4191 3033 4261 disponit
3060 4208 3338 4250 sermones
3363 4208 3489 4250 suos

1906 4282 1960 4335 in
1983 4281 2191 4351 judicio
2235 4297 2249 4335 :
2301 4280 2427 4351 quia
2474 4281 2527 4336 in
2567 4291 2832 4338 aiternum
2885 4301 2991 4341 non
3040 4288 3489 4356 commovebitur.

1904 4375 1965 4431 1n
1994 4376 2254 4433 memoria
2282 4386 2486 4431 aeterna
2531 4378 2638 4433 erit
2659 4375 2881 4450 justus:
2928 4381 2998 4436 ab
3032 4382 3305 4439 auditione
3350 4380 3490 4437 mala

1910 4484 2016 4524 non
2049 4469 2279 4533 timebit.
2328 4469 2583 4526 Paratum
2621 4486 2716 4528 cor
2744 4471 2860 4541 ejus
2889 4488 3107 4543 sperare
3149 4476 3202 4529 in
3231 4475 3488 4531 Domino:

192 4580 253 4632 in
277 4580 468 4634 sitiam
496 4577 728 4633 Terram
764 4571 1100 4629 fructiferam
1128 4572 1181 4627 in
1212 4572 1563 4643 salsuginem,
1594 4587 1624 4625 a
1654 4570 1809 4625 mali-
1910 4548 2291 4618 confirmatum
2312 4572 2395 4618 est
2424 4577 2520 4619 cor
2547 4562 2685 4633 ejus,
2711 4580 2817 4619 non
2845 4568 3295 4633 commoveLitur,
3319 4568 3493 4624 donec

203 4669 273 4725 tia
307 4667 758 4725 inhabitantium
801 4667 857 4720 in
882 4680 969 4719 ea.
1000 4662 1187 4719 Posuit
1212 4663 1484 4718 desertum
1532 4663 1585 4716 in
1617 4670 1808 4732 Stagna
1911 4656 2173 4725 deSPiCial
2207 4657 2453 4712 inimicos
2488 4654 2623 4724 eius.
2661 4656 2944 4725 Dispersit,
2973 4656 3118 4712 dedit
3143 4661 3489 4731 pauperibus,

200 4773 483 4825 lanarum
511 4779 527 4813 :
559 4771 613 4816 et
658 4770 855 4815 terram
886 4759 1004 4813 sine
1033 4772 1173 4827 aqua
1215 4756 1268 4809 in
1316 4755 1494 4811 exitus
1523 4770 1783 4825 aquarum

1905 4742 2117 4813 justitia
2161 4745 2279 4815 ejus
2317 4755 2499 4800 manet
2546 4746 2600 4799 in
2643 4744 2898 4801 saeculum
2933 4746 3115 4802 8.er
3140 4762 3156 4804 :
3180 4764 3350 4805 cornu
3374 4751 3491 4821 ejus

204 4852 264 4906 υ
291 4850 607 4907 collocavit
641 4848 749 4904 illic
792 4826 1094 4901 esurientes
1120 4864 1132 4899 :
1164 4853 1221 4899 et
1245 4845 1641 4901 constituerunt
1673 4845 1812 4900 sivi-
1912 4837 2240 4892 cxallabitur
2271 4838 2324 4891 in
2351 4837 2543 4908 gloria.
2584 4837 2846 4892 Peccator
2892 4837 3097 4896 videbit
3122 4849 3175 4897 et
3201 4826 3490 4911 irascetur,

201 4949 371 4996 tatem
402 4938 794 4997 habitationis.
827 4937 894 4992 Et
931 4937 1334 4992 seminaverunt
1373 4951 1552 5005 agros,
1582 4943 1637 4990 et
1662 4935 1815 5005 plan-
1914 4928 2168 4985 dentibus
2207 4930 2321 4985 suis
2346 4928 2540 4985 fremet
2562 4939 2619 4985 et
2648 4930 2922 4987 tabescet:
2952 4931 3277 4990 desiderium
3306 4950 3491 5006 pecca-

196 5036 475 5085 Iaverunt
502 5029 696 5084 vineas
724 5045 737 5081 :
771 5036 826 5083 et
856 5025 1101 5082 fecerunt
1128 5022 1720 5079 fructum‘nativitatis.
1750 5024 1817 5081 Et
1916 5032 2095 5079 torum
2121 5022 2338 5094 peribit.

195 5117 499 5177 benedixit
534 5123 641 5187 eis,
664 5127 720 5175 et
749 5118 1085 5191 multiplicati
1110 5125 1235 5173 sunt
1261 5117 1423 5172 nimis
1448 5134 1459 5170 :
1489 5125 1544 5170 et
1571 5114 1816 5185 jumenta
1991 5114 2058 5170 Ut
2097 5130 2279 5187 supra.
2329 5114 2743 5171 Conﬁtebuntur
2777 5115 2900 5172 coeli
2942 5116 3208 5172 mirabilia
3248 5126 3356 5183 tua,
3383 5116 3494 5172 Do.

193 5223 398 5268 eorum
427 5231 550 5270 non
587 5213 901 5269 minoravit.
928 5212 997 5267 Et
1017 5211 1174 5282 pauci
1203 5209 1330 5265 facti
1360 5218 1487 5264 sunt
1512 5228 1524 5264 :
1555 5218 1611 5264 et
1638 5211 1819 5265 vexati
1919 5211 2065 5265 mine
2098 5224 2113 5264 :
2140 5207 2345 5264 etenim
2389 5208 2675 5273 veritatem
2724 5215 2872 5264 tuam
2922 5210 2977 5265 in
3008 5208 3249 5265 Ecclesia
3281 5219 3498 5265 sancto-

193 5313 324 5357 ’.ιιι
370 5322 411 5360 a
460 5304 823 5361 tribulatione
869 5302 1134 5358 malorum
1176 5309 1233 5356 et
1268 5300 1472 5356 dolore.
1517 5300 1698 5356 Effusa
1740 5310 1822 5358 est
1921 5316 2062 5355 rum.

192 5397 505 5452 contentio
529 5411 699 5466 super
732 5393 1043 5464 principes:
1074 5398 1129 5446 et
1160 5406 1347 5446 errare
1374 5390 1502 5446 fecit
1529 5406 1623 5446 eos
1653 5392 1707 5446 in
1739 5391 1823 5445 in-
1992 5390 2198 5448 Oratio.
2247 5389 2454 5447 Lumen
2516 5399 2836 5461 perpetuum
2899 5398 3166 5448 rectorum
3229 5393 3495 5460 cordium,

192 5474 303 5549 Viti,
336 5495 407 5542 et
440 5503 559 5543 non
599 5488 657 5541 in
688 5485 797 5539 via.
824 5484 893 5539 Et
932 5482 1138 5555 adjuvit
1163 5496 1456 5552 pauperem
1490 5481 1557 5536 de
1598 5482 1777 5552 inopia
1806 5501 1818 5537 :
1924 5484 2087 5550 Dens,
2125 5482 2361 5539 concede
2397 5482 2553 5537 nobis
2589 5491 2642 5539 te
2674 5481 2918 5554 diligere,
2967 5490 3057 5538 tua
3095 5483 3262 5556 gloria
3301 5484 3521 5557 jucun»

194 5582 249 5625 et
274 5579 489 5643 posuit
517 5578 666 5633 sicut
690 5590 823 5631 oves
851 5573 1103 5628 familias.
1131 5571 1399 5627 Videbunt
1422 5572 1574 5638 recti,
1599 5579 1653 5627 et
1678 5571 1824 5627 laeta-
1923 5575 2059 5639 dari,
2088 5582 2143 5631 et
2183 5573 2262 5629 sic
2291 5573 2568 5643 despicere
2604 5573 2708 5629 hoc
2746 5573 3002 5630 saaculum
3047 5572 3101 5629 in
3131 5575 3410 5644 pucsenti,
3437 5582 3503 5634 ut

190 5662 415 5725 buntur
446 5691 460 5726 :
496 5683 558 5728 et
601 5656 785 5726 omnis
812 5668 1066 5738 iniquitas
1103 5666 1359 5737 oppilavit
1394 5682 1455 5721 os
1481 5683 1657 5723 suum.
1691 5667 1824 5737 Quis
1925 5680 2212 5723 caveamus
2240 5666 2484 5722 auditum
2516 5680 2768 5737 asperum
2798 5666 2853 5723 in
2880 5665 3081 5723 futuro.
3110 5663 3230 5722 Per.
