3968 6180
492 338 598 396 515

1110 442 1450 501 PSALMUS.

567 560 750 635 (Psae.
776 560 933 631 cm.)
968 558 1230 622 Laudate,
1279 556 1452 627 pueri,
1480 555 1762 609 Dominum
1790 572 1803 620 ;
1857 553 2071 608 laudate

495 670 695 713 nomen
717 653 951 710 Domini.
1005 651 1089 707 Sit
1113 664 1308 706 nomen
1332 647 1545 703 Domini
1587 647 1969 702 benedictum:
2003 661 2069 699 ex

497 747 602 802 hoc
626 760 770 801 nunc
792 752 848 800 et
875 756 1046 813 usque
1072 742 1129 797 in
1158 739 1431 796 steeulum.
1482 739 1524 791 Α
1572 738 1701 792 solis
1739 747 1860 792 ortu
1903 750 2071 806 usque

396 878 405 885 ι
498 839 568 894 ad
590 852 843 894 occasum
875 855 886 889 :
917 832 1180 889 laudabile
1209 844 1403 886 nomen
1433 830 1665 885 Domini.
1697 829 1954 885 Excelsus
1982 844 2073 883 su-
2132 881 2141 888 .

497 945 597 1001 per
621 942 810 984 omnes
839 934 1027 998 gentes
1052 924 1353 978 Dominus:
1399 933 1454 977 et
1482 937 1645 992 super
1690 922 1856 977 cmlos
1904 921 2071 993 gloria

497 1019 636 1089 ejus.
688 1018 818 1084 Quis
864 1017 1003 1071 sicut
1028 1014 1285 1069 Dominus
1309 1015 1453 1069 Deus
1485 1022 1685 1077 noster,
1718 1013 1808 1082 qui
1857 1013 1911 1067 in
1953 1013 2074 1067 allis

498 1109 829 1164 babitat:et
870 1104 1094 1159 humilia
1144 1104 1365 1173 respicit
1412 1104 1465 1157 in
1511 1104 1649 1159 calo
1698 1110 1753 1157 et
1790 1103 1851 1157 in
1896 1101 2076 1157 terra?

500 1198 782 1252 Suscitans
821 1210 852 1250 a
900 1202 1046 1249 terra
1097 1196 1308 1264 inopem
1344 1213 1357 1247 :
1400 1194 1549 1249 etde
1577 1201 1817 1250 stercore
1864 1192 2076 1263 erigens

498 1302 814 1357 pauperem.
867 1286 938 1341 Ut
965 1285 1193 1341 collocet
1219 1300 1342 1341 eum
1372 1300 1494 1340 cum
1523 1283 1856 1355 principibus
1888 1301 1900 1337 :
1952 1298 2074 1338 cum

499 1380 832 1451 principibus
858 1378 1038 1449 populi
1065 1378 1166 1432 sui.
1201 1375 1301 1444 Qui
1327 1375 1573 1431 habitare
1596 1374 1725 1430 facit
1752 1374 1992 1430 sterilem
2022 1374 2077 1428 in

502 1470 699 1524 domo:
731 1477 959 1524 matrem
994 1468 1229 1523 ﬁliorum
1264 1467 1552 1522 laetantem.

577 1559 643 1614 Ut
669 1577 851 1631 supra.
903 1559 987 1615 Sit
1032 1574 1228 1617 nomen
1257 1559 1373 1629 ejus
1396 1558 1739 1614 benedictum
1783 1557 1836 1611 in
1863 1557 2076 1621 saecula,

502 1658 628 1706 ante
670 1650 838 1706 solem
867 1656 1184 1719 permaneat
1225 1664 1421 1704 nomen
1465 1648 1613 1718 ejus..
1647 1647 1715 1702 Et
1738 1647 2079 1702 benedictum

503 1755 698 1795 nomen
749 1737 1049 1808 majestatis
1092 1736 1210 1807 ejus
1254 1738 1308 1793 in
1358 1745 1640 1803 aeternum,
1684 1744 1741 1791 et
1785 1737 2081 1807 replebitur
2112 1778 2139 1808 _.

503 1833 785 1904 majestate
808 1831 924 1903 ejus
954 1832 1132 1888 omnis
1160 1840 1305 1888 terra
1337 1849 1349 1885 :
1379 1831 1520 1896 Fiat,
1549 1830 1661 1885 ﬁat.

577 1924 782 1981 Oratio.
813 1924 1122 1981 Laudantes
1142 1922 1484 1980 benedictum
1506 1936 1703 1977 nomen
1730 1928 1879 1975 tuum
1907 1919 2084 1975 omni-

504 2025 699 2089 potens
726 2016 890 2082 Deus,
927 2030 1182 2086 rogamus
1206 2022 1265 2069 ut
1294 2029 1394 2069 nos
1428 2013 1481 2068 in
1523 2013 1643 2068 sinu
1681 2012 1873 2067 matris
1897 2011 2086 2065 Eccle-

505 2106 602 2164 sia:
629 2106 919 2163 collocatos
952 2104 1241 2161 cbaritatis
1272 2113 1375 2160 tute
1410 2102 1581 2158 facias
1619 2101 1915 2158 stabilitate
1957 2114 2087 2156 con-

507 2199 672 2256 necti.
713 2198 837 2253 Per.

1124 2286 1466 2344 PSALMUS.

578 2382 757 2456 (PSAL.
807 2379 986 2452 cxui.)
1027 2380 1088 2436 In
1116 2380 1267 2436 exitu
1312 2378 1480 2434 Israel
1519 2378 1587 2434 de
1612 2377 1869 2451 Egypto,
1897 2379 2089 2434 domus

506 2471 673 2529 Iacob
696 2473 763 2528 de
784 2471 981 2544 populo
1006 2471 1257 2526 barbaro.
1309 2469 1475 2525 Facta
1520 2477 1599 2524 est
1624 2467 1805 2523 Iudaea
1853 2466 2091 2524 sanctiﬁ-

508 2564 650 2619 catio
676 2561 813 2630 ejus,
863 2561 1029 2616 Israel
1069 2569 1319 2631 potestas
1338 2557 1474 2628 ejus.
1504 2557 1651 2614 Mare
1678 2558 1812 2613 vidit
1839 2567 1895 2613 et
1919 2556 2086 2629 fugit:

511 2654 764 2711 Iordanis
790 2668 1084 2709 conversus
1104 2661 1188 2707 est
1212 2659 1531 2706 retrorsum.
1558 2649 1765 2706 Montes
1784 2649 2091 2705 exsultave-

512 2752 640 2800 ruut
667 2752 726 2798 ut
763 2744 1009 2798 arietes:
1053 2750 1110 2797 et
1136 2741 1299 2797 colles
1342 2742 1484 2799 sicut
1528 2741 1651 2812 agni
1701 2742 1902 2796 ovium.
1953 2740 2093 2809 Quid

506 2824 594 2892 est
620 2834 716 2890 tibi
746 2849 896 2904 mare
921 2833 1063 2903 quod
1102 2832 1321 2904 fugisti?
1358 2832 1424 2888 Et
1448 2840 1507 2889 tu
1535 2831 1785 2887 Iordanis
1814 2833 1938 2903 quia
1965 2848 2094 2889 eon-

512 2943 703 2984 versus
729 2941 790 2984 es
824 2926 1159 2983 retrorsum?
1189 2925 1401 2982 Montes
1422 2925 1739 2981 exsultastis
1767 2925 1908 2980 sicut
1949 2925 2095 2980 arie-

514 3028 638 3075 tes:
671 3026 726 3075 et
768 3018 934 3074 colles
985 3018 1127 3074 sicut
1176 3018 1302 3090 agni
1351 3017 1555 3073 ovium.
1606 3016 1650 3070 Δ
1698 3016 1837 3073 facie
1882 3016 2096 3073 Domini

1325 329 1389 384 Β.
1432 328 1494 383 F.
1523 323 1750 383 ALBINI
1788 322 1921 379 δεῖ]
1956 319 2233 377 ALCUINI
2264 315 2551 376 OPEBUM
2587 313 2767 371 PARS
2799 313 2886 369 IV.

2090 440 2148 499 ω
2250 433 2455 488 Oratio.
2519 428 2793 485 Ineﬁ‘abile
2846 438 3042 480 nomen
3092 420 3373 476 Trinitatis
3431 418 3591 480 Deus.
3647 421 3732 490 qui

3637 303 3729 360 5l6

2170 527 2368 582 ﬂuenta
2392 523 2644 580 Iordanis
2681 526 2905 591 aspectu
2943 517 3022 573 tui
3063 516 3282 570 luminis
3318 514 3582 577 terruisti.
3607 528 3736 584 prte-

2171 627 2288 681 sta,
2343 624 2402 669 ut
2450 628 2586 682 quos
2633 610 2847 665 ablutos
2890 622 3045 663 sacro
3088 606 3413 674 baptismate
3456 605 3735 668 renovasti,

2168 722 2446 777 nunquam
2486 704 2715 776 patiaris
2748 719 2780 757 a
2807 701 2994 759 vetitis
3014 699 3426 756 simulacrorum
3454 697 3611 753 idolis
3633 714 3740 753 ma.

2172 797 2363 855 cuiuri.
2395 797 2520 852 Per.

2789 882 3129 940 PSALMUS.

2245 1000 2424 1073 (Psan.
2454 997 2622 1070 cxiv.)
2663 995 2858 1060 Dilexi,
2899 995 3153 1066 quoniam
3196 994 3448 1050 exaudiet
3492 993 3737 1051 Dominus

2170 1106 2363 1146 vocem
2400 1088 2663 1145 orationis
2700 1101 2850 1142 mem.
2893 1085 3030 1153 Quia
3070 1085 3351 1139 inclinavit
3387 1100 3571 1140 aurem
3598 1101 3738 1141 suam

2174 1183 2305 1239 mihi
2336 1192 2428 1238 :et
2458 1182 2511 1236 in
2541 1180 2730 1235 diebus
2760 1180 2894 1234 meis
2942 1177 3223 1233 invocabo.
3274 1176 3745 1235 Circumdederunt

2173 1290 2264 1331 me
2301 1274 2514 1330 dolores
2556 1271 2748 1327 mortis
2781 1287 2795 1322 :
2828 1277 2883 1324 et
2918 1269 3155 1340 pericula
3198 1267 3393 1323 inferni
3434 1269 3745 1324 invenerunt

2172 1380 2284 1420 me.
2317 1363 2738 1420 Tribulationem
2786 1368 2843 1415 et
2888 1360 3126 1415 dolorem
3181 1359 3361 1414 inveni
3407 1375 3419 1410 :
3463 1368 3518 1414 et
3558 1375 3741 1415 nomen

2176 1454 2387 1510 Domini
2424 1451 2694 1508 invocavi.
2734 1450 2778 1505 Ο
2804 1449 3051 1515 Domine,
3080 1449 3246 1504 libera
3278 1449 3515 1503 animam
3545 1463 3740 1503 meam:

2178 1544 2491 1600 misericors
2517 1541 2779 1596 Dominus
2825 1547 2881 1594 et
2902 1539 3102 1610 justus,
3134 1547 3190 1594 et
3216 1538 3358 1593 Deus
3385 1546 3574 1593 noster
3600 1538 3747 1592 mise-

2179 1644 2347 1690 retur.
2409 1633 2734 1690 Custodiens
2772 1630 3032 1701 parvulos
3090 1630 3348 1685 Dominus
3395 1648 3406 1683 :
3449 1630 3749 1687 humiliatus

2182 1739 2323 1788 sum,
2363 1732 2418 1778 et
2459 1722 2711 1777 liberavit
2750 1737 2855 1775 me.
2906 1720 3257 1786 Convertere,
3291 1721 3471 1775 anima
3519 1734 3657 1785 mea,
3699 1720 3749 1775 in

2180 1814 2423 1883 requiem
2460 1818 2607 1867 tuam
2640 1828 2656 1864 :
2700 1826 2757 1881 qi
2777 1811 2825 1867 ia
2859 1811 3119 1867 Dominus
3151 1810 3419 1866 benefecit
3457 1812 3575 1867 tibi.
3623 1812 3748 1879 Quia

2180 1901 2379 1972 eripuit
2406 1902 2643 1956 animam
2673 1917 2847 1958 meam
2880 1902 2945 1957 de
2974 1911 3147 1957 morte
3176 1920 3189 1956 :
3221 1901 3405 1957 oculos
3436 1917 3585 1958 meos
3621 1917 3649 1956 a
3680 1902 3752 1957 la-

2180 1992 2419 2063 crymis,
2463 1992 2628 2063 pedes
2670 2008 2821 2049 meos
2870 2008 2903 2047 a
2937 1992 3112 2063 lapsu.
3165 1991 3397 2048 Placebo
3444 1992 3667 2049 Domino
3702 1996 3753 2049 in

2182 2085 2406 2156 regione
2433 2086 2697 2140 vivorum.

2260 2171 2326 2228 Ut
2355 2190 2536 2245 supra.
2576 2174 2634 2229 In
2675 2190 2762 2231 me
2799 2182 2946 2240 sunt,
2968 2175 3137 2242 Deus,
3166 2183 3291 2231 vota
3331 2184 3445 2241 tua,
3475 2191 3598 2246 quae
3641 2175 3755 2232 red-

2184 2264 2316 2319 dam
2364 2264 2704 2338 laudationes
2752 2265 2869 2321 tibi.
2922 2264 3187 2334 Quoniam
3243 2267 3488 2338 eripuisti
3534 2269 3757 2322 animam

2187 2371 2367 2411 meam
2387 2355 2454 2411 de
2477 2332 2669 2424 morte,
2695 2365 2752 2412 et
2770 2357 2934 2428 pedes
2950 2332 3114 2413 meos
3140 2357 3208 2413 de
3232 2332 3383 2428 lapsu
3407 2375 3419 2410 :
3448 2367 3507 2413 ut
3524 2358 3754 2429 placeam

2190 2462 2375 2503 coram
2404 2446 2517 2502 Deo
2544 2447 2597 2501 in
2628 2446 2833 2503 lumine
2854 2448 3172 2503 viventium.

2263 2538 2470 2595 Oratio.
2495 2537 2721 2594 Ablutor
2740 2540 3135 2610 peccaminum,
3152 2540 3397 2606 Domine,
3421 2541 3513 2614 qui
3538 2542 3763 2597 animam

2192 2639 2247 2686 te
2286 2628 2516 2685 fideliter
2553 2630 2903 2686 invocantem
2943 2630 3202 2686 velociter
3257 2632 3592 2700 consolaris;
3630 2648 3770 2703 roga-

2191 2739 2315 2779 mus
2355 2730 2417 2776 ut
2480 2737 2580 2777 nos
2626 2737 2661 2776 a
2699 2722 2953 2792 periculis
3006 2722 3203 2779 inferni
3247 2733 3431 2780 erutos
3472 2725 3527 2779 in
3565 2726 3773 2795 regione

2191 2814 2461 2880 vivorum,
2492 2812 2671 2868 ablata
2693 2813 2905 2884 peccati
2935 2822 3127 2878 morte,
3157 2816 3435 2871 restituas.
3479 2814 3608 2873 Per.

2822 2925 3163 2984 PSALMUS.

2267 3042 2452 3115 (Pun.
2481 3040 2628 3115 cxv.)
2667 3040 2902 3107 Credidi,
2936 3048 3161 3112 propter
3194 3042 3336 3112 quod
3374 3041 3600 3099 locutus
3632 3058 3772 3098 sum:

412 3626 417 3631 ι
515 3568 745 3625 eorum?
789 3566 933 3621 Deus
975 3574 1156 3620 autem
1200 3573 1389 3621 noster
1434 3565 1493 3620 in
1533 3564 1671 3620 etelo
1698 3582 1714 3618 :
1743 3564 1925 3619 omnia
1953 3579 2102 3634 qua:-

512 3121 658 3169 mota
686 3119 944 3206 est-terra
980 3128 993 3163 :
1043 3126 1074 3165 a
1120 3109 1261 3167 facie
1301 3110 1399 3166 Dei
1437 3108 1627 3166 Iacob.
1676 3108 1778 3177 Qui
1816 3109 2095 3206 convertit
2118 3140 2167 3203 ε
2198 3108 2299 3205 θεὰ
2334 3142 2517 3189 ,Μαι
2908 3108 3252 3189 δίιηίηίωίξ,
3294 3135 3407 3206 Ego
3439 3136 3555 3191 dixi
3598 3137 3653 3192 in
3688 3153 3777 3192 ει-

512 3212 725 3277 Petram
780 3202 1090 3293 inustam
1120 3217 1425 3293 eqvarum:
1474 3210 1530 3257 ει
1577 3216 1769 3293 rupe!!!
1812 3199 1869 3256 ίιι
1920 3200 2095 3293 '9an
2132 3199 2166 3203 “
2194 3199 2354 3280 cessu
2391 3238 2515 3279 meo
2550 3241 2563 3277 ε
2597 3222 2775 3279 omnis
2810 3223 2979 3280 homo
3014 3223 3269 3281 mendax.
3312 3199 3449 3293 dum
3490 3227 3778 3282 retribuam

511 3308 795 3398 at???”
820 3291 961 3398 _N°['
1005 3290 1466 3398 Ῠθδίδνηθθωίπτ
1509 3306 1617 3398 mf"
1646 3290 1841 3398 “‘fPisf
2001 3305 2098 3346 "0"
2195 3321 2427 3377 Domino
2463 3335 2563 3391 pro
2602 3321 2856 3378 omnibus
2889 3336 3012 3392 quae
3047 3322 3301 3378 retribuit
3554 3323 3779 3379 Calicem

512 3386 648 3442 mini
678 3393 770 3440 tuo
800 3386 870 3438 da
897 3382 1145 3454 gloriam.
1192 3381 1370 3452 Super
1392 3381 1768 3438 misericordia
1796 3388 1889 3436 tua
1923 3388 1978 3436 et
2005 3397 2099 3437 ve-
2198 3381 2481 3467 salumm‘
2510 3412 2777 3483 accipiam
2819 3430 2832 3466 ε
2882 3381 2940 3468 εὶ
2985 3428 3187 3469 nomen
3230 3412 3445 3469 Domini
3496 3414 3779 3471 mm

516 3480 678 3535 time
891 3476 1175 3576 "mundo
1220 3476 1409 3576 dic?“
1437 3482 1658 3576 FW"?
1701 3474 1795 3529 ubi
1836 3481 1923 3576 θῗί
1957 3474 2100 3529 De”
2201 3503 2336 3559 Vota
2375 3517 2497 3558 mea
2525 3474 2755 3560 Domino
2782 3504 3007 3561 reddam
3031 3520 3216 3561 coram
3240 3506 3390 3560 omni
3415 3505 3622 3576 populo
3644 3504 3782 3574 ejus.

2197 3592 2437 3664 pretiosa
2468 3593 2522 3647 in
2551 3602 2851 3663 conspectu
2878 3593 3097 3650 Domini
3122 3610 3270 3651 mors
3308 3603 3629 3657 sanctorum
3653 3594 3779 3665 ejus.

517 3675 730 3730 cunque
773 3657 963 3723 voluit,
996 3656 1146 3712 fecit.
1192 3655 1494 3713 Simulacra
1535 3658 1775 3729 gentium
1816 3667 2101 3728 argentum
2197 3655 2246 3742 ξ)
2276 3685 2524 3751 nomine,
2556 3655 2824 3758 πείθεο
2860 3701 3051 3743 sema
3086 3695 3212 3743 mus
3251 3706 3263 3742 ε
3435 3700 3636 3743 genus
3672 3655 3785 3742 ξωη

514 3763 573 3849 9‘
598 3767 788 3849 aurum
818 3769 832 3806 ³
857 3766 1021 3822 opera
1054 3765 1312 3849 “39"”?
1350 3750 1648 3849 lfomi'mm'
1680 3746 1755 3805 0⁵
1796 3750 2015 3849 ha_l’_e'_“’
2048 3757 2104 3804 θι
2202 3786 2259 3833 et
2282 3776 2424 3833 ﬁlius
2456 3746 2667 3833 ancilla:
2695 3746 2816 3833 tute.
2847 3776 3108 3849 Dirupisti
3137 3746 3366 3834 vincula
3394 3770 3557 3844 mea;
3577 3779 3670 3834 tibi
3703 3792 3785 3832 sa-

509 3845 626 3899 'non
673 3844 962 3933 loquentur
996 3860 1009 3897 ε
1049 3843 1237 3899 oculos
1272 3843 1510 3933 babent,
1556 3851 1611 3898 et
1662 3858 1768 3898 non
1822 3843 2099 3898 videbunt.
2202 3868 2459 3925 “meum
2483 3867 2715 3924 hostiam
2738 3867 2933 3933 laudis,
2955 3843 3013 3923 e1
3040 3882 3237 3924 nomen
3261 3868 3472 3924 Domini
3501 3868 3786 3924 invocabo.

518 3932 940 4026 Auresbabent,
964 3940 1020 3987 et
1047 3946 1155 4026 non
1182 3932 1404 4026 audient
1434 3950 1447 3985 :
1481 3948 1642 3988 nares
1668 3934 1887 3998 habent,
1916 3940 2102 4026 etnon
2206 3956 2345 4011 νοω
2384 3971 2505 4010 mea
2543 3956 2774 4011 Domino
2811 3932 3038 4010 reddam
3073 3956 3127 4010 in
3168 3965 3462 4026 conspectu
3493 3957 3679 4011 omnis
3706 3971 3793 4026 ρο,

517 4024 843 4080 odorabunt.
890 4024 1081 4079 Manus
1104 4025 1326 4090 habent,
1358 4033 1414 4079 et
1459 4041 1567 4081 non
1603 4025 1914 4097 palpabunt,
1942 4025 2107 4096 pedes

2205 4047 2316 4119 puli
2342 4047 2459 4118 ejus
2483 4063 2495 4098 :
2528 4047 2585 4101 in
2612 4046 2767 4101 atriis
2794 4046 2989 4102 domus
3016 4046 3231 4103 Domini
3261 4024 3320 4102 in
3347 4047 3529 4103 medio
3571 4049 3646 4104 tui
3677 4024 3794 4102 Ilie-

522 4114 742 4180 babent,
796 4122 852 4169 et
898 4129 1006 4170 non
1060 4114 1413 4170 ambulabunt
1462 4132 1475 4168 :
1524 4130 1629 4170 non
1683 4114 1993 4171 clamabunt
2050 4116 2105 4170 in
2205 4114 2462 4193 'rusalém

520 4213 739 4276 gutture
764 4219 882 4301 suo.
932 4203 1171 4301 Similes
1194 4203 1300 4259 illis
1345 4202 1509 4301 ﬁ-aut,
1552 4204 1642 4274 qui
1674 4203 1881 4260 faciunt
1914 4220 1976 4260 ea
2010 4221 2022 4257 :
2051 4212 2108 4260 et
2280 4228 2347 4283 Ut
2378 4246 2557 4301 supra.
2600 4227 2883 4285 utamini
2928 4229 2985 4285 in
3024 4228 3285 4296 Domino,
3326 4239 3383 4286 et
3426 4230 3797 4287 conamini

521 4310 713 4392 omnes
735 4295 826 4366 qui
855 4294 1132 4392 conﬁdunt
1158 4295 1211 4349 in
1237 4296 1336 4350 eis.
1364 4294 1567 4351 Domus
1591 4296 1757 4352 Israel
1782 4296 2025 4368 Speravit
2053 4296 2107 4350 in
2209 4294 2485 4381 memora
2513 4322 2963 4380 sanctiﬁcationis
2990 4320 3128 4392 eius.

524 4384 797 4489 20mm}
839 4382 1056 4453 adimo"
1341 4392 1398 4489 ei
1440 4392 1739 4489 Ρῗθίθθίωξ,
1763 4401 1951 4489 €°wm
2003 4392 2104 4439 es'"
2285 4415 2492 4471 Oratio.
2535 4415 2682 4470 Talis
2711 4415 2804 4482 sit,
2840 4382 3153 4485 quresumus
3181 4412 3430 4477 Domine,
3457 4413 3577 4469 vita
3604 4411 3802 4484 suppli-

525 4475 728 4534 Domus
755 4474 936 4530 Aaron
983 4475 1220 4544 speravit
1272 4474 1328 4576 in
1357 4474 1587 4530 Domino
1616 4494 1628 4530 :
1656 4476 1875 4547 adjutor
1915 4491 2104 4532 eorum
2137 4498 2185 4558 υ
2209 4521 2353 4569 cum,
2390 4506 2531 4560 sic“,
2556 4513 2642 4559 est
2668 4505 2723 4560 in
2761 4474 3057 4576 c'on'specm
3088 4512 3178 4559 mo
3218 4519 3367 4559 mors
3391 4474 3644 4573 p'reuosa
3671 4474 3803 4559 "'3"-

523 4580 581 4626 et
606 4577 882 4666 protector
904 4582 1094 4666 egrum
1121 4575 1223 4623 est.
1276 4566 1378 4666 Qui
1426 4567 1619 4623 timent
1647 4568 1954 4636 Dominum,
1988 4586 2109 4641 spe-
2210 4566 2453 4659 ειονέηω
2492 4603 2554 4649 ιη
2589 4611 2623 4649 a
2659 4566 3130 4666 vinwlis'pémﬂ
3168 4594 3324 4652 “beri
3366 4566 3683 4652 n'wreamm
3726 4593 3804 4649 ει,-

532 4660 913 4762 ηνθωθίμίηῆ
925 4658 1154 4762 θθξθίηθ
1189 4677 1202 4713 ³
1233 4656 1688 4762 πίωῗτῂθθω-Πξ
1735 4671 1805 4762 et,
1835 4671 2112 4762 ξποίθῇιίξν
2212 4693 2345 4740 turne
2366 4656 2707 4741 Ilierusalem
2728 4656 2941 4757 gaudiis
2969 4685 3262 4756 praelibari.
3291 4685 3397 4742 Per
3415 4686 3734 4742 Dominum.

525 4765 717 4806 eorum
741 4758 843 4805 est.
873 4749 1132 4805 Dominus
1160 4764 1368 4805 memor
1393 4748 1496 4806 fuit
1519 4752 1691 4807 nostri
1717 4768 1730 4803 ε
1760 4761 1815 4808 et
1839 4753 2114 4808 benedixit
2729 4748 2759 4757 ⁷
2969 4748 2987 4756 “

529 4839 685 4873 ..ηιιςι
760 4839 1038 4873 numina
1094 4841 1275 4873 Amm“:
1320 4840 1484 4873 ειη-..ιιι
1532 4859 1545 4872 .
1595 4843 1868 4873 ιιηηηιιινςο
1932 4843 2109 4873 Amm“:
2832 4814 3155 4873 PSALMUS

529 4839 707 4895 nobis.
759 4839 1039 4895 Benediin
1094 4841 1275 4896 domui
1320 4840 1488 4898 Israel
1532 4859 1546 4896 :
1595 4843 1872 4898 benedixit
1930 4843 2111 4899 domui

2287 4924 2465 5000 (Ps.u..
2507 4926 2678 5000 (τινι.)
2717 4927 2958 4983 Laudate
2994 4926 3302 4995 Dominum,
3342 4945 3535 4985 omnes
3584 4938 3804 5003 gentes:

527 4928 733 4987 Aaron.
783 4927 1070 4983 Benedixit
1112 4929 1364 4985 omnibus
1409 4931 1501 5001 qui
1548 4930 1739 4985 timent
1786 4931 2111 4987 Dominum:

531 5019 743 5091 pusillis
769 5033 893 5074 cum
921 5015 1234 5085 majoribus.
1275 5018 1381 5090 57
1408 5019 1641 5089 Adjiciat
1666 5020 1926 5077 Dominus
1954 5038 2115 5093 super
2214 5018 2432 5075 laudate
2461 5034 2586 5075 eum
2618 5035 2811 5076 omnes
2837 5019 3038 5092 populi.
3071 5018 3340 5087 Quoniam
3369 5023 3702 5078 conﬁrmata
3728 5029 3813 5079 est

2216 5126 2382 5182 super
2410 5126 2510 5166 nos
2538 5110 2912 5166 misericordia
2941 5107 3056 5179 ejus
3082 5129 3094 5165 :
3118 5119 3187 5166 et
3210 5111 3414 5167 veritas
3442 5111 3665 5169 Domini
3704 5129 3814 5169 ma-

533 5126 633 5167 vos
662 5129 674 5165 :
707 5124 871 5181 super
899 5124 999 5164 vos
1024 5117 1079 5164 et
1106 5124 1269 5180 super
1294 5109 1433 5164 ﬁlios
1458 5120 1689 5167 vestros.
1717 5112 1993 5169 Benedicti
2021 5128 2117 5169 vos

2218 5211 2311 5258 net
2340 5202 2394 5256 in
2423 5211 2706 5258 mternum.

531 5217 566 5255 a
590 5200 858 5257 Domino:
883 5199 976 5270 qui
1013 5196 1141 5255 fecit
1166 5200 1362 5256 omium
1405 5208 1461 5255 et
1487 5208 1709 5257 terram.
1753 5201 1963 5259 Caelum
1993 5204 2115 5259 caeli

535 5291 803 5349 Domino:
835 5303 1037 5348 terram
1068 5300 1248 5347 autem
1292 5292 1443 5347 dedit
1487 5291 1615 5349 ﬁliis
1641 5294 1940 5349 hominum.
1995 5293 2114 5349 Non
2293 5292 2359 5348 Ut
2390 5311 2569 5367 supra.
2597 5293 2787 5351 Omnis
2818 5302 2964 5351 terra
2993 5295 3184 5352 adoret
3212 5305 3284 5362 te,
3319 5296 3482 5365 Deus,
3518 5306 3579 5353 et
3615 5299 3821 5370 psallat

2219 5384 2315 5441 tibi
2351 5402 2363 5437 :
2390 5385 2657 5457 psalmum
2688 5385 2863 5442 dicam
2892 5387 3097 5443 nomini
3129 5396 3240 5444 tuo.

537 5384 736 5439 mortui
758 5383 1055 5440 laudabunt
1084 5391 1157 5448 te,
1183 5381 1447 5439 Domine:
1478 5398 1656 5454 neque
1679 5398 1870 5441 omnes
1895 5386 1989 5456 qui
2019 5385 2115 5441 de—

536 5474 808 5530 scendunt
843 5475 901 5529 in
931 5473 1225 5530 infernum.
1267 5472 1376 5530 Sed
1403 5487 1524 5540 nos,
1550 5474 1644 5544 qui
1670 5474 1923 5540 vivimus,
1951 5475 2118 5530 bene-
2296 5474 2503 5532 Oratio.
2574 5474 3112 5549 Omnipotentissime
3177 5479 3521 5547 dominator,
3591 5483 3693 5553 qui
3756 5481 3826 5539 ab

534 5564 770 5622 dicimus
790 5565 1020 5623 Domino
1045 5582 1059 5619 :
1087 5581 1152 5621 ex
1178 5565 1282 5621 hoc
1309 5581 1453 5622 nunc
1480 5573 1535 5620 et
1562 5580 1735 5637 usque
1765 5567 1817 5622 in
1845 5565 2119 5622 smculum.
2225 5568 2467 5624 omnium
2498 5569 2740 5641 gentium
2776 5583 2873 5625 ore
2906 5568 3168 5631 laudaris.
3204 5585 3490 5641 precamur
3527 5580 3597 5628 ut
3625 5572 3827 5629 dilates

613 5653 683 5712 Ut
704 5673 886 5728 supra.
916 5658 1255 5730 Adjutorium
1287 5667 1533 5718 nostrum
1564 5659 1617 5715 in
1649 5659 1866 5716 nomine
1888 5659 2123 5726 Domini,
2227 5658 2511 5713 veritatem
2536 5667 2685 5714 tuam
2719 5659 2777 5713 in
2807 5666 2990 5714 mente
3016 5668 3224 5727 nostra,
3253 5668 3308 5718 et
3332 5659 3633 5718 conﬁrmes
3660 5678 3829 5735 super

536 5744 633 5817 qui
661 5743 792 5803 fecit
815 5748 1009 5805 emittm
1035 5755 1092 5804 et
1120 5754 1341 5801 terram.
2232 5763 2332 5826 nos
2355 5749 2784 5807 misericordiam
2811 5759 2976 5807 tuam.
3000 5749 3124 5805 Per.
