3968 6180
225 295 311 352 5|?

750 410 862 484 δε
900 413 1239 474 essurus.

255 535 442 606 '(PSAL.
492 541 691 608 cxvu.)
729 540 1076 603 Confitemini
1116 550 1345 609 Domino
1383 560 1640 626 quoniam
1695 564 1785 619 bo-

205 643 301 682 ns
329 646 342 681 :
367 630 625 697 quoniam
667 634 721 687 in
762 638 1016 694 szeculum
1057 644 1426 704 misericordia
1458 652 1594 722 ejus.
1628 654 1784 710 Dicat

201 733 342 773 nunc
366 719 532 789 Israel
561 726 820 791 quoniam
849 727 1025 785 bonus
1060 750 1074 785 :
1118 737 1376 803 quoniam
1420 741 1474 796 in
1526 746 1780 802 saeculum

201 810 567 868 misericordia
607 817 743 886 ejus.
788 820 942 877 Dicat
980 840 1125 882 nunc
1167 829 1357 887 domus
1390 835 1570 890 Aaron
1606 857 1618 892 :
1652 855 1782 908 quo-

199 900 343 956 niam
384 901 439 956 in
481 907 736 962 satculum
777 912 1147 971 misericordia
1191 919 1326 988 ejus.
1374 923 1569 980 Dicant
1609 946 1774 995 nunc,

192 993 284 1062 qui
317 994 508 1049 timent
533 995 825 1053 Dominum
859 1019 873 1054 :
904 1006 1163 1072 quoniam
1195 996 1249 1064 in
1287 1014 1539 1069 saeculum
1573 1018 1780 1074 miseri-

191 1084 374 1140 cordia
401 1084 536 1154 ejus.
580 1087 658 1144 De
705 1091 1051 1151 tribulatione
1080 1098 1328 1156 invocavi
1362 1104 1646 1165 Dominum
1676 1131 1688 1166 :
1722 1123 1777 1167 et

187 1178 463 1233 exaudivit
496 1195 586 1234 me
615 1181 671 1235 in
709 1181 998 1242 latitudine
1028 1189 1310 1249 Dominus.
1353 1196 1615 1258 Dominus
1643 1206 1773 1261 mihi

186 1265 440 1334 adjutor:
469 1285 580 1325 non
612 1271 832 1339 timebo,
865 1276 996 1344 quid
1025 1277 1193 1336 faciat
1219 1285 1348 1340 mihi
1382 1287 1560 1346 homo.
1596 1291 1773 1350 Domi-

181 1372 288 1413 nus
319 1359 449 1415 mihi
479 1359 729 1429 adjutor:
756 1372 813 1418 et
839 1380 940 1438 ego
977 1368 1276 1440 despiciam
1317 1375 1567 1436 inimicos
1597 1398 1765 1439 meos.

180 1445 392 1504 Bonum
415 1459 498 1506 est
523 1453 801 1511 conlidere
824 1456 878 1510 in
904 1457 1154 1526 Domino,
1195 1479 1358 1532 quam
1399 1469 1674 1528 conﬁdere
1713 1475 1767 1528 in

180 1537 423 1593 homine.
467 1541 677 1597 Bonum
719 1554 802 1600 est
837 1562 1058 1618 sperare
1086 1552 1139 1605 in
1167 1552 1414 1623 Domino,
1446 1576 1608 1629 quam
1653 1579 1770 1633 spe-

176 1645 305 1685 rare
337 1631 392 1685 in
423 1634 777 1706 principibus.
819 1637 1019 1698 Omnes
1052 1655 1239 1714 gentes
1276 1650 1608 1710 circuierunt
1645 1673 1760 1712 me:

173 1731 228 1776 et
271 1723 330 1778 in
363 1727 582 1781 nomine
611 1727 856 1796 Domini,
892 1735 1015 1802 quia
1057 1736 1202 1793 ultus
1241 1755 1360 1795 sum
1406 1743 1460 1796 in
1493 1760 1606 1801 eos.
1653 1748 1765 1803 Cir-
1798 1781 1838 1840 Β

175 1817 495 1840 ιι--.....μΙΑ--ι-..
539 1819 732 1840 -:_--__.-
752 1822 802 1840 J-
826 1816 869 1840 '1-
990 1835 1001 1840 -
1319 1834 1331 1840 -
1542 1839 1549 1840 ,
1672 1839 1677 1840 ,

171 1817 498 1872 cumdantes
534 1816 1008 1880 circumdederunt
1044 1845 1130 1884 me
1168 1850 1180 1884 :
1224 1840 1280 1886 et
1316 1834 1371 1888 in
1409 1839 1626 1894 nomine
1659 1839 1762 1896 Do-

172 1905 332 1969 mini,
380 1908 506 1976 quia
547 1908 690 1965 ultus
729 1926 850 1967 sum
889 1915 942 1970 in
983 1933 1096 1973 eos.
1141 1921 1628 1985 Circumdederunt
1673 1949 1760 1988 me

172 1998 322 2052 sicut
349 2013 500 2068 apes,
528 2009 576 2055 et
606 2016 930 2062 exarserunt
959 2010 1101 2065 sicut
1125 2013 1264 2084 ignis
1305 2018 1358 2071 in
1388 2021 1557 2090 spinis
1584 2041 1596 2077 :
1623 2032 1678 2077 et
1704 2024 1758 2079 in

173 2090 397 2143 nomine
427 2090 661 2160 Domini,
705 2097 833 2165 quia
874 2099 1018 2156 ultus
1062 2118 1183 2158 sum
1225 2108 1280 2162 in
1329 2125 1442 2165 eos.
1493 2112 1758 2184 Impulsus

168 2195 396 2235 eversus
423 2197 566 2249 sum,
601 2193 660 2238 ut
684 2187 934 2244 caderem
964 2207 976 2243 :
1009 2200 1066 2246 et
1094 2193 1353 2256 Dominus
1381 2204 1623 2273 suscepit
1647 2221 1752 2261 me.

169 2270 449 2325 Fortitudo
491 2289 612 2328 mea
646 2286 702 2331 et
736 2277 852 2334 laus
892 2297 1010 2336 mea
1051 2283 1350 2344 Dominus:
1384 2301 1438 2346 et
1467 2270 1642 2360 factus
1671 2309 1758 2355 est

169 2361 304 2415 mihi
335 2362 392 2416 in
422 2363 674 2422 salutem.
717 2367 829 2425 Vox
858 2375 1239 2435 exsultationis
1266 2390 1322 2435 et
1352 2385 1542 2442 salut-is
1582 2389 1636 2444 in
1675 2400 1755 2446 ta-

167 2452 781 2526 bernaculis,justorum.
813 2461 1044 2519 Dextera
1071 2467 1284 2526 Domini
1309 2473 1438 2530 fecit
1465 2479 1748 2538 virtutem:

165 2545 391 2599 dextera
423 2545 634 2604 Domini
675 2553 931 2610 exultavit
969 2544 1055 2612 me
1085 2576 1100 2611 :
1131 2561 1350 2619 dextera
1382 2566 1594 2626 Domini
1623 2571 1754 2630 fecit

163 2637 438 2692 virtutem.
469 2639 588 2695 Non
617 2645 840 2712 moriar,
873 2649 969 2703 sed
993 2651 1172 2706 vivam
1201 2674 1212 2708 :
1240 2664 1295 2708 et
1323 2661 1557 2718 narrabo
1585 2680 1750 2736 opera

161 2726 400 2784 Domini.
430 2731 716 2806 Castigans
751 2743 1037 2814 castigavit
1064 2763 1150 2804 me
1174 2748 1434 2810 Dominus
1466 2775 1478 2810 :
1508 2765 1563 2811 et
1591 2726 1745 2816 morti

163 2834 276 2873 non
325 2823 548 2879 tradidit
576 2841 683 2882 me.
730 2829 949 2900 Aperite
989 2837 1117 2892 mihi
1163 2851 1349 2910 portas
1389 2844 1634 2918 justitiae,
1666 2853 1751 2907 in-

159 2929 383 2983 gressus
433 2918 488 2972 in
535 2936 630 2975 eas
675 2925 974 2983 confitebor
1017 2930 1248 2990 Domino
1283 2955 1296 2990 :
1328 2939 1444 2993 haec
1463 2951 1619 3013 porta
1649 2943 1749 3000 Do-

156 3005 310 3070 mini,
349 3005 485 3076 justi
526 3011 805 3069 intrabunt
844 3017 898 3071 in
935 3035 1075 3076 eam.
1117 3023 1431 3085 Conﬁtcbor
1463 3005 1581 3100 tibi,
1613 3050 1746 3105 quo-

156 3093 300 3147 niam
341 3099 614 3154 exaudisti
656 3118 743 3157 me
781 3125 793 3158 :
829 3115 885 3161 et
924 3108 1098 3168 factus
1137 3128 1197 3169 es
1235 3117 1364 3172 mihi
1396 3120 1450 3173 in
1490 3122 1738 3180 salutem.
1769 3125 1812 3184 C

1200 309 1594 396 LITURGICA.
1622 350 1692 363 -—-
1729 321 1997 383 OFFICIA
2034 329 2168 386 PER
2207 333 2473 393 FERIAS.

3363 372 3469 430 658

1812 439 1858 496 Α
1890 433 2148 495 Dominus
2182 461 2194 495 :
2227 453 2284 498 et
2311 444 2452 501 Deus
2481 459 2667 506 noster
2694 470 2804 524 pra:
2829 464 3078 521 omnibus
3107 471 3228 527 diis.
3277 475 3472 539 Omnia

1885 542 2219 602 quzecunque
2266 537 2435 594 voluit
2483 539 2778 614 Dominus,
2853 549 2980 608 fecit
3028 557 3084 612 in
3129 563 3268 621 caelo
3311 568 3367 624 et
3415 537 3471 629 in

1885 625 2030 671 terra
2059 639 2071 673 ε
2103 621 2157 675 in
2197 626 2335 680 mari
2365 637 2421 682 et
2447 629 2502 683 in
2538 635 2788 693 omnibus
2815 640 3045 712 abyssis.
3090 648 3342 712 Educens
3371 675 3470 716 nu-

1881 708 1978 765 bes
2021 713 2090 767 ab
2133 725 2380 774 extremo
2428 729 2585 779 terra:
2623 745 2634 779 :
2675 708 2900 800 fulgura.
2938 735 2990 789 in
3034 708 3268 808 pluviam
3319 749 3466 808 fecit.

1881 799 1982 866 Qui
2009 806 2260 873 producit
2290 819 2478 868 ventos
2505 815 2570 868 de
2601 799 2869 876 thesauris
2896 826 3052 881 suis:
3081 833 3174 900 qui
3198 844 3467 904 percussit

1877 893 2233 966 primogenita
2270 901 2489 974 IEgypti
2540 907 2610 960 ab
2656 909 2874 968 homine
2922 893 3115 989 usque-
3153 893 3221 982 ad

1878 987 1944 1042 Et
1975 990 2124 1045 misit
2151 992 2306 1063 signa
2335 1003 2390 1050 et
2413 998 2656 1070 prodigia
2694 1003 2748 1056 in
2778 1006 2958 1063 medio
2987 987 3082 1078 tui,
3107 987 3342 1090 {Egypte
3369 1041 3380 1076 :

1877 1077 2216 1137 Pharaonem
2241 1093 2297 1139 et
2329 1085 2384 1140 in
2420 1103 2610 1146 omnes
2648 1108 2837 1152 servos
2865 1100 3002 1169 ejus.
3055 1104 3157 1172 Qui
3181 1077 3463 1179 percussit

1875 1180 2064 1239 gentes
2102 1174 2321 1242 multas,
2353 1186 2407 1232 et
2433 1182 2632 1238 occidit
2664 1202 2818 1257 reges
2853 1188 3039 1250 fortes.
3094 1174 3237 1253 Seon
3278 1217 3459 1274 regem

1872 1257 2331 1331 Amorrhaeorum,
2367 1277 2422 1322 et
2454 1269 2532 1343 Og
2559 1289 2741 1344 regem
2764 1277 2963 1344 Basan,
2997 1292 3053 1338 et
3080 1289 3259 1342 omnia
3293 1306 3457 1361 regna

1873 1348 2153 1408 Chanaan.
2186 1355 2254 1410 Et
2278 1357 2428 1414 dedit
2455 1373 2656 1419 terram
2683 1383 2867 1424 eorum
2895 1372 3266 1434 hzereditatem
3304 1399 3316 1432 :
3352 1348 3456 1437 luc-

1870 1443 2154 1499 reditatem
2179 1446 2347 1504 Israel
2373 1454 2566 1522 populo
2593 1471 2710 1511 suo.
2734 1458 2979 1528 Domine,
2999 1482 3196 1523 nomen
3221 1480 3370 1527 tuum
3399 1475 3454 1529 in

1870 1541 2128 1588 aeternum
2165 1554 2177 1588 :
2205 1537 2454 1606 Domine,
2485 1548 2801 1604 memoriale
2827 1560 2977 1606 tuum
3014 1557 3068 1610 in
3105 1563 3453 1629 generatione

1869 1632 1924 1678 et
1954 1629 2380 1694 generationem.
2425 1633 2559 1700 Quia
2593 1635 2857 1703 judicabit
2895 1643 3154 1704 Dominus
3196 1653 3451 1723 populum

1870 1729 2072 1768 suum:
2109 1726 2161 1771 et
2211 1719 2266 1773 in
2318 1724 2492 1779 servis
2545 1727 2650 1782 tuis
2695 1729 3092 1801 deprecabitur.
3149 1738 3451 1800 Simulacra

1867 1807 2107 1875 gentium
2137 1819 2422 1880 argentum
2453 1822 2508 1870 et
2535 1831 2726 1874 aurum
2758 1840 2770 1874 :
2799 1839 2963 1894 opera
2990 1844 3248 1886 manuum
3276 1835 3450 1891 homi-

1866 1909 2014 1949 num.
2043 1897 2116 1952 Os
2151 1900 2371 1968 habent,
2401 1914 2456 1959 et
2490 1923 2597 1962 non
2647 1909 2973 1980 loquentur:
3001 1919 3186 1976 oculos
3223 1923 3444 1992 habent,

1865 1992 1921 2038 et
1965 2001 2074 2042 non
2120 1991 2395 2048 videbunt.
2448 1995 2623 2054 Aures
2664 2001 2888 2071 habent,
2938 2015 2994 2061 et
3040 2025 3146 2066 non
3193 2015 3443 2070 audient:

1863 2091 2040 2146 neque
2070 2081 2216 2135 enim
2247 2091 2328 2138 est
2355 2086 2579 2154 spiritus
2608 2091 2662 2144 in
2690 2108 2786 2148 ore
2811 2095 3069 2164 ipsorum.
3096 2099 3313 2160 Similes
3340 2105 3446 2162 illis

1861 2166 2022 2234 fiant,
2062 2173 2155 2240 qui
2189 2171 2397 2229 faciunt
2435 2194 2498 2233 ea
2536 2197 2548 2232 :
2588 2191 2643 2236 et
2676 2199 2896 2253 omnes,
2937 2191 3028 2258 qui
3073 2193 3348 2251 confidunt
3387 2197 3444 2255 in

1860 2257 1959 2312 eis.
1993 2259 2194 2316 Domus
2227 2263 2394 2320 Israel
2419 2268 2723 2328 benedicite
2744 2257 2974 2332 Domino
3006 2282 3233 2339 :domus
3259 2286 3443 2343 Aaron

1858 2347 2162 2406 benedicite
2201 2352 2309 2424 59
2337 2355 2584 2412 Domino.
2616 2360 2818 2418 Domus
2847 2365 2974 2421 Levi
3004 2370 3307 2429 benedicite
3334 2375 3440 2431 Do-

1857 2439 2004 2493 mino
2051 2457 2062 2490 :
2115 2442 2206 2510 qui
2257 2444 2457 2500 timetis
2502 2447 2808 2519 Dominum,
2838 2455 3142 2516 benedicite
3186 2462 3434 2519 Domino.
3527 2523 3535 2532 ,

1854 2526 2180 2585 Benedictus
2213 2533 2484 2592 Dominus
2502 2555 2568 2592 ex
2601 2540 2762 2608 Sion,
2795 2547 2886 2615 qui
2921 2548 3129 2606 habitat
3161 2553 3217 2608 in
3248 2553 3440 2610 Hieru-

1854 2620 2044 2676 salem.

1925 2709 1993 2765 Ut
2032 2730 2212 2785 supra.
2253 2715 2578 2776 Benedictus
2615 2723 2872 2782 Dominus
2912 2728 3055 2788 Deus
3087 2732 3252 2790 Israel
3285 2750 3316 2790 a
3346 2751 3440 2791 sa:-

1851 2802 2002 2870 culo,
2033 2813 2089 2860 et
2111 2821 2284 2876 usque
2308 2809 2363 2863 in
2392 2812 2665 2880 saeculum,
2701 2825 2756 2872 et
2786 2818 2930 2876 dicet
2955 2824 3132 2880 omnis
3166 2826 3392 2896 populus
3422 2848 3435 2884 :

1851 2891 1990 2960 Fiat,
2017 2895 2130 2950 fiat.

1921 2984 2127 3041 Oratio.
2163 2987 2414 3049 Suavitas
2444 2995 2644 3052 eximia
2685 2998 2854 3067 Deus,
2885 3018 3048 3072 quem
3087 3008 3263 3064 omnis
3292 3017 3435 3066 terra

1847 3089 1946 3144 pro
1983 3074 2284 3134 dulcedinis
2326 3083 2662 3156 benignitate
2700 3090 2998 3160 collaudat;
3045 3112 3298 3169 rogamus
3341 3111 3430 3167 ut,

269 3184 413 3240 idem
458 3203 621 3255 quem
663 3164 1093 3255 reprobavem’n;
1770 3164 1811 3184 υ
1844 3164 2023 3220 ablato
2060 3181 2092 3221 a
2140 3169 2297 3226 nobis
2337 3188 2490 3228 vana:
2524 3181 2931 3248 superstitionis
2965 3201 3182 3255 errore,
3213 3190 3318 3246 tuis
3348 3206 3437 3247 vo-

269 3184 284 3196 .
1214 3207 1225 3219 ,
1576 3213 1589 3225 ,
1785 3182 1808 3184 -
1844 3182 2023 3220 aurato
2060 3182 2092 3221 a
2140 3182 2297 3226 nonis
2337 3188 2490 3228 vanae
2524 3182 2835 3248 superstitio

155 3182 413 3253 Lapidem
458 3203 621 3258 quem
663 3197 1091 3264 reprobaverunt
1128 3206 1497 3266 aediﬁcantes:
1537 3213 1626 3268 hic
1664 3214 1744 3270 fa—
1842 3254 2133 3279 ,,,,.,.ει,,,
2164 3271 2406 3279 nu---
2597 3267 2636 3279 η
2819 3265 2835 3279 -

151 3373 203 3416 et
246 3375 333 3420 est
383 3370 634 3428 mirabile
681 3375 738 3429 in
782 3379 950 3436 oculis
1003 3386 1226 3442 nostris.
1293 3389 1420 3446 Ilaec
1468 3403 1554 3450 est
1600 3395 1736 3462 dies,

151 3470 310 3523 quam
341 3457 474 3514 fecit
503 3461 764 3521 Dominus
795 3487 807 3522 :
835 3472 1170 3531 exsultemus
1200 3487 1255 3532 et
1289 3478 1534 3538 laetemur
1571 3486 1626 3540 in
1651 3503 1734 3542 ea.

151 3543 192 3601 O
214 3545 467 3615 Domine,
492 3551 702 3609 salvum
728 3573 816 3614 me
847 3559 951 3627 fac,
984 3578 1018 3618 o
1047 3564 1292 3637 Domine,
1341 3572 1481 3629 bene
1521 3592 1741 3649 prospe-

153 3655 326 3696 rare:
372 3643 695 3704 benedictus
751 3653 844 3722 qui
906 3658 1054 3712 venit
1112 3661 1166 3714 in
1225 3665 1446 3722 nomine
1500 3667 1733 3726 Domini.

66 3777 68 3788 .
151 3729 538 3792 Benediximus
574 3741 725 3795 vobis
749 3744 815 3798 de
839 3745 1000 3803 domo
1030 3749 1243 3806 Domini
1267 3770 1280 3805 :
1306 3754 1448 3811 Deus
1476 3758 1736 3817 Dominus

146 3834 196 3878 et
231 3825 411 3883 illuxit
437 3833 615 3887 nobis.
658 3833 984 3895 Constituite
1010 3841 1151 3897 diem
1182 3845 1480 3903 solemnem
1524 3852 1578 3905 in
1608 3868 1736 3908 eon-

146 3917 326 3976 dcusis
369 3941 382 3974 :
423 3939 597 3995 usque
639 3927 707 3982 ad
747 3943 915 3984 cornu
945 3932 1150 3990 altaris.
1199 3936 1342 3994 Deus
1377 3955 1530 3996 meus
1567 3959 1625 3998 es
1656 3952 1732 4010 tu,

147 4018 196 4063 ct
222 4012 530 4071 conﬁtebor
560 4019 654 4073 tibi
683 4036 695 4070 :
723 4019 867 4078 Deus
899 4041 1053 4083 meus
1080 4044 1139 4084 es
1178 4039 1258 4098 tu,
1285 4041 1340 4088 et
1368 4035 1621 4091 exaltabo
1655 4047 1728 4093 te.

146 4099 459 4161 Gonﬁtebor
493 4108 586 4163 tibi
627 4114 884 4184 quoniam
925 4121 1193 4176 exaudisti
1226 4139 1310 4178 me
1339 4142 1351 4177 :
1381 4135 1438 4180 et
1469 4125 1645 4185 factus
1673 4148 1733 4188 es

147 4195 269 4250 mihi
312 4198 370 4252 in
399 4199 652 4256 salutem.
696 4204 1040 4264 Coeﬁtemini
1071 4212 1317 4282 Domino,
1349 4221 1605 4287 quoniam
1636 4224 1732 4278 bo-

146 4300 240 4342 nus
264 4307 277 4341 :
300 4291 569 4359 quoniam
606 4295 661 4348 in
693 4298 949 4353 smculum
976 4303 1346 4361 misericordia
1377 4308 1512 4377 ejus.

205 4375 276 4432 Ut
293 4398 482 4452 supra.
501 4383 748 4453 Domine,
777 4393 972 4447 exaudi
997 4397 1298 4454 orationem
1327 4417 1524 4471 meam,
1550 4414 1604 4460 et
1625 4407 1730 4462 cla-

142 4483 252 4524 mor
271 4487 430 4530 meus
461 4476 529 4529 ad
564 4485 614 4531 te
636 4480 843 4536 veniat.

204 4558 418 4617 Oratio.
465 4564 778 4624 Consolatio
811 4573 1215 4632 tribulationum
1247 4591 1576 4653 nostrarum,
1604 4589 1729 4659 piis-

138 4650 263 4706 sime
289 4653 548 4724 Domine,
596 4660 687 4728 qui
729 4658 1002 4728 justorum
1053 4669 1404 4730 tabernacula
1448 4650 1632 4733 lzetitia
1673 4692 1726 4738 et

135 4742 497 4801 insultatione
511 4747 817 4818 perfundis,
834 4754 1013 4810 exalta
1037 4758 1334 4818 Ecclesiam
1360 4775 1505 4823 tuam
1530 4772 1727 4829 virtute

136 4837 370 4902 potentis
409 4838 673 4905 dexterae,
712 4859 818 4914 qua
859 4845 953 4902 fiat
980 4860 1134 4918 porta
1164 4853 1420 4924 justitiae;
1462 4870 1518 4916 et
1557 4863 1626 4917 ita
1668 4881 1727 4920 se

135 4925 384 4994 Iugulari
419 4931 724 4988 stabilitate
761 4948 1075 5006 connectat,
1102 4953 1163 4999 ut
1191 4955 1282 4999 tua
1327 4954 1726 5010 resurrectione

132 5014 437 5074 rlarificata
464 5019 686 5094 fulgeat.
718 5024 840 5081 Per.

767 5161 1106 5225 PSALMUS.

190 5270 385 5340 (Psu.
416 5278 665 5349 cxxxxv.)
709 5279 954 5341 Laudate
983 5303 1181 5344 nomen
1211 5289 1424 5346 Domini
1462 5309 1475 5345 :
1509 5293 1725 5354 laudate

125 5363 263 5419 teni
313 5363 633 5423 Dominum.
690 5370 792 5439 Qui
841 5378 1000 5434 statis
1050 5381 1104 5436 in
1151 5383 1310 5438 domo
1357 5383 1567 5442 Domini
1611 5407 1623 5442 :
1669 5391 1722 5445 in

121 5457 277 5512 atriis
307 5459 510 5514 domus
540 5460 633 5517 Dei
665 5469 855 5523 nostri.
886 5469 1127 5528 Laudate
1153 5475 1458 5545 Dominum,
1487 5482 1612 5551 quia
1637 5482 1727 5538 bo-

123 5557 215 5599 nus
239 5546 525 5612 Dominus
552 5571 564 5605 :
595 5553 808 5623 psallite
838 5561 1044 5616 nomini
1075 5561 1211 5631 ejus,
1244 5568 1499 5661 quoniam
1534 5585 1718 5627 suave.

123 5629 392 5661 [μη-ξ-..
448 5639 604 5661 1,,,ι
652 5642 710 5661 μιν
764 5645 798 5661 .,
877 5648 943 5661 η.
980 5649 1018 5661 ,ς
1118 5654 1128 5661 .
1306 5655 1323 5661 -
1455 5659 1464 5661 -

121 5629 396 5697 Quoniam
439 5639 611 5698 Iacob
642 5642 805 5716 elegit
845 5648 947 5704 sibi
978 5629 1277 5722 Dominus,—
1304 5638 1491 5714 lsrael'
1519 5661 1572 5716 in
1602 5677 1725 5732 pos-

117 5731 432 5789 sessionem
468 5736 598 5792 sibi.
628 5736 764 5805 Quia
795 5755 896 5813 ego
924 5747 1173 5816 cognovi,
1203 5749 1345 5820 quod
1380 5768 1605 5827 magnus
1640 5767 1722 5814 est

1841 3254 2136 3312 luntatibus
2157 3271 2564 3320 connectamur.
2597 3267 2717 3323 Per.

2461 3374 2803 3436 PSALMUS.

1912 3477 2101 3550 (pSAL.
2141 3484 2374 3557 cxxxv.)
2405 3485 2747 3544 Confitemini
2789 3491 3018 3551 Domino
3047 3499 3301 3567 quoniam
3340 3501 3433 3558 bo-

1839 3587 1940 3626 nus
1973 3577 2265 3644 :quoniam
2293 3578 2348 3632 in
2380 3589 2643 3638 azternum
2677 3585 3048 3644 misericordia
3087 3590 3224 3661 ejus.
3251 3592 3433 3649 Confl-

1838 3668 2027 3724 temini
2055 3669 2168 3726 Deo
2196 3673 2420 3730 deorum
2445 3695 2457 3730 :
2483 3681 2739 3748 quoniam
2763 3683 2816 3736 in
2840 3691 3103 3740 aeternum
3124 3690 3434 3748 misericor-

1766 3816 1783 3826 κ
1835 3758 1923 3813 dia
1955 3759 2090 3828 ejus.
2124 3762 2466 3821 Confitemini
2498 3767 2728 3825 Domino
2756 3773 3095 3831 dominorum
3127 3796 3140 3831 :
3170 3782 3428 3850 quoniam

1837 3847 1892 3901 in
1935 3858 2198 3905 aeternum
2241 3854 2612 3911 misericordia
2664 3861 2799 3930 ejus.
2841 3865 2944 3929 Qui
2985 3864 3117 3920 facit
3157 3869 3428 3926 mirabilia

1835 3953 2029 4010 magna
2077 3941 2224 3996 solus
2274 3961 2286 3995 :
2334 3945 2586 4013 quoniam
2634 3948 2689 4001 in
2735 3957 2999 4006 aeternum
3049 3956 3423 4016 misericordia

1835 4027 1971 4097 ejus.
2005 4029 2106 4097 Qui
2134 4030 2262 4086 fecit
2288 4033 2455 4087 cmlos
2482 4034 2536 4087 in
2565 4036 2841 4098 intellectu
2868 4059 2881 4094 :
2908 4045 3162 4112 quoniam
3195 4047 3248 4101 in
3275 4057 3430 4106 teter-

1836 4134 1963 4171 num
2002 4121 2377 4176 misericordia
2425 4122 2560 4192 ejus.
2595 4126 2696 4194 Qui
2744 4128 2976 4185 firmavit
3017 4141 3216 4192 terram
3262 4155 3428 4217 super

1833 4222 2002 4275 aquas
2036 4227 2047 4261 :
2073 4212 2328 4279 quoniam
2357 4213 2411 4266 in
2443 4214 2705 4272 aeternum
2744 4221 3113 4279 misericordia
3143 4226 3280 4297 ejus.
3310 4213 3420 4299 Qui

1835 4299 1961 4355 fecit
1985 4300 2271 4358 luminaria
2293 4321 2486 4377 magna
2521 4328 2533 4362 :
2567 4313 2820 4380 quoniam
2842 4315 2896 4369 in
2921 4325 3184 4375 aeternum
3210 4324 3424 4381 miseri-

1829 4389 2009 4443 cordia
2048 4391 2183 4461 ejus.
2218 4391 2397 4450 Solem
2442 4396 2495 4451 in
2538 4407 2858 4469 potestatem
2900 4406 3004 4461 diei
3039 4427 3051 4462 :
3084 4413 3338 4479 quoniam
3366 4415 3423 4471 iu

1755 4477 1806 4536 1)
1833 4487 2095 4535 :eternum
2125 4484 2494 4544 misericordia
2531 4491 2667 4561 ejus.
2702 4493 2908 4552 Lunam
2938 4508 2991 4554 et
3017 4502 3203 4559 stellas
3235 4507 3287 4560 in
3325 4523 3424 4577 po-

1832 4580 2084 4628 testatem
2122 4579 2298 4634 noctis
2330 4599 2344 4634 :
2375 4585 2626 4652 quoniam
2659 4586 2712 4640 in
2753 4598 3014 4646 aeternum
3047 4596 3422 4655 misericordia

1829 4664 1966 4735 ejus.
1994 4665 2093 4734 Qui
2121 4673 2389 4740 percussit
2422 4674 2742 4746 Egyptum,
2775 4696 2896 4734 cum
2931 4683 3303 4756 primogenitis
3331 4706 3424 4746 eo-

1831 4771 1992 4811 rum:
2027 4762 2282 4828 quoniam
2324 4763 2380 4818 in
2423 4774 2684 4821 aeternum
2733 4771 3104 4830 misericordia
3149 4777 3284 4846 ejus.
3318 4783 3422 4850 Qui

1829 4847 2012 4902 eduxit
2035 4849 2200 4906 Israel
2228 4853 2282 4906 in
2313 4855 2492 4910 medio
2523 4871 2708 4912 eorum
2742 4878 2756 4913 :
2782 4864 3037 4930 quoniam
3070 4867 3126 4922 in
3155 4879 3420 4930 aeternum

1829 4937 2200 4994 misericordia
2239 4941 2373 5010 ejus.
2416 4946 2472 4998 lu
2514 4962 2678 5002 manu
2724 4954 2934 5018 potenti
2973 4965 3030 5012 et
3070 4957 3298 5018 brachio
3326 4981 3422 5020 ex-

1825 5029 2004 5092 celso,
2033 5033 2288 5098 quoniam
2331 5035 2385 5090 in
2422 5044 2687 5094 azternum
2728 5044 3099 5105 misericordia
3141 5051 3275 5122 ejus.
3316 5056 3420 5122 Qui

1826 5121 2010 5175 divisit
2034 5138 2186 5179 mare
2216 5126 2435 5182 rubrum
2456 5131 2510 5184 iu
2536 5131 2832 5192 divisiones
2862 5157 2874 5192 :
2904 5143 3156 5209 quoniam
3178 5145 3234 5199 in
3261 5155 3413 5203 aeter-

1826 5229 1955 5266 num
1985 5215 2356 5272 misericordia
2382 5219 2518 5288 ejus.
2550 5223 2620 5278 Et
2647 5226 2834 5283 eduxit
2858 5229 3022 5287 Israel
3053 5248 3150 5302 per
3177 5237 3417 5294 medium

1825 5301 1941 5372 ejus
1971 5323 1983 5358 :
2011 5307 2266 5375 quoniam
2291 5309 2345 5363 in
2373 5319 2636 5368 mternum
2667 5318 3039 5376 misericordia
3065 5321 3201 5392 ejus.
3233 5325 3300 5380 Et
3326 5345 3417 5382 ex.

1825 5394 1994 5448 cussit
2021 5395 2359 5454 Pharaonem
2389 5410 2446 5457 et
2480 5403 2738 5461 virtutem
2768 5408 2885 5476 ejus
2925 5411 2981 5466 in
3021 5415 3158 5469 mari
3181 5415 3367 5474 Rubro
3395 5437 3413 5475 :

1823 5487 2078 5552 quoniam
2103 5489 2158 5543 in
2186 5498 2453 5548 aeternum
2478 5495 2847 5556 misericordia
2875 5501 3011 5571 ejus.
3045 5505 3148 5574 Qui
3175 5511 3414 5568 traduxit

1821 5577 2073 5646 populum
2102 5595 2258 5637 suum
2282 5599 2382 5654 per
2409 5586 2686 5644 desertum
2724 5610 2736 5645 :
2774 5597 3029 5662 quoniam
3065 5600 3118 5655 in
3158 5604 3416 5661 secutum

1823 5669 2196 5728 misericordia
2217 5677 2352 5746 ejus.
2381 5679 2482 5746 Qui
2511 5685 2783 5751 percussit
2810 5703 2967 5759 reges
2994 5707 3216 5764 magnos
3245 5714 3258 5749 :
3287 5712 3414 5766 quo-

1823 5762 1966 5817 niam
1995 5763 2048 5819 in
2073 5774 2336 5825 aeternum
2362 5772 2732 5832 misericordia
2765 5779 2902 5852 ejus.
2935 5782 3000 5838 Et
3033 5762 3228 5842 occidit
3259 5802 3417 5859 reges
