3968 6180
474 342 578 401 519

1294 335 1356 389 n.
1398 333 1459 387 ρ.
1502 328 1727 387 mum
1768 328 1901 387 seu
1942 328 2217 389 ALCUlNl
2251 328 2537 387 orntum
2578 308 2755 382 rans
2797 326 2882 380 ιγ.

3648 320 3761 377 ξω

475 456 644 511 fortes
670 471 681 505 ε
710 449 967 521 quoniam
990 447 1044 502 in
1070 454 1334 500 aeternum
1356 442 1726 497 misericordia
1753 439 1889 509 ejus.
1915 439 2061 495 Seon
2092 447 2137 504 Α
2166 450 2222 496 et
2268 442 2492 495 herbam
2539 439 2788 493 servituti
2843 436 3141 490 hominum.
3199 437 3299 503 Qui
3354 436 3447 490 dat
3489 433 3765 505 jumenug

478 560 662 619 regem
687 541 1106 598 Amorrhcorum
1143 558 1154 591 :
1184 537 1440 607 quoniam
1478 536 1533 589 in
1562 544 1825 590 aeternum
1859 535 2069 588 miseri-

476 640 664 697 cordia
700 636 835 706 ejus.
867 636 934 691 Et
960 634 1040 704 0g
1072 647 1256 704 regem
1284 632 1457 685 Busan
1496 649 1507 683 :
1538 631 1795 700 quoniam
1828 630 1882 683 in
1917 638 2071 684 teter-

478 747 612 791 num
649 727 1015 784 misericordia
1044 724 1180 794 ejus.
1220 723 1285 777 Et
1323 722 1470 777 dedit
1508 730 1709 775 terram
1739 735 1923 775 eorum
1963 720 2073 774 haz-

479 820 768 878 reditatem
800 836 813 871 :
843 817 1101 891 quoniam
1130 814 1186 868 in
1217 822 1481 867 asternum
1519 810 1896 865 misericordia
1933 808 2068 878 ejus.

483 912 863 969 Harreditatem
893 906 1058 963 lsrael
1092 919 1251 960 servo
1276 918 1405 968 suo;
1437 902 1692 973 quoniam
1720 902 1776 955 in
1812 908 2074 956 aeternum

486 1003 859 1061 misericordia
899 999 1035 1068 ejus.
1079 998 1181 1065 Qui
1222 999 1277 1051 in
1306 995 1610 1051 humilitate
1648 1002 1834 1049 nostra
1867 1007 2076 1048 memor

486 1096 591 1153 fuit
618 1095 790 1151 nostri
819 1112 832 1147 :
860 1091 1116 1162 quoniam
1154 1090 1209 1144 in
1238 1097 1503 1143 aeternum
1533 1085 1906 1142 misericordia
1933 1084 2072 1156 ejus.

486 1190 556 1246 Et
602 1188 834 1244 redemit
877 1200 977 1240 nos
1022 1184 1093 1239 ab
1139 1182 1376 1238 inimicis
1417 1180 1623 1236 nostris
1668 1197 1682 1233 :
1725 1178 1981 1249 quoniam
2022 1177 2078 1231 in

488 1289 749 1336 aeternum
794 1275 1162 1332 misericordia
1202 1273 1337 1344 ejus.
1388 1270 1491 1341 Qui
1544 1272 1637 1327 dat
1690 1283 1874 1325 escam
1931 1267 2081 1322 omni

489 1371 644 1425 carni
678 1388 690 1422 :
719 1368 978 1442 quoniam
1011 1367 1067 1420 in
1096 1372 1362 1420 arternum
1386 1359 1757 1418 misericordia
1779 1358 1917 1427 ejus.
1940 1357 2083 1414 Con-

490 1462 717 1517 fitcmini
742 1459 851 1514 Deo
876 1458 999 1513 εωιί
1027 1476 1039 1511 :
1065 1457 1322 1526 quoniam
1347 1455 1404 1508 in
1427 1461 1689 1509 aeternum
1711 1448 2084 1506 misericordia

492 1552 631 1621 ejus.
663 1551 1010 1608 Contitemini
1051 1548 1280 1603 Domino
1321 1546 1663 1604 dominorum
1699 1563 1711 1599 :
1744 1543 1999 1614 quoniam
2028 1540 2084 1596 in

492 1652 756 1700 internum
779 1640 1148 1695 misericordia
1174 1637 1312 1707 ejus.

568 1730 639 1785 Ut
662 1747 844 1801 supra.
874 1729 1102 1784 Domine
1130 1728 1396 1799 refugiqu
1426 1727 1600 1785 factus
1639 1743 1699 1783 es
1726 1728 1903 1792 nobis,
1936 1742 1965 1781 a
1994 1741 2087 1799 ge-

499 1825 782 1880 neratione
800 1831 856 1877 et
875 1821 1247 1892 generatione.

571 1914 777 1969 Oratio.
801 1912 1008 1968 Memor
1034 1910 1356 1965 humilitatis
1384 1916 1616 1975 nostrae,
1648 1908 1907 1964 miserere
1934 1907 2089 1963 nobis

498 2005 842 2076 omnipotens
870 2004 1047 2069 Deus,
1084 2011 1141 2058 et
1177 2003 1268 2073 qui
1309 2002 1580 2073 quondam
1617 2000 1859 2071 patribus
1886 1999 2090 2056 nostris

501 2108 705 2154 terram
734 2095 1168 2150 adversariorum
1209 2094 1265 2148 in
1297 2093 1617 2148 hzereditate
1652 2090 1902 2156 donasti,
1930 2104 2030 2145 nos
2060 2105 2090 2143 a

500 2188 711 2260 peccati
742 2186 951 2242 macula
972 2185 1229 2241 liberatos
1250 2185 1304 2239 in
1333 2191 1425 2239 tua
1454 2184 1769 2239 haereditate
1797 2181 2087 2239 constitue.

503 2277 627 2333 Per.

1126 2385 1466 2443 PSALHUS.

579 2526 768 2598 (PSAL.
792 2522 985 2594 θην.)
1016 2522 1218 2587 Lauda,
1248 2522 1431 2576 anima
1466 2534 1609 2586 mea,
1637 2519 1924 2574 Dominum
1943 2559 1958 2584 ,
1984 2518 2096 2572 lau-

506 2618 645 2675 dabo
695 2616 984 2670 Dominum
1032 2615 1086 2668 in
1135 2614 1243 2667 vita
1285 2627 1407 2667 mea
1454 2630 1467 2665 :
1518 2611 1743 2682 psallam
1789 2610 1903 2667 Deo
1938 2624 2092 2691 meo,

501 2705 743 2776 quandiu
780 2702 954 2757 fuero.
997 2699 1175 2755 Nolite
1211 2698 1485 2754 conﬁdere
1531 2698 1588 2752 in
1633 2698 1966 2768 principibus
1996 2715 2009 2751 :
2037 2697 2093 2752 in

2169 550 2351 589 escam
2396 534 2635 603 ipsorum
2681 549 2693 583 :
2739 537 2797 583 et
2847 528 3007 598 pullis
3047 543 3333 583 corvorum
3379 529 3761 586 invocantibus

2169 642 2311 681 eum.
2346 624 2463 679 Non
2499 624 2552 677 in
2592 620 2912 677 fortitudine
2950 621 3072 689 equi
3116 620 3446 674 voluntatem
3483 619 3760 676 habebit:

2170 731 2273 771 nec
2304 717 2358 770 in
2388 715 2533 769 tibiis
2566 712 2665 767 viri
2696 711 3095 780 beneplacitum
3127 711 3231 766 erit
3251 710 3322 767 ei.
3351 710 3766 782 Beneplacitu'n

2172 815 2258 863 est
2282 807 2512 862 Domino
2543 820 2705 875 super
2738 803 2993 858 timentes
3026 819 3151 859 eum
3184 823 3195 856 :
3226 811 3283 859 et
3316 803 3372 857 in
3402 804 3483 859 eis
3513 804 3607 874 qui
3640 818 3769 875 spe-

2174 907 2299 955 rant
2331 913 2494 968 super
2527 896 2897 951 misericordia
2930 896 3067 967 ejus.
3747 915 3750 918 η

2248 986 2315 1042 Ut
2349 1004 2528 1059 supra.
2573 986 2693 1041 Fiat
2738 985 3112 1041 misericordia
3146 993 3267 1052 tua,
3302 985 3562 1053 Domine,
3600 1002 3773 1059 super

2177 1096 2297 1145 nos,
2330 1079 2778 1151 quemadmodum
2807 1078 3145 1147 speravimus
3171 1078 3226 1133 in
3255 1086 3327 1134 te.
3520 1091 3529 1098 '

2250 1168 2455 1225 Oratio.
2482 1168 2805 1224 Aidificator
2824 1168 3067 1224 ctelestis
3105 1169 3443 1226 Hierusalem
3469 1172 3635 1238 Deus,
3672 1174 3771 1246 qui

2178 1260 2578 1317 multitudinem
2607 1259 2883 1316 stellarum
2911 1268 2963 1314 et
2996 1260 3277 1316 concludis
3305 1278 3563 1329 numero,
3595 1272 3654 1320 et
3677 1280 3775 1323 no-

2180 1353 2428 1411 minatim
2454 1352 2693 1424 singulas
2714 1367 2877 1408 vocas
2906 1371 2918 1405 :
2949 1368 3112 1419 sana,
3139 1367 3475 1422 qumsumus,
3502 1356 3774 1431 contritus

2181 1446 2364 1513 corde,
2407 1444 2683 1515 dispersos
2707 1460 2996 1516 congrega,
3047 1454 3209 1515 atque
3235 1460 3336 1502 nos
3363 1448 3415 1503 in
3454 1449 3774 1505 innumera-

2182 1537 2276 1593 bili
2311 1535 2578 1608 sapientia
2600 1542 2692 1590 tua
2720 1535 3069 1606 locupletare.
3093 1535 3216 1591 Per.

2804 1662 3144 1721 PSALMUS.

2117 1804 2201 1869 Bg
2261 1777 2449 1869 (Psitu
2507 1784 2745 1851 chvu.)
2799 1776 2984 1834 Lauda
3035 1777 3372 1861 Hierusalem
3414 1778 3707 1836 Dominum
3761 1800 3775 1834 ε

2190 1868 2348 1924 lauda
2374 1868 2545 1925 Deum
2573 1876 2746 1935 tuum,
2785 1868 2938 1924 Sion.
2976 1868 3242 1936 Quoniam
3266 1869 3591 1925 confortavit
3625 1885 3780 1928 seras

2190 1968 2468 2030 portarum
2511 1966 2725 2014 tuarum
2778 1978 2790 2013 :
2839 1959 3119 2015 benedixit
3164 1958 3291 2014 filiis
3327 1961 3434 2014 tuis
3471 1961 3525 2015 in
3563 1969 3634 2017 te.
3674 1960 3780 2029 Qui

2190 2049 2372 2119 posuit
2393 2048 2531 2105 fines
2554 2057 2674 2104 tuos
2696 2063 2884 2120 pacem
2915 2068 2928 2103 :
2964 2057 3019 2104 et
3044 2050 3201 2121 adipe
3225 2049 3480 2106 frumenti
3498 2052 3672 2107 satiat
3702 2061 3778 2107 te.

2192 2143 2295 2212 Qui
2328 2145 2532 2199 emittit
2563 2144 2836 2216 eloquium
2876 2138 3033 2202 suum
3078 2153 3237 2201 terra:
3275 2163 3287 2200 :
3324 2147 3586 2203 velociter
3609 2148 3781 2204 currit

2192 2249 2374 2291 sermo
2414 2233 2548 2304 ejus.
2588 2236 2691 2304 Qui
2728 2235 2820 2292 dat
2857 2237 3040 2293 nivem
3075 2237 3218 2293 sicut
3253 2238 3432 2294 lanam
3472 2257 3485 2292 :
3527 2239 3781 2295 nebulam

2193 2325 2336 2381 sicut
2371 2327 2612 2383 cinerem
2646 2328 2871 2399 spargit.
2905 2327 3070 2384 Mittit
3099 2329 3411 2401 crystallum
3445 2345 3605 2386 suum
3641 2333 3782 2386 sicut

2193 2417 2463 2472 buccellas
2498 2436 2509 2471 :
2536 2425 2664 2473 ante
2693 2418 2888 2473 faciem
2915 2418 3132 2492 frigoris
3158 2419 3275 2488 ejus
3302 2421 3425 2490 quis
3456 2409 3810 2477 sustinebit?

2195 2508 2420 2565 Emittet
2455 2511 2676 2565 verbum
2713 2525 2889 2574 suum,
2921 2518 2977 2565 et
3011 2509 3322 2581 liquefaciet
3352 2526 3414 2567 ea
3450 2529 3463 2566 :
3497 2509 3650 2566 flabit
3671 2512 3785 2582 spi-

2195 2601 2333 2656 ritus
2372 2601 2519 2672 ejus,
2564 2611 2620 2657 et
2663 2600 2830 2656 fluent
2869 2617 3038 2672 aqum.
3092 2601 3193 2669 Qui
3231 2603 3516 2658 annuntiat
3555 2604 3784 2660 verbum

2196 2703 2353 2744 suum
2379 2689 2545 2745 Jacob
2574 2709 2586 2743 :
2606 2688 2847 2770 justitias
2874 2698 2929 2744 et
2947 2690 3148 2760 judicia
3177 2706 3273 2745 sua
3294 2689 3479 2747 Israel.
3510 2691 3630 2747 Non
3657 2690 3787 2747 fecit

503 2799 632 2855 filiis
656 2797 968 2861 hominum,
1001 2795 1056 2849 in
1081 2793 1277 2864 quibus
1310 2807 1418 2849 non
1454 2799 1541 2846 est
1578 2790 1744 2847 salus.
1772 2789 1956 2845 Exibit
1985 2786 2099 2859 spi-
2198 2779 2379 2836 taliter
2413 2779 2561 2834 omni
2593 2779 2797 2834 nationi
2829 2796 2842 2833 :
2879 2787 2933 2835 et
2956 2777 3158 2849 judicia
3195 2795 3291 2835 sua
3331 2797 3438 2836 non
3472 2780 3789 2839 manifesta.

503 2891 643 2946 ritus
671 2888 818 2957 ejus,
853 2895 909 2942 et
936 2892 1238 2941 revertetur
1266 2883 1321 2939 in
1353 2892 1551 2939 terram
1581 2897 1765 2948 suam,
1796 2882 1851 2937 in
1889 2880 1979 2936 illa
2006 2878 2097 2935 die

506 2979 761 3051 peribunt
799 2991 993 3033 omnes
1037 2974 1397 3047 cogitationes
1441 2988 1649 3029 eorum.
1700 2971 1900 3027 Beatus
1941 2965 2096 3038 cujus

506 3068 651 3125 Deus
683 3066 852 3123 Jacob
891 3064 1106 3134 adjutor
1144 3064 1294 3136 ejus,
1335 3078 1462 3135 spes
1499 3061 1617 3131 ejus
1645 3061 1701 3116 in
1730 3060 1959 3117 Domino
1985 3057 2098 3114 Deo

2196 2871 2278 2927 vit
2299 2871 2402 2927 eis.

2214 3016 2217 3019 .
2277 2959 2347 3020 Ut
2370 2979 2550 3033 supra.
2589 2960 2897 3018 Confitebor
2928 2961 3155 3017 Domino
3190 2962 3483 3018 secundum
3512 2962 3787 3033 justitiam

2199 3051 2337 3123 ejus,
2370 3061 2426 3109 et
2450 3050 2672 3123 psallam
2704 3052 2912 3106 nomini
2947 3051 3160 3107 Domini
3193 3052 3474 3108 Altissimi.

508 3158 681 3230 ipsius
712 3176 724 3211 :
756 3155 849 3228 qui
877 3155 1009 3212 fecit
1051 3153 1252 3211 emtum
1283 3161 1338 3209 et
1377 3160 1609 3218 terram,
1639 3165 1795 3206 mare
1818 3155 1875 3204 et
1913 3147 2095 3203 omnia

2271 3166 2473 3222 Oratio.
2510 3165 2786 3229 Conforta,
2821 3165 3066 3230 Domine,
3090 3173 3277 3235 portas
3300 3164 3556 3220 Ecclesia:
3579 3169 3705 3229 tum.
3733 3173 3792 3220 et

508 3264 629 3318 qua:
660 3248 717 3302 in
745 3248 827 3303 eis
855 3252 1002 3301 sunt.
1034 3245 1135 3313 Qui
1167 3245 1407 3300 custodit
1435 3243 1719 3299 veritatem
1741 3240 1797 3295 in
1818 3238 2093 3304 saeculum,

509 3339 643 3394 facit
665 3338 927 3408 judicium
953 3334 1208 3404 injuriam
1240 3333 1572 3405 patientibus
1600 3351 1612 3386 :
1647 3332 1739 3387 dat
1764 3345 1945 3386 escam
1975 3344 2099 3384 esu-

509 3432 797 3489 rientibus.
821 3430 1083 3485 Dominus
1107 3429 1267 3484 solvit
1293 3426 1628 3496 compeditos
1658 3443 1671 3478 :
1702 3423 1964 3477 Dominus
1986 3420 2101 3475 ibu-

516 3522 689 3577 minat
714 3535 906 3574 caecos.
934 3518 1196 3573 Dominus
1223 3516 1383 3588 erigit
1414 3515 1576 3570 elisos
1601 3533 1613 3567 :
1637 3512 1898 3567 Dominus
1926 3511 2099 3583 diligit

511 3610 701 3680 justos.
742 3606 1003 3663 Dominus
1043 3607 1282 3662 custodit
1327 3606 1596 3670 advenas,
1632 3602 1988 3674 pupillum.et
2026 3603 2104 3656 vi-

513 3701 675 3755 duam
703 3700 962 3770 suscipiet
1004 3718 1016 3752 :
1050 3706 1105 3753 et
1141 3699 1257 3753 vias
1291 3704 1638 3768 peccatorum
1676 3695 1966 3764 disperdet.
2000 3693 2103 3748 lle-

512 3794 701 3869 gnabit
726 3793 987 3848 Dominus
1020 3792 1075 3846 in
1105 3791 1298 3846 smcula
1316 3832 1329 3856 ,
1360 3790 1501 3845 Deus
1528 3797 1651 3867 tuus
1671 3787 1801 3843 Sion
1819 3828 1834 3854 ,
1867 3787 1919 3840 in
1947 3801 2106 3858 gene-

514 3888 727 3944 ratione
755 3894 810 3941 et
842 3884 1266 3958 generationem.

583 3979 693 4051 60
747 3976 813 4032 Ut
858 3995 1039 4049 supra.
1082 3977 1333 4031 Exaltatc
1380 3976 1669 4032 Dominum
1718 3982 2000 4038 nostrum,
2049 3981 2103 4027 ct

519 4072 737 4127 adorato
766 4069 821 4123 in
860 4077 1044 4123 monte
1073 4076 1264 4123 sancto
1293 4068 1407 4139 ejus
1425 4109 1440 4133 ,
1469 4067 1725 4145 quoniam
1751 4072 1974 4121 sanctus
2004 4063 2108 4119 Do-

517 4163 699 4218 minus
732 4159 880 4215 Deus
918 4166 1126 4215 noster.

590 4252 796 4308 Oratio.
819 4249 1063 4307 Glorioso
1089 4251 1434 4321 omnipotens
1462 4249 1627 4316 Deus,
1657 4249 1710 4303 in
1739 4263 1898 4320 quem
1920 4250 2108 4304 beato—

518 4360 637 4401 rum
657 4345 851 4398 anima:
871 4350 1040 4396 totam
1064 4341 1177 4411 spei
1202 4340 1584 4396 confidentiam
1607 4348 1845 4412 ponunt;
1872 4341 2107 4395 concede

518 4436 675 4492 nobis
705 4442 783 4501 ut,
808 4432 1073 4503 adjutorio
1096 4440 1187 4488 tuo
1212 4432 1518 4497 illuminati,
1536 4432 1810 4487 valeamus
1832 4439 1886 4486 te
1906 4431 2109 4502 jugiter

520 4533 701 4581 mente
729 4538 862 4595 pura
891 4521 1135 4594 diligere.
1158 4520 1284 4576 Per.

1150 4651 1488 4708 PSALMUS.

594 4775 775 4848 (Psan.
806 4773 1008 4844 CXLVI.)
1053 4772 1294 4828 Laudate
1320 4771 1609 4827 Dominum
1635 4773 1891 4844 quoniam
1932 4774 2104 4827 bonus

521 4878 607 4923 est
631 4866 871 4937 psalmus
900 4885 913 4919 :
945 4864 1057 4920 Deo
1087 4873 1275 4920 nostro
1303 4865 1375 4919 sit
1399 4865 1637 4935 jucunda
1669 4866 1968 4936 decoraque
1997 4865 2107 4919 lau-

522 4960 688 5015 datio.
718 4954 1016 5011 /Ediﬁcans
1052 4954 1387 5010 Hierusalem
1417 4956 1706 5022 Dominus,
1739 4957 2106 5026 dispersiones

522 5048 738 5105 israelis
766 5046 1130 5117 congregabit.
1170 5045 1272 5113 Qui
1307 5054 1463 5101 sanat
1501 5048 1764 5102 contritos
1799 5048 1960 5102 corde
2003 5067 2014 5101 :
2055 5056 2110 5101 et

526 5140 710 5212 alligat
742 5138 1101 5195 contritiones
1126 5151 1332 5191 eorum.
1375 5137 1476 5205 Qui
1525 5145 1775 5193 numerat
1818 5139 2111 5194 multitudi—

415 5236 424 5246 '
527 5248 653 5288 nem
695 5231 974 5287 stellarum
1004 5248 1017 5283 :
1050 5236 1104 5284 et
1141 5229 1395 5285 omnibus
1425 5231 1506 5285 eis
1538 5232 1755 5286 nomina
1787 5239 1960 5286 vocat.
2003 5230 2111 5284 Ma-

529 5343 666 5398 gnus
694 5325 954 5382 Dominus
986 5330 1192 5389 noster,
1224 5330 1281 5379 et
1308 5338 1501 5395 magna
1536 5324 1706 5379 virtus
1753 5323 1869 5392 ejus
1901 5341 1913 5376 :
1946 5331 2001 5377 et
2030 5336 2112 5376 sa-

527 5419 745 5488 pientiae
770 5418 887 5488 ejus
910 5432 1018 5473 non
1048 5424 1133 5472 est
1154 5431 1429 5471 numerus.
1461 5416 1777 5486 Suscipiens
1798 5422 2110 5470 mansuetos

531 5505 791 5563 Dominus
823 5526 837 5561 :
869 5507 1162 5562 bumilians
1183 5514 1361 5562 autem
1383 5514 1696 5578 peccatores
1722 5520 1895 5576 usque
1923 5506 1989 5561 ad
2009 5514 2116 5559 ter-

530 5609 667 5648 ram.
695 5595 982 5651 Prmciuitc
1008 5596 1237 5650 Domino
1263 5597 1317 5649 in
1347 5595 1689 5651 confessione
1716 5614 1729 5649 :
1763 5595 1974 5666 psallite
2003 5595 2114 5651 Deo

534 5692 722 5743 nostro
751 5686 804 5739 in
829 5687 1059 5741 cithara.
1092 5686 1198 5753 Qui
1216 5689 1389 5757 operit
1414 5687 1613 5741 malum
1643 5687 1876 5742 nubibus
1907 5707 1918 5742 :
1950 5696 2003 5743 et
2023 5702 2117 5757 pa-

534 5785 620 5835 rat
642 5786 799 5833 terrte
829 5776 1083 5848 pluviam.
1125 5777 1224 5842 Qui
1248 5777 1495 5846 producit
1521 5777 1573 5831 in
1606 5777 1880 5835 montibus
1911 5777 2113 5845 fenum,

2198 3272 2339 3327 pone
2378 3254 2628 3310 terminis
2667 3256 2783 3325 ejus
2814 3269 3031 3324 pacem,
3071 3255 3230 3323 eique
3270 3254 3481 3324 adipem
3527 3253 3794 3324 spiritalis

2202 3348 2367 3402 tritici
2393 3348 2678 3419 dignanter
2705 3348 2960 3402 attribue.
2992 3347 3113 3402 Per.

2822 3479 3162 3536 PSALMUS.

2274 3591 2462 3663 (1’st.
2522 3591 2771 3661 csum.)
2826 3591 3067 3647 Laudato
3118 3588 3403 3646 Domimun
3451 3591 3519 3646 de
3563 3591 3723 3647 cmlis
3779 3615 3790 3647 :

2202 3684 2416 3739 laudate
2446 3699 2570 3739 eum
2604 3683 2658 3738 in
2696 3684 2944 3739 excelsis.
2971 3683 3212 3738 Laudate
3245 3698 3367 3738 eum
3398 3698 3591 3739 omnes
3615 3685 3799 3756 angeli

2201 3773 2319 3843 ejus
2347 3792 2359 3828 :
2386 3773 2601 3828 laudate
2620 3788 2743 3827 eum
2765 3788 2955 3828 omnes
2977 3773 3206 3828 virtutes
3233 3770 3371 3842 ejus.
3393 3772 3639 3828 Laudate
3669 3790 3798 3830 eum

2203 3867 2283 3919 sol
2319 3874 2374 3921 et
2407 3865 2532 3919 luna
2572 3884 2584 3918 :
2629 3864 2843 3919 laudate
2875 3877 3000 3919 eum
3041 3879 3232 3919 omnes
3270 3863 3441 3920 stellae
3484 3873 3539 3919 et
3586 3864 3795 3919 lumen.

2205 3957 2443 4011 Laudate
2480 3971 2601 4011 eum
2645 3955 2768 4010 εαξιὶ
2807 3936 3116 4009 caelorum}
3164 3964 3219 4009 et
3253 3969 3435 4024 aqum,
3476 3969 3598 4024 qua:
3632 3969 3802 4024 super

2204 4047 2370 4102 caelos
2397 4054 2543 4111 sunt,
2570 4046 2790 4101 laudent
2825 4060 3022 4099 nomen
3058 4044 3294 4099 Domini.
3322 4044 3457 4113 Quia
3492 4045 3609 4114 ipse
3633 4043 3799 4106 dixit.

2203 4146 2260 4193 et
2290 4137 2431 4193 facta
2462 4147 2590 4195 sunt
2618 4155 2629 4190 :
2657 4136 2773 4205 ipse
2804 4135 3084 4190 mandavit
3113 4143 3167 4189 et
3192 4144 3374 4190 creata
3412 4144 3560 4189 sunt.
3590 4133 3803 4190 Statuit

2205 4243 2271 4283 ea
2302 4229 2356 4282 in
2379 4236 2640 4284 teternum
2664 4236 2718 4282 et
2744 4228 2797 4281 in
2826 4228 3079 4282 szeculum
3108 4227 3286 4282 Stccztli
3317 4245 3328 4280 :
3356 4236 3685 4296 prteceptum
3710 4243 3803 4298 po~

2205 4318 2334 4384 suit,
2366 4327 2421 4373 et
2445 4334 2551 4372 non
2579 4316 2896 4388 praeteribit.
2923 4315 3163 4370 Laudate
3188 4315 3475 4371 Dominum
3510 4315 3575 4370 de
3598 4324 3746 4371 terra
3785 4334 3799 4370 :

2206 4411 2472 4466 dracones
2495 4417 2551 4465 et
2581 4424 2772 4465 onmcs
2802 4408 2851 4461 al
2872 4407 3002 4479 yssi.
3036 4406 3211 4477 Ignis,
3250 4405 3483 4477 grando,
3524 4406 3651 4471 nix,
3685 4404 3807 4476 gla-

2132 4526 2185 4588 ι)
2209 4503 2345 4566 cies,
2369 4501 2595 4571 spiritus
2612 4498 2969 4569 procellarum
2999 4516 3011 4551 :
3037 4512 3154 4566 quae
3177 4495 3385 4552 faciunt
3406 4496 3629 4551 verbum
3657 4494 3800 4565 ejus.

2209 4592 2418 4648 Montes
2444 4600 2499 4646 et
2522 4607 2711 4647 omnes
2745 4588 2941 4654 colles,
2986 4589 3127 4659 ligna
3166 4586 3476 4654 fructifera,
3515 4597 3571 4643 et
3606 4604 3805 4646 omnes

2209 4681 2379 4738 cedri.
2420 4681 2642 4746 Bestiae,
2677 4688 2731 4735 et
2757 4680 3009 4736 universa
3044 4694 3268 4750 pecora,
3307 4687 3591 4749 serpentes
3613 4688 3671 4736 et
3708 4696 3806 4738 vo.

2209 4774 2386 4827 lncres
2420 4778 2686 4841 pennatze.
2719 4771 2892 4841 Reges
2927 4779 3084 4825 terrae
3106 4777 3160 4825 et
3186 4785 3376 4825 omnes
3402 4770 3585 4841 populi
3605 4814 3618 4837 ,
3648 4772 3806 4842 prin-

2209 4866 2357 4936 cipes
2387 4870 2442 4917 et
2477 4877 2668 4917 omnes
2705 4860 2918 4931 judices
2950 4869 3125 4915 terrae.
3162 4859 3397 4917 Iuvenes
3443 4869 3501 4917 et
3533 4862 3799 4935 virgines.

2211 4970 2373 5011 senes
2406 4954 2511 5025 61
2541 4968 2665 5007 cum
2694 4951 3000 5021 junioribus
3043 4950 3261 5006 laudent
3290 4965 3493 5007 nomen
3530 4950 3750 5006 Dominl
3785 4972 3798 5006 :

2211 5049 2337 5118 quia
2365 5045 2659 5102 exaltatum
2690 5053 2775 5099 est
2800 5058 2994 5098 nomen
3019 5041 3133 5111 ejus
3163 5043 3350 5098 solius.
3375 5041 3660 5099 Confessio
3684 5041 3806 5113 ejus

2212 5154 2377 5209 super
2407 5136 2603 5192 cmlum
2636 5143 2691 5190 et
2732 5143 2933 5190 terram
2962 5152 2976 5189 :
3013 5142 3069 5189 et
3102 5132 3364 5189 exultavit
3400 5149 3570 5189 cornu
3613 5135 3805 5204 populi

2214 5231 2318 5287 sui.
2352 5228 2593 5303 Hymnus
2627 5226 2877 5283 omnibus
2911 5225 3115 5280 sanctis
3149 5223 3267 5295 ejus
3303 5244 3315 5278 :
3353 5223 3479 5280 filiis
3509 5224 3680 5281 israel
3702 5241 3808 5295 po—

2215 5322 2340 5394 pulo
2365 5318 2818 5392 appmpinquanti
2855 5318 2980 5373 sibi.

2288 5413 2354 5468 Ut
2400 5427 2579 5482 supra.
2619 5409 2876 5465 Mirabilis
2922 5409 3064 5465 Deus
3114 5408 3171 5464 in
3220 5408 3423 5464 sanctis
3460 5408 3604 5473 suis.
3653 5408 3809 5469 Deus

2209 5504 2393 5567 Israel,
2418 5503 2534 5573 ipse
2560 5499 2709 5557 dabit
2740 5501 3015 5566 virtutem,
3043 5507 3098 5555 ct
3119 5499 3484 5556 fortitudinem
3512 5499 3661 5570 plebi
3686 5517 3810 5560 sua:

2213 5594 2530 5650 benedictus
2552 5591 2715 5646 Deus.
3286 5576 3293 5583 ἡ

2287 5683 2492 5737 Oratio.
2530 5681 2881 5737 Excelsorum
2921 5680 3132 5736 sedium
3174 5682 3585 5752 supereminens
3619 5692 3677 5739 et
3703 5698 3805 5739 ex-

2217 5776 2356 5832 celsa
2396 5784 2639 5846 potestas
2675 5773 2848 5841 Deus,
2891 5773 3126 5830 concede
3151 5772 3364 5831 famulis
3394 5774 3536 5843 tuis,
3567 5784 3628 5831 ut
3661 5776 3805 5834 sicut
