3968 6180
239 347 318 404 5⁸91

1203 332 1591 390 ιιῖυιὶοιω.
1632 359 1703 374 --
1741 323 2007 384 OFFICIA
2044 329 2177 384 PER
2218 325 2484 383 FEBIAS.

3366 323 3472 384 5Ξὶ

239 467 401 518 macta
422 498 435 522 ,
464 470 588 526 quae
635 454 942 514 cernimus,
989 457 1042 502 te
1061 447 1287 516 jubente
1323 456 1501 502 creata
1528 455 1682 500 sunt:
1716 444 1791 498 ita
1819 441 1869 502 Α
1895 439 2061 494 mino.
2091 437 2402 494 Benedicite
2425 438 2513 492 lux
2537 446 2591 490 et
2620 425 2856 493 tenebrae
2885 437 3113 492 Domino
3137 456 3149 492 :
3171 439 3478 496 benedicite

239 571 334 628 quae
362 550 691 624 praecepisti,
726 558 780 603 te
806 546 1032 602 custode
1055 552 1359 600 serventur.
1386 544 1506 598 Per.

829 655 1168 713 PSAthUS.

291 773 458 846 (Psuu
499 771 706 841 enix.)
737 769 967 826 Cantate
989 769 1217 826 Domino
1241 769 1513 826 canticum
1546 781 1743 823 novum
1781 783 1792 818 ε

237 867 333 922 laus
351 865 466 936 ejus
493 865 548 919 in
575 862 818 918 Ecclesia
842 870 1172 916 sanctorum.
1196 859 1431 916 Lmtetur
1450 858 1612 914 Israel
1635 859 1687 912 in
1711 873 1798 923 eo,

236 958 311 1029 qui
343 957 469 1011 fecit
508 970 633 1010 eum
681 973 694 1008 :
740 961 797 1008 et
832 952 954 1007 ﬁliae
988 951 1120 1008 Sion
1155 952 1398 1007 exultent
1431 951 1483 1006 in
1521 965 1645 1020 rege
1675 964 1794 1004 suo.

235 1047 458 1102 Laudent
491 1059 690 1100 nomen
729 1041 844 1111 ejus
870 1043 926 1096 in
959 1041 1126 1096 choro
1155 1057 1168 1094 :
1207 1040 1262 1094 in
1299 1049 1553 1110 tympano
1583 1047 1638 1094 et
1663 1037 1802 1108 psal-

236 1138 358 1193 terio
383 1135 621 1207 psallunt
657 1131 730 1189 ei.
770 1133 910 1200 Quia
937 1131 1331 1200 beneplacitum
1364 1139 1448 1186 est
1481 1129 1712 1184 Domino
1744 1129 1799 1183 in

232 1227 411 1298 populo
459 1243 560 1283 suo
608 1243 622 1279 :
668 1233 724 1280 et
766 1223 1030 1279 exaltavit
1080 1230 1394 1278 mansuetos
1441 1221 1496 1276 in
1549 1220 1797 1275 salutem.

233 1313 546 1373 Exultabunt
585 1313 763 1371 sancti
802 1313 859 1368 in
893 1312 1064 1384 gloria
1107 1330 1120 1365 :
1160 1311 1484 1367 laetabuntur
1521 1309 1578 1364 in
1615 1308 1806 1364 cubili‘

234 1409 322 1462 bus
355 1407 486 1462 suis.
538 1404 914 1462 Exultationes
955 1403 1053 1458 Dei
1100 1402 1155 1456 in
1199 1408 1414 1472 gutture
1458 1415 1647 1456 eorum
1691 1417 1703 1452 :
1749 1402 1804 1456 et

231 1497 380 1566 gladii
426 1496 693 1566 ancipites
738 1495 793 1550 in
837 1493 1086 1548 manibus
1125 1507 1334 1548 eorum.
1382 1492 1460 1546 Ad
1500 1489 1804 1545 faciendam

231 1589 516 1644 vindictam
549 1589 605 1645 in
643 1587 988 1652 nationibus,
1033 1586 1434 1655 increpationes
1474 1583 1528 1637 in
1569 1582 1800 1653 populis.

233 1678 305 1732 Ad
330 1677 624 1748 alligandos
646 1691 802 1747 reges
830 1691 1016 1730 eorum
1044 1675 1099 1729 in
1126 1673 1492 1743 compedibus,
1517 1679 1571 1727 et
1597 1669 1806 1730 nobiles

1899 528 2105 599 fulgura
2125 537 2181 584 et
2203 529 2375 584 nubes
2393 527 2639 583 Domino.
2667 526 2962 583 Benedicat
2985 537 3128 584 terra
3150 529 3438 584 Dominum
3461 549 3475 584 ;

1896 619 2080 676 laudet
2125 631 2181 676 ct
2221 619 2586 690 superexaltet
2634 636 2757 676 eum
2805 621 2860 675 in
2894 622 3108 676 stecnla.
3171 622 3482 679 Benedicite

1898 719 2113 766 montes
2143 718 2198 765 et
2228 710 2390 765 colles
2418 710 2645 766 Domino
2683 727 2696 765 :
2735 712 3042 767 benedieite
3079 712 3328 768 universa
3361 728 3483 784 gera-

1899 801 2164 855 minantia
2212 802 2267 856 in
2312 809 2457 855 terra
2501 801 2747 857 Domino.
2795 801 3108 858 Benedicite
3155 802 3331 859 fontes
3383 803 3484 858 Do-

1901 891 2048 946 mino
2083 909 2093 944 :
2123 892 2433 946 benedicite
2463 893 2633 946 maria
2657 899 2712 947 et
2730 891 2950 948 flumina
2983 895 3228 949 Domino.
3257 894 3487 949 Benedi-

1900 981 2008 1035 cite
2045 989 2176 1034 ccta:
2223 989 2281 1034 et
2330 981 2544 1047 omnia,
2589 997 2707 1052 quae
2747 991 3032 1038 moventur
3071 984 3128 1038 in
3159 984 3346 1055 aquis,
3385 983 3486 1039 Do-

1902 1071 2050 1126 mino
2099 1088 2111 1124 :
2162 1071 2468 1127 benedicite
2515 1088 2705 1128 omnes
2749 1074 2998 1130 volucres
3049 1075 3172 1129 caeli
3229 1075 3481 1132 Domino.

1903 1162 2212 1218 Benedicite
2253 1178 2442 1218 omnes
2493 1162 2678 1219 bestiae
2718 1173 2774 1220 et
2817 1180 3013 1234 pecora
3058 1165 3288 1222 Domino
3336 1185 3348 1221 :
3399 1169 3488 1223 be-

1905 1251 2138 1307 nedicite
2193 1252 2286 1307 ﬁlii
2346 1251 2621 1307 hominum
2671 1253 2919 1310 Domino.
2973 1255 3267 1312 Denedicat
3320 1257 3484 1313 lsrael

1905 1338 2134 1398 Domino
2168 1362 2180 1396 :
2214 1343 2394 1398 laudet
2421 1352 2475 1397 et
2504 1345 2869 1414 superexaltet
2894 1362 3017 1401 eum
3050 1348 3102 1402 in
3133 1348 3347 1403 szecula.
3381 1350 3485 1406 Be-

1905 1432 2079 1486 nedici
2087 1440 2138 1485 te
2151 1430 2458 1486 sacerdotes
2475 1431 2688 1486 Domini
2712 1433 2940 1488 Domino
2967 1451 2980 1487 :
3011 1436 3319 1492 benedicite
3339 1439 3483 1493 servi

1906 1521 2120 1576 Domini
2151 1522 2396 1577 Domino.
2431 1523 2741 1578 Benedicite
2771 1525 2995 1592 spiritus
3022 1535 3078 1580 et
3098 1526 3292 1581 anima;
3313 1526 3488 1597 justo-

1908 1627 2026 1666 rum
2053 1613 2282 1667 Domino
2328 1627 2340 1666 :
2392 1613 2697 1668 benedicite
2738 1615 2914 1668 sancti
2964 1625 3020 1670 et
3056 1616 3286 1673 humiles
3326 1619 3492 1673 corde

1907 1701 2152 1756 Domino.
2177 1701 2487 1756 Benedicite
2505 1703 2739 1768 Anania,
2763 1703 2980 1768 Azaria,
3011 1705 3197 1760 Misael
3218 1705 3449 1763 Domino
3474 1728 3488 1762 ι

233 1786 413 1827 eorum
443 1771 497 1824 in
524 1768 753 1861 manicis
775 1767 986 1861 lien?“
1017 1763 1088 1820 Ut
1115 1765 1316 1861 ίθθίωξξ
1350 1764 1406 1818 in
1434 1763 1514 1818 eis
1537 1761 1803 1861 1"}“0‘9'”
1837 1785 1882 1848 Β
1910 1791 2119 1846 laudate
2141 1800 2195 1845 et
2216 1791 2616 1861 superexaltate
2639 1761 2764 1846 eum
2797 1793 2849 1847 in
2873 1761 3075 1849 secula.
3102 1761 3492 1852 Benedicamus

234 1861 592 1930 conscriptum
619 1874 632 1912 :
665 1859 833 1930 gloria
871 1857 984 1911 haec
1022 1864 1108 1911 est
1141 1855 1394 1910 omnibus
1425 1853 1633 1909 sanctis
1667 1851 1800 1920 ejus.

299 1950 364 2005 Ut
387 1967 568 2021 supra.
594 1949 802 2004 Bonum
831 1956 916 2005 est
945 1947 1194 2004 conﬁteri
1224 1943 1470 2010 Domino,
1499 1953 1553 2000 et
1579 1944 1807 2015 psallere

235 2041 429 2098 nomini
461 2051 584 2108 tuo,
622 2041 917 2096 Altissime.
949 2039 1030 2094 Ad
1062 2035 1492 2094 annuntiandum
1525 2051 1686 2092 mane
1709 2034 1808 2090 mi—

235 2135 574 2192 tericordiam
594 2144 766 2201 tuam,
802 2141 860 2189 et
889 2133 1175 2188 veritatem
1199 2139 1346 2186 tuam
1379 2145 1477 2201 per
1497 2139 1732 2188 noctem.

298 2227 495 2282 Oratio.
523 2226 728 2282 Auctor
763 2225 928 2282 totius
963 2222 1224 2279 bonitatis
1257 2218 1428 2286 Deus,
1468 2220 1560 2290 qui
1589 2232 1806 2274 omnem

237 2318 693 2374 mansuetudinem
739 2324 792 2372 te
839 2316 1119 2377 humiliter
1161 2313 1512 2371 conﬁtentem
1558 2310 1805 2377 exaltas;

237 2417 448 2479 presta,
480 2415 543 2463 ut
581 2407 726 2463 sicut
757 2414 977 2462 sanctos
1010 2414 1129 2460 tuos
1160 2402 1405 2458 exultare
1443 2401 1574 2456 facis
1609 2401 1665 2455 in
1696 2399 1810 2470 glo-

236 2500 328 2562 ria.
359 2500 430 2554 ita
458 2508 781 2568 praesentem
805 2497 1100 2553 Ecclesium
1128 2494 1403 2550 custodire
1424 2492 1664 2564 digneris
1689 2507 1809 2562 per-

237 2591 398 2659 petuis
419 2588 752 2658 temporibus
780 2587 849 2643 ab
869 2587 1030 2658 hujus
1055 2585 1235 2641 saeculi
1252 2583 1700 2642 delectationibus
1715 2582 1795 2637 im-
1842 2618 1847 2636 ι

237 2680 498 2748 pollutam.
531 2679 638 2736 Per
654 2678 964 2734 Dominum.

839 2784 1180 2844 PSALMUS.

298 2901 471 2972 (Pssu
511 2899 624 2971 ct.)
665 2896 906 2955 Laudate
949 2898 1234 2954 Dominum
1280 2898 1334 2952 in
1388 2898 1593 2952 sanctis
1630 2895 1747 2966 ejus
1787 2913 1803 2952 :

235 2991 438 3046 laudate
471 3006 598 3044 eum
645 2991 700 3044 in
744 2989 1086 3044 ﬁrmamento
1129 2987 1350 3043 virtutis
1394 2986 1530 3056 ejus.
1571 2985 1808 3040 Laudate

235 3099 347 3137 eum
372 3084 426 3137 iu
452 3082 747 3136 virtutibus
768 3078 886 3149 ejus
916 3100 929 3135 :
956 3080 1170 3134 laudate
1199 3094 1321 3132 eum
1351 3077 1646 3132 secundum
1672 3074 1808 3129 mul-

1908 1878 2122 1936 Patrem
2158 1889 2214 1936 et
2235 1881 2451 1947 Filium,
2485 1897 2606 1937 cum
2636 1892 2827 1938 sancto
2854 1883 3061 1954 Spiritu
3093 1903 3104 1938 :
3139 1886 3418 1943 laudemus
3438 1899 3495 1945 ct

1908 1973 2372 2042 super-exaltemus
2392 1989 2514 2028 eum
2538 1975 2592 2028 in
2612 1975 2826 2032 sazeula.
2852 1976 3176 2032 Benedictus
3195 1994 3277 2045 es,
3309 1977 3492 2034 Domi-

1908 2075 1995 2126 ne,
2015 2062 2068 2115 in
2094 2060 2438 2118 ﬁrmamento
2465 2064 2621 2119 cmli;
2650 2065 2936 2120 laudabilis
2959 2075 3016 2121 et
3036 2067 3303 2138 gloriosus
3326 2078 3382 2125 et
3401 2086 3494 2124 διι-

1907 2153 2274 2223 perexaltatus
2312 2155 2366 2209 in
2394 2155 2611 2211 szecula.

1981 2242 2184 2298 Oratio.
2218 2244 2382 2310 Deus,
2411 2261 2510 2316 per
2536 2261 2696 2315 quem
2725 2247 2858 2304 ﬁdes
2886 2249 3064 2319 ignem
3087 2263 3195 2305 non
3221 2251 3413 2317 sentit,
3439 2261 3496 2307 et

1910 2333 2202 2390 inﬁdelitas
2233 2335 2355 2390 sine
2391 2336 2518 2406 igne
2555 2337 2833 2404 exuritur;
2870 2340 2963 2408 qui
3003 2339 3348 2398 beatissime
3382 2352 3494 2398 tres

1909 2440 2105 2495 pueros
2135 2424 2237 2480 ﬁde
2263 2437 2524 2491 armatos,
2545 2425 2820 2497 conjectos
2853 2429 2909 2484 in
2937 2431 3156 2486 camino
3187 2433 3348 2503 ignis,
3374 2433 3496 2488 laeto

1908 2517 2058 2572 vultu
2084 2518 2231 2572 omni
2263 2533 2330 2572 ex
2364 2527 2519 2588 parte
2551 2519 2748 2575 illaesos
2780 2520 3037 2593 hymnum
3069 2521 3166 2577 tibi
3192 2538 3393 2579 canere
3423 2519 3498 2577 ιρι

1909 2607 2031 2662 cisti
2058 2625 2070 2661 :
2103 2609 2486 2675 obsecramus,
2508 2619 2569 2663 ut
2595 2611 2713 2679 pari
2743 2611 3088 2682 dignatione,
3112 2612 3218 2668 ﬁde
3247 2622 3304 2668 et
3337 2614 3498 2668 devo-

1911 2694 2057 2751 tione
2078 2711 2177 2752 nos
2201 2712 2436 2763 armare,
2453 2706 2508 2751 ct
2531 2698 2740 2753 timoris
2767 2699 2842 2753 tui
2865 2699 3048 2768 vigore
3067 2700 3289 2769 implere
3311 2702 3494 2771 digne-

1909 2784 2008 2850 ris,
2035 2797 2148 2839 uta
2172 2787 2387 2842 camino
2414 2787 2669 2842 vitiorum
2693 2787 2909 2843 liberati
2930 2787 3190 2859 hymnum
3218 2788 3420 2854 dicere,
3445 2799 3500 2844 et

1909 2877 2150 2932 exaltare
2179 2893 2377 2933 nomen
2408 2886 2558 2934 tuum
2586 2880 2643 2933 in
2664 2887 2986 2948 perpetuum
3013 2894 3342 2936 mereamur.

2551 2986 2844 3044 LITANIA.

1983 3081 2186 3149 Parce,
2211 3085 2468 3147 Domine,
2493 3101 2653 3154 parce
2682 3086 2880 3155 populo
2913 3095 3009 3141 tuo
3028 3124 3044 3152 ,
3079 3101 3238 3156 quem
3269 3088 3500 3145 redemi-

241 3173 514 3227 Iitudinem
552 3171 942 3242 magnitudinis
975 3168 1113 3237 eius.
1150 3168 1390 3222 Laudato
1428 3182 1551 3222 eum
1585 3167 1640 3221 in
1675 3179 1810 3222 sono
1837 3135 1885 3200 θ
1913 3173 2007 3237 sti,
2034 3173 2272 3242 Clu-iste,
2301 3135 2562 3244 sanguine
2587 3135 2718 3230 tuor:
2752 3135 2822 3232 Se
2859 3179 2913 3230 in
2941 3135 3205 3233 aeternum
3245 3179 3500 3236 irascaris

241 3265 368 3318 tuba:
405 3282 420 3316 :
457 3262 674 3316 laudate
697 3277 820 3317 eum
847 3260 902 3315 in
938 3259 1197 3330 psalterio
1227 3266 1284 3313 et
1311 3257 1541 3312 cithara.
1577 3256 1814 3311 Laudate

238 3373 351 3411 cum
387 3357 445 3411 in
485 3365 741 3427 tympano
776 3361 832 3407 et
861 3352 1026 3406 choro
1058 3371 1070 3405 :
1105 3350 1319 3405 laudate
1355 3366 1477 3404 eum
1510 3349 1565 3403 in
1593 3349 1813 3405 chordis

237 3455 286 3498 et
307 3461 529 3516 organo.
561 3443 803 3498 Laudate
823 3457 947 3497 eum
969 3441 1024 3495 in
1051 3440 1312 3511 cymbalis
1329 3440 1640 3495 benesonan
1649 3440 1811 3504 tibus,

237 3535 447 3590 laudate
485 3548 614 3588 eum
649 3533 707 3587 in
743 3529 1001 3597 cymbalis
1030 3529 1369 3599 jubilationis
1400 3549 1414 3584 :
1441 3531 1618 3585 omnis
1655 3531 1815 3600 spiri-

242 3635 323 3679 tus
349 3624 533 3679 laudet
560 3622 870 3678 Dominum.

305 3714 369 3769 L't
403 3731 589 3784 supra.
636 3712 875 3768 Laudate
917 3726 1114 3767 nomen
1157 3709 1304 3782 ejus,
1341 3713 1592 3780 quoniam
1630 3714 1815 3768 suavis

237 3811 322 3858 est
341 3803 626 3866 Dominus,
653 3802 707 3854 in
728 3810 992 3856 aeternum
1012 3801 1383 3856 misericordia
1403 3802 1542 3870 ejus,
1567 3811 1623 3858 et
1647 3818 1816 3870 usque

239 3895 290 3949 in
321 3893 733 3966 generationem
756 3900 814 3946 et
835 3892 1242 3962 generationem
1276 3891 1480 3945 veritas
1513 3890 1648 3958 ejus.

302 3981 676 4053 Sicpsalmum
703 3978 881 4036 dicam
907 3979 1114 4034 nomini
1141 3987 1233 4034 tuo
1253 3979 1307 4033 in
1333 3978 1586 4035 sacculum
1613 3979 1815 4043 smculi,

237 4086 292 4130 ut
321 4077 546 4132 reddam
581 4081 702 4129 vota
731 4088 852 4128 mea
874 4073 941 4128 de
966 4072 1054 4127 die
1077 4072 1134 4125 in
1162 4067 1325 4127 diem.

303 4164 511 4220 Oratio.
540 4163 846 4218 Harmonia:
869 4169 1088 4224 nostra,
1111 4160 1275 4227 Deus,
1302 4161 1682 4216 suavissimum
1705 4176 1820 4216 me.

237 4256 345 4320 lus,
381 4253 478 4324 qui
509 4254 685 4308 nostri
723 4252 962 4322 pectoris
994 4251 1360 4307 modulamina
1397 4267 1541 4306 nunc
1573 4250 1817 4318 ﬂatibus,

235 4361 378 4401 nunc
422 4345 640 4401 ﬂetibus
663 4344 914 4416 praecipis
939 4357 1226 4408 exercere;
1254 4351 1476 4414 praesta,
1496 4352 1556 4397 ut
1583 4345 1706 4398 dum
1733 4346 1820 4400 illa

236 4436 464 4506 spiritali
493 4434 692 4491 aﬂ'ectu
720 4434 1080 4499 concinimus,
1110 4433 1513 4503 perpetualibus
1539 4433 1719 4488 choris
1747 4434 1823 4488 iu-

236 4529 385 4585 uet-ti.
420 4537 475 4583 te
495 4541 624 4582 cum
648 4526 900 4582 omnibus
926 4525 1129 4580 sanctis
1155 4524 1539 4581 collaudemus.
1575 4525 1694 4580 Per.

547 4636 833 4693 IIYBINUS
870 4636 1087 4692 TRIUM
1123 4635 1526 4694 PUERORUM.

299 4730 466 4801 (Du.
507 4731 621 4800 ιιι.)
666 4729 986 4785 Benedicite
1030 4731 1212 4785 omnia
1261 4746 1424 4800 opera
1469 4731 1684 4787 Domini
1730 4732 1827 4787 Do-

233 4823 384 4878 mino
418 4841 433 4877 :
473 4822 696 4878 laudate
731 4833 786 4877 et
818 4820 1221 4892 superexaltate
1245 4836 1368 4877 eum
1394 4823 1448 4877 in
1487 4825 1701 4878 saeuis.
1727 4825 1826 4879 Be-

233 4915 480 4970 nedicite
527 4914 707 4984 angeli
748 4913 961 4968 Domini
1011 4912 1240 4968 Domino
1291 4931 1306 4966 :
1351 4913 1657 4969 benedicite
1701 4915 1825 4968 cmli

233 5001 492 5061 Dumino.
535 5004 844 5060 Benedicite
878 5019 1033 5074 aqua:
1066 5018 1290 5067 omnes,
1319 5017 1438 5072 quae
1473 5017 1637 5072 super
1664 5002 1830 5056 eteius

232 5104 383 5161 sunt,
411 5095 650 5149 Domino
674 5111 686 5147 :
713 5093 1016 5150 benedicite
1033 5108 1227 5149 omnes
1249 5095 1478 5149 virtutes
1499 5093 1711 5147 Domini
1734 5093 1831 5148 Do-

234 5187 408 5240 mino.
453 5185 773 5244 Benedicite
817 5185 896 5240 sol
937 5194 994 5241 et
1031 5187 1158 5240 luna
1202 5185 1428 5240 Domino
1469 5197 1482 5237 :
1528 5183 1832 5239 benedicite

231 5277 414 5332 Stellae
453 5275 585 5332 cwli
637 5275 880 5332 Domino.
928 5278 1239 5334 Benedicitc
1287 5277 1460 5332 imber
1501 5285 1560 5330 et
1605 5291 1693 5331 ros
1735 5275 1836 5330 Do-

230 5367 388 5422 nino
418 5385 432 5421 :
469 5365 785 5425 benediéite
811 5369 988 5425 omnis
1014 5367 1241 5438 spiritus
1262 5364 1358 5422 Dei
1390 5367 1636 5423 Domino.
1667 5365 1837 5422 Bene-

229 5454 406 5511 dicite
441 5455 592 5527 ignis
634 5461 684 5512 α
722 5465 890 5513 estus
933 5456 1164 5514 Domino
1201 5474 1214 5512 :
1249 5457 1556 5514 benedicite
1588 5455 1758 5530 frigus
1778 5465 1836 5513 et

230 5560 408 5607 astus
442 5551 701 5612 Domino.
744 5553 1056 5610 Benedicite
1083 5569 1235 5610 rores
1258 5562 1312 5610 et
1339 5554 1533 5625 pruina
1557 5552 1785 5608 Domino
1814 5568 1828 5606 :

231 5642 556 5702 henedicite
587 5650 710 5716 gelu
737 5655 794 5703 et
823 5646 990 5721 frigus
1023 5646 1272 5709 Domino.
1297 5646 1609 5703 Benedicite
1637 5644 1835 5716 glacies

230 5736 338 5806 62
373 5749 431 5793 et
455 5739 618 5792 nives
641 5739 873 5795 Domino
906 5759 918 5794 :
951 5739 1252 5795 benedicitc
1284 5748 1470 5793 noctes
1500 5747 1554 5793 et
1593 5738 1704 5793 dies
1734 5735 1837 5791 Do-

488 5833 776 5893 PA‘l'ltOL.
823 5833 924 5894 Cl.

1849 4514 1902 4576 D

1916 3274 2093 3330 nobis.

1985 3369 2226 3436 Christe,
2248 3366 2372 3424 audi
2397 3384 2512 3423 nos.

1987 3461 2191 3516 Praesta
2222 3460 2379 3527 mihi,
2408 3460 2570 3526 Deus,
2597 3470 2655 3515 ut
2673 3471 2726 3516 te
2747 3462 2982 3530 primum
3006 3463 3146 3520 bene
3168 3477 3370 3536 rogem.

1987 3550 2193 3606 Deinde
2219 3561 2278 3606 ut
2303 3567 2390 3608 me
2423 3551 2645 3623 dignum
2677 3551 2845 3607 facias
2875 3551 3143 3607 exaudiri.

1988 3642 2193 3698 Deinde
2214 3651 2275 3696 ut
2303 3641 2581 3698 exaudias.

1990 3736 2192 3792 Sancta
2229 3736 2416 3801 Maria,
2449 3751 2544 3790 ora
2569 3751 2668 3804 pro
2693 3736 2867 3791 nobis.

1993 3826 2192 3881 Sancta
2221 3825 2411 3889 Maria,
2443 3826 2718 3881 intercede
2745 3842 2842 3894 pro
2868 3842 2956 3880 me
2983 3835 3290 3896 peccatore.

1991 3918 2190 3974 Sancta
2218 3917 2410 3981 Maria,
2436 3915 2626 3986 adjuva
2654 3932 2742 3971 me
2769 3919 2822 3970 in
2851 3917 2938 3971 die
2964 3918 3142 3971 exitus
3173 3918 3277 3973 mei
3308 3931 3374 3972 ex
3403 3918 3505 3975 hac

1921 4010 2176 4078 praesenti
2205 4008 2336 4062 vita.

1991 4097 2193 4153 Sancte
2220 4095 2477 4160 Joannes,
2509 4110 2608 4151 ora
2631 4109 2730 4164 pro
2765 4091 2940 4149 nobis.

1995 4189 2194 4244 Sancte
2220 4189 2404 4254 Petrc,
2428 4203 2524 4243 ora
2553 4203 2650 4258 pro
2675 4187 2852 4242 nobis.

1994 4281 2192 4336 Sancte
2220 4278 2404 4344 Paule,
2431 4294 2527 4334 ora
2557 4294 2654 4349 pro
2675 4279 2852 4333 nobis.

1995 4371 2194 4428 Sancte
2220 4370 2458 4434 Andrca,
2486 4385 2581 4424 ora
2613 4383 2710 4439 pro
2737 4369 2916 4425 nobis.

1993 4461 2195 4517 Sancte
2219 4457 2442 4525 Jacobe,
2469 4471 2564 4514 ora
2591 4474 2688 4528 pro
2718 4459 2893 4515 nobis.

1995 4549 2193 4606 Sancte
2219 4547 2477 4613 Joannes,
2507 4563 2602 4602 ora
2629 4564 2725 4618 pro
2755 4549 2932 4603 nobis.

1995 4639 2195 4696 Sancte
2225 4639 2452 4704 Thema,
2479 4653 2574 4694 ora
2605 4653 2701 4707 pro
2731 4639 2905 4692 nobis.

1996 4731 2197 4788 Sancte
2227 4729 2447 4796 Jacobe,
2477 4745 2571 4784 ora
2594 4745 2694 4799 pro
2722 4729 2898 4783 nobis.

1999 4823 2197 4878 Sancte
2225 4820 2491 4891 Philippe,
2518 4835 2614 4873 ora
2642 4835 2740 4888 pro
2766 4820 2942 4874 nobis.

2001 4913 2200 4969 Sancte
2225 4912 2634 4976 Bartholomtee,
2663 4925 2759 4965 ora
2789 4923 2886 4981 pro
2915 4912 3092 4969 nobis.

2003 5003 2202 5057 Sancte
2229 5001 2500 5067 Matthzne,
2525 5015 2622 5055 ora
2651 5017 2748 5072 pro
2777 5003 2956 5058 nobis.

2003 5095 2201 5148 Sancte
2228 5092 2466 5159 Tatltme,
2498 5107 2593 5148 ora
2621 5109 2715 5162 pro
2747 5094 2921 5150 nobis.

2002 5183 2204 5240 Omnes
2228 5182 2402 5237 sancti
2429 5183 2679 5252 apostoli,
2709 5193 2860 5239 orate
2877 5200 2976 5255 pro
3001 5185 3180 5242 nobis.

1979 5266 1981 5268 ’
2006 5274 2204 5330 Sancte
2235 5273 2532 5344 Stephane,
2560 5288 2656 5328 ora
2687 5288 2784 5344 pro
2813 5276 2989 5330 nobis.

2006 5367 2202 5423 Sancte
2232 5365 2385 5429 Line,
2415 5380 2509 5421 ora
2539 5380 2638 5436 pro
2658 5367 2836 5422 nobis.

2007 5458 2203 5512 Sancte
2228 5453 2398 5520 Clete,
2422 5468 2518 5508 ora
2544 5469 2642 5525 pro
2669 5456 2846 5510 nobis.

2007 5550 2205 5607 Sancte
2229 5547 2496 5614 Clemens,
2525 5562 2622 5602 ora
2649 5563 2748 5618 pro
2777 5549 2952 5606 nobis.

2009 5643 2206 5697 Sancte
2231 5637 2403 5704 Siste,
2430 5653 2523 5693 ora
2547 5643 2644 5709 pro
2667 5637 2841 5694 nobis.

2011 5731 2211 5786 Sancte
2239 5728 2476 5794 Corneli,
2497 5743 2594 5784 ora
2617 5742 2712 5799 pro
2735 5730 2907 5785 nobis.

2999 5823 3068 5883 17
