3968 6180
282 360 368 417 525

1253 361 1642 420 LITURGICA.
1683 392 1754 405 —
1791 361 2060 420 OFFICIA
2102 360 2235 419 PER
2275 361 2541 422 FERIAS.

3395 367 3500 424 526

276 473 324 532 In
339 471 584 529 membris
606 469 830 544 singulis
858 479 1066 528 natura
1086 473 1302 529 modum
1325 475 1554 539 excessi,
1581 475 1828 545 etimpiis
1854 479 1906 542 Α
1935 473 2160 546 Respice
2180 476 2232 530 in
2261 491 2368 542 me,
2392 486 2450 532 et
2476 476 2737 532 miserere
2756 476 2884 544 mei,
2900 476 3210 550 fontemque
3234 478 3502 550 lacryma-

276 581 347 623 me
365 565 633 621 laboribus
662 564 959 620 obnoxium
1003 565 1125 620 feci.
1157 565 1328 620 Pedes
1368 566 1472 620 mei
1501 565 1570 621 ad
1597 581 1828 621 curren—

273 661 381 715 dum
405 659 460 713 in
505 656 744 723 malum,
774 657 1052 726 sequendo
1078 657 1377 722 libidinem,
1413 672 1574 728 supra
1608 657 1829 712 modum

275 748 462 805 veloces
503 748 758 814 fuerunt,
789 756 845 802 et
887 749 943 802 in
969 748 1278 804 obedientia
1305 748 1683 803 mandatorum
1713 757 1833 802 tuo-

272 854 374 894 rum
414 836 732 892 imbecilles.
784 835 958 892 Crura
989 852 1110 891 mea
1150 837 1220 892 ad
1259 853 1348 894 me
1377 837 1749 893 sustinendum
1774 838 1831 892 in

271 928 450 986 malum
486 928 659 984 fortes
701 925 858 1000 [Cod.
901 925 1056 998 Reg.,
1110 927 1316 1000 fortia].
1375 928 1565 984 Genua
1603 944 1724 984 mea
1763 929 1831 984 ad

271 1023 665 1080 fornicationem
710 1023 892 1093 potius
921 1037 1085 1091 quam
1115 1022 1183 1076 ad
1209 1020 1320 1093 64
1346 1021 1648 1076 orationem
1682 1020 1828 1075 ﬂexi.

270 1117 320 1172 lu
342 1115 632 1170 femoribus
651 1120 708 1170 et
738 1113 793 1168 in
823 1111 1150 1184 genitalibus
1178 1112 1313 1166 meis
1342 1125 1505 1181 supra
1530 1111 1749 1166 modum
1775 1111 1831 1164 in

270 1207 504 1265 omnibus
541 1223 631 1264 me
673 1207 1033 1263 immunditiis
1067 1207 1441 1262 contaminare
1486 1205 1642 1279 [Cod.
1675 1205 1826 1277 Reg.,

269 1300 318 1354 ia
340 1299 583 1356 omnibus
609 1299 967 1355 immunditiis
1012 1299 1392 1370 contaminari]
1419 1315 1527 1354 non
1571 1300 1758 1365 metui,
1777 1306 1834 1354 et

270 1407 404 1449 reum
429 1406 517 1446 me
537 1391 687 1446 omni
721 1390 855 1446 hora
889 1391 1094 1460 peregi.
1119 1388 1323 1445 Venter
1354 1405 1507 1446 meus
1539 1401 1595 1447 et
1619 1393 1830 1447 viscera

269 1485 430 1540 omnia
457 1483 679 1553 crapula
703 1492 828 1540 sunt
859 1481 1063 1554 jugiter
1086 1491 1143 1538 et
1176 1483 1439 1538 ebrietate
1464 1483 1712 1538 distenta.
1773 1484 1831 1538 in

268 1576 471 1631 renibus
495 1583 550 1629 et
578 1574 775 1630 lumbis
802 1614 815 1639 ι
855 1574 1105 1629 illusione
1143 1573 1407 1629 diabolica
1435 1589 1501 1628 ac
1521 1572 1736 1630 ﬂamma
1768 1575 1832 1630 li-

266 1661 798 1733 bidinis,turpissimo
828 1665 992 1720 ardeo
1014 1664 1301 1720 desiderio.
1325 1665 1519 1720 Latera
1538 1666 1686 1721 enim
1709 1683 1829 1723 mea

266 1753 480 1810 luxuriae
506 1753 766 1809 malitiam
789 1753 942 1827 [Cod.
969 1754 1122 1825 Reg.,
1147 1753 1414 1808 luxuriam
1439 1755 1690 1829 malitiae]
1718 1772 1827 1812 non

264 1845 548 1901 formidant
572 1820 906 1916 perpetrare.
956 1820 1192 1900 Dorsum
1221 1861 1401 1900 meum
1429 1844 1497 1899 ad
1527 1820 1710 1917 iniqua
1741 1863 1829 1902 ro-
1859 1820 1906 1881 Β

267 1938 440 1994 boravi
480 1952 640 2007 opera
661 1977 676 2002 ,
713 1945 770 1992 et
794 1937 992 1992 collum
1023 1951 1203 1992 meum
1238 1937 1292 1990 in
1325 1937 1530 1992 carnali
1563 1939 1712 1993 erexi
1741 1954 1831 1994 su-

265 2031 460 2102 perbia.
506 2029 740 2085 Humera
765 2030 937 2102 (Nave
959 2030 1177 2101 dictum)
1208 2045 1329 2084 mea
1357 2031 1424 2085 ad
1446 2033 1709 2101 portanda
1738 2047 1832 2088 ne-

263 2123 435 2193 quitiae
462 2136 630 2178 onera
661 2122 897 2186 subdidi,
931 2131 986 2175 et
1010 2122 1232 2176 brachia
1272 2121 1616 2187 illecebrosis,
1628 2121 1832 2192 iugiter

263 2214 590 2285 amplexibus
609 2213 832 2283 praebui.
849 2210 1038 2268 Manus
1053 2227 1188 2267 mea:
1207 2212 1376 2283 plenae
1393 2221 1520 2267 sunt
1542 2214 1826 2283 sanguine,

264 2305 608 2374 omnibusque
619 2301 869 2358 sordibus
884 2309 1012 2356 sunt
1023 2301 1270 2371 pollutae;
1296 2311 1560 2372 promptae
1582 2303 1649 2357 ad
1671 2317 1830 2358 omne

265 2410 387 2464 opus
430 2408 682 2464 pravum,
710 2392 878 2461 pigrae
913 2391 980 2448 ad
1013 2391 1216 2461 aliquid
1242 2392 1575 2461 operantium
1602 2393 1829 2447 bonum.

267 2486 332 2541 Os
359 2499 532 2540 meum
561 2481 772 2538 nefario
816 2481 1080 2552 pollutum
1108 2491 1192 2537 est
1215 2481 1418 2547 osculo,
1450 2490 1505 2537 et
1530 2482 1714 2553 iniqua
1749 2492 1835 2538 est

267 2576 688 2647 mnenpiscentia
713 2575 1075 2638 maculatum,
1109 2575 1396 2646 verbisque
1441 2575 1734 2632 luxuriosis
1770 2593 1834 2632 ac

266 2669 447 2724 fabulis
469 2668 660 2723 otiosis
680 2667 1185 2738 superabundantcr
1198 2683 1285 2722 me
1305 2675 1360 2722 et
1383 2667 1664 2723 mendacio
1685 2668 1834 2724 coin-

265 2761 492 2832 quinavi.
517 2760 668 2815 Gula:
683 2775 898 2830 semper
911 2767 968 2815 et
991 2759 1243 2815 ebrietati
1265 2761 1496 2827 deditus,
1525 2761 1834 2817 carnalibus

265 2866 530 2922 nunquam
546 2851 826 2906 desideriis
853 2851 1102 2906 satiatus.
1135 2848 1243 2906 Sed
1263 2860 1318 2906 et
1337 2851 1517 2922 lingua
1541 2867 1660 2907 mea
1684 2852 1831 2907 omni

271 2950 346 2997 est
367 2941 576 2997 fallacia
604 2938 910 3010 profanata.
937 2939 1136 2997 Guttur
1171 2957 1349 2996 meum
1377 2942 1665 2997 insatiabili
1696 2958 1837 2998 sem-

263 3051 349 3104 per
374 3035 533 3089 ardet
560 3033 815 3105 ingluvie.
851 3034 1023 3089 Aures
1051 3049 1184 3090 mea:
1218 3035 1418 3090 dolosis
1461 3043 1588 3090 sunt
1629 3036 1834 3091 obtusae

261 3124 387 3196 (AL,
415 3122 685 3197 obtunsae]
724 3124 981 3196 loquelis,
1011 3134 1274 3198 prompta:
1304 3127 1370 3181 ad
1410 3142 1570 3182 omne
1607 3127 1829 3190 malum.
1859 3158 1909 3224 ο

262 3217 430 3270 surda
456 3215 526 3270 ad
553 3231 715 3271 omne
743 3217 966 3271 bonum.
1016 3217 1075 3272 In
1103 3219 1330 3274 naribus
1359 3234 1592 3289 namque
1639 3220 1836 3288 saepius

260 3306 455 3378 iniquis
493 3307 800 3363 delectatus
845 3322 964 3363 sum
1011 3309 1289 3374 odoribus,
1340 3310 1396 3364 iu
1446 3309 1644 3379 quibus
1670 3310 1835 3364 etiam

257 3400 594 3470 putredinem
634 3399 952 3454 delictorum
977 3400 1198 3456 minime
1243 3401 1454 3456 horrui.
1504 3399 1643 3468 Quid
1675 3401 1838 3473 igitur

258 3492 428 3546 dicam
456 3491 522 3545 de
546 3491 738 3557 oculis,
762 3492 853 3563 qui
880 3493 1128 3548 omnibus
1149 3509 1235 3548 me
1262 3493 1508 3549 fecerunt
1519 3493 1832 3558 obnoxium,

256 3599 580 3654 omnemque
604 3598 822 3639 sensum
849 3586 1026 3640 cordis
1055 3586 1160 3640 mei
1198 3594 1532 3650 averterunt,
1554 3584 1752 3656 quibus
1781 3585 1834 3639 in

257 3677 397 3731 omni
433 3677 684 3732 consensi
714 3677 968 3733 libidine?
1009 3676 1111 3744 Qui
1134 3686 1190 3732 et
1217 3692 1322 3742 me,
1356 3675 1602 3746 quamvis
1631 3689 1756 3730 raro
1781 3674 1836 3728 in

255 3769 567 3824 sanctuario
597 3776 720 3834 tuo,
758 3768 1002 3834 Domine,
1031 3778 1083 3824 te
1103 3768 1418 3823 adorantem
1467 3766 1668 3821 intuitu
1711 3778 1836 3836 per-

255 3871 539 3917 venerunt
575 3861 783 3934 iniquo,
817 3875 1146 3933 omnemque
1187 3869 1394 3915 motum
1445 3858 1691 3929 corporis
1729 3858 1837 3913 mei

255 3953 318 4007 ad
360 3950 647 4008 immunda
698 3960 1087 4023 pertraxerunt
1143 3950 1428 4008 desideria.
1486 3949 1661 4020 Caput
1706 3964 1838 4004 vero

253 4058 432 4098 meum
451 4043 708 4097 omnibus
729 4042 1134 4113 supereminens
1153 4042 1428 4105 membris,
1450 4055 1576 4096 raro
1600 4055 1836 4109 unquam

253 4133 316 4187 ad
349 4143 403 4189 te
430 4133 606 4189 Deum
645 4141 948 4188 creatorem
983 4148 1164 4188 meum
1193 4131 1512 4196 incurvavi;
1551 4130 1644 4186 sed
1671 4131 1837 4185 etiam

249 4225 468 4280 caeteris
492 4224 753 4280 membris
791 4223 927 4297 [Vox
955 4223 1197 4278 membris
1226 4223 1280 4278 in
1309 4223 1429 4278 cod.
1461 4221 1593 4294 Reg.
1625 4220 1834 4294 omitt.]

251 4309 302 4365 in
334 4313 490 4367 omni
521 4312 726 4368 malitia
754 4321 1181 4367 consentaneum
1215 4310 1336 4365 feci.
1366 4309 1473 4366 Cor
1509 4325 1688 4364 meum
1727 4309 1840 4379 ple-

247 4422 377 4460 num
403 4407 531 4462 dolo
552 4416 608 4463 et
629 4407 853 4474 malitia,
875 4422 1150 4478 nunquam
1165 4421 1297 4476 pura
1321 4403 1546 4475 purgavi
1572 4403 1841 4474 paeniten-

247 4501 318 4554 tia
347 4519 360 4553 :
393 4516 723 4570 semperque
748 4499 1013 4556 diabolica
1053 4499 1221 4569 pollui
1259 4496 1527 4562 illusione,
1559 4509 1838 4564 nunquam
1865 4516 1914 4576 υ

240 4603 370 4645 νει-ει
400 4589 923 4648 abluiconfessione.
946 4587 1064 4643 Non
1090 4587 1235 4642 enim
1258 4588 1373 4642 haec
1401 4598 1632 4639 narrans
1660 4589 1832 4650 tuam,

242 4679 504 4745 Domine,
537 4680 594 4733 in
624 4695 710 4735 me
737 4679 1052 4750 blaspheme
1081 4686 1388 4734 creaturam
1417 4689 1432 4729 :
1467 4675 1562 4730 sed
1597 4689 1772 4729 meam
1803 4688 1835 4727 a

243 4778 312 4832 te,
351 4768 610 4841 piissime
636 4767 802 4834 Deus,
832 4783 1064 4839 exposco
1086 4767 1432 4831 medicinam,
1461 4765 1554 4834 qui
1579 4765 1744 4818 etiam
1775 4763 1834 4818 in

239 4861 504 4915 omnibus
551 4860 813 4915 membris
855 4861 990 4915 meis
1037 4875 1123 4915 me
1179 4873 1330 4914 reum
1383 4855 1624 4928 intelligo
1673 4871 1840 4925 super

235 4964 568 5006 mensuram
595 4968 607 5004 :
639 4951 765 5020 quia
791 4959 854 5005 ut
881 4960 1027 5006 astra
1058 4950 1178 5006 coeli
1205 4960 1368 5019 atque
1396 4963 1616 5002 arenam
1643 4945 1829 5010 maris,

235 5055 358 5094 mea
425 5042 504 5096 ita
560 5040 978 5094 innumerabilia
1031 5053 1302 5109 cognosco
1352 5036 1565 5092 delicta.
1611 5035 1836 5105 insuper

236 5130 413 5185 etiam
451 5133 562 5194 ira,
597 5128 841 5194 tristitia,
869 5129 1076 5194 acedia,
1102 5127 1368 5198 iactantia
1422 5135 1582 5198 atque
1605 5127 1832 5192 desidia,

234 5221 617 5288 anilibusque
658 5226 780 5273 octo
821 5216 1208 5288 principalibus
1235 5216 1382 5270 vitiis
1410 5215 1702 5270 obnoxium
1747 5229 1837 5270 me

235 5319 361 5364 esse
385 5309 674 5380 proﬁteor.
699 5306 808 5363 Sed
838 5317 910 5370 tu,
943 5307 1188 5370 Domine,
1211 5306 1546 5362 occultorum
1568 5304 1833 5373 cognitor,

237 5401 330 5466 qui
363 5401 559 5454 dixisti
585 5399 965 5470 paenitentiam
1016 5407 1070 5452 te
1097 5397 1258 5452 malle
1289 5404 1636 5467 peccatorum
1671 5411 1832 5465 quam

235 5501 488 5550 mortem
509 5534 524 5558 ,
587 5491 686 5548 tibi
719 5492 903 5547 omnia
951 5491 1131 5548 cordis
1165 5490 1274 5546 mei
1327 5489 1577 5546 revelabo
1611 5503 1832 5545 arcana.

309 5641 340 5668 ⁸
375 5628 601 5700 lnCod.
657 5629 787 5700 Reg.
835 5627 1086 5683 Titulus:
1121 5626 1391 5699 Incipiunt
1433 5627 1625 5699 psalmi
1679 5629 1842 5700 pleni-

240 5698 498 5770 tentiam
524 5696 868 5770 numero'vu,
892 5715 1010 5770 qua:
1045 5696 1371 5770 unaquaeque
1399 5696 1576 5753 anima
1596 5696 1713 5769 quin
1734 5696 1843 5752 Deo

239 5767 465 5835 war-ere
494 5769 790 5838 desiderat,
815 5767 912 5842 pro
949 5767 1248 5825 remissibne
1275 5767 1616 5842 peccatorum
1631 5784 1843 5825 suorum

1932 581 2053 620 rum
2075 578 2130 622 et
2156 568 2527 623 remissionem
2563 569 2805 623 omnium
2853 577 3222 638 peccatorum,
3254 569 3502 624 intimam

1930 659 2062 713 mihi
2095 659 2274 714 cordis
2312 657 2706 714 confessionem
2743 660 2919 715 tribue
2966 661 3226 730 poscenti.
3259 660 3503 727 Iteuova,

1931 750 2126 804 inuova
2168 748 2322 822 [ϐοά.
2362 749 2517 820 Reg.,
2567 750 2763 805 iunova
2795 751 2850 805 iu
2886 750 3017 824 me],
3045 752 3291 820 piissime
3319 751 3502 820 Pater,

1931 840 2193 910 quidquid
2227 841 2442 896 actione
2463 879 2481 905 ,
2517 841 2660 910 quod
2688 842 2883 905 verbo,
2917 843 3062 911 quod
3111 842 3228 913 ipsa
3273 842 3506 913 denique

1932 929 2262 999 cogitatione
2286 928 2548 984 diabolica
2577 928 2769 985 fraude
2799 931 3046 985 vitiatum
3074 940 3195 998 est;
3228 941 3284 986 et
3312 933 3504 987 unitati

1931 1020 2176 1088 corporis
2205 1019 2456 1075 Ecclesiae
2481 1022 2782 1076 membrum
2829 1032 2935 1078 tuae
2970 1024 3355 1092 redemptionis
3402 1040 3501 1078 an—

1930 1120 2116 1177 necte;
2143 1119 2199 1167 et
2226 1127 2332 1165 non
2359 1112 2645 1168 habentem
2688 1113 2943 1169 ﬁduciam
2972 1115 3072 1169 nisi
3101 1115 3153 1168 in
3181 1123 3271 1169 tua
3293 1115 3505 1170 miseri-

1931 1202 2137 1268 cordia,
2158 1202 2225 1257 ad
2237 1210 2636 1257 sacramentum
2665 1211 2768 1258 tua:
2787 1205 3242 1260 reconciliationis
3261 1205 3504 1268 admitte,

1931 1293 2037 1349 Per
2058 1291 2242 1349 Iesum
2262 1292 2537 1348 Christum
2557 1294 2892 1365 unigenitum
2927 1295 3122 1352 Filium
3151 1304 3300 1349 tuum
3324 1294 3507 1349 Domi-

1933 1399 2064 1438 num
2110 1391 2167 1438 et
2214 1381 2556 1440 Salvatorem
2585 1394 2864 1452 nostrum,
2906 1385 3002 1455 qui
3032 1395 3206 1442 tecum
3235 1401 3339 1440 una
3381 1400 3505 1440 cum

1931 1482 2121 1530 sancto
2149 1472 2357 1545 Spiritu
2385 1491 2528 1530 unus
2561 1485 2647 1531 est
2689 1477 2947 1532 Dominus
2969 1518 2985 1543 ,
3033 1493 3128 1548 per
3180 1476 3506 1532 immortalia

1932 1580 2164 1634 regnans
2193 1566 2388 1621 saecula
2422 1567 2759 1623 szeculorum.
2798 1568 2970 1624 Amen

2136 1689 2160 1717 ⁸
2195 1687 2498 1737 ’.λιιι
2539 1690 3216 1741 ιωπιτικτιιιιι
3253 1683 3304 1738 ι³.

2529 1791 2848 1849 PSALMUS
2891 1793 2910 1849 l
2928 1835 2943 1849 .

1998 1908 2179 1981 (Pun.
2201 1907 2303 1978 vi.)
2344 1909 2590 1975 Domine,
2620 1925 2689 1966 ne
2719 1911 2772 1965 in
2807 1907 2989 1966 furore
3015 1918 3108 1967 tuo
3136 1927 3333 1982 arguas
3368 1926 3499 1970 me:

1928 2014 2105 2070 neque
2129 2000 2183 2054 in
2213 2000 2293 2054 ira
2317 2008 2409 2056 tua
2427 2002 2690 2071 corripias
2712 2018 2817 2057 me.
2846 2001 3100 2060 Miserere
3127 2005 3232 2059 mei
3257 2004 3508 2073 Domine,

1929 2089 2183 2160 quoniam
2206 2089 2452 2146 inﬁrmus
2470 2107 2588 2147 sum
2625 2110 2639 2148 :
2681 2107 2813 2149 sana
2841 2109 2924 2148 me
2953 2093 3210 2162 Domine,
3243 2096 3501 2166 quoniam

1929 2184 2249 2239 conturbata
2272 2193 2401 2239 sunt
2426 2200 2550 2240 ossa
2571 2200 2711 2240 mea.
2746 2187 2814 2240 Et
2837 2188 3016 2242 anima
3039 2203 3158 2244 mea
3183 2191 3396 2245 turbata
3420 2200 3506 2244 est

1931 2275 2117 2330 valde:
2143 2275 2237 2330 sed
2258 2286 2312 2331 tu
2332 2275 2558 2332 Domine
2585 2280 2895 2348 usquequo?
2915 2277 3240 2336 Convertere
3261 2281 3510 2347 Domine,

1931 2375 1987 2421 et
2006 2366 2153 2436 eripe
2175 2365 2412 2421 animam
2437 2382 2643 2433 meam,
2675 2369 2884 2424 salvum
2907 2384 2992 2424 me
3013 2368 3098 2426 fac
3109 2379 3334 2442 propter
3347 2371 3510 2427 misc-

1933 2458 2222 2514 ricordiam
2240 2467 2408 2513 tuam.
2439 2457 2704 2526 Quoniam
2733 2475 2840 2515 non
2865 2467 2951 2516 est
2970 2460 3025 2515 in
3050 2469 3244 2526 morte,
3273 2462 3368 2531 qui
3397 2476 3513 2516 me-

1933 2562 2053 2602 mor
2089 2547 2160 2602 sit
2190 2547 2267 2601 tui
2293 2561 2308 2600 :
2339 2547 2394 2602 in
2415 2547 2630 2604 inferno
2647 2557 2829 2605 autem
2854 2549 2977 2620 quis
3001 2549 3348 2605 conﬁtebitur
3372 2551 3508 2606 tibi?

1931 2637 2197 2695 Laboravi
2227 2638 2283 2693 in
2315 2640 2518 2710 gemitu
2545 2655 2690 2707 meo,
2716 2640 2907 2697 lavabo
2933 2656 3030 2711 per
3058 2641 3296 2714 singulas
3323 2652 3515 2698 noctes

1934 2732 2132 2788 lectum
2155 2744 2335 2786 meum
2368 2749 2381 2784 :
2407 2731 2668 2803 lacrymis
2686 2732 2822 2788 meis
2848 2740 3079 2787 stratum
3101 2747 3280 2788 meum
3304 2733 3513 2803 rigabo.

1937 2821 2210 2879 Turbatus
2243 2829 2329 2878 est
2349 2837 2378 2876 a
2408 2821 2591 2879 furore
2611 2822 2799 2878 oculus
2828 2837 2983 2878 meus
3014 2840 3028 2876 :
3060 2822 3352 2878 inveteravi
3377 2823 3518 2878 inter

1935 2927 2127 2967 omnes
2158 2912 2405 2967 inimicos
2443 2927 2616 2967 meos.
2642 2911 2916 2968 Discedite
2942 2927 2971 2966 a
3017 2927 3104 2967 me
3129 2952 3146 2977 ,
3187 2927 3380 2968 onmes
3421 2914 3515 2982 qui

1937 3003 2238 3076 operamini
2261 3004 2604 3074 iniquitatem
2637 3021 2650 3058 :
2676 3005 2932 3075 quoniam
2952 3005 3227 3060 exaudivit
3255 3003 3517 3061 Dominus

1937 3115 2128 3156 vocem
2147 3098 2304 3155 ﬂetus
2325 3098 2452 3153 mei.
2477 3096 2766 3154 Exaudivit
2800 3098 3058 3152 Dominus
3083 3098 3514 3168 deprecationem

1938 3205 2135 3255 meam,
2158 3189 2419 3246 Dominus
2438 3187 2741 3243 orationem
2759 3188 2867 3260 65
2889 3203 3065 3244 meam
3094 3189 3352 3258 suscepit.
3383 3189 3517 3246 Ern-

1933 3281 2179 3346 bescant,
2244 3287 2301 3336 et
2347 3278 2738 3337 conturbentur
2786 3279 3138 3334 vehementer
3183 3294 3375 3337 onmes
3416 3280 3516 3336 iui-

1934 3373 2061 3429 mici
2114 3374 2218 3429 mei
2252 3389 2266 3427 :
2305 3381 2696 3429 convertantur
2731 3381 2787 3428 et
2815 3372 3137 3429 erubescant
3178 3371 3334 3429 valde
3368 3373 3517 3430 veio-

1935 3466 2090 3522 citer.

2007 3556 2078 3612 Ut
2123 3576 2305 3630 supra.
2338 3559 2920 3623 Domine,couvertere
2947 3595 2962 3622 ,
3002 3565 3060 3612 et
3089 3557 3238 3628 eripe
3273 3559 3510 3614 animam

1936 3665 2151 3716 meam;
2187 3652 2395 3706 salvum
2435 3667 2522 3706 me
2541 3651 2626 3705 fac
2651 3659 2873 3720 propter
2891 3648 3316 3706 misericordiam
3347 3661 3513 3705 tuam.

1939 3743 2188 3813 Respice,
2220 3750 2278 3798 et
2298 3743 2493 3797 exaudi
2520 3758 2628 3806 me,
2656 3741 2883 3797 Domine
2907 3740 3050 3796 Deus
3075 3756 3250 3806 meus,
3278 3742 3516 3797 illumina

1936 3835 2120 3890 oculos
2155 3847 2307 3888 meos
2331 3851 2344 3886 :
2382 3849 2451 3887 ne
2478 3846 2722 3901 unquam
2765 3831 3104 3887 obdormiam
3133 3833 3188 3886 in
3217 3841 3415 3896 morte,
3445 3849 3514 3886 ne

1935 3929 2153 3998 quando
2165 3926 2312 3982 dicat
2325 3925 2576 3980 inimicus
2594 3938 2746 3978 meus
2764 3941 2779 3975 :
2804 3922 3064 3976 Praevalui
3087 3923 3348 3979 adversus
3365 3939 3511 3979 eunt.

1935 4017 2020 4073 Ab
2044 4016 2270 4074 occultis
2294 4015 2433 4070 meis
2465 4013 2670 4068 munda
2709 4028 2798 4067 me
2818 4051 2834 4079 ,
2867 4011 3092 4068 Domine
3113 4053 3131 4080 ,
3151 4023 3209 4069 et
3241 4015 3310 4070 ab
3330 4015 3519 4071 alienis

1936 4121 2101 4176 parce
2127 4119 2285 4163 88Πο
2313 4114 2426 4160 tuo.

2011 4196 2216 4252 Oratio.
2252 4195 2550 4251 Exauditor
2582 4199 2822 4250 omnium
2850 4197 3026 4262 Deus,
3058 4199 3253 4254 exaudi
3301 4209 3516 4255 nostro-

1939 4302 2060 4342 rum
2095 4285 2316 4341 ﬂetuum
2339 4286 2632 4356 supplicem
2663 4302 2873 4353 vocem,
2901 4297 2956 4343 et
2981 4290 3159 4345 tribue
3187 4289 3519 4345 inﬁrmitati-

1939 4379 2039 4434 bus
2065 4378 2266 4434 nostris
2287 4387 2606 4450 perpetuam
2636 4377 2947 4434 ﬁrmitatem
2965 4377 3119 4452 [Cod.
3142 4378 3295 4450 Περι,
3318 4395 3514 4451 perpe-

1941 4479 2090 4525 tuam
2119 4469 2455 4543 sospitatem]
2479 4488 2492 4523 :
2525 4478 2585 4524 ut
2599 4471 2726 4526 dum
2751 4469 3037 4540 dignanter
3059 4472 3316 4542 gemitum
3340 4472 3514 4525 nostri

1942 4559 2144 4614 laboris
2171 4559 2424 4629 suscipis,
2445 4568 2539 4615 tua
2559 4575 2660 4617 nos
2679 4575 2895 4630 semper
2922 4559 3294 4616 misericordia
3315 4575 3516 4616 conso-

1940 4650 2088 4706 leris.
2117 4649 2220 4705 Per
2241 4649 2548 4706 Dominum.

2537 4759 2856 4816 PSALMUS
2884 4759 2946 4816 11.

1981 4852 2190 4926 ’(Ρελι..
2218 4852 2394 4924 xxxi.)
2417 4851 2565 4906 Beati
2587 4865 2816 4921 quorum
2845 4850 3086 4924 remissa
3111 4859 3237 4907 sunt
3255 4852 3510 4923 iniquila-

1939 4953 2022 4998 tes
2051 4962 2064 4994 τ
2089 4951 2145 4999 et
2169 4958 2396 5013 quorum
2434 4949 2575 4997 tecta
2607 4949 2733 4996 sunt
2761 4950 3003 5013 peccata.
3049 4941 3250 5000 Beatus
3274 4946 3379 5008 vir,
3424 4947 3514 4999 cui

1943 5051 2048 5090 non
2074 5033 2359 5110 imputavit
2381 5031 2639 5087 Dominus
2661 5041 2942 5103 peccatum
2965 5048 2982 5087 :
3007 5047 3108 5091 nec
3125 5044 3210 5091 est
3235 5035 3288 5090 in
3315 5034 3509 5106 spiritu

1941 5125 2058 5196 ejus
2073 5124 2244 5180 dolus.
2264 5121 2528 5190 Quoniam
2556 5121 2720 5189 tacui,
2743 5123 3183 5180 inveteraverunt
3202 5139 3326 5180 ossa
3349 5137 3466 5178 mea
3495 5139 3510 5176 :

1943 5220 2067 5275 dum
2086 5215 2379 5273 clamarem
2400 5222 2512 5271 tota
2528 5215 2632 5271 die.
2650 5214 2913 5283 Quoniam
2936 5217 3023 5273 die
3039 5232 3104 5272 ac
3119 5224 3277 5272 nocte
3295 5225 3515 5288 gravata

1941 5318 2026 5364 est
2051 5322 2215 5379 super
2227 5321 2313 5362 me
2332 5321 2524 5361 manus
2546 5313 2638 5361 tua
2674 5323 2687 5360 ἶ
2715 5322 3012 5379 conversus
3033 5322 3151 5363 sum
3177 5308 3232 5362 in
3252 5323 3512 5366 aerumna.

1935 5401 2062 5454 dum
2091 5398 2379 5472 conﬁgitur
2402 5396 2576 5466 spina.
2604 5397 2870 5453 Delictum
2899 5414 3080 5454 meum
3109 5399 3383 5471 cognitum
3408 5399 3508 5456 tibi

1937 5488 2040 5545 feci
2073 5507 2089 5544 :
2119 5497 2176 5545 et
2212 5487 2534 5561 injustitiam
2559 5502 2734 5541 meam
2767 5502 2872 5542 non
2900 5487 3180 5545 abscondi.
3215 5487 3356 5554 Dixi,
3386 5504 3521 5548 con-

1939 5638 2125 5680 canere
2149 5619 2340 5676 debet.’

2017 5695 2042 5734 δ
2072 5693 2312 5767 Exstant
2348 5691 2428 5767 in_
2457 5689 2635 5748 libello
2677 5689 2852 5747 Caroli
2906 5691 3076 5761 Calvi,
3108 5708 3231 5766 pag.
3276 5691 3342 5748 l6
3373 5707 3516 5767 seq.,

1949 5764 2150 5836 absque
2181 5761 2535 5819 orationibus.
