3968 6180
271 275 372 331 ΒΞΘ

1257 279 1648 338 LITURGICA.
1689 305 1760 324 -—
1795 283 2064 344 OFFICIA
2106 283 2548 346 PEKFERIAS.

3417 295 3521 351 53D

268 388 514 454 Domine,
545 387 721 445 libera
751 403 889 456 nos;
919 398 976 447 et
1017 394 1284 466 propitius
1318 404 1439 452 esto
1483 399 1720 467 peccatis
1749 413 1846 452 no-
1871 401 1920 460 Α
1951 399 2155 456 Exaudi
2185 415 2272 457 me
2296 401 2543 471 Domine,
2575 403 2826 476 quoniam
2851 405 3082 478 benigna
3110 418 3194 464 est
3219 411 3525 468 misericor—

265 479 394 536 stris
421 487 653 549 propter
679 495 876 536 nomen
909 491 1080 538 tuum.

1951 492 2038 546 dia
2095 501 2183 548 tua
2231 508 2260 549 :~
2315 496 2609 552 secundum
2662 497 3058 554 multitudinem
3121 501 3526 558 miserationum

355 563 568 624 Oratio.
600 569 826 625 Pronum
846 571 1211 630 miserationis
1230 576 1496 632 ineffabile
1516 592 1710 634 nomen
1733 576 1850 634 Tri-
1951 591 2165 638 tuarum
2196 587 2403 655 respice
2429 586 2489 642 in
2509 601 2612 642 me.
2648 588 2714 648 Et
2754 604 2824 644 ne
2849 600 3063 647 avertas
3089 593 3280 649 faciem
3319 602 3463 649 tuam
3496 612 3524 649 a

265 659 454 714 uitatis
483 657 631 713 Deus
654 657 808 731 [ϐοά.
833 659 958 732 Reg.
978 702 993 728 ,
1028 664 1280 721 Persolvc
1306 667 1680 742 miserationes
1707 678 1845 734 tuas,

262 749 417 804 nobis
466 749 738 806 inell‘abile
776 767 974 809 nomen
1021 762 1194 823 tuum,
1221 758 1460 816 Trinitas
1515 761 1704 833 Deus],
1756 766 1848 832 qui

260 839 487 894 humani
510 841 747 911 pectoris
773 851 990 898 antrum
1018 847 1320 903 emundans
1345 850 1510 918 vitiis,
1538 867 1700 922 super
1725 867 1851 908 can-

259 931 450 986 dorem
475 929 648 987 ellicis
695 933 873 1000 nivis;
904 935 1120 1004 innova,
1163 954 1494 1008 quaesumus,
1526 942 1582 997 in
1630 944 1851 1000 visceri-

260 1022 362 1078 bus
387 1023 600 1078 nostris
654 1022 916 1095 Spiritum
968 1037 1216 1084 sanctum
1261 1037 1432 1097 tuum,
1480 1047 1588 1101 quo
1634 1033 1849 1089 laudem

261 1118 409 1166 tuam
459 1115 786 1169 annuntiare
826 1116 1137 1186 possimus:
1172 1128 1232 1172 ut
1264 1129 1412 1176 recto
1457 1123 1848 1194 principalique

259 1205 452 1274 spiritu
481 1204 816 1272 conﬁrmati,
838 1222 1146 1264 mereamur
1166 1213 1384 1269 :eternis
1411 1214 1629 1270 sedibus
1649 1216 1704 1270 in
1721 1215 1847 1271 llic-

260 1294 495 1352 rusalem
525 1297 805 1352 caelestem
827 1299 1099 1368 componi.
1124 1299 1246 1372 Per.

759 1429 868 1500 37
903 1424 1226 1486 PSALMUS
1265 1432 1330 1487 v.

1947 687 2118 742 puero
2154 682 2280 741 tuo;
2315 676 2568 744 quoniam
2609 678 2858 744 tribulor,
2892 681 3150 737 velociter
3187 682 3380 739 exaudi
3415 700 3520 740 me.

1949 761 2170 818 intende
2195 765 2390 818 animae
2416 776 2668 826 meamet
2707 767 2874 824 libera
2913 785 3032 827 eam
3059 790 3070 824 :
3103 781 3324 842 propter
3348 773 3528 836 inimi-

1949 865 2042 906 cos
2073 848 2224 908 meos
2251 855 2400 923 eripe
2425 870 2530 913 me.-

2021 939 2225 996 Oratio.
2266 943 2565 1000 Exorabilis
2593 945 2840 1014 Domine,
2875 949 3094 1010 intende
3137 952 3192 1012 in
3221 954 3523 1010 orationem

1946 1032 2247 1102 supplicum
2280 1043 2517 1102 tuorum,
2546 1046 2627 1102 ut,
2673 1040 2766 1112 qui
2806 1040 2861 1096 in
2907 1043 3144 1110 peccatis
3180 1045 3380 1100 detenti
3407 1056 3526 1101 tan-

1947 1138 2108 1191 quam
2138 1123 2320 1180 l‘enuiu
2359 1128 2636 1194 aruimus,
2653 1139 2902 1199 respectu
2943 1132 3522 1198 cmlestismisericor-

1947 1211 2049 1267 dim
2074 1212 2434 1270 sublevemur.
2474 1217 2598 1272 Per.

2513 1353 2832 1412 PSALMUS
2873 1357 2959 1414 Vl.

2018 1462 2196 1534 (Psan.
2247 1464 2455 1537 cxxxx.)
2493 1465 2569 1522 De
2604 1467 2886 1536 profundis
2929 1470 3154 1530 clamavi
3202 1475 3272 1528 ad
3321 1485 3371 1530 te
3419 1475 3522 1532 Do-

328 1562 512 1634 (Ρςη,
545 1562 663 1636 ει.)
700 1563 946 1632 nomine,
973 1566 1167 1622 exaudi
1210 1569 1512 1625 orationem
1540 1585 1714 1628 meam
1744 1588 1759 1627 ε
1791 1582 1848 1628 οι
1941 1553 2123 1608 mine:
2173 1554 2398 1609 Domine
2438 1557 2630 1612 exaudi
2661 1573 2852 1614 vocem
2899 1574 3097 1616 meam.
3148 1561 3309 1621 Fiant
3361 1580 3524 1622 aures

253 1654 470 1708 clamor
489 1670 638 1710 meus
669 1656 737 1710 ad
764 1665 816 1711 te
853 1657 1052 1712 veniat.
1082 1656 1198 1713 Non
1233 1669 1450 1715 avertas
1478 1661 1670 1718 faciem
1698 1673 1842 1720 tuam

1947 1651 2052 1697 tuae
2082 1643 2418 1700 intendentes
2444 1646 2497 1699 in
2520 1661 2708 1702 vocem
2732 1649 3128 1719 deprecationis
3157 1668 3309 1708 meae.
3339 1653 3396 1710 Si
3425 1657 3526 1710 ini-

252 1762 285 1799 a
321 1760 414 1800 me
443 1764 456 1798 ε
482 1745 537 1799 in
558 1760 875 1817 quacunque
900 1747 985 1804 die
1013 1749 1260 1817 "unum,
1287 1751 1486 1808 inclina
1516 1753 1584 1809 ad
1615 1771 1702 1812 me
1741 1773 1836 1814 au_
1868 1745 1915 1808 Β
1945 1734 2179 1806 quitates
2224 1736 2619 1805 observaveris,
2649 1739 2896 1807 Domine,
2941 1740 3186 1812 Domine,
3217 1746 3338 1815 quis
3365 1748 3530 1802 susti-

252 1850 376 1892 rem
406 1843 571 1890 tuam.
599 1835 654 1890 ln
690 1852 1013 1907 quacunque
1038 1839 1124 1894 die
1153 1841 1476 1900 invocavero
1506 1853 1558 1900 te
1589 1863 1602 1899 :
1643 1847 1842 1904 veloci-

253 1935 343 1979 ter
377 1926 576 1981 exaudi
621 1943 726 1982 me.
776 1926 915 1996 Quia
965 1930 1275 1988 defecerunt
1320 1935 1458 1990 sicut
1496 1935 1674 1992 fumus
1726 1939 1842 1995 dies

251 2016 364 2070 mei
391 2034 404 2069 :
432 2024 488 2071 ct
512 2031 634 2072 ossa
666 2032 785 2071 mea
827 2019 968 2074 sicut
996 2021 1257 2076 cremium
1301 2033 1578 2086 aruerunt.
1614 2024 1840 2082 Percus-

251 2122 351 2163 sus
375 2123 495 2163 sum
523 2119 581 2162 ut
609 2106 817 2174 fenum,
842 2118 898 2165 et
930 2110 1076 2164 aruit
1103 2127 1199 2167 cor
1225 2128 1403 2168 meum
1429 2129 1444 2167 :
1492 2113 1616 2184 quia
1643 2116 1841 2172 oblitus

249 2214 373 2254 sum
415 2199 702 2256 comedere
741 2216 934 2271 panem
969 2217 1169 2258 meum.
1218 2202 1263 2256 A
1294 2219 1426 2258 voce
1457 2206 1688 2276 gemitus
1734 2208 1841 2263 mei

249 2290 482 2346 adhaesit
513 2305 578 2346 os
622 2307 802 2346 meum
846 2293 996 2348 carni
1048 2307 1200 2348 mete.
1258 2293 1463 2350 Similis
1508 2295 1680 2352 factus
1721 2313 1839 2353 sum

249 2381 501 2452 pelicano
548 2382 902 2439 solitudinis:
953 2381 1128 2439 factus
1176 2400 1295 2439 sum
1351 2385 1490 2441 sicut
1525 2389 1840 2458 nycticorax

251 2469 309 2524 in
337 2471 630 2526 domicilio.
669 2471 923 2543 Vigilavi,
953 2481 1008 2527 et
1043 2471 1217 2528 factus
1241 2489 1361 2528 sum
1387 2474 1528 2530 sicut
1551 2491 1738 2546 passer
1762 2491 1843 2532 so-

250 2560 468 2615 litarius
497 2562 554 2615 in
600 2569 760 2616 tecto.
811 2562 946 2617 Tota
977 2562 1064 2618 die
1101 2564 1506 2634 exprobrabant
1553 2566 1688 2621 mihi
1738 2568 1842 2624 ini-

246 2651 380 2707 mici
408 2653 515 2708 mei
541 2671 554 2706 :
599 2661 653 2707 et
679 2653 769 2724 qui
810 2653 1103 2709 laudabant
1129 2669 1234 2720 me,
1265 2655 1553 2712 adversum
1585 2656 1843 2726 mejura-

246 2746 402 2800 bant.
455 2745 592 2814 Quia
621 2747 859 2802 cinerem
893 2756 1151 2818 tanquam
1179 2763 1374 2819 panem
1417 2751 1838 2819 manducabam,

246 2845 304 2888 et
332 2843 521 2906 potum
571 2851 752 2891 meum
795 2853 917 2892 cum
960 2838 1086 2895 lletu
1128 2839 1443 2895 miscebam.
1491 2840 1538 2895 A
1583 2841 1720 2898 facie
1749 2843 1843 2897 ine

247 2926 642 2997 indignationis
681 2935 822 2984 ture:
857 2930 983 3000 quia
1027 2931 1246 2986 elevans
1293 2931 1504 2988 allisisti
1554 2948 1661 2988 me.
1718 2934 1844 2990 Dies

247 3017 356 3071 mei
386 3019 534 3073 sicut
575 3019 768 3075 umbra
798 3020 1244 3077 declinaverunt:
1277 3031 1333 3078 et
1359 3038 1460 3094 ego
1493 3025 1633 3079 sicut
1662 3025 1842 3080 fenum

249 3109 391 3164 arui.
427 3110 508 3166 Tu
537 3121 742 3178 autem,
780 3112 1022 3178 Domine,
1055 3114 1108 3168 in
1149 3123 1410 3170 aeternum
1435 3131 1720 3186 permancs
1747 3135 1760 3171 :
1789 3125 1843 3172 et

248 3201 572 3257 memoriale
615 3211 764 3257 tuum
815 3203 868 3257 in
919 3203 1263 3274 generatione
1313 3212 1369 3259 et
1415 3207 1841 3275 generationem.

248 3291 328 3346 Tu
360 3306 668 3363 exsurgens
705 3292 1052 3348 misereberis
1089 3293 1219 3349 Sion
1245 3312 1258 3348 :
1289 3295 1416 3365 quia
1446 3304 1658 3366 tempus
1683 3297 1844 3353 mise-

247 3382 402 3437 rendi
447 3383 590 3454 ejus,
633 3384 760 3454 quia
787 3383 934 3439 venit
965 3392 1193 3454 tempus.
1226 3383 1492 3453 Quoniam
1523 3387 1845 3458 placuerunt

245 3474 423 3529 aen-is
450 3475 558 3528 tuis
586 3473 792 3543 lapides
825 3472 986 3542 eius:
1041 3482 1099 3530 et
1139 3482 1298 3530 terra:
1345 3475 1462 3545 ejus
1510 3478 1842 3534 miserebun-

245 3569 355 3616 tur.
388 3562 458 3617 Et
484 3563 753 3618 timebunt
797 3573 984 3636 gentes
1028 3581 1224 3621 nomen
1270 3575 1441 3632 tuum,
1502 3567 1748 3635 Domine,
1788 3577 1844 3624 et

245 3665 441 3707 omnes
470 3668 628 3723 reges
672 3662 829 3709 terra:
873 3655 1099 3726 gloriam
1152 3665 1319 3711 tuam.
1374 3656 1511 3723 Quia
1553 3659 1839 3714 aediﬁcavit

245 3747 512 3806 Dominus
543 3749 672 3806 Sion
701 3766 718 3806 :
760 3761 816 3806 et
839 3751 1109 3808 videbitur
1134 3751 1186 3807 in
1217 3753 1387 3823 gloria
1415 3768 1534 3808 sua.
1579 3753 1838 3823 Respexit

246 3842 298 3896 in
327 3844 635 3899 orationem
666 3845 949 3899 humilium
977 3863 991 3899 :
1024 3853 1079 3902 et
1105 3861 1210 3901 non
1251 3845 1456 3915 sprevit
1495 3859 1710 3915 precem
1741 3860 1836 3901 co-

246 3950 388 3990 rum.
423 3934 747 3993 Scribuntur
782 3939 897 3993 haec
927 3939 982 3992 in
1027 3940 1374 4008 generatione
1417 3939 1623 3995 altera:
1663 3947 1719 3994 et
1747 3955 1840 4011 po-

247 4027 432 4096 pulus,
459 4030 554 4098 qui
581 4031 878 4096 ereabitur,
908 4031 1153 4087 laudabit
1202 4032 1508 4088 Dominum.
1553 4032 1688 4098 Quia
1720 4048 1840 4101 pro-

246 4123 432 4190 spexit
459 4123 525 4177 de
563 4122 777 4179 excelso
817 4133 1005 4180 sancto
1050 4141 1170 4190 suo,
1210 4126 1469 4181 Dominus
1515 4126 1580 4181 de
1606 4127 1743 4182 cmlo
1783 4127 1838 4182 in

246 4220 459 4267 terram
481 4215 713 4283 aspexit.
747 4214 818 4271 Ut
858 4214 1070 4272 audiret
1113 4216 1347 4288 gemitus
1387 4217 1834 4285 compeditorum,

242 4313 300 4357 ut
342 4302 586 4359 solveret
627 4304 769 4362 ﬁlios
810 4306 1280 4376 interemptorum.
1326 4307 1396 4362 Ut
1425 4307 1744 4364 annuutient
1780 4308 1835 4364 in

244 4391 377 4447 Sion
410 4407 609 4448 nomen
633 4393 845 4449 Domini
869 4413 885 4448 :
917 4403 974 4450 et
1000 4394 1213 4450 laudem
1239 4393 1358 4464 ejus
1385 4395 1442 4450 in
1471 4394 1829 4451 Hierusalem.

239 4483 294 4536 in
317 4485 698 4540 conveniendo
723 4486 948 4557 populos
989 4488 1044 4541 in
1085 4501 1250 4541 unum
1275 4494 1331 4541 et
1363 4501 1518 4558 reges
1543 4495 1705 4543 terra:
1729 4507 1743 4542 :
1774 4498 1836 4544 ut

245 4578 492 4632 serviant
523 4576 769 4632 Domino.
816 4575 1113 4646 Respondit
1142 4577 1192 4632 ei
1237 4577 1289 4631 in
1321 4576 1408 4631 via
1436 4579 1653 4633 virtutis
1681 4594 1829 4636 sure:

237 4669 577 4739 paucitatem
599 4669 806 4724 dierum
837 4684 1080 4724 meorum
1107 4668 1293 4724 nuntia
1317 4669 1468 4724 mihi.
1510 4668 1588 4724 Ne
1614 4685 1835 4728 revoces

243 4774 327 4816 me
375 4761 443 4816 in
485 4759 710 4815 dimidio
748 4760 958 4816 dierum
1003 4774 1285 4815 meorum:
1325 4759 1379 4814 in
1413 4761 1757 4830 generatione
1781 4770 1837 4818 et

241 4850 651 4919 mentionem
665 4850 792 4905 anni
821 4851 916 4905 tui.
941 4850 1098 4904 initio
1114 4857 1193 4914 tu,
1216 4848 1464 4912 Domine,
1489 4857 1690 4904 terram
1714 4849 1834 4904 fun-

241 4943 411 5008 dasti,
437 4949 492 4996 et
515 4956 677 5011 opera
701 4956 958 4996 manuum
981 4948 1196 5001 tuarum
1231 4947 1356 4994 sunt
1384 4939 1525 4993 creli.
1558 4938 1663 5007 lpsi
1689 4940 1831 5008 peri-

238 5033 404 5100 bimt,
435 5042 488 5088 tu
515 5042 697 5090 autem
723 5048 1009 5104 permanes
1037 5051 1049 5086 :
1081 5041 1138 5087 ct
1159 5046 1350 5087 omnes
1375 5030 1518 5087 sicut
1540 5031 1832 5088 vestimen-

243 5135 356 5182 tum
382 5133 748 5183 veterascent.
787 5126 856 5180 Et
897 5125 1040 5183 sicut
1075 5124 1410 5194 opertorium
1455 5123 1692 5178 mutabis
1715 5139 1828 5189 eos,

241 5233 293 5272 et
324 5220 726 5275 mutabuntur:
756 5228 815 5275 tu
857 5229 1038 5275 autem
1078 5220 1222 5276 idem
1251 5220 1365 5290 ipse
1398 5233 1484 5283 es,
1513 5227 1568 5273 et
1599 5219 1726 5274 anni
1753 5219 1826 5274 tui

241 5324 348 5365 non
375 5309 656 5368 deﬁcient.
685 5311 807 5366 Filii
837 5327 1117 5367 servorum
1147 5319 1361 5368 tuorum
1387 5311 1712 5367 habitabant
1737 5329 1749 5365 :
1778 5319 1834 5366 et

243 5415 440 5458 seruet:
463 5417 654 5458 eorum
684 5403 740 5456 in
769 5402 1024 5458 saeculum
1053 5402 1338 5479 dirigetur.

313 5491 386 5545 Ut
445 5510 625 5563 supra.
677 5493 841 5558 Deus,
890 5504 946 5548 tu
996 5493 1104 5549 scis
1135 5493 1494 5562 insipientiam
1540 5507 1739 5558 meam,
1778 5502 1834 5548 et

247 5583 443 5639 delicta
469 5601 590 5641 mea
620 5602 651 5640 a
680 5594 732 5639 te
762 5600 867 5640 nou
900 5592 1026 5639 sunt
1046 5584 1380 5638 abscondita.
1405 5583 1461 5638 lu
1494 5583 1834 5638 multitudine

249 5677 636 5733 misericordiae
667 5685 774 5734 luce
804 5675 995 5733 exaudi
1027 5691 1130 5739 me,
1165 5675 1215 5730 iu
1238 5676 1462 5733 veritate
1497 5675 1682 5731 salutis
1708 5683 1830 5731 tum.

1869 3087 1914 3150 C

1862 4439 1911 4500 D

1943 1827 2128 1882 nebit?
2159 1826 2295 1894 Quia
2325 1831 2466 1900 apud
2494 1838 2546 1886 te
2589 1833 2901 1906 prepitiatio
2938 1843 3026 1891 est
3055 1854 3067 1890 :
3109 1844 3166 1892 et
3185 1847 3423 1910 propter
3446 1840 3526 1896 le-

1941 1933 2061 1990 gem
2077 1928 2225 1975 tuam
2239 1923 2474 1978 sustinui
2494 1932 2566 1990 te,
2583 1925 2826 1983 Domine.
2858 1927 3313 1986 Sustinuitanima
3337 1947 3458 1987 mea
3471 1933 3526 1988 in

1940 2011 2107 2064 verbo
2136 2008 2252 2078 ejus
2282 2029 2294 2064 :
2341 2013 2579 2081 speravit
2618 2014 2797 2068 anima
2843 2031 2964 2071 mea
3005 2017 3061 2072 in
3092 2018 3337 2086 Domino.
3359 2019 3410 2074 Α
3436 2037 3526 2074 cu-

1941 2099 2117 2154 stodia
2141 2102 2408 2156 matutina
2429 2117 2600 2172 usque
2620 2105 2688 2160 ad
2714 2113 2927 2162 noctem
2951 2117 3132 2177 speret
3151 2108 3315 2164 lsrael
3345 2111 3398 2164 in
3423 2111 3524 2166 Do-

1942 2194 2109 2250 mino.
2139 2194 2274 2262 Quia
2301 2197 2444 2267 apud
2468 2197 2752 2254 Dominum
2781 2199 3180 2267 misericordia,
3218 2209 3273 2256 et
3308 2203 3526 2274 copiosa

1945 2287 2088 2354 apud
2125 2301 2250 2341 eum
2296 2287 2616 2358 redemptio.
2664 2289 2733 2343 Et
2766 2289 2880 2359 ipse
2932 2291 3162 2346 redimet
3212 2290 3400 2360 Israel,
3456 2308 3522 2348 ex

1944 2377 2198 2434 omnibus
2224 2378 2598 2448 iniquitatibus
2635 2379 2772 2449 ejus.

2017 2465 2084 2521 Ut
2117 2485 2299 2538 supra.
2339 2468 2587 2534 Domine,
2615 2471 2738 2526 vide
2781 2472 3140 2530 humilitatem
3164 2490 3342 2531 meam
3371 2485 3428 2531 et
3447 2477 3524 2532 la-

1943 2558 2131 2617 borem
2160 2574 2338 2614 meum
2369 2578 2382 2614 :
2411 2567 2469 2616 et
2493 2559 2705 2616 dimitte
2733 2562 2984 2618 universa
3027 2563 3221 2619 delicta
3251 2580 3392 2620 mea.
3439 2566 3517 2622 Ne

1941 2650 2158 2720 perdas,
2213 2649 2459 2717 Domine,
2511 2665 2638 2707 cum
2689 2653 2871 2722 impiis
2915 2654 3152 2710 animam
3199 2669 3408 2720 meam;
3463 2665 3521 2710 et

1943 2755 2066 2794 cum
2097 2740 2231 2796 viris
2281 2741 2604 2813 sanguinum
2656 2742 2824 2798 vitam
2879 2759 3076 2800 meam.
3131 2743 3355 2802 Redime
3411 2760 3516 2812 me,

1946 2828 2195 2896 Domine,
2224 2839 2278 2884 et
2313 2831 2574 2888 miserere
2603 2833 2731 2887 mei.

2013 2921 2127 2992 68
2147 2920 2354 2976 Oratio.
2392 2921 2678 2978 intendant
2705 2922 2860 2996 [Cod.
2891 2923 3047 2995 Reg.,
3075 2923 3340 2998 Intende],
3372 2941 3518 2995 qua:-

1945 3028 2132 3068 sumus
2161 3012 2405 3079 Domine,
2435 3015 2650 3085 pietatis
2672 3023 2775 3071 tua:
2799 3031 2958 3072 aures
2979 3018 3032 3072 in
3054 3017 3300 3072 oratione
3328 3015 3380 3089 [Ι
3385 3017 3518 3090 bid.__,

1947 3103 2002 3160 in
2027 3103 2349 3175 orationem]
2377 3105 2696 3176 supplicum,
2727 3107 2855 3176 quia
2890 3107 3034 3176 apud
3068 3117 3120 3164 te
3148 3116 3230 3162 est
3263 3108 3521 3178 propitia-

1948 3193 2023 3248 tio
2065 3203 2454 3265 peccatorum:
2505 3203 2565 3250 ut
2610 3211 2718 3251 non
2761 3197 3017 3252 observes
3062 3197 3377 3266 iniquitates
3421 3215 3518 3252 no-

1946 3292 2106 3350 stras,
2137 3285 2230 3341 sed
2279 3285 2558 3358 impertias
2599 3286 2757 3342 nobis
2790 3275 3194 3344 misericordias
3237 3295 3374 3344 tuas.
3415 3288 3520 3346 I'cr

1945 3375 2253 3432 Dominum.

2495 3467 2812 3526 PSALMUS
2851 3457 2960 3526 vn.

2015 3578 2195 3649 (Pssn.
2233 3580 2424 3650 exui.)
2462 3580 2707 3648 Domine,
2749 3582 2945 3639 exaudi
2992 3584 3293 3641 orationem
3319 3601 3512 3646 meam.

1946 3668 2168 3723 auribus
2207 3670 2426 3738 percipe
2468 3671 2900 3728 obsecrationem
2953 3688 3132 3730 meam
3185 3675 3243 3730 in
3293 3677 3522 3732 veritate

1946 3765 2035 3811 tua
2067 3776 2080 3811 :
2113 3759 2306 3816 exaudi
2334 3773 2422 3812 me
2457 3759 2512 3812 in
2542 3768 2632 3820 tua
2667 3761 2899 3831 iustitia.
2930 3761 3000 3818 Et
3026 3779 3133 3819 non
3161 3764 3333 3820 intres
3361 3766 3414 3819 in
3434 3765 3520 3834 ju-

1941 3847 2141 3903 dicium
2189 3862 2313 3902 cum
2355 3861 2514 3902 servo
2545 3856 2675 3904 tuo:
2721 3851 2848 3918 quia
2892 3865 3001 3904 non
3038 3850 3428 3919 justiticabitur
3467 3855 3519 3908 in

1939 3947 2233 4007 conspectu
2283 3946 2376 4000 tuo
2418 3938 2595 3994 omnis
2633 3939 2839 3996 vivens.
2893 3937 3390 4011 Quia'persecutus
3438 3956 3523 4000 est

1941 4028 2193 4084 inimicus
2237 4029 2474 4085 animam
2515 4044 2691 4085 meam
2721 4048 2734 4084 :
2768 4030 3072 4086 humiliavit
3100 4032 3156 4088 in
3183 4042 3328 4094 terra
3353 4035 3519 4092 vitam

1941 4132 2139 4174 meam.
2170 4117 2466 4175 Collocavit
2499 4134 2586 4174 me
2619 4119 2674 4174 in
2701 4120 2948 4176 obscuris
2974 4122 3116 4178 sicut
3143 4132 3389 4180 mortuos
3417 4141 3517 4182 sae-

1937 4208 2066 4273 culi,
2090 4215 2146 4262 et
2171 4210 2425 4265 anxiatus
2453 4218 2537 4266 est
2555 4225 2718 4280 super
2743 4225 2830 4266 me
2846 4212 3080 4282 spiritus
3115 4229 3270 4270 meus
3303 4233 3315 4268 :
3346 4215 3401 4272 in
3429 4231 3516 4272 mc

1938 4298 2214 4354 turbatum
2239 4307 2322 4355 est
2339 4314 2436 4356 cor
2471 4315 2672 4356 meum.
2703 4301 2908 4360 Memor
2932 4302 3009 4358 lui
3038 4304 3248 4360 dierum
3269 4307 3519 4376 antiquo-

1937 4408 2078 4458 rum,
2124 4393 2416 4448 meditatus
2445 4409 2565 4450 sum
2608 4394 2663 4452 in
2691 4396 2947 4454 omnibus
2971 4396 3226 4466 operibus
3261 4397 3367 4452 tuis
3397 4415 3408 4450 :
3462 4398 3517 4452 in

1939 4483 2103 4542 lactis
2147 4502 2404 4544 manuum
2455 4496 2668 4544 tuarum
2699 4489 3022 4546 meditabar.
3053 4489 3298 4559 Expandi
3327 4505 3519 4546 manus

1942 4593 2091 4635 meas
2119 4579 2187 4636 ad
2215 4588 2268 4634 te
2297 4597 2312 4633 :
2344 4580 2524 4635 anima
2556 4595 2676 4635 mea
2703 4581 2845 4636 sicut
2875 4588 3018 4636 terra
3047 4580 3167 4635 sine
3211 4595 3351 4650 aqua
3395 4581 3512 4637 tibi.

1941 4669 2213 4725 Volociter
2239 4670 2431 4724 exaudi
2459 4684 2566 4734 me,
2588 4670 2842 4726 Domine:
2873 4668 3069 4725 defecit
3096 4670 3318 4739 spiritus
3340 4686 3513 4727 meus.

1940 4758 2058 4814 Non
2096 4766 2313 4814 avertas
2341 4759 2538 4814 faciem
2570 4767 2718 4812 tuam
2747 4772 2786 4816 a.
2820 4773 2948 4816 me:
2992 4767 3048 4813 et
3076 4759 3270 4814 similis
3297 4777 3394 4816 cro
3419 4762 3514 4817 dc-
3540 4745 3570 4773 “’

1938 4851 2318 4906 scendentibus
2370 4851 2426 4906 in
2474 4851 2674 4906 lacum.
2725 4850 2980 4914 Auditum
3033 4851 3120 4909 fac
3172 4855 3305 4910 mihi
3357 4871 3515 4912 mane

1936 4941 2360 5002 misericordiam
2391 4949 2538 4996 tuam
2566 4959 2578 4994 :
2612 4941 2738 5010 quia
2764 4942 2820 4998 in
2843 4950 2896 4997 te
2923 4945 3158 5013 speravi.
3197 4944 3391 5000 Notam
3419 4945 3512 5000 fac

1933 5031 2066 5086 mihi
2105 5031 2252 5085 viam
2303 5030 2355 5084 in
2403 5046 2511 5100 qua
2556 5031 2828 5087 ambulem
2878 5051 2891 5087 :
2943 5034 3072 5102 quia
3119 5035 3189 5089 ad
3239 5043 3293 5090 te
3341 5034 3514 5090 levavi

1923 5123 2168 5180 animam
2189 5137 2386 5177 meam.
2414 5121 2578 5190 Eripe
2603 5137 2690 5178 me
2726 5123 2794 5178 de
2826 5123 3061 5181 inimicis
3082 5124 3238 5189 meis,
3263 5124 3509 5190 Domine,

1932 5214 2002 5269 ad
2047 5222 2100 5268 te
2142 5213 2402 5284 confugi:
2449 5213 2585 5269 doce
2614 5228 2702 5268 me
2754 5212 2935 5270 facere
2981 5215 3313 5272 voluntatem
3344 5226 3512 5282 tuam,

1933 5305 2060 5374 quia
2086 5305 2230 5360 Deus
2263 5319 2418 5362 meus
2442 5320 2504 5360 es
2536 5313 2616 5360 tu.
2657 5304 2893 5374 Spiritus
2929 5314 3055 5362 tuus
3079 5306 3252 5364 bonus
3287 5308 3518 5366 deducet

1935 5412 2024 5453 me
2057 5399 2113 5454 in
2144 5407 2344 5454 terram
2388 5405 2637 5456 rectam:
2682 5409 2907 5468 propter
2943 5415 3142 5456 nomen
3183 5409 3356 5467 tuum,
3405 5402 3514 5458 Βοσ-

1934 5491 2106 5554 mine,
2133 5488 2437 5544 viviﬁcabis
2484 5504 2576 5546 me
2616 5489 2672 5544 in
2722 5490 2978 5560 aequitate
3029 5499 3144 5547 tua.
3197 5492 3408 5548 Educes
3451 5494 3518 5549 de

1937 5581 2286 5637 tribulatione
2313 5581 2549 5635 animam
2590 5596 2791 5648 meam,
2832 5583 2969 5637 etin
3009 5583 3377 5642 misericordia
3424 5593 3514 5639 tua

1940 5672 2216 5746 disperdes
2248 5688 2433 5728 omnes
2470 5672 2713 5732 inimicos
2751 5691 2918 5732 meos.
2969 5675 3034 5730 Et
3090 5677 3282 5747 pcrdcs
3326 5693 3515 5732 oniucs
