3968 6180
459 356 556 414 551
1304 337 1366 394 Β.
1402 335 1464 392 F.
1506 330 1729 390 ALBINI
1767 327 1898 386 SEU
1934 323 2208 382 ALCUINI
2245 320 2530 380 OPERUM
2565 317 2745 378 PARS
2781 317 2867 372 IV.
3611 308 3711 364 539.

462 476 557 549 qui
594 453 854 529 tribulant
891 464 1129 522 animam
1157 472 1334 515 meam
1363 475 1376 511 :
1408 451 1663 525 quoniam
1699 461 1800 518 ego
1844 461 2034 503 servus
2059 445 2109 512 Α
2137 439 2289 542 stris,
2317 446 2372 495 et
2391 435 2685 495 exorabilis
2710 435 2819 490 tuis
2843 441 2964 490 esto
2986 430 3341 533 supplicibus,
3361 436 3428 533 ut
3453 442 3713 549 concessa

466 520 850 624 tunsus-utinm"
966 520 976 521 ί
1425 520 1446 525 ’
2139 530 2318 595 venia,
2347 544 2510 600 quam
2553 541 2862 597 precamur,
2896 531 3156 595 perpetuo
3189 520 3580 578 misericordia:
3612 527 3714 576 tute

537 616 606 712 ὗε
629 616 816 724 supra.
854 647 1093 707 Clamavn
1141 641 1209 700 ad
1251 649 1324 703 te,
1371 635 1615 697 Domine,
1653 632 1762 688 dixi
1798 649 1812 685 :
1848 629 1927 686 Tu
1977 643 2039 684 es
2137 635 2364 677 munere
2388 618 2700 691 gloriemur.
2730 616 2854 672 Per.

467 764 594 822 spes
618 723 761 810 utea,
785 741 966 813 portio
988 750 1106 793 mea
1126 736 1181 790 in
1206 741 1350 788 terra
1377 727 1696 783 viventium.
1721 724 1942 781 Intende
1969 723 2038 777 ad

467 818 901 911 deprecationem
929 844 1128 892 meam,
1179 825 1307 894 quia
1357 820 1672 877 humiliatus
1698 833 1818 873 sum
1855 818 2036 873 nimis.

469 906 663 984 Libem
713 939 801 980 me
851 937 879 975 a
925 914 1372 990 persequentibus
1421 925 1530 974 me,
1578 909 1705 979 quia
1752 906 2040 963 confortati

469 1028 596 1077 sunt
629 1030 792 1087 super
821 1027 928 1068 me.
955 1009 1105 1064 Educ
1133 1006 1201 1062 de
1239 1003 1484 1060 custodia
1507 1003 1744 1057 animam
1768 1015 1946 1056 meam
1974 999 2042 1055 ad

469 1110 832 1167 confitendum
851 1100 1056 1158 nomini
1078 1106 1170 1153 tuo
1200 1114 1213 1152 :
1245 1111 1330 1151 me
1353 1101 1672 1166 exspectant
1690 1091 1846 1163 justi,
1871 1093 2044 1146 donec

472 1201 742 1257 retribuas
779 1193 936 1250 mihi.

545 1288 752 1343 Oratio.
792 1283 934 1338 Deus
959 1280 1053 1353 qui
1087 1278 1409 1336 matutinum
1438 1291 1609 1332 sacra:
1633 1273 2046 1331 resurrectionis

471 1389 578 1436 tua:
607 1379 844 1434 auditam
871 1373 1046 1431 fecisti
1085 1370 1511 1444 iucunditatem;
1555 1383 1678 1424 cum
1723 1382 1791 1423 ex
1831 1365 2045 1422 inferno

474 1474 689 1531 rediens
739 1469 959 1540 replesti
1004 1475 1207 1522 terram
1257 1465 1489 1533 gaudiis,
1537 1477 1700 1532 quam
1751 1461 2048 1531 reliqueras

472 1567 530 1622 in
555 1562 802 1621 obscuris
827 1579 840 1615 :
874 1572 1125 1630 rogamus
1161 1555 1414 1626 potentia:
1441 1563 1545 1609 tuae
1581 1553 1907 1609 ineﬂ'abilem
1935 1566 2050 1606 ma-

2139 769 2340 811 ORA'I'IO
2366 768 2521 807 FERIA
2552 767 2615 815 II,
2643 766 2688 805 SI
2716 764 2834 813 QUIS
2877 764 2935 804 SE
2963 765 3016 802 IN
3047 761 3532 803 τιιιιιυιλτιοιιιιιῦε
3561 760 3720 802 »επιε-

2408 837 2607 877 ιιοτυιι
2637 835 2983 885 INTELLIGA'I‘,
3012 832 3362 873 DECANTANDA
3389 829 3438 870 ⁸.

2212 935 2240 974 ι)
2265 934 2430 998 Deus,
2452 932 2542 1002 qui
2571 930 2929 985 contritorum
2958 944 3065 984 non
3093 927 3329 1000 despicis
3357 928 3640 1000 gemitum,
3670 935 3724 984 et

2141 1025 2490 1080 maerentium
2528 1038 2635 1078 non
2677 1023 2988 1093 asperneris
3028 1021 3299 1088 allectum,
3331 1023 3519 1076 adesto
3559 1022 3726 1091 preci-

2141 1115 2243 1170 bus
2264 1115 2490 1178 nostris,
2517 1128 2653 1184 quas
2678 1113 2866 1183 pietati
2900 1120 3005 1166 tum
3028 1127 3128 1182 pro
3165 1109 3514 1166 tribulatione
3542 1118 3726 1165 nostra

2143 1206 2372 1260 fundere
2397 1204 2770 1276 praesumimus
2794 1221 2806 1257 :
2841 1203 3288 1273 implorantes,ut
3316 1185 3410 1256 eas
3432 1199 3729 1256 clementer

2144 1297 2422 1365 suscipere
2447 1294 2710 1366 digneris,
2739 1293 3054 1361 tribuasque
3084 1332 3100 1356 ,
3140 1299 3200 1344 ut
3225 1290 3487 1362 quidquid
3541 1298 3729 1345 contra

2145 1405 2246 1445 nos
2267 1387 2547 1443 diabolica
2573 1394 2738 1454 atque
2756 1381 3006 1440 humana:
3030 1381 3326 1437 moliuntur
3347 1380 3730 1446 adversitates,

2146 1480 2214 1535 ad
2233 1479 2462 1534 nihilum
2486 1477 2724 1548 redigas,
2752 1483 2809 1532 et
2831 1473 3062 1551 consilio
3095 1471 3319 1544 pietatis
3368 1478 3477 1525 tua:
3506 1469 3698 1524 allidas
3715 1509 3732 1532 .

2147 1577 2208 1624 ut
2232 1569 2395 1624 nullis
2415 1567 2838 1624 adversitatibus
2861 1565 2999 1630 laesi,
3030 1563 3126 1619 sed
3168 1562 3342 1632 erepti
3371 1561 3438 1616 de
3465 1559 3616 1615 omni
3644 1559 3734 1613 tri-

468 1658 744 1731 ]estatem,
773 1662 834 1709 ut
864 1653 1004 1708 sicut
1050 1657 1180 1704 tunc
1221 1657 1496 1703 catervam
1543 1645 1888 1716 apostolicam
1917 1659 2049 1715 gau-

2167 1659 2424 1717 mlatione
2452 1667 2507 1716 et
2535 1658 2808 1729 angustia,
2847 1656 2956 1711 laeti
3006 1655 3104 1710 tibi
3133 1655 3189 1708 in
3215 1652 3461 1708 Ecclesia
3493 1659 3585 1706 tua
3616 1666 3734 1707 san-

473 1756 605 1812 dere
633 1751 806 1812 fecisti
831 1762 985 1806 sacra
1008 1747 1063 1802 in
1095 1741 1330 1800 anastasi
1365 1737 1522 1812 [ϐοά.
1553 1737 1704 1807 Reg.,
1733 1750 1888 1791 sacra
1917 1749 2051 1788 ana-

2167 1763 2237 1810 :ta
2280 1754 2483 1827 gratias
2510 1752 2833 1817 referamus,
2863 1765 2963 1822 per
2995 1747 3271 1804 Christum
3326 1743 3620 1800 Dominum
3647 1759 3735 1799 no-

475 1843 640 1920 stasi]
675 1863 688 1899 :
737 1844 814 1899 ita
859 1842 1003 1897 hanc
1058 1835 1379 1897 Echesiam,
1428 1839 1575 1886 tuam
1619 1827 2050 1920 misericordiam
2083 1826 2128 1888 Β
2153 1826 2328 1903 δεινὼ
2353 1865 2367 1902 ε
2397 1861 2494 1918 ρει.
2523 1860 2685 1917 quem
2709 1852 2784 1910 te,
2811 1856 3022 1898 summe
3045 1839 3210 1904 Deus,
3241 1853 3515 1909 rogamus,
3539 1845 3601 1890 ιη
3624 1851 3736 1906 με,

470 1916 726 2008 expansis
779 1931 1029 1987 manibus
1081 1925 1433 1997 flagitantem,
1483 1919 1768 1992 splendore
1817 1916 2053 1973 cmlcstis

2167 1955 2249 1996 ses
2273 1937 2375 1993 has
2396 1916 2647 1992 attendas
2677 1931 3006 2006 propitiabili
3056 1931 3391 2002 dignatione,
3418 1936 3472 1983 et
3505 1927 3572 1983 ad
3598 1927 3756 1982 hanc'

474 2026 681 2098 iubaris
707 2024 978 2080 illustrare
1008 2018 1267 2091 digneris.
1297 2014 1402 2070 Per
1427 2011 1735 2068 Dominum.

2167 2039 2398 2085 nostram
2421 2028 2723 2083 orationem
2744 2024 3028 2095 respicias,
3045 2036 3208 2092 quam
3235 2021 3331 2075 tibi
3345 2035 3442 2091 pro
3460 2020 3740 2089 ereptione

548 2118 758 2174 Lilam'a
784 2124 842 2170 ut
868 2129 1048 2184 supra.

2167 2128 2213 2175 et
2230 2120 2563 2175 relevatione
2589 2126 2776 2173 nostra
2802 2132 2834 2171 a
2861 2130 3118 2188 pressura
3160 2121 3361 2169 nostrae
3405 2110 3743 2166 inﬁrmitatis

1159 2213 1376 2292 Ριῖεοεεο
1545 2285 1558 2292 Α
1891 2279 1904 2292 ο
2157 2209 2454 2266 offerimus.
2505 2209 2648 2276 Jam,
2676 2208 2936 2273 Domine,
2987 2205 3200 2276 respice
3247 2219 3409 2274 super
3436 2217 3537 2257 nos
3592 2200 3741 2256 vultu

545 2300 658 2370 Ego
703 2295 836 2360 dixi,
879 2291 1129 2358 Domine,
1157 2290 1418 2344 miserere
1454 2285 1584 2349 mei,
1635 2296 1766 2338 sana
1819 2285 2056 2335 animam

2167 2299 2431 2371 placabili,
2462 2306 2518 2354 et
2545 2295 2920 2354 misericordia
2964 2294 3222 2366 singulari
3255 2309 3286 2347 a
3313 2292 3470 2348 nobis
3516 2305 3740 2355 amove,

475 2404 675 2454 meam,
700 2386 826 2458 quia
857 2382 1078 2454 Ρθθθπί
1106 2379 1224 2435 Ῑ-ίδί·
1273 2377 1434 2441 Deus,
1462 2374 1606 2429 Deus
1647 2387 1820 2436 meus,
1853 2370 2060 2440 respice
2160 2370 2303 2461 quod
2330 2391 2538 2446 saevitia
2574 2389 2837 2445 malorum
2888 2387 3179 2460 permittit,
3205 2383 3346 2456 quod
3396 2383 3744 2438 inimicorum

477 2483 530 2537 in
557 2494 665 2545 me,
691 2491 860 2548 quare
902 2489 988 2529 me
1012 2470 1386 2541 dereliquisti?
1428 2467 1586 2536 longe
1631 2481 1662 2519 a
1713 2463 1887 2518 salute
1939 2474 2060 2514 mea

477 2573 643 2628 verba
685 2569 1003 2626 delictorum
1045 2577 1310 2619 meorum.
1339 2561 1450 2630 Ego
1480 2566 1658 2612 autem
1686 2571 1804 2611 sum
1835 2552 2058 2615 vermis,

479 2674 537 2720 et
580 2676 688 2718 non
738 2661 950 2714 homo:
1001 2654 1352 2726 opprobrium
1399 2648 1700 2711 hominum,
1747 2653 1802 2699 et
1831 2641 2062 2711 abjectio

479 2755 671 2827 plebis.
715 2748 980 2821 Quoniam
1027 2754 1084 2801 tu
1129 2759 1211 2809 es,
1239 2741 1488 2806 Domine,
1521 2737 1611 2808 qui
1636 2735 1921 2793 extraxisti
1974 2747 2061 2787 me

481 2825 549 2900 de
570 2850 782 2906 ventre,
811 2853 936 2909 spes
959 2852 1076 2892 mea
1108 2835 1176 2890 ab
1213 2833 1468 2888 uberibus
1497 2829 1686 2888 matris
1715 2842 1849 2882 mete
1873 2844 1885 2879 :
1920 2825 1974 2879 in
2009 2831 2063 2878 te

482 2932 754 3007 proiectus
777 2945 898 2986 sum
921 2944 984 2983 ex
1029 2935 1204 2981 utero.
1234 2923 1394 2980 Salva
1422 2936 1508 2977 me
1532 2936 1600 2976 ex
1639 2934 1734 2976 ore
1759 2918 1931 2973 leonis
1963 2935 1976 2972 :
2009 2925 2065 2972 et

483 3042 515 3079 a
542 3021 798 3079 cornibus
828 3017 1169 3074 unicornium
1191 3013 1552 3069 humilitatem
1575 3025 1769 3065 meam.
1802 3009 1881 3064 Ne
1911 3023 2066 3063 aver-

481 3127 566 3172 tas
591 3115 784 3170 faciem
803 3120 949 3168 tuam
977 3125 1008 3165 a
1029 3125 1136 3175 me,
1160 3124 1228 3164 ne
1249 3107 1483 3164 declines
1511 3107 1564 3161 in
1595 3107 1674 3160 ira
1703 3120 1733 3159 a
1762 3119 1921 3159 servo
1949 3109 2064 3157 tuo.

2159 2482 2401 2554 pravitas
2430 2479 2614 2546 infert,
2642 2479 2785 2550 quod
2811 2492 3099 2550 pravorum
3141 2477 3194 2531 in
3241 2474 3484 2530 consiliis
3509 2473 3748 2529 adversi.

2160 2580 2246 2628 tas
2269 2573 2472 2644 alligat,
2489 2573 2629 2642 quod
2651 2588 2718 2627 ex
2741 2570 2949 2641 judicio
2971 2569 3240 2634 imminet,
3263 2568 3403 2640 quod
3431 2583 3499 2623 ex
3526 2575 3748 2622 senten-

2163 2665 2238 2720 tia
2260 2665 2482 2736 pendet,
2505 2663 2648 2734 quod
2671 2663 3076 2735 conspiratione
3101 2661 3464 2724 machinatur,
3492 2657 3639 2730 quod
3667 2673 3752 2712 ac-

2162 2757 2442 2812 cusatione
2454 2755 2804 2828 confingitur,
2827 2754 2967 2826 quod
2996 2753 3228 2824 propria:
3249 2760 3525 2806 merentur
3552 2748 3753 2818 iniqui-

2165 2858 2328 2917 tates,
2353 2850 2496 2921 quod
2533 2849 2726 2905 alienis
2774 2847 3083 2904 fictionibus
3123 2845 3409 2917 alligatur:
3433 2842 3578 2914 quod
3605 2857 3755 2913 pres-

2166 2944 2310 2998 suris
2339 2942 2643 3012 dejicimur,
2674 2941 2817 3014 quod
2864 2940 3196 2996 cruciatibus
3223 2937 3555 3010 premimur,
3613 2934 3756 3004 quod

2167 3036 2436 3108 angustiis
2463 3035 2854 3107 angustiamur.
2886 3033 3003 3088 Non
3032 3031 3244 3103 justitia
3293 3039 3382 3084 tua
3415 3069 3430 3094 ,
3489 3027 3756 3091 Domine,

2170 3140 2500 3195 quaasumus,
2529 3122 2822 3193 injustitias
2872 3131 3088 3177 nostras
3117 3135 3376 3177 exerceas
3405 3138 3418 3173 :
3450 3117 3548 3174 sed
3575 3117 3760 3188 potius

483 3207 712 3278 Αάἱιιῑοτ
735 3221 889 3262 ωουε
932 3211 1066 3268 θεῖοι
1118 3216 1184 3257 ne
1224 3199 1568 3270 derelinquas
1596 3212 1720 3251 me:
1765 3210 1939 3266 ηθειυθ
1967 3194 2060 3284 ἀθ·
2090 3175 2134 3238 C
2166 3175 2427 3284 pietatem
2480 3175 2629 3267 tuam
2673 3213 2728 3267 in
2768 3212 2971 3267 nostris
3019 3209 3395 3281 iniquitatibus
3439 3175 3755 3263 manifesta.

485 3300 684 3369 spicias
712 3312 822 3363 me,
871 3295 1015 3351 Deus
1045 3292 1300 3350 salutaris
1343 3305 1513 3345 meus.
1555 3287 1634 3343 Ne
1674 3286 1833 3342 simul
1883 3283 2068 3340 tradas

485 3408 574 3448 me
601 3405 725 3446 cum
765 3386 1161 3458 peccatoribus,
1190 3391 1246 3436 et
1272 3396 1394 3436 cum
1439 3377 1786 3448 operantibus
1815 3375 2069 3445 iniquita-

488 3493 598 3538 tem
647 3495 715 3534 ne
763 3478 959 3549 perdas
1004 3491 1110 3530 me.
1144 3471 1388 3543 Amplius
1416 3471 1533 3525 lava
1562 3485 1647 3525 me
1692 3469 1760 3523 ab
1787 3468 2071 3537 iniquitate

489 3585 632 3636 mea,
658 3577 716 3623 et
740 3583 771 3622 a
801 3573 1023 3638 peccato
1062 3578 1181 3618 meo
1202 3561 1396 3616 munda
1439 3575 1545 3614 me.
1577 3559 1842 3626 Quoniam
1867 3557 2068 3627 iniqui-

489 3668 656 3716 tatem
685 3671 859 3713 meam
887 3670 988 3727 ego
1015 3667 1300 3724 cognosco,
1340 3659 1394 3706 et
1413 3658 1696 3722 peccatum
1730 3663 1909 3703 meum
1941 3663 2072 3702 eon-

490 3765 572 3809 tra
601 3766 688 3808 me
709 3759 792 3807 est
811 3762 1045 3818 semper.
1076 3746 1342 3817 Asperges
1367 3759 1454 3800 me
1483 3744 1739 3814 byssopo,
1771 3751 1826 3796 et
1848 3740 2074 3795 munda-

491 3849 633 3901 bor:
666 3841 874 3897 lavabis
911 3854 1016 3906 me,
1064 3848 1121 3894 et
1171 3851 1334 3907 super
1385 3836 1564 3890 nivem
1612 3833 1921 3888 dealbabor.
1963 3831 2074 3885 Ex-

489 3951 676 4006 surge,
717 3932 964 3998 Domine,
1005 3927 1196 3998 adjuva
1237 3939 1372 3982 nos:
1405 3933 1462 3981 et
1512 3924 1680 3980 libera
1721 3937 1819 3977 nos
1853 3928 2075 3992 propter

492 4042 692 4084 nomen
730 4033 903 4080 tuum.
933 4007 1158 4078 Domine
1181 4019 1325 4074 Deus
1350 4018 1610 4072 virtutum
1631 4056 1646 4081 ,
1675 4021 1929 4070 converte
1955 4027 2072 4077 nos,

491 4131 550 4178 et
572 4117 796 4176 ostende
847 4116 1040 4172 faciem
1074 4122 1221 4168 tuam
1249 4129 1262 4166 :
1311 4119 1368 4166 et
1395 4109 1528 4165 salvi
1555 4108 1776 4163 erimus.
1807 4105 2077 4161 Converte

493 4230 611 4277 nos,
641 4213 785 4266 Deus
809 4207 1065 4265 salutaris
1107 4213 1312 4270 noster,
1359 4212 1414 4258 et
1457 4208 1642 4256 averte
1684 4200 1820 4255 iram
1868 4207 2014 4254 tuam
2045 4211 2076 4252 a

494 4302 672 4358 nobis.
702 4300 844 4354 Deus
869 4306 926 4351 tu
969 4307 1264 4350 conversus
1304 4291 1604 4348 viviﬁcabis
1648 4305 1768 4356 nos,
1823 4297 1879 4345 et
1925 4289 2078 4358 plebs

493 4405 588 4448 tua
619 4390 892 4446 lzetabitur
919 4388 972 4442 in
1001 4392 1075 4441 te.
1104 4384 1342 4443 Ostende
1377 4384 1554 4448 nobis,
1596 4381 1841 4448 Domine,
1869 4380 2080 4434 miseri-

497 4484 748 4542 cordiam
785 4489 954 4547 tuam,
985 4487 1041 4536 et
1079 4477 1316 4534 salutare
1342 4482 1495 4530 tuum
1521 4473 1588 4528 da
1616 4472 1789 4528 nobis.
1827 4471 2073 4535 Domine,

497 4577 694 4635 exaudi
731 4575 1035 4631 orationem
1062 4583 1258 4633 meam,
1302 4573 1358 4622 et
1380 4565 1583 4620 clamor
1624 4577 1778 4618 meus
1806 4563 1873 4617 ad
1896 4570 1948 4617 te
1980 4576 2076 4616 ve-

500 4671 635 4726 niat.
664 4667 920 4723 lliserere
947 4663 1054 4719 mei
1083 4656 1561 4727 Deus,secundum
1587 4668 1836 4724 magnam
1867 4651 2079 4707 miseri-

501 4762 742 4818 cordiam
773 4767 942 4814 tuam.

571 4851 684 4926 69
701 4849 909 4906 Oratio.
941 4846 1284 4914 Quaesumus,
1330 4841 1670 4912 omnipotens
1693 4837 1836 4892 Deus
1857 4876 1871 4901 ,
1897 4832 2080 4888 alllicti

2167 3305 2285 3358 Non
2313 3319 2410 3359 nos
2430 3305 2485 3358 in
2513 3303 2891 3375 persecutione
2913 3301 3134 3372 dejicias
3162 3319 3174 3354 :
3207 3316 3315 3355 non
3335 3315 3432 3370 per
3458 3297 3760 3354 intoleran-

2169 3395 2300 3451 tiam
2324 3395 2542 3467 perdas,
2573 3396 2666 3451 sed
2687 3412 2785 3466 per
2823 3394 3225 3450 tribulationem
3255 3408 3452 3448 exerce
3475 3433 3489 3456 ,
3533 3407 3633 3462 per
3649 3393 3763 3463 pie-

2173 3495 2341 3542 tatem
2369 3485 2578 3549 attolle,
2601 3503 2699 3557 per
2725 3486 3152 3542 misericordiam
3202 3500 3368 3556 rege:
3400 3499 3505 3554 quo
3551 3499 3653 3554 per
3702 3492 3763 3540 te

2173 3582 2241 3640 ab
2269 3579 2614 3636 inimicorum
2665 3579 2859 3650 jaculis
2889 3580 3016 3638 tuti.
3041 3595 3070 3634 a
3097 3578 3350 3648 przesenti
3407 3575 3766 3632 tribulatione

2173 3671 2434 3743 exempti,
2464 3678 2519 3726 te
2543 3669 2712 3728 Deum
2763 3686 2929 3726 unum
2971 3669 3027 3724 in
3073 3669 3340 3724 Trinitate
3367 3681 3609 3724 consona
3655 3665 3766 3721 col-

2171 3761 2452 3819 laudemus
2478 3778 2630 3818 voce.
2655 3761 2756 3831 Qui
2785 3778 2909 3816 cum
2949 3777 3014 3817 eo
3041 3760 3322 3832 unigenito
3347 3759 3486 3814 Filio
3532 3768 3627 3814 tuo
3667 3759 3779 3814 Do-

2175 3853 2324 3908 mino
2347 3861 2534 3908 nostro
2551 3852 2681 3908 Iesu
2722 3851 2962 3917 Christo,
2990 3860 3286 3922 sanctoque
3324 3849 3600 3922 paracleto
3649 3849 3778 3924 Spi-

2175 3947 2283 4001 ritu
2306 3945 2444 4000 vivis
2487 3954 2543 4000 et
2568 3960 2785 4016 regnas,
2809 3943 3036 3999 Domine
3065 3943 3208 3998 Deus
3228 3943 3573 4014 omnipotens
3593 3981 3609 4007 ,
3667 3957 3772 4014 per

2176 4037 2358 4092 omnia
2382 4035 2574 4091 saecula
2599 4034 2935 4089 saeculorum.
2969 4034 3161 4090 Amen.

2778 4165 3117 4222 PSALMUS.

2249 4279 2428 4349 (PSAL.
2461 4281 2584 4348 xu.)
2614 4278 2928 4351 Usquequo,
2954 4279 3204 4347 Domine,
3234 4277 3572 4336 Oblivisceris
3596 4293 3693 4336 me
3716 4281 3780 4334 in

2177 4370 2371 4426 finem:
2395 4384 2675 4440 usquequo
2701 4369 2900 4425 avertis
2921 4369 3112 4425 faciem
3141 4379 3286 4426 tuam
3315 4387 3347 4425 a
3371 4370 3492 4428 me?
3513 4369 3781 4439 Quandiu

2179 4475 2376 4530 ponam
2403 4459 2630 4515 consilia
2644 4460 2700 4514 in
2723 4461 2902 4514 anima
2931 4475 3050 4514 mea
3075 4477 3088 4514 :
3121 4459 3360 4515 dolorem
3381 4460 3436 4516 in
3458 4459 3623 4516 corde
3645 4476 3785 4517 meo

2176 4564 2276 4620 per
2291 4549 2474 4604 diem?
2501 4549 2794 4620 Usquequo
2812 4549 3137 4606 exaltabitur
3158 4550 3410 4606 inimicus
3428 4565 3585 4606 meus
3601 4566 3786 4622 super

2175 4643 2296 4697 me?
2321 4643 2532 4712 respice
2580 4652 2636 4699 et
2662 4645 2857 4700 exaudi
2888 4660 2995 4710 me,
3020 4644 3248 4699 Domine
3273 4642 3417 4698 Dens
3441 4657 3615 4698 meus.
3650 4641 3787 4696 lliu-

2175 4734 2324 4789 mina
2348 4733 2534 4789 oculos
2550 4749 2721 4800 meos,
2739 4750 2808 4790 ne
2835 4750 3072 4806 unquam
3096 4734 3432 4790 obdormiam
3461 4732 3516 4787 in
3546 4741 3738 4787 morte
3761 4750 3780 4764 ε

2179 4825 2465 4896 nequando
2492 4827 2638 4882 dicat
2665 4827 2918 4882 inimicus
2948 4842 3099 4882 meus
3119 4867 3133 4890 ,
3191 4823 3445 4896 prmvalui
3499 4823 3786 4878 adversus

502 4911 686 5016 populi
712 4911 983 5009 lacrymas
1005 4934 1214 5005 respice
1238 4973 1254 4999 ,
1305 4942 1361 4987 et
1389 4911 1526 4985 iram
1550 4937 1654 4982 tua:
1701 4921 2084 4995 indignationis
2180 4930 2323 4972 eum.
2347 4916 2448 4984 Qui
2474 4916 2736 4972 tribulant
2764 4933 2872 4982 me,
2901 4917 3267 4980 exsultabunt,
3297 4917 3340 4971 si
3367 4923 3549 4971 motus
3571 4911 3738 4970 fuero
3766 4932 3782 4966 :

505 5004 721 5095 averte,
769 5004 841 5082 ut
865 5027 956 5097 qui
987 5004 1197 5080 reatum
1235 5030 1435 5078 nostra:
1481 5015 1810 5074 infirmitatis
1843 5012 2086 5086 agnosci-
2187 5022 2288 5080 ego
2315 5016 2497 5064 autem
2551 5009 2606 5063 in
2654 5008 3025 5063 misericordia
3057 5016 3144 5062 tua
3177 5007 3412 5078 speravi.
3457 5004 3792 5060 Exsultabit

506 5140 650 5189 mus,
680 5123 771 5177 tua
799 5115 1169 5174 consolatione
1193 5113 1504 5168 liberemur.
1527 5109 1650 5164 Per.
2185 5115 2283 5156 cor
2339 5115 2519 5155 meum
2568 5100 2622 5154 in
2673 5101 2899 5155 salutari
2925 5108 3018 5156 tuo
3045 5120 3057 5154 :
3081 5101 3312 5157 cantabo
3361 5098 3632 5164 Domino,
3683 5099 3793 5169 qui

575 5214 716 5269 Alia.
744 5212 912 5276 Deus,
951 5206 1042 5278 qui
1086 5203 1358 5274 conspicis
1382 5200 1532 5257 omni
1553 5215 1654 5254 nos
1681 5200 1882 5253 virtute
1923 5193 2088 5250 desti-
2185 5192 2326 5247 bona
2358 5191 2547 5247 tribuit
2577 5190 2732 5257 mihi,
2760 5199 2814 5246 et
2848 5191 3073 5262 psallam
3101 5191 3309 5247 nomini
3353 5189 3571 5245 Domini
3611 5189 3796 5245 altis-

508 5306 611 5373 tui,
637 5302 868 5362 interius
890 5298 1239 5366 exteriusque
1263 5292 1476 5350 custodi
1500 5309 1514 5345 :
1557 5299 1619 5344 ut
1660 5297 1716 5345 et
1741 5289 1811 5343 ab
1833 5285 2084 5342 omnibus
2150 5290 2160 5299 ‘
2186 5283 2331 5373 simi.
2538 5354 2540 5356 ν

509 5371 932 5453 adversitatibus
959 5389 1270 5447 muniamur
1292 5386 1348 5441 in
1387 5390 1693 5455 corpore,et
1718 5396 1750 5436 a
1773 5377 1956 5451 pravis
1997 5390 2092 5432 co-
2261 5371 2330 5428 Ut
2355 5389 2534 5443 supra.
2565 5373 2676 5442 Ego
2701 5379 2884 5427 autem
2913 5372 2969 5426 in
2992 5372 3340 5428 multitudine
3381 5371 3803 5427 misericordiae

508 5484 860 5557 gitationibus
883 5481 1208 5537 mundemur
1234 5478 1291 5532 in
1323 5481 1529 5531 mente.
1566 5471 1686 5527 Per.
2193 5474 2298 5521 tua:
2337 5464 2570 5519 introibo
2602 5463 2659 5517 in
2688 5463 2904 5518 domum
2933 5473 3103 5528 tuam,
3125 5464 3364 5518 adorabo
3387 5462 3456 5517 ad
3508 5460 3802 5532 templum

581 5575 715 5630 Item
734 5575 922 5629 oratio.
961 5569 1287 5640 Propitiarc,
1309 5566 1560 5630 Domine,
1590 5559 1966 5632 iniquitatibus
1992 5572 2086 5612 no-
2190 5563 2440 5612 sanctum
2465 5563 2614 5610 tuum
2659 5555 2713 5610 in
2744 5553 2937 5611 timore
2962 5563 3070 5610 tuo.
3105 5555 3331 5611 Domine
3356 5554 3529 5611 deduc
3579 5569 3678 5611 me
3737 5553 3808 5610 in

585 5719 609 5747 ι
649 5705 837 5780 Oratio
862 5702 964 5780 fer.
984 5720 1022 5758 ιι
1051 5711 1253 5780 etquae
1300 5707 1601 5780 sequuntur
1635 5711 1804 5768 usque
1840 5693 1906 5750 ad
1942 5698 2081 5748 orat.
2265 5688 2293 5729 δ
2327 5687 2433 5743 Pro
2455 5704 2553 5744 usu
2582 5695 2759 5753 sexto,
2783 5702 2966 5757 supra,
3002 5688 3102 5742 col.
3137 5687 3256 5741 467.

514 5776 596 5837 fer
647 5793 704 5832 ιιι
733 5775 925 5829 desunt
954 5773 1006 5826 in
1035 5769 1286 5831 codfms.
1311 5769 1499 5838 Regio.
