3968 6180
236 252 345 312 533

1227 254 1620 312 LITURGICA.
1659 286 1732 301 --
1765 257 2032 315 OFFICIA
2069 259 2204 316 PER
2243 261 2511 324 FERIAS.

3385 249 3498 328 sat

224 364 437 440 iustitia
467 373 572 422 tua
587 372 814 438 propter
835 365 1088 423 inimicos
1109 364 1472 439 meos,dirige
1500 367 1558 424 in
1581 381 1810 440 conspe-
1835 373 1884 435 Α
1909 369 2128 426 ritatem
2162 377 2310 426 tuam
2329 373 2683 444 requirimus,
2707 375 2974 433 tumorem
3023 379 3377 438 exsecrabilis
3413 397 3502 439 su-

229 470 320 518 ctu
345 467 442 516 tuo
467 459 617 514 viam
651 473 851 514 meam.

299 546 508 602 Oratio.
538 545 620 602 Ne
636 553 854 602 avertas
882 545 1079 603 faciem
1126 555 1272 603 tuam
1300 563 1331 602 a
1361 547 1517 603 nobis
1570 549 1816 620 omnipo-

231 649 350 696 tens
400 637 569 705 Deus,
600 653 670 694 ne
718 638 926 694 inimici
981 641 1156 696 nostri
1204 641 1510 696 exaltcntur
1554 641 1815 698 adversus

232 745 327 786 nos
349 747 366 761 ο
391 729 491 786 sed
539 729 617 785 ita
653 743 750 784 cor
785 737 1031 784 nostrum
1059 731 1313 787 salutaris
1345 732 1422 787 tui
1453 731 1817 788 exsultatione

227 821 516 894 patunde,
529 828 590 876 ut
615 819 780 877 iaciat
806 836 906 878 nos
933 835 1182 879 somnum
1205 823 1456 880 secundm
1476 823 1669 880 mortis
1689 837 1816 880 eva-

231 914 378 971 dere.
405 911 533 971 Per.

763 1049 875 1120 7o
907 1047 1248 1106 PSALMUS.
1330 1049 1332 1052 '

296 1179 484 1250 (Ρελι.
503 1165 660 1250 Lar.)
683 1178 741 1232 ln
769 1185 844 1245 te,
874 1178 1380 1251 Domine,speravi,
1395 1196 1504 1238 non
1515 1182 1820 1240 confundar

231 1274 285 1327 in
322 1281 591 1329 aeternum
617 1290 631 1326 :
663 1272 720 1327 in
753 1271 974 1341 iustitia
1003 1281 1096 1328 tua
1127 1273 1299 1329 libera
1317 1289 1406 1330 me
1431 1282 1489 1330 et
1531 1275 1683 1344 eripe
1707 1290 1814 1330 me.

230 1363 433 1419 inclina
449 1363 524 1419 ad
561 1377 652 1419 me
676 1377 864 1420 aurem
889 1365 1076 1420 tuam:
1105 1370 1162 1420 et
1188 1363 1340 1419 salva
1364 1379 1472 1420 me.
1501 1365 1635 1421 Esto
1680 1364 1815 1419 mihi

229 1454 286 1510 in
312 1453 486 1510 Deum
529 1461 897 1524 protectorem
921 1492 937 1518 ,
969 1461 1028 1510 et
1075 1454 1132 1508 in
1182 1453 1360 1510 locum
1416 1455 1726 1510 munitum:
1756 1461 1818 1510 ut

226 1543 443 1601 salvum
470 1558 559 1600 me
589 1541 778 1598 facias.
809 1542 1075 1610 Quoniam
1115 1542 1515 1599 ﬁrmamentum
1544 1558 1722 1599 meum
1761 1552 1820 1600 et

225 1635 503 1708 refugium
520 1651 702 1692 meum
714 1651 776 1700 es
804 1643 882 1690 tu.
906 1636 1051 1692 Deus
1069 1651 1248 1701 meus,
1281 1637 1434 1706 eripe
1450 1651 1540 1692 me
1558 1638 1625 1693 de
1649 1652 1814 1691 manu

1912 461 2114 529 perbiae
2131 469 2498 519 conteramus.
2529 464 2652 520 Per.

1983 551 2125 608 Alia.
2157 554 2374 611 Excelsi
2400 555 2530 612 solii
2553 564 3035 629 regnator,teterne
3054 557 3220 626 Deus,
3241 558 3336 630 qui
3377 574 3502 632 spe-

1917 651 2107 700 rantes
2133 643 2190 698 in
2219 652 2274 702 te
2299 645 2547 702 damnari
2571 647 2790 703 aeternis
2827 647 3239 707 confusionibus
3255 665 3364 708 non
3408 667 3502 723 pao

1915 733 2072 799 teris,
2099 734 2269 804 reple,
2295 750 2627 806 quaesumus,
2661 737 2804 794 labia
2841 747 3029 794 nostra
3071 739 3230 796 laude
3273 748 3397 809 tua,
3445 749 3503 798 et

1915 822 2004 879 bis
2028 838 2132 880 nos
2151 839 2374 971 ἔδωμεν
2405 827 2849 885 meditationibus
2881 829 3148 885 bonorum
3193 829 3506 888 insinuata-

1915 927 2130 971 cxerce.
2197 931 2276 971 er.
2735 949 2738 952 ~

1913 927 2130 971 exerce.
2153 927 2276 972 t'er.
2735 949 2738 952 ’

2533 1047 2874 1107 PSALMUS.

1988 1177 2169 1251 (Pstt.
2200 1178 2382 1252 run.)
2404 1179 2549 1237 Deus
2573 1181 2796 1239 auribus
2821 1182 3026 1240 nostris
3050 1183 3380 1252 audivimus,
3407 1200 3503 1257 pa-

1919 1277 2033 1328 tres
2053 1271 2226 1326 nostri
2256 1273 2720 1328 annuntiaverunt
2745 1273 2922 1329 nobis.
2965 1273 3113 1344 Opus
3134 1276 3276 1345 quod
3305 1290 3499 1347 opera-

1918 1369 2084 1419 tuses
2111 1363 2168 1419 in
2190 1363 2384 1421 dieb‘us
2409 1381 2618 1432 eorum,
2641 1365 2699 1420 in
2751 1367 2944 1422 diebus
2993 1367 3252 1436 antiquis.
3308 1367 3499 1424 Manus

1917 1460 2230 1526 tuagentes
2267 1455 2626 1526 disperdidit,
2675 1464 2732 1512 et
2781 1456 3043 1526 plantasti
3090 1473 3230 1514 eos:
3259 1457 3501 1515 δίιιίιίεῆ

1913 1546 2162 1617 pepulos,
2192 1555 2248 1603 et
2267 1547 2519 1618 expulisti
2542 1562 2654 1602 eos.
2670 1546 2780 1603 Nec
2809 1547 2957 1603 enim
2975 1547 3032 1602 in
3057 1547 3234 1619 gladio
3256 1563 3358 1604 suo
3377 1563 3503 1618 pos-

1915 1635 2174 1691 sederunt
2203 1644 2407 1692 terram
2438 1643 2536 1692 :et
2559 1635 2842 1693 brachium
2889 1651 3078 1692 eorum
3116 1652 3226 1692 non
3270 1635 3504 1692 salvarit

222 1726 570 1800 peccatoris:
601 1734 657 1783 et
680 1727 750 1783 de
767 1741 930 1783 mam:
955 1734 1149 1786 contra
1191 1727 1364 1799 legem
1395 1728 1608 1797 agentis
1630 1734 1687 1782 et
1713 1727 1814 1782 ini-
1843 1743 1888 1805 Β
1915 1741 2029 1782 eos.
2059 1725 2169 1783 Sed
2197 1727 2423 1784 dextera
2473 1735 2586 1793 tua,
2617 1735 2674 1784 et
2699 1727 2980 1783 brachium
3009 1735 3188 1796 tuum,
3215 1735 3273 1785 et
3306 1727 3505 1785 illumi-

223 1818 345 1889 qui.
375 1817 640 1884 Quoniam
664 1825 723 1871 tu
747 1831 808 1872 es
831 1816 1096 1886 patientia
1119 1817 1536 1884 mea,Domine;
1563 1815 1810 1883 Domine,

221 1926 357 1982 spes
386 1926 512 1967 mea
540 1925 570 1965 a
603 1908 898 1981 juventute.
916 1924 1058 1966 mea.
1095 1908 1154 1967 In
1184 1916 1240 1966 te
1283 1908 1640 1968 conﬁrmatus
1689 1922 1812 1963 sum

224 2025 296 2064 ex
342 2015 533 2063 utero:
559 2004 630 2061 de
663 2011 857 2062 ventre
904 2005 1100 2060 matris
1148 2019 1284 2060 mea:
1333 2012 1390 2059 tu
1427 2018 1489 2060 es
1535 2010 1812 2074 protector

224 2113 404 2155 meus.
435 2096 495 2152 in
527 2105 580 2152 te
626 2095 865 2152 cantatio
891 2110 1012 2151 mea
1061 2110 1316 2165 semper:
1343 2102 1603 2165 tanquam
1635 2093 1817 2165 prodi-

224 2191 375 2260 gium
401 2189 577 2244 factus
606 2203 726 2244 sum
755 2186 962 2252 multis,
988 2194 1044 2242 et
1067 2194 1128 2241 tu
1163 2184 1375 2254 adjutor
1395 2183 1572 2244 fortis.
1593 2185 1818 2256 Replea-

224 2291 398 2334 turos
423 2292 604 2334 meum
631 2276 808 2341 laude,
838 2283 898 2331 ut
925 2283 1142 2332 cantem
1183 2276 1407 2347 gloriam
1462 2284 1648 2331 tuam:
1690 2283 1804 2331 tota

227 2370 321 2426 die
351 2367 784 2441 magnitudinem
832 2376 997 2423 tuam.
1019 2367 1100 2423 Ne
1149 2367 1408 2438 projicias
1444 2383 1537 2424 me
1583 2367 1641 2422 in
1686 2375 1821 2424 tem-

223 2477 360 2532 pore
377 2459 682 2517 senectutis
708 2477 721 2513 :
751 2474 875 2514 cum
893 2456 1159 2514 defecerit
1184 2457 1360 2513 virtus
1407 2472 1551 2524 mea,
1577 2473 1647 2513 ne
1667 2457 1820 2514 dere-

226 2553 444 2624 linquas
468 2569 577 2608 me.
609 2551 748 2620 Quia
773 2551 1029 2608 dixerunt
1053 2550 1272 2606 inimici
1308 2551 1414 2606 mei
1435 2550 1571 2605 mihi
1596 2570 1609 2605 :
1638 2559 1695 2607 et
1721 2551 1818 2622 qui

226 2644 613 2701 custodiebant
656 2643 899 2698 animam
936 2657 1140 2709 meam,
1166 2641 1456 2699 consilium
1485 2641 1733 2698 fecerunt
1761 2643 1819 2698 in

226 2749 420 2800 unum,
442 2727 686 2789 dicentes
707 2751 721 2787 :
745 2732 901 2790 Deus
913 2731 1202 2802 dereliquit
1229 2747 1373 2798 eum,
1404 2731 1818 2804 persequimini,

224 2834 282 2878 et
307 2823 755 2894 comprehendite
783 2838 910 2880 eum
935 2823 1106 2894 ::quia
1133 2839 1241 2880 non
1281 2831 1399 2890 est,
1450 2823 1542 2894 qui
1603 2823 1818 2894 eripiat.

226 2917 371 2972 Deus
394 2930 470 2971 ne
495 2914 769 2987 elongeris
822 2930 854 2970 a
892 2929 1024 2970 me:
1073 2913 1219 2970 Deus
1254 2929 1424 2970 meus.
1455 2914 1512 2968 in
1560 2913 1820 2969 auxilium

227 3021 410 3061 meum
456 3006 691 3077 respice.
755 3004 1172 3063 Confundantur
1223 3013 1280 3062 et
1340 3004 1599 3061 deﬁciant
1644 3006 1822 3061 detra-

1914 1819 2067 1875 natio
2093 1818 2274 1875 vultus
2302 1819 2416 1874 tui:
2443 1820 2702 1889 quoniam
2725 1819 3100 1890 complacuisti
3120 1819 3178 1878 in
3203 1821 3308 1876 eis.
3337 1820 3415 1876 Tu
3443 1836 3504 1877 es

1915 1907 2034 1979 ipse
2079 1907 2195 1964 Rex
2221 1923 2376 1966 meus
2415 1917 2473 1964 et
2496 1909 2641 1965 Deus
2661 1924 2814 1964 meus
2839 1926 2852 1963 :
2882 1909 2976 1978 qui
3023 1909 3251 1967 mandas
3299 1909 3503 1967 salutes

1913 1996 2098 2054 Iacob.
2119 1998 2179 2054 ln
2203 2005 2259 2054 te
2284 1998 2534 2054 inimicos
2553 2008 2770 2055 nostros
2794 1997 3181 2058 ventiiabimus
3199 2015 3373 2058 cornu
3399 2019 3413 2055 :
3449 2007 3505 2056 et

1916 2090 1975 2146 in
2004 2091 2226 2148 nomine
2251 2099 2345 2148 tuo
2371 2107 2690 2162 spei-nemus
2737 2093 3090 2165 insurgentes.
3130 2093 3187 2152 in
3216 2107 3337 2149 nos.
3384 2091 3503 2148 Non

1914 2180 2062 2236 enim
2087 2182 2145 2236 in
2169 2196 2300 2237 arcu
2326 2195 2450 2239 meo
2471 2183 2737 2253 sperabo:
2767 2190 2824 2238 et
2846 2181 3060 2254 gladius
3081 2197 3238 2239 meus
3261 2195 3374 2238 non
3401 2183 3505 2242 sai-

1914 2274 2064 2330 vabit
2091 2289 2197 2331 me.
2227 2273 2462 2330 Salvasti
2491 2276 2638 2330 enim
2660 2290 2760 2330 nos
2785 2275 2853 2330 de
2889 2273 3252 2346 atlligentibus
3286 2289 3386 2330 nos
3405 2292 3418 2328 :
3439 2283 3506 2331 et

1911 2363 2164 2419 edientes
2188 2379 2287 2419 nos
2305 2363 2616 2421 confudisti.
2645 2364 2702 2420 ln
2732 2364 2846 2421 Deo
2873 2364 3213 2424 laudabimur
3241 2373 3353 2422 tota
3377 2365 3499 2421 die:

1917 2461 1974 2510 et
1999 2453 2057 2510 in
2084 2455 2308 2510 nomine
2337 2464 2430 2511 tuo
2459 2456 2840 2515 conﬁtebimur
2864 2457 2920 2512 in
2950 2457 3186 2514 smculu..
3230 2457 3386 2513 Nunc
3412 2473 3505 2514 au-

1917 2552 2029 2604 tem
2059 2545 2314 2615 repulisti
2333 2553 2391 2602 et
2415 2546 2727 2603 confudisti.
2756 2563 2896 2604 nos:
2936 2555 2995 2604 et
3041 2563 3150 2604 non
3207 2548 3504 2618 egredieris

1917 2635 2062 2692 Deus
2083 2635 2140 2692 in
2162 2636 2452 2693 virtutibus
2471 2638 2693 2694 nostris.
2741 2637 3006 2694 Avertisti
3053 2653 3156 2694 nos
3204 2647 3504 2696 retrorsum

1918 2736 2042 2799 post
2061 2727 2310 2784 inimicos
2335 2736 2550 2784 nostros
2582 2747 2595 2783 :
2624 2737 2681 2785 et
2707 2729 2800 2800 qui
2826 2729 3062 2786 oderunt
3092 2745 3194 2786 nos
3217 2770 3232 2797 ,
3290 2730 3509 2801 diripie-

1918 2819 2053 2875 bant
2072 2819 2197 2876 sibi.
2231 2817 2443 2875 Dedisti
2473 2835 2575 2876 nos
2605 2828 2864 2891 tanquam
2883 2836 3014 2878 oves
3038 2837 3324 2878 escarum:
3363 2829 3420 2877 et
3452 2821 3508 2888 in

1920 2910 2170 2982 gentibus
2217 2909 2522 2981 dispersisti
2584 2926 2702 2967 nos.
2734 2912 3043 2968 Vendidisti
3097 2913 3200 2983 71
3252 2911 3510 2984 populum

1923 3014 2078 3060 tuum
2107 3005 2227 3062 sine
2247 3006 2458 3076 pretio:
2489 3013 2547 3062 et
2584 3021 2694 3062 non
2719 3005 2822 3062 fuit
2869 3006 3161 3062 multitudo
3189 3007 3246 3061 in
3274 3020 3489 3061 commu

227 3099 425 3154 bentes
447 3099 650 3153 animae
677 3113 852 3155 mete:
887 3099 1206 3170 operiuntur
1251 3095 1578 3155 confusione.
1623 3105 1681 3154 et
1721 3113 1823 3168 pu-
1849 3091 1896 3157 ϐ
1926 3097 2224 3154 tationibus
2259 3114 2467 3155 eorum.
2488 3098 2727 3155 Posuisti
2775 3115 2876 3156 nos
2920 3099 3270 3171 opprobrium
3314 3098 3511 3155 vicinis

227 3188 396 3258 dore,
449 3191 543 3262 qui
594 3199 844 3262 quaerunt
871 3192 1180 3248 malamihi.
1213 3193 1327 3264 Ego
1367 3200 1552 3249 autem
1608 3207 1826 3264 semper

228 3283 467 3352 sperabo
499 3301 516 3336 :
545 3290 600 3337 et
639 3281 889 3354 adjiciam
937 3299 1102 3354 super
1137 3297 1354 3340 omnem
1389 3283 1602 3340 laudem
1651 3291 1822 3339 tuam.

231 3371 316 3427 Os
349 3387 540 3428 meum
589 3373 941 3430 annuntiabit
981 3373 1252 3442 justitiam
1333 3383 1526 3430 tuam:
1577 3365 1689 3431 tota
1737 3375 1827 3431 die

232 3461 476 3518 salutare
506 3470 676 3517 tuum.
707 3461 974 3530 Quoniam
1000 3479 1108 3519 non
1145 3464 1374 3536 cognovi
1425 3464 1788 3520 litteraturam
1809 3505 1825 3531 ,

234 3553 474 3610 introibo
502 3555 559 3610 in
599 3555 875 3626 potentias
921 3555 1136 3612 Domini
1161 3575 1176 3612 :
1201 3557 1430 3613 Domine
1483 3557 1829 3614 memorabor

233 3645 461 3707 iustitiae
511 3651 620 3699 tute
671 3645 858 3701 solius.
891 3645 1034 3702 Deus
1085 3647 1316 3703 docuisti
1345 3663 1434 3703 me
1461 3663 1493 3702 a
1542 3649 1830 3718 juventute

234 3750 358 3790 mea
381 3754 398 3789 :
437 3743 494 3792 et
521 3751 696 3806 usque
730 3751 875 3792 nunc
900 3737 1264 3808 pronuntiabo
1292 3737 1561 3792 mirabilia
1585 3727 1704 3792 tua.
1762 3738 1830 3792 Et

236 3844 414 3899 usque
439 3827 498 3884 in
519 3835 801 3884 senectam
846 3837 902 3884 et
929 3830 1142 3886 senium
1167 3847 1182 3884 :
1213 3830 1358 3887 Deus
1387 3845 1459 3887 ne
1484 3830 1830 3900 derelinquas

238 3934 343 3974 me.
375 3917 565 3974 Donec
597 3919 920 3976 annuntiem
967 3919 1249 3976 brachium
1287 3929 1440 3976 tuum
1489 3920 1830 3992 generationi

237 4011 410 4075 omni,
436 4025 555 4080 qua'
577 4017 808 4066 ventura
835 4018 938 4066 est.
967 4009 1272 4068 Potentiam
1300 4019 1450 4068 tuam
1477 4018 1534 4067 et
1563 4009 1833 4079 justitiam

238 4111 386 4158 tuam
422 4101 566 4160 Deus
594 4118 767 4173 usque
807 4105 862 4160 in
889 4105 1178 4171 altissima,
1208 4121 1328 4176 qum
1353 4103 1528 4161 fecisti
1555 4145 1571 4170 ,
1617 4119 1837 4176 magna-

237 4193 307 4250 lia
342 4213 356 4248 :
391 4193 537 4250 Deus
555 4194 680 4266 quis
717 4195 911 4253 similis
939 4197 1071 4252 tibi?
1097 4196 1342 4265 Quantas
1383 4196 1672 4253 ostendisti
1699 4197 1835 4251 mihi

238 4283 631 4342 tribulationes
650 4287 856 4342 multas
867 4296 922 4342 et
961 4287 1166 4344 maias?
1201 4296 1258 4344 et
1281 4303 1576 4344 conversus
1597 4287 1838 4344 viviﬁca-

239 4377 312 4430 sti
343 4390 483 4431 me:
511 4383 570 4433 et
609 4378 678 4433 de
703 4380 916 4450 abyssis
958 4389 1118 4436 teme
1160 4379 1358 4436 iterum
1399 4381 1672 4437 reduxisti
1726 4395 1833 4435 me.

1922 3190 2152 3256 nostris,
2181 3189 2666 3246 subsannationem
2692 3199 2748 3246 et
2769 3190 3009 3248 derisum
3029 3190 3139 3256 his,
3165 3190 3258 3260 qui
3301 3197 3427 3246 sunt
3456 3188 3510 3242 in

1921 3280 2159 3338 circuitu
2184 3289 2394 3336 nostro.
2427 3281 2666 3337 Posuisti
2691 3297 2791 3337 nos
2811 3281 2866 3337 in
2897 3281 3313 3338 similitudinem
3340 3280 3514 3351 genti-

1926 3372 2027 3427 bus
2052 3389 2066 3426 :
2096 3371 2515 3427 commotionem
2539 3371 2736 3442 capitis
2773 3370 2828 3426 in
2876 3370 3107 3442 populis.
3135 3369 3272 3426 Tota
3313 3369 3402 3426 die
3428 3385 3516 3426 ve-

1926 3463 2183 3520 recundia
2215 3479 2338 3519 mea
2361 3471 2553 3519 contra
2575 3480 2664 3520 me
2690 3472 2776 3520 est
2797 3483 2810 3519 :
2843 3473 2900 3520 et
2915 3462 3164 3521 confusio
3192 3461 3350 3519 faciei
3379 3478 3514 3519 mea:

1909 3554 2207 3624 cooperuit
2225 3569 2332 3610 me.
2351 3553 2398 3609 Α
2419 3569 2553 3611 voce
2570 3553 2960 3626 exprobrantis.
2976 3563 3033 3612 et
3068 3553 3412 3624 obloquentis
3430 3595 3446 3620 ,
3484 3570 3515 3607 a

1927 3641 2069 3700 facie
2097 3643 2304 3699 inimici
2331 3654 2388 3700 et
2411 3647 2815 3716 persequentis.
2861 3645 2988 3702 Hac
3028 3645 3212 3701 omnia
3248 3653 3519 3700 venerunt

1930 3751 2095 3808 super
2121 3751 2243 3801 nos,
2271 3751 2374 3792 nec
2399 3737 2554 3793 obliti
2581 3754 2769 3794 sumus
2799 3747 2885 3804 te,
2943 3745 3000 3792 et
3039 3738 3228 3806 inique
3257 3751 3366 3791 non
3411 3736 3520 3806 egi-

1929 3845 2052 3886 mus
2071 3830 2129 3884 in
2149 3835 2484 3885 testamento
2508 3834 2621 3885 tuo.
2651 3830 2720 3884 Et
2746 3845 2865 3884 non
2875 3829 3113 3883 recessit.
3124 3834 3390 3883 retrocor
3417 3841 3514 3881 no-

1932 3933 2107 3980 strum
2134 3968 2150 3993 ,
2183 3928 2241 3976 et
2259 3921 2545 3978 declinasti
2572 3920 2795 3977 semitas
2825 3925 3044 3974 nostras
3063 3934 3096 3971 a
3116 3918 3203 3972 via
3227 3926 3336 3972 tua.
3380 3917 3518 3983 Quo-

1934 4019 2080 4073 niam
2103 4013 2404 4073 bumiliasti
2430 4027 2531 4068 nos
2557 4011 2610 4066 in
2649 4009 2768 4066 loco
2789 4008 3130 4064 aﬁlictionls:
3163 4015 3220 4063 et
3238 4008 3520 4077 cooperuit

1934 4127 2035 4168 nos
2059 4111 2252 4167 umbra
2272 4106 2486 4164 mortis.
2535 4105 2596 4161 Si
2631 4102 2786 4160 obliti
2831 4117 3019 4158 sumus
3070 4115 3268 4158 nomen
3301 4100 3399 4157 Dei
3428 4116 3525 4157 no-

1935 4201 2038 4255 stri
2062 4215 2076 4254 :
2104 4207 2161 4256 et
2184 4199 2235 4254 si
2258 4196 2605 4254 extendimus
2625 4209 2820 4250 manus
2845 4199 3062 4249 nostras
3101 4190 3184 4252 ad.
3207 4191 3376 4250 Deum
3397 4190 3524 4246 alie-

1937 4307 2087 4350 num.
2115 4287 2312 4348 Nonne
2329 4289 2475 4346 Deus
2490 4287 2736 4359 requiret
2749 4286 2892 4342 ista?
2916 4285 3033 4356 ipse
3057 4284 3207 4341 enim
3229 4283 3383 4340 novit
3401 4283 3520 4339 abs-

1936 4384 2158 4441 condita
2193 4382 2393 4440 cordis.
2427 4380 2696 4449 Quoniam
2750 4385 2971 4451 propter
3025 4384 3082 4434 te
3129 4375 3524 4433 mortiﬁcamur

243 4465 626 4536 lultiplicasti
679 4448 1140 4540 magniﬁcentiam
1195 4479 1383 4527 tuam:
1431 4480 1490 4528 et
1531 4488 1831 4529 conversus
1865 4448 1914 4509 Ῑ)
1938 4482 2055 4530 tota
2109 4474 2198 4532 die
2231 4493 2246 4529 :
2287 4448 2544 4531 aestimati
2596 4448 2786 4528 sumus
2844 4448 2990 4526 sicut
3037 4484 3168 4526 ores
3206 4468 3518 4526 occisionis.

240 4557 561 4614 consolatus
591 4575 654 4616 es
677 4575 786 4616 me.
806 4561 940 4617 Nam
966 4569 1024 4618 et
1046 4577 1148 4635 ego
1170 4563 1472 4621 conﬁtebor
1492 4564 1587 4620 tibi
1611 4564 1665 4620 in
1686 4563 1844 4618 vasis-

241 4648 450 4715 psalrni
489 4650 771 4707 veritatem
796 4659 942 4707 tuam
957 4653 1101 4710 Deus
1127 4673 1140 4708 :
1173 4655 1397 4725 psallam
1417 4655 1514 4712 tibi
1544 4657 1599 4710 in
1622 4656 1832 4712 cithara

243 4747 484 4794 sanctus
509 4738 696 4796 Israel.
739 4740 1100 4800 Exsultabunt
1152 4746 1291 4802 labia
1319 4761 1440 4802 mea
1458 4787 1474 4811 ,
1502 4762 1624 4802 cum
1653 4755 1835 4802 canta-

241 4844 381 4886 vero
410 4829 514 4886 tibi
539 4849 554 4884 ;
579 4840 637 4886 et
661 4832 844 4889 anima
893 4849 1036 4900 mea.
1067 4851 1228 4905 quam
1277 4836 1578 4892 redemisti.
1625 4836 1737 4892 Sed
1779 4844 1836 4891 et

241 4927 444 4999 lingua
467 4943 585 4984 mea
611 4929 833 4985 tota‘die
848 4930 1198 4986 meditabitur
1218 4931 1489 5001 justitiam
1519 4937 1690 4996 tuam,
1715 4946 1838 4986 cum

241 5019 476 5077 confusi
523 5029 579 5077 et
597 5022 824 5078 reveriti
871 5022 1094 5089 fuerint,
1129 5024 1219 5094 qui
1246 5031 1499 5094 quaerunt
1517 5022 1655 5076 mala
1687 5022 1838 5077 mihi.

319 5109 397 5166 Ut
421 5126 604 5182 supra.
638 5111 718 5167 Tu
747 5129 831 5179 es,
854 5111 1103 5180 Domine,
1132 5114 1399 5188 refugium
1427 5129 1637 5179 meum;
1688 5129 1719 5168 a
1750 5113 1846 5169 tri-

245 5201 563 5270 bulatione,
589 5219 712 5275 qua:
728 5205 1087 5263 circumdedit
1113 5221 1222 5272 me,
1252 5206 1548 5263 exsultatio
1571 5221 1688 5263 mea
1716 5222 1846 5262 erue

248 5311 346 5354 Ile
370 5312 407 5352 a
439 5295 904 5354 circumdantibus
915 5315 1020 5356 me.
1037 5299 1117 5356 Ne
1142 5300 1487 5370 derelinquas
1498 5314 1604 5365 me,
1619 5298 1848 5354 Domine

247 5388 410 5446 Deus
428 5403 604 5456 meus,
635 5405 704 5446 ne
730 5390 1051 5447 discesseris
1075 5409 1105 5447 a
1136 5407 1243 5447 me.
1283 5391 1512 5448 Intende
1542 5390 1596 5444 in
1644 5390 1850 5460 adjuto-

245 5480 408 5535 riurn
427 5493 630 5545 metum,
655 5479 882 5538 Domine
910 5482 1101 5538 salutis
1129 5497 1281 5538 meae.

327 5595 545 5650 Oratio.
577 5595 902 5651 immensam
938 5593 1334 5650 multitudinem
1378 5590 1676 5650 dulcedinis
1705 5597 1807 5646 tum
1835 5633 1848 5655 ,

249 5683 512 5752 piissime
551 5683 802 5752 Domine,
834 5682 1148 5758 suppliciter
1171 5699 1486 5753 exoramus;
1517 5690 1576 5738 ut
1621 5682 1746 5738 dum
1770 5699 1853 5739 vc-

1940 4563 2203 4637 Exsurge,
2219 4579 2387 4635 quare
2407 4562 2684 4618 obdormis
2705 4559 2968 4616 Domine?
2992 4573 3247 4630 exsurge,
3272 4566 3330 4614 et
3354 4574 3423 4614 ne
3443 4575 3524 4615 re-

1937 4655 2110 4728 pellas
2135 4655 2190 4710 in
2213 4654 2396 4710 ﬁnem.
2430 4651 2610 4720 Quare
2631 4651 2825 4706 faciem
2861 4656 3008 4704 tuam
3049 4648 3289 4704 avertis:
3329 4649 3526 4705 oblivi-

1944 4748 2115 4805 sceris
2136 4747 2331 4816 inopize
2373 4752 2572 4800 nostra:
2615 4749 2671 4797 et
2710 4739 3075 4798 tribulationis
3127 4741 3362 4799 nostra?
3385 4741 3528 4810 Quo-

1946 4845 2094 4900 niam
2119 4841 2400 4897 humiliata
2435 4847 2521 4895 est
2561 4838 2615 4892 in
2643 4837 2868 4908 pulvere
2915 4836 3096 4892 anima
3135 4844 3322 4891 nostra
3351 4854 3364 4890 :
3399 4851 3527 4890 con-

1941 4935 2237 5007 glutinatus
2272 4939 2360 4987 est
2397 4931 2450 4984 in
2479 4937 2624 4984 terra
2662 4936 2854 4983 venter
2897 4934 3108 4983 noster.-
3136 4927 3402 4998 Essurge,
3429 4926 3530 4982 Do-

1944 5026 2112 5090 mine,
2144 5024 2335 5093 adjuva
2383 5037 2482 5076 nos
2515 5039 2528 5073 :
2559 5027 2616 5076 et
2655 5018 2862 5076 redime
2910 5033 3011 5074 nos
3051 5025 3274 5089 propter
3328 5032 3526 5074 nomen

1947 5123 2120 5170 tuum.
3301 5124 3304 5127 ‘

2022 5203 2089 5259 Ut
2123 5220 2301 5275 supra.
2331 5202 2477 5258 Deus
2515 5200 2570 5255 in
2609 5199 2846 5256 nomine
2879 5205 2981 5254 tuo
3029 5197 3234 5254 salvum
3286 5212 3372 5252 me
3422 5195 3526 5251 fac.

1949 5296 2094 5354 Deus
2147 5295 2341 5352 exaudi
2403 5291 2708 5348 orationem
2774 5305 2984 5356 meam;
3049 5289 3533 5359 suribuspcrcipe

1949 5390 2113 5445 verba
2139 5383 2250 5443 oris
2277 5386 2406 5442 mei.

2024 5497 2227 5552 Oratio.
2257 5497 2522 5568 Exsurge,
2547 5494 2795 5558 Domine,
2823 5493 2879 5548 in
2899 5493 3158 5549 auxilium
3173 5500 3453 5560 nostrum;
3479 5506 3534 5552 et

1952 5608 2082 5648 erue
2111 5607 2208 5646 nos
2246 5591 2313 5644 ab
2336 5587 2640 5659 opprobriis
2675 5586 2930 5642 vitiorum
2963 5603 2975 5640 :
3010 5595 3065 5641 ct
3103 5585 3195 5658 qui
3225 5600 3409 5641 coram
3440 5602 3533 5658 pa-

1952 5683 2124 5738 tribus
2155 5679 2357 5738 nostris
2412 5679 2751 5737 inimicarum
2797 5678 3032 5751 gentium
3066 5693 3230 5750 regna
3269 5678 3467 5743 vicisti,
3500 5693 3528 5729 a
