3894 6182
447 245 563 305 εδδ
1307 241 1364 297 Β.
1407 238 1468 296 F.
1492 237 1718 294 ALBlNl
1757 235 1887 291 SEU
1929 234 2204 290 ALCUINI
2241 235 2526 294 OPERUM
2564 236 2743 294 PAIlS
2778 237 2864 293 IV.

3619 239 3718 298 536

460 383 912 456 persequentibus
938 380 1174 438 inimicis
1201 379 1382 435 vultus
1412 377 1490 432 tui
1511 373 1919 432 'illuminationc
1944 386 2042 428 nos
2069 370 2120 433 Δ
2145 381 2206 428 ut
2250 381 2307 430 te
2341 382 2400 429 et
2426 387 2651 445 vespere
2685 383 2743 430 et
2791 388 2953 429 mane
2979 412 2994 438 ,
3025 371 3364 443 meridieque
3389 373 3719 445 .laudantes,

461 478 630 550 eripe.
661 475 764 533 Per
787 475 1094 532 Dominum.

1093 561 1430 622 PSALMUS.

533 661 712 734 (Pun.
739 661 873 731 Liv.)
901 657 1110 714 Exaudi
1135 657 1300 720 Deus,
1337 651 1641 710 orationem
1664 666 1864 715 meam,
1897 659 2043 707 etne

461 752 778 824 despexeris
801 747 1239 821 deprecationem
1269 759 1467 809 meam,
1494 743 1718 798 intende
1762 741 1894 796 mihi
1923 781 1940 804 ,
1985 748 2043 797 et

462 846 652 902 exaudi
682 841 1170 900 me.Contristatus
1191 853 1312 894 sum
1360 837 1416 892 in
1442 835 1835 892 exercitatione
1883 849 2036 891 mea:

462 950 517 998 cl
538 939 891 996 conturbatus
919 949 1040 990 sum
1060 947 1091 988 a
1121 946 1254 987 voce
1297 929 1526 994 inimici,
1548 936 1605 984 et
1636 943 1667 984 a
1693 926 2043 983 tribulatione

461 1029 780 1101 peccatoris.
817 1025 1082 1092 Quoniam
1121 1022 1528 1079 declinaverunt
1581 1020 1636 1076 in
1664 1036 1754 1076 me
1791 1020 2045 1089 iniquita-

464 1131 545 1174 tes
569 1137 582 1172 :
614 1117 743 1174 etin
769 1117 851 1170 ira
874 1113 1090 1170 molesti
1119 1121 1272 1169 erant
1301 1109 1452 1168 mihi.
1485 1109 1593 1166 Cor
1619 1125 1796 1166 meum
1826 1117 2044 1164 contur-

461 1211 646 1263 batum
683 1213 768 1262 est
793 1207 849 1261 in
881 1217 1005 1260 me:
1036 1210 1092 1259 et
1126 1201 1358 1258 formido
1408 1199 1602 1257 mortis
1643 1198 1840 1254 cecidit
1879 1211 2044 1267 super

462 1315 566 1355 me.
597 1298 782 1353 Timor
807 1304 862 1353 et
901 1303 1101 1351 tremor
1128 1299 1395 1349 venerunt
1414 1305 1579 1364 super
1627 1303 1752 1346 me:
1781 1296 1838 1344 et
1859 1295 2045 1344 conte-

460 1397 657 1444 xet-unt
683 1401 770 1442 me
799 1386 1056 1442 tencbrre.
1088 1383 1157 1438 Et
1183 1381 1322 1448 dixi,
1350 1381 1475 1452 quis
1501 1380 1654 1436 dabit
1676 1377 1810 1433 mihi
1835 1385 2042 1447 pennas

459 1481 601 1534 sicut
661 1477 958 1533 columbae:
989 1480 1048 1529 et
1098 1473 1326 1538 volabo,
1357 1479 1425 1527 et
1475 1468 1853 1542 requiescam?
1903 1468 2042 1526 Ecce

459 1569 705 1641 elongavi
728 1565 962 1639 fugiens,
999 1571 1056 1621 et
1085 1563 1262 1620 mansi
1291 1563 1345 1618 in
1405 1563 1710 1619 solitudine.
1756 1561 2044 1631 Exspecta-

459 1663 584 1715 bam
607 1672 753 1724 eum,
785 1657 878 1729 qui
898 1657 1104 1712 salvum
1132 1669 1222 1713 me
1251 1653 1381 1710 fecit
1408 1668 1438 1708 a
1467 1651 1914 1722 pusillanimitate
1937 1650 2041 1721 spl—

2148 479 2454 521 mereamur
2477 465 2545 522 ab
2581 462 2741 535 hujus
2775 464 2955 520 seaculi
2982 463 3396 536 tempestatibus
3427 463 3720 523 defensari.

2143 553 2272 610 Per.

2770 694 3106 754 PSALMUS.

2214 835 2395 908 (Pan.
2430 837 2541 908 LV.)
2579 837 2842 894 Miserere
2889 840 2997 895 mei
3033 839 3481 912 Deus,quoniam
3515 846 3728 901 concul-

2143 931 2290 988 vavit
2325 945 2412 985 me
2440 929 2602 986 homo
2628 950 2640 986 :
2675 939 2791 987 tota
2842 931 2932 987 die
2963 932 3284 1003 impugnans
3310 934 3588 990 tribulavit
3613 953 3723 993 me.

2142 1018 2610 1076 Conculcaverunt
2631 1037 2720 1077 me
2750 1022 2958 1078 inimici
3013 1025 3121 1079 mei
3149 1031 3265 1079 tota
3311 1025 3400 1080 die
3425 1044 3440 1081 :
3469 1029 3722 1098 quoniam

2143 1107 2299 1163 multi
2333 1109 2597 1165 bellantes
2639 1109 2924 1167 adversum
2949 1127 3056 1168 me.
3091 1109 3173 1170 Ab
3199 1114 3485 1172 altitudine
3531 1118 3639 1173 diei
3665 1121 3727 1174 ti-

2143 1197 2305 1253 mebo
2331 1213 2344 1252 :
2379 1211 2479 1270 ego
2509 1211 2643 1255 vero
2670 1199 2724 1254 in
2751 1209 2803 1256 te
2837 1203 3087 1271 sperabo.
3116 1203 3174 1257 In
3200 1202 3313 1259 Deo
3352 1203 3583 1263 laudabo
3606 1223 3722 1264 ser-

2143 1300 2335 1344 mones
2364 1302 2539 1354 meos,
2571 1290 2626 1344 in
2674 1290 2786 1346 Deo
2811 1293 3027 1362 speravi
3055 1311 3070 1347 :
3101 1307 3212 1349 non
3250 1294 3475 1362 timebo,
3498 1297 3628 1367 quid
3651 1297 3723 1354 fa-

2141 1377 2254 1433 ciat
2274 1377 2408 1434 mihi
2443 1393 2589 1436 caro.
2624 1379 2760 1436 Tota
2781 1383 2871 1437 die
2897 1384 3064 1439 verba
3117 1400 3236 1442 mea
3258 1389 3720 1447 exsecrabantur:

2142 1469 2428 1525 adversum
2460 1485 2548 1526 me
2575 1485 2767 1528 omnes
2807 1473 3170 1546 cogitationes
3195 1491 3384 1534 eorum
3411 1480 3466 1536 in
3501 1481 3718 1539 malum.

2142 1558 2526 1615 inhabitabant
2554 1569 2610 1616 et
2631 1563 2964 1619 abscondent
2989 1581 3012 1619 ε·
3040 1565 3142 1636 ipsi
3183 1567 3497 1627 calcaneum
3544 1589 3720 1629 meum

2141 1648 2522 1705 observabant.
2549 1649 2705 1707 Sicut
2731 1654 3114 1711 sustinuerunt
3130 1657 3370 1714 animam
3409 1677 3720 1735 meam,pro

459 1755 598 1809 ritus
619 1760 674 1809 ct
703 1719 1045 1826 tempestate.
1074 1748 1383 1818 Prrecipita,
1407 1719 1664 1810 Domine,
1712 1740 1894 1799 divide
1938 1719 2040 1795 lin-
2068 1719 2116 1782 Β
2141 1737 2311 1828 nihilo
2339 1739 2518 1796 salvos
2545 1740 2713 1798 facies
2737 1743 2858 1799 illos
2883 1762 2898 1800 :
2927 1745 2984 1800 in
3034 1747 3116 1802 ira
3137 1748 3364 1819 populos
3387 1719 3717 1828 confrin'g'esv.

459 1857 590 1914 gues
609 1855 815 1898 eorum.
852 1840 1118 1908 Quoniam
1144 1837 1255 1893 vidi
1279 1835 1627 1907 iniquitatem
1669 1841 1728 1888 et
1768 1829 2040 1888 contradi-

458 1935 694 1992 ctionem
720 1933 776 1990 in
805 1933 1042 1989 civitate.
1071 1930 1172 1992 Die
1215 1939 1280 1985 ac
1305 1934 1466 1986 nocte
1515 1921 1873 1982 circumdabit
1915 1936 2036 1980 eam

460 2038 625 2094 super
649 2036 836 2079 muros
863 2020 980 2091 eius
1008 2020 1290 2090 iniquitas,
1310 2025 1368 2074 et
1405 2016 1558 2072 labor
1584 2016 1642 2071 in
1665 2009 1844 2071 medio
1886 2013 2004 2084 eius
2020 2053 2038 2078 ,

459 2125 518 2173 et
566 2115 783 2185 iustitia
807 2112 920 2186 [L.,
962 2111 1275 2184 iniustitia].
1309 2110 1379 2168 Et
1414 2123 1526 2165 non
1578 2107 1779 2164 defecit
1813 2107 1883 2162 de
1928 2105 2038 2176 pla-

459 2207 562 2264 teis
586 2207 706 2278 ejus
731 2219 896 2262 usura
916 2213 973 2260 et
993 2203 1164 2260 dolus.
1193 2202 1461 2271 Quoniam
1491 2199 1540 2256 si
1581 2199 1838 2256 inimicus
1882 2211 2036 2254 metis

456 2297 826 2356 maledixisset
865 2293 998 2351 mihi
1024 2313 1038 2349 :
1069 2292 1455 2350 sustinuissem
1496 2291 1706 2361 utique.
1759 2289 1830 2345 Et
1876 2288 1924 2344 si
1953 2288 2034 2352 is,

457 2388 550 2463 qui
577 2387 770 2444 oderat
790 2401 900 2447 me.
923 2399 1084 2455 super
1107 2398 1195 2438 me
1208 2396 1400 2454 magna
1416 2381 1626 2437 locutus
1647 2378 1840 2436 fuisset
1863 2396 1877 2433 :
1906 2378 2034 2435 abs-

453 2479 763 2536 condissem
807 2491 895 2532 me
923 2475 1154 2531 forsitan
1185 2473 1255 2528 ab
1288 2488 1374 2528 eo.
1431 2472 1514 2528 Tu
1540 2485 1670 2527 vero
1695 2469 1858 2525 homo
1907 2482 2038 2525 nna-

455 2569 645 2633 nimis,
669 2567 778 2623 dux
795 2579 952 2620 meus
976 2573 1032 2620 et
1049 2571 1212 2620 notus
1255 2577 1430 2618 meus.
1460 2560 1560 2630 Qui
1614 2559 1775 2616 simul
1819 2571 2034 2615 mecum

453 2663 639 2720 dulces
663 2661 915 2731 cupiebas
961 2659 1112 2715 cibos
1142 2676 1154 2712 :
1187 2658 1245 2715 in
1281 2657 1442 2712 domo
1497 2655 1593 2711 Dei
1643 2653 2034 2710 ambulavimus

453 2771 575 2811 cum
595 2765 884 2809 consensu.
902 2750 1094 2808 Veniat
1113 2763 1259 2806 mors
1270 2759 1432 2817 super
1445 2745 1564 2802 illos
1590 2763 1603 2802 :
1628 2752 1684 2800 et
1703 2742 2034 2800 descendant

456 2845 512 2900 in
544 2843 820 2899 infernum
847 2841 1112 2896 viventes.
1140 2835 1408 2906 Quoniam
1447 2834 1706 2906 nequitia!
1731 2834 1787 2893 in
1826 2832 2036 2888 habita-

451 2935 592 2991 culis
616 2949 805 2992 eorum
843 2933 900 2989 in
925 2931 1106 2988 medio
1147 2943 1355 2998 eorum.
1386 2925 1500 3000 Ego
1521 2935 1703 2984 autem
1751 2927 1819 2983 ad
1863 2924 2033 2982 Deum

2135 1827 2282 1884 Deus
2304 1830 2470 1886 vitam
2503 1847 2681 1888 meam
2724 1837 3044 1893 annuntiavi
3081 1839 3178 1895 tibi
3209 1857 3222 1894 :
3257 1843 3490 1912 posuisti
3543 1827 3717 1918 laery-

2135 1937 2252 1979 mas
2275 1938 2424 1980 meas
2447 1926 2503 1982 in
2536 1935 2833 1997 conspectu
2859 1939 2970 1986 tuo.
2999 1931 3155 1988 Sicut
3188 1939 3244 1990 et
3273 1935 3328 1990 in
3353 1937 3720 2007 promissione

2137 2022 2269 2068 tua:
2299 2023 2425 2071 tunc
2466 2025 2854 2074 convertentur
2880 2019 3089 2077 inimici
3135 2023 3242 2079 mei
3294 2033 3610 2082 retrorsum.
3653 2027 3711 2083 In

2135 2119 2458 2178 quacunque
2476 2107 2567 2164 die
2589 2109 2911 2168 invocavero
2937 2119 2992 2168 te
3017 2131 3031 2168 :
3065 2128 3193 2170 ecce
3211 2117 3438 2188 cognovi
3462 2119 3718 2188 quoniam

2135 2195 2280 2255 Dens
2305 2214 2461 2257 meus
2485 2201 2640 2257 es.ln
2650 2202 2763 2260 Deo
2791 2204 3019 2262 laudabo
3041 2209 3288 2274 verbum,
3304 2210 3360 2265 in
3375 2209 3717 2267 Domiuolan-

2134 2287 2274 2344 dabo
2299 2303 2605 2348 serm0nem
2633 2311 2646 2348 :
2674 2295 2728 2350 in
2767 2293 2880 2352 Deo
2930 2298 3167 2366 speravi,
3199 2313 3308 2354 non
3337 2299 3562 2367 timebo,
3589 2301 3717 2371 quid

2134 2377 2300 2435 faciat
2318 2382 2451 2436 mihi
2488 2382 2668 2440 homo.
2701 2384 2758 2440 In
2795 2399 2884 2441 me
2933 2395 3060 2442 sunt
3098 2387 3240 2445 Deus
3273 2395 3400 2444 vota
3427 2396 3520 2445 tua
3549 2407 3565 2456 ;
3601 2405 3722 2462 quae

2134 2468 2354 2524 reddam
2384 2469 2724 2528 laudationes
2760 2473 2880 2528 tibi.
2909 2473 3176 2542 Quoniam
3211 2475 3459 2547 eripuisti
3483 2479 3722 2536 animam

2133 2573 2311 2614 meam
2336 2559 2405 2616 de
2424 2568 2623 2628 morte,
2647 2569 2702 2617 et
2729 2563 2891 2633 pedes
2913 2579 3063 2621 meos
3089 2565 3158 2622 de
3186 2566 3358 2636 lapsu,
3386 2575 3448 2622 ut
3473 2567 3720 2639 placeam

2131 2665 2316 2706 coram
2349 2650 2463 2708 Deo
2487 2653 2544 2708 in
2571 2651 2779 2711 lumine
2799 2656 3117 2713 viventium.

2205 2740 2273 2797 Ut
2296 2760 2477 2814 supra.
2508 2744 2774 2813 Quoniam
2799 2749 3041 2818 probasti
3084 2763 3186 2805 nos
3215 2751 3357 2806 Deus
3375 2793 3391 2816 ,
3413 2730 3574 2824 °igne
3620 2765 3727 2808 nos

2131 2834 2480 2903 examinasti,
2510 2837 2653 2892 sicut
2703 2837 3046 2896 examinatur
3087 2849 3390 2912 argentum.
3452 2841 3726 2900 lnduxisti

2131 2940 2232 2981 nos
2259 2925 2316 2981 in
2353 2925 2624 2997 laqueum,
2647 2930 2879 2998 posuisti
2910 2931 3294 2989 tribulationes
3329 2933 3384 2988 in
3422 2933 3591 2991 dorso
3630 2951 3728 2991 no—

450 3025 677 3082 clamavi
704 3041 718 3079 :
748 3021 1082 3082 etDominus
1108 3019 1337 3076 salvebit
1496 3019 1733 3092 Vespere
1759 3025 2025 3130 etmane,
2055 3062 2102 3130 Ο
2133 3022 2292 3130 strp:
2327 3016 2633 3130 imposuisti
2669 3017 3132 3130 homineslsupei:
3169 3023 3349 3130 capita
3379 3031 3592 3079 nostra.
3629 3025 3725 3088 ,Da

451 3127 509 3176 et
541 3116 769 3175 meridie
811 3114 1046 3172 narrabo
1065 3119 1122 3168 et
1151 3109 1515 3167 annuntiabo:
1541 3116 1598 3164 et
1646 3107 1900 3166 exaudiet
1941 3119 2031 3161 vo-
2055 3106 2102 3130 "
2135 3106 2316 3173 nobis,
2341 3107 2592 3176 Domine,
2618 3109 2878 3166 auxilium
2922 3110 2990 3167 de
3031 3112 3414 3180 tribulatione;
3471 3124 3530 3172 et
3583 3131 3728 3172 vana

449 3225 570 3266 cem
598 3222 809 3264 meam:
850 3205 1098 3262 Redimet
1126 3203 1180 3258 in
1194 3217 1329 3276 pace
1352 3201 1591 3258 animam
1613 3215 1791 3258 meam
1814 3200 1885 3256 ab
1913 3199 2020 3265 bis.

449 3303 544 3370 qui
604 3299 1038 3370 appropinquant
1095 3295 1231 3349 mihi
1277 3312 1290 3348 :
1344 3293 1600 3363 quoniam
1655 3293 1803 3348 inter
1833 3291 2030 3349 multos

453 3396 614 3444 erant
642 3403 873 3443 mecum.
914 3385 1178 3442 Exaudiet
1203 3383 1382 3448 Deus,
1417 3390 1474 3437 et
1508 3383 1816 3438 humiliabit
1867 3382 1987 3438 illos
2011 3422 2027 3448 ,

450 3479 544 3549 qui
579 3486 665 3535 est
698 3485 826 3533 ante
844 3475 1058 3532 smnia.
1090 3473 1208 3529 Non
1232 3473 1380 3529 enim
1405 3481 1494 3528 est
1519 3472 1626 3528 illis
1650 3473 2026 3539 commutatio,

451 3579 510 3626 et
545 3585 652 3626 non
682 3569 982 3624 timuerunt
1008 3564 1219 3622 Deum:
1247 3564 1496 3620 extendit
1529 3578 1748 3619 manum
1771 3579 1924 3621 suam
1971 3564 2026 3620 in

449 3658 756 3716 tribuendo.
807 3653 1322 3712 Contaminaveruut
1353 3661 1738 3710 testamentum
1789 3653 1928 3725 ejus,
1950 3653 2018 3708 di-

447 3753 554 3808 visi
590 3757 718 3807 sunt
741 3752 809 3806 ab
839 3749 920 3804 ira
963 3748 1144 3803 vultus
1175 3746 1293 3817 ejus
1319 3766 1332 3802 :
1364 3755 1419 3803 et
1450 3747 1902 3818 appropinquavit
1929 3763 2026 3803 cer

447 3845 612 3903 illius.
641 3840 830 3898 Molliti
856 3847 984 3894 sunt
1039 3853 1318 3900 sermones
1369 3836 1485 3906 ejus
1518 3853 1684 3908 super
1709 3839 1887 3895 oleum
1915 3857 1929 3894 :
1967 3847 2025 3895 et

447 3935 550 4006 ipsi
581 3940 708 3990 sunt
728 3931 927 4003 iacula.
963 3929 1115 3985 iacta
1139 3943 1304 3999 super
1327 3927 1615 3984 Dominum
1634 3943 1822 3992 curam
1849 3935 2021 3994 tuam,

444 4035 502 4082 et
570 4025 687 4095 ipse
739 4032 794 4079 te
843 4022 1123 4078 enutriet:
1157 4036 1265 4076 non
1325 4020 1476 4076 dabit
1509 4020 1566 4074 iu
1611 4026 1878 4076 aeternum
1927 4019 2025 4078 llu-

444 4117 777 4174 ctuationem
800 4113 967 4183 justo.
1019 4113 1098 4168 Tu
1128 4127 1258 4169 vero
1286 4111 1430 4168 Deus
1461 4112 1694 4168 deduces
1727 4127 1824 4169 eos
1848 4113 1904 4169 in
1927 4128 2023 4182 pu-

446 4216 594 4264 teum
628 4204 905 4261 interitus.
931 4203 1044 4259 Viri
1070 4203 1394 4274 sanguinum
1421 4209 1478 4258 et
1509 4202 1702 4268 dolosi,
1731 4218 1840 4259 non
1866 4203 2022 4259 dimi-

443 4297 671 4356 diabunt
695 4294 814 4350 dies
835 4307 984 4358 suos,
1005 4307 1106 4364 ego
1133 4301 1316 4348 autem
1343 4291 1572 4362 sperabo
1601 4293 1658 4348 in
1691 4300 1744 4350 te
1772 4292 2016 4350 Domine.

2132 3197 2280 3252 salus
2311 3197 2570 3254 hominis.

2203 3285 2407 3342 Oratio.
2433 3286 2714 3355 Transfer,
2729 3289 2980 3357 Domine,
3005 3291 3348 3363 iniquitatem
3379 3293 3605 3349 familia
3628 3295 3729 3350 bu-

2118 3379 2212 3448 jus
2234 3381 2334 3436 sub
2369 3388 2586 3436 tuarum
2615 3382 2826 3438 alarum
2851 3385 3043 3439 umbra
3073 3386 3368 3456 sperantis,
3394 3395 3455 3441 ut
3489 3387 3721 3442 missam

2129 3471 2197 3526 de
2221 3471 2359 3527 cmlo
2387 3471 2821 3532 miseriwrdiam
2847 3483 3019 3542 tuam,
3043 3492 3073 3532 a
3116 3479 3492 3549 nequissimis,
3521 3479 3727 3551 quibus

2126 3559 2474 3629 insidiamur,
2497 3562 2672 3620 foveis
2690 3578 2967 3622 amamur.
3000 3567 3123 3624 Per.

2196 3651 2408 3708 Litant'a
2432 3665 2489 3709 at
2507 3673 2688 3728 supra.

2195 3742 2253 3799 ln
2301 3745 2390 3800 die
2411 3746 2776 3806 tribulationis
2816 3765 2950 3806 mete
2974 3751 3140 3808 Deum
3161 3753 3429 3824 exquisivi
3462 3756 3724 3813 manibus

2124 3838 2261 3895 meis
2282 3848 2444 3896 nocte
2465 3850 2653 3897 contra
2676 3858 2820 3908 eum,
2836 3853 2891 3899 et
2914 3860 3020 3902 non
3035 3861 3154 3902 sum
3169 3847 3446 3918 deceptus.
3476 3848 3722 3908 Domine

2123 3926 2267 3984 Deus
2302 3930 2564 3985 virtutum
2593 3971 2609 3996 ,
2651 3942 2910 3989 converte
2944 3950 3044 3991 nos
3074 3976 3090 4000 ,
3143 3945 3197 3992 et
3229 3939 3460 3994 ostende
3511 3937 3722 3996 faciem

2122 4028 2295 4086 tuam,
2309 4029 2364 4077 et
2384 4022 2518 4078 salvi
2537 4024 2760 4080 erimus.
2787 4026 3016 4083 Domine
3038 4027 3181 4084 Deus
3201 4029 3489 4094 virtutum,
3504 4031 3712 4087 exaudi

2119 4111 2425 4168 orationem
2454 4128 2653 4180 meam,
2675 4115 2898 4172 auribus
2939 4119 3159 4192 percipe
3193 4119 3336 4175 Deus
3356 4118 3545 4175 Jacob.
3583 4119 3723 4177 Pro-

2120 4207 2295 4256 tector
2315 4205 2694 4274 nosteraspice
2709 4204 2872 4273 Deus,
2885 4214 2942 4263 et
2966 4209 3180 4279 respice
3205 4209 3260 4263 in
3286 4208 3479 4266 faciem
3500 4209 3720 4268 Christi

2121 4290 2220 4345 tui.
2267 4291 2521 4364 Nunquid
2548 4295 2604 4350 in
2625 4304 2892 4353 aeternum
2919 4299 3175 4356 irasceris
3196 4301 3373 4368 nobis,
3399 4311 3495 4356 aut
3517 4310 3724 4359 exten-

517 4385 587 4443 Ut
609 4403 791 4458 supra.
822 4385 934 4458 Ego
968 4392 1150 4476 autem
1185 4384 1418 4476 cantabo
1446 4380 1820 4476 lenitudinem
1841 4393 2017 4476 tuam,
2046 4412 2100 4476 υ
2120 4382 2218 4440 des
2250 4383 2388 4439 iram
2415 4393 2565 4442 tuam
2595 4402 2626 4442 a
2652 4391 3010 4458 generatione
3037 4392 3092 4446 in
3105 4393 3550 4462 generationem?
3575 4394 3728 4453 Deus

441 4485 498 4537 et
517 4475 768 4535 exaltabo
800 4489 961 4530 mane
986 4471 1416 4530 misericordiam
1458 4480 1622 4528 tuam.
1656 4473 1797 4540 Quia.
1842 4472 2016 4530 factus
2046 4471 2081 4476 ⁷
2123 4481 2181 4529 ιιι
2213 4489 2510 4532 conversus
2531 4477 2830 4536 vivificabis
2879 4496 2996 4547 nos,
3019 4490 3074 4537 et
3103 4483 3258 4552 plebs
3305 4492 3396 4539 tua
3441 4484 3727 4543 laetabitur

441 4585 502 4625 es
528 4573 812 4638 susceptor
854 4571 1111 4630 meus,,et
1153 4561 1419 4636 refugium
1449 4577 1631 4619 meum
1658 4563 1716 4618 in
1743 4563 1830 4620 die
1852 4565 2020 4622 tribu-

440 4659 660 4720 lationis
687 4671 840 4716 mea.
872 4655 1102 4729 Adjutor
1135 4668 1312 4720 meus,
1343 4653 1440 4708 tibi
1466 4652 1852 4725 psallam,quia
1873 4653 2016 4711 Deus

438 4756 725 4819 susceptor
754 4761 908 4802 meus
943 4761 1024 4811 es,
1047 4744 1192 4808 Deus
1226 4760 1400 4811 meus,
1427 4744 1801 4801 misericordia
1834 4759 1976 4802 mea.

509 4841 716 4898 Oratio.
747 4838 1016 4896 Bellorum
1048 4836 1400 4900 invisibilium
1414 4837 1618 4909 optime
1649 4846 2016 4910 propugnator

437 4930 604 4999 Deus,
637 4931 731 5005 qui
780 4929 837 4986 in
860 4936 914 4985 te
951 4928 1269 4988 conﬁtentes
1313 4929 1385 4989 ab
1427 4928 1664 4991 inimicis
1719 4928 1874 4984 obrui
1905 4944 2012 4984 non

434 5023 737 5097 permittis;
774 5029 1018 5091 exterge,
1048 5033 1356 5088 precamur,
1387 5019 1456 5074 ab
1483 5019 1652 5076 oculis
1672 5021 1884 5076 nostris,
1907 5021 2012 5092 72

434 5121 655 5189 peccata
691 5111 1080 5182 lacrymarum,
1115 5117 1173 5163 ut
1205 5108 1334 5162 dum
1392 5108 1632 5164 carnalia
1685 5109 1824 5170 bella
1855 5124 2010 5165 com-

434 5203 742 5274 primimus,
763 5200 978 5272 placere
1003 5198 1102 5256 tibi
1145 5198 1199 5254 in
1221 5197 1424 5260 lumine
1476 5199 1771 5263 viventium
1800 5213 2010 5264 merea-

434 5315 570 5354 mur.
598 5298 722 5358 Per.

508 5387 644 5442 Alia.
677 5385 804 5443 Jesu
836 5385 1084 5451 Domine,
1111 5387 1353 5457 quiante
1395 5397 1588 5440 saecula
1613 5400 1735 5441 cum
1767 5385 1926 5443 Patre
1959 5397 2016 5445 et

435 5477 638 5548 Spiritu
674 5487 863 5535 sancto
884 5492 1112 5535 manens
1139 5517 1155 5542 ,
1216 5475 1690 5547 conditionemque
1721 5476 2008 5534 humanam

433 5569 755 5639 suscipiens,
779 5570 849 5625 ab
873 5568 1153 5624 unianimo
1186 5566 1450 5638 discipulo
1499 5566 1744 5637 proditus
1779 5574 2008 5623 mortem

429 5662 645 5718 subiisti
685 5677 777 5733 pro
802 5661 1031 5732 perditis
1061 5677 1073 5714 :
1106 5659 1299 5717 exaudi
1349 5659 1646 5716 orationem
1674 5659 2005 5732 supplicum,

2119 4563 2176 4618 in
2201 4571 2272 4620 te.
2297 4561 2534 4622 Ostende
2562 4568 2739 4635 nobis,
2765 4569 3012 4637 Domine,
3043 4571 3474 4630 misericordiam
3518 4583 3677 4632 tuam
3703 4619 3720 4642 ,

2119 4663 2175 4712 et
2203 4656 2444 4713 salutare
2471 4665 2621 4714 tuum
2643 4660 2710 4715 da
2752 4661 2930 4718 nobis.
2957 4660 3194 4734 Respice
3235 4664 3293 4718 iu
3329 4679 3434 4728 me,
3465 4673 3524 4720 et
3552 4667 3723 4723 mise-

2118 4764 2242 4806 rere
2270 4751 2407 4817 mei;
2444 4752 2570 4822 quia
2604 4753 2799 4809 unicus
2829 4762 2886 4810 et
2911 4770 3118 4825 pauper
3144 4772 3264 4812 sum
3312 4771 3431 4828 ego.
3465 4757 3721 4813 Tribula.

2123 4841 2301 4898 tiones
2328 4843 2506 4899 cordis
2535 4843 2646 4898 mei
2674 4843 3045 4914 multiplicata:
3087 4853 3234 4912 sunt,
3257 4845 3324 4901 de
3371 4847 3721 4902 necessitati-

2118 4933 2219 4987 bus
2243 4931 2382 4988 meis
2404 4947 2536 4988 erue
2569 4948 2675 4989 me.
2726 4933 2954 5004 Adjutor
2998 4951 3152 4991 mens
3193 4943 3338 5001 esto,
3361 4952 3434 4992 ne
3468 4937 3716 4994 derelinv

2116 5035 2253 5089 quas
2287 5036 2398 5087 me,
2422 5037 2598 5091 neque
2618 5023 2887 5093 despicias
2915 5040 3023 5091 me,
3055 5026 3199 5082 Deus
3225 5027 3486 5083 salutaris
3521 5043 3714 5086 meus.

2115 5111 2230 5183 Ego
2264 5121 2446 5168 autem
2473 5112 2529 5168 in
2565 5121 2622 5170 te
2655 5115 2896 5183 speravi,
2919 5114 3170 5182 Domine,
3195 5117 3306 5172 dixi
3335 5136 3349 5172 :
3381 5118 3528 5174 Dens
3549 5135 3718 5176 meus

2113 5216 2174 5258 es
2190 5210 2270 5267 tu,
2298 5202 2353 5257 in
2373 5203 2622 5258 manibus
2651 5204 2759 5260 tuis
2773 5212 2952 5262 sortes
2971 5221 3124 5262 mere.
3139 5207 3306 5277 Eripe
3327 5222 3418 5264 me
3443 5209 3516 5265 de
3539 5215 3721 5265 manu

2117 5292 2461 5352 inimicorum
2485 5305 2752 5358 meorum,
2781 5302 2839 5348 et
2878 5308 2908 5348 a
2935 5296 3387 5366 persequentibus
3431 5309 3542 5354 me.
3577 5297 3720 5354 Illu-

2116 5390 2231 5438 stra
2266 5381 2459 5443 faciem
2491 5391 2638 5439 tuam
2667 5399 2828 5455 super
2883 5400 3100 5442 servum
3148 5397 3319 5451 tuum,
3351 5387 3568 5444 salvum
3621 5402 3723 5444 mc

2115 5471 2200 5527 fac
2233 5473 2288 5527 in
2321 5473 2690 5529 misericordia
2750 5483 2861 5541 tua,
2911 5475 3170 5541 Domine,
3229 5492 3336 5532 non
3361 5475 3718 5542 confundat,

2115 5563 2368 5633 quoniam
2401 5562 2642 5618 invocavi
2706 5572 2776 5618 te.
2813 5564 2892 5621 Nc
2945 5567 3283 5630 memineris,
3312 5564 3568 5633 Domine,
3611 5567 3724 5623 ini-

2116 5652 2384 5728 quitatum
2407 5661 2714 5712 nostrarum
2741 5657 3108 5728 antiquarum,
3135 5658 3244 5714 cito
3269 5658 3578 5731 aulicipcnt
3604 5674 3720 5718 nos
