3894 6182
274 314 361 370 551

1247 322 1641 383 LITURGICA.
1681 358 1752 370 —-
1785 326 2053 386 OFFICIA
2091 329 2228 386 PER
2261 331 2531 391 FEBIAS.
2645 327 2650 330 ’
3405 347 3476 408 53

269 425 645 482 misericordia:
673 436 801 495 tuae,
825 429 950 500 quia
986 446 1254 503 pauperes
1279 433 1412 492 facti
1437 452 1626 494 sumus
1645 438 1825 496 nimis.
1857 445 1904 503 Α
1933 452 2154 514 protege
2182 459 2288 510 me,
2318 461 2350 500 a
2375 446 2516 504 facie
2560 448 2872 520 impiorum,
2914 456 3006 524 qui
3056 471 3144 512 me
3180 459 3512 520 'atllixernnt.

329 514 534 572 Oratio.
569 517 776 588 Adjuva
799 534 922 586 nos,
943 521 1088 578 Deus
1113 523 1366 580 salutaris
1387 535 1594 592 noster,
1617 539 1838 600 propter

261 609 481 676 gloriam
495 611 736 670 nominis
759 612 858 677 tui,
877 612 1126 682 Domine,
1155 615 1322 673 libera
1353 629 1546 683 nos,et
1569 621 1837 691 propitius

261 712 373 758 esto
395 703 638 773 peccatis
661 704 866 760 nostris
887 714 1113 776 propter
1133 723 1332 763 nomen
1362 718 1530 766 tuum.
1577 711 1801 767 Dimitte
1818 754 1834 778 ,

263 795 416 859 Deus,
446 803 674 864 peccata
703 804 911 862 nostra,
935 805 990 852 et
1017 798 1193 854 tribue
1223 801 1380 856 nobis
1405 802 1835 858 misericordiam

257 893 399 939 tuam
436 884 554 940 oris
567 885 740 941 nostri
771 886 1093 956 deprecatus
1117 889 1452 960 alloquio,ac
1472 893 1838 950 humilitatem

257 974 496 1039 attende,
524 974 740 1030 vincula
769 976 940 1044 solve,
975 978 1173 1034 delicta
1217 981 1338 1038 dele
1361 1022 1376 1047 ,
1432 984 1834 1041 tribulationem

258 1065 480 1135 inspice,
511 1066 902 1123 adversitatem
930 1069 1152 1139 repelle,
1173 1070 1535 1143 etl'ectumque
1559 1076 1837 1145 petitionis

257 1164 450 1213 nostra
478 1155 714 1228 largiens
741 1165 798 1214 et
820 1159 1088 1230 benignus
1105 1162 1405 1224 clementer
1423 1166 1640 1221 exaudi.
1674 1167 1798 1224 Per.

317 1246 674 1318 Omnipotens
697 1251 1030 1320 sempiterna
1041 1252 1207 1319 Deus,
1228 1255 1321 1323 qui
1342 1256 1602 1312 subvenis
1625 1257 1680 1312 in
1699 1259 1840 1329 peri-

253 1338 380 1394 culis
427 1346 487 1394 et
544 1341 968 1397 necessitatibus
1019 1343 1392 1402 laborantibus
1415 1387 1434 1413 ,
1493 1347 1837 1418 majestatem

257 1436 397 1483 tuam
430 1429 752 1499 suppliciter
773 1446 1083 1500 exoramus,
1108 1442 1168 1489 ut
1201 1435 1422 1492 mittere
1455 1436 1694 1509 digneris
1715 1452 1839 1494 sanv

254 1529 394 1574 ctum
423 1520 678 1591 angelum
709 1530 882 1589 tuum,
910 1524 1005 1594 qui
1039 1541 1140 1582 nos
1163 1527 1226 1581 in
1249 1528 1520 1598 angustiis
1559 1535 1616 1584 et
1649 1543 1836 1585 neces-

253 1613 502 1670 sitatibus
528 1615 736 1670 nostris
769 1614 1111 1683 laborantes,
1143 1617 1606 1676 consolationibus
1652 1619 1835 1676 foveat

257 1704 378 1771 tuis,
412 1705 608 1774 quibus
641 1713 698 1762 et
721 1706 789 1762 de
830 1709 1088 1776 prtesenti
1136 1709 1488 1768 tribulatione
1538 1725 1837 1785 consequa-

1938 531 2148 588 lnimici
2171 535 2277 590 mei
2298 535 2536 590 animam
2555 553 2733 594 meam
2761 542 3236 603 circumdederunt
3260 568 3272 602 :
3297 550 3514 620 adipem

1939 636 2095 676 suum
2146 623 2548 695 concluserunt,
2577 645 2640 685 os
2686 645 2874 687 eorum
2921 634 3159 692 locutum
3204 649 3291 696 est
3336 657 3517 712 super-

1937 712 2102 766 biam.
2134 714 2490 782 Projicientcs
2532 736 2641 786 me,
2669 738 2816 778 nunc
2861 726 3333 786 circumdederunt
3377 747 3465 787 me
3498 752 3511 787 :

1933 803 2122 858 oculos
2149 819 2278 860 suos
2306 815 2613 863 statuerunt
2627 811 2900 869 declinare
2929 815 2984 869 in
3008 825 3228 873 terram.
3256 819 3518 893 Suscepe-

1939 902 2066 947 runt
2092 909 2180 949 me
2206 895 2347 952 sicut
2373 897 2459 954 leo
2477 909 2701 969 paratus
2725 904 2791 958 ad
2823 907 3080 975 praedam,
3110 918 3166 965 et
3201 911 3343 967 sicut
3367 921 3516 970 catu-

1937 982 2022 1038 lus
2063 983 2234 1040 leonis
2290 986 2544 1044 habitans
2591 993 2648 1046 in
2699 994 2917 1050 abditis.
2970 998 3234 1072 Exsurge,
3265 1003 3512 1069 Domine,

1936 1078 2174 1146 praeveni
2216 1093 2370 1145 eum,
2397 1089 2453 1136 et
2501 1085 2782 1154 supplanta
2833 1104 2956 1143 eum
3008 1109 3021 1144 :
3077 1095 3226 1164 eripe
3276 1098 3514 1154 animam

1936 1183 2116 1222 meam
2142 1170 2212 1225 ab
2232 1169 2416 1242 impio,
2448 1173 2707 1230 frameam
2751 1186 2898 1233 tuam
2946 1181 3016 1236 ab
3044 1182 3283 1239 inimicis
3320 1201 3513 1242 manus

1939 1268 2060 1314 tuae.
2085 1261 2370 1319 Dominea
2413 1267 2600 1336 paucis
2643 1268 2711 1324 de
2759 1278 2904 1326 terra
2945 1273 3126 1329 divide
3172 1291 3268 1332 eos
3308 1278 3363 1332 in
3402 1280 3511 1334 vita

1935 1366 2163 1407 eorum:
2197 1354 2266 1408 de
2305 1355 2638 1413 absconditis
2678 1361 2785 1415 tuis
2827 1363 3148 1434 adimpletus
3197 1375 3282 1422 est
3321 1373 3512 1425 venter

1929 1457 2148 1498 eorum.
2180 1443 2417 1501 Saturati
2445 1459 2577 1503 sunt
2609 1450 2735 1505 ﬁliis
2765 1470 2778 1506 :
2807 1461 2864 1506 et
2891 1455 3216 1512 dimiserunt
3250 1459 3510 1529 reliquias

1931 1537 2328 1607 suasrparvulis
2354 1539 2487 1594 suis.
2517 1540 2630 1612 Ego
2665 1551 2846 1598 autem
2894 1545 2950 1598 in
2985 1546 3195 1616 justitia
3242 1550 3512 1619 apparebo

1937 1627 2250 1696 conspectui
2274 1635 2364 1684 tuo
2389 1648 2402 1683 :
2426 1630 2692 1697 satiabor,
2718 1648 2840 1688 cum
2869 1637 3178 1704 apparuerit
3201 1637 3368 1707 gloria
3398 1645 3507 1694 tua.

2009 1711 2076 1766 Ut
2101 1731 2281 1785 supra.
2323 1716 2436 1788 Ego
2481 1718 2613 1786 dixi,
2643 1720 2888 1787 Domine,
2913 1723 3176 1778 miserere
3222 1725 3348 1789 mei,
3378 1741 3510 1780 sana

253 1813 372 1851 mur
395 1797 651 1852 auxilium
678 1839 694 1864 ,
749 1805 806 1855 et
849 1808 1053 1857 πῖθι-Μ
1081 1803 1321 1864 remedia
1371 1805 1830 1876 comprehendere
1851 1788 1904 1850 θ
1930 1807 2168 1862 animam
2225 1825 2422 1866 meam.
2474 1812 2731 1870 Miserere
2778 1817 2906 1881 mei,
2929 1817 3179 1883 Domine,
3213 1827 3272 1873 et
3315 1821 3510 1876 exaudi

254 1888 542 1946 valeamus.
575 1888 702 1944 Per.

661 2001 768 2074 73
841 2021 1142 2102 FEBIA
1219 2027 1369 2104 III.

392 2171 472 2212 AD
513 2169 844 2216 SPECIALES
891 2174 1245 2224 ORATIONBS
1288 2180 1662 2226 PACIENDAS.

316 2283 341 2312 ι
368 2271 626 2328 Miserere
656 2274 903 2342 Domine,
926 2278 1188 2335 miserere
1213 2279 1430 2337 Christe
1461 2300 1474 2336 :
1506 2290 1565 2338 tu
1609 2283 1830 2340 miseri-

250 2366 422 2422 cordia
443 2383 586 2436 mea,
620 2370 880 2428 miserere
906 2373 1038 2428 mihi
1064 2372 1823 2450 [Cod.Reg.,miserere'mei].

253 2460 496 2518 Miserere
524 2461 772 2530 Domine,
796 2465 1056 2522 miserere
1075 2467 1323 2534 Christe;
1353 2477 1413 2524 ut
1433 2471 1652 2525 credam
1676 2471 1730 2525 iu
1751 2479 1821 2526 te.

253 2549 499 2608 Miserere
525 2553 776 2622 Domine,
803 2555 1069 2613 miserere
1108 2558 1354 2626 Christe;
1407 2569 1470 2615 ut
1504 2561 1722 2632 diligam
1748 2567 1820 2617 te.

253 2640 496 2699 Miserere
526 2641 786 2710 Domine,
810 2648 1069 2703 miserere
1094 2647 1341 2716 Christe;
1395 2659 1457 2706 ut
1500 2665 1824 2722 cognoscam

251 2740 315 2784 te.
340 2730 596 2787 Miserere
621 2733 866 2801 Domine,
889 2736 1150 2794 miserere
1172 2739 1418 2806 Christe;
1446 2749 1507 2796 ut
1532 2755 1746 2810 sperem
1767 2742 1822 2796 in

249 2831 314 2878 te.
346 2821 606 2880 Miserere
645 2825 892 2893 Domine,
924 2830 1190 2888 miserere
1232 2831 1479 2897 Christe;
1535 2842 1598 2890 ut
1641 2834 1822 2889 anima

247 2925 359 2966 mea
391 2913 539 2971 vivat
561 2914 617 2969 in
642 2922 714 2970 te.
743 2915 1003 2972 Miserere
1022 2917 1271 2986 Domine,
1289 2922 1554 2978 miserere
1573 2922 1816 2990 Christe;

249 3013 302 3057 ut
326 3019 458 3060 caro
484 3020 608 3061 mea
633 3006 872 3063 exsultet
899 3009 955 3064 in
1003 3016 1076 3065 te.
1107 3009 1365 3067 Miserere
1384 3010 1632 3077 Domine,
1661 3013 1822 3068 mise-

1929 1899 2233 1956 orationem
2272 1919 2470 1959 meam.
2502 1905 2724 1963 Intende
2767 1908 2886 1964 voci
2915 1910 3180 1965 orationis
3207 1927 3360 1977 mea},
3392 1912 3508 1972 Rex

1927 2005 2113 2057 meus,
2137 1999 2194 2046 et
2219 1992 2361 2050 Deus
2385 2010 2556 2052 meus.
2587 1996 2854 2065 Quoniam
2882 1999 3019 2054 adte
3035 2001 3222 2069 orabo,
3256 2002 3504 2071 Domine,

1927 2096 2088 2138 mane
2116 2084 2377 2140 exaudies
2404 2101 2591 2142 vocem
2611 2104 2811 2145 meam.

2000 2169 2205 2227 Oratio.
2231 2173 2518 2242 Converte,
2542 2177 2790 2246 Domine,
2819 2182 3007 2239 oculos
3034 2185 3213 2242 cordis
3232 2187 3508 2252 uostri,ad

1926 2263 2254 2319 cernendam
2303 2267 2379 2322 tui
2415 2266 2608 2336 judicii
2651 2271 2970 2340 veritatem,
3002 2282 3080 2341 ut,
3111 2276 3239 2331 dum
3267 2277 3355 2334 hic
3382 2279 3507 2350 igne

1925 2355 2156 2426 spiritali
2175 2359 2487 2428 probamur,
2512 2362 2579 2418 de
2608 2363 2716 2420 tuis
2745 2367 2800 2421 in
2829 2375 3095 2424 aeternum
3123 2373 3506 2442 conspectibua

1925 2461 2047 2502 cum
2072 2449 2248 2505 fructu
2263 2448 2492 2518 iustitiae
2519 2456 2800 2512 satiemur.

2539 2563 2878 2624 PSALMUS.

1993 2672 2183 2744 (PSAL.
2224 2673 2408 2746 xxxv.)
2449 2686 2472 2714 ε
2512 2675 2596 2730 Ad
2647 2685 2699 2733 te
2749 2677 2978 2736 Domine
3031 2682 3204 2738 levavi
3251 2686 3493 2742 animam

1923 2777 2099 2820 meam
2129 2782 2144 2818 :
2190 2763 2334 2820 Deus
2375 2781 2526 2822 meus
2571 2768 2625 2822 in
2678 2776 2729 2823 te
2759 2769 2993 2836 confido,
3023 2788 3130 2828 non
3159 2775 3499 2832 erubescam.

1921 2853 2110 2925 Neque
2139 2856 2400 2912 irrideant
2434 2873 2521 2913 me
2563 2859 2769 2915 inimici
2818 2862 2925 2916 mei
2959 2880 2973 2916 :
3003 2863 3206 2918 etenim
3240 2865 3500 2932 universi,

1921 2946 2012 3015 qui
2067 2947 2337 3003 sustinent
2387 2956 2471 3014 te,
2504 2965 2611 3004 non
2652 2950 3068 3008 confundentu'.
3093 2954 3505 3016 Conl‘uudantur

1921 3051 2112 3094 omnes
2160 3039 2344 3110 iniqua
2386 3051 2609 3112 agentes
2656 3058 3007 3113 supervacue.
3061 3045 3192 3102 Vias
3241 3057 3381 3114 tuas,
3404 3048 3506 3104 Do-

249 3110 357 3151 rere
381 3095 631 3164 Christe;
661 3107 724 3154 ut
746 3099 858 3154 vita
883 3115 1003 3155 mea
1033 3099 1186 3172 [ϐοά.
1211 3101 1365 3173 Reg.,
1387 3111 1450 3157 ut
1470 3103 1649 3158 anima
1675 3103 1818 3176 mea]

249 3186 486 3212 ...ΑΩΑΞΑΑ
514 3189 567 3212 ε..
597 3198 647 3212 ι-
683 3189 849 3212 ru--.
865 3208 912 3212 -u
932 3209 945 3212 Α
990 3191 1305 3212 _-_In-sxa,__
1333 3194 1379 3212 ε-
1418 3193 1492 3212 .-Ἰ
1565 3194 1743 3212 ιποκημ
1781 3211 1810 3212 η

1923 3130 2093 3194 mine,
2121 3129 2433 3187 demonstra
2466 3134 2597 3188 mihi
2628 3153 2641 3189 :
2673 3145 2730 3190 et
2757 3139 2978 3194 semitas
3017 3147 3137 3195 tuas
3181 3139 3346 3197 edoce
3392 3158 3500 3196 me.

247 3186 488 3255 proﬁciat
514 3189 570 3244 in
597 3198 651 3246 te
683 3189 967 3261 [Martene,
990 3191 1307 3263 perﬁciatur
1331 3194 1387 3248 in
1418 3193 1514 3266 te].

247 3276 469 3336 Domine
497 3281 640 3338 Deus
663 3283 848 3349 Pater,
873 3284 1043 3356 gloria
1072 3300 1214 3350 mea,
1245 3285 1358 3340 vita
1393 3295 1537 3339 mea.
1563 3283 1824 3341 Miserere

245 3371 452 3428 Christe
479 3370 747 3440 Salvator,
777 3374 923 3430 salus
938 3381 1084 3442 mea,
1113 3374 1372 3430 fortitudo
1401 3389 1541 3429 mea.
1567 3373 1821 3431 Miserere

245 3461 472 3533 Spiritus
493 3463 810 3534 paraclitus,
837 3465 1140 3521 consolatio
1165 3480 1308 3532 mea,
1331 3465 1655 3520 illuminatio
1675 3481 1817 3521 mea.

243 3555 493 3613 Miserere
515 3555 744 3612 Domine
770 3555 936 3623 Deus,
968 3555 1208 3613 Trinitas
1231 3565 1288 3612 et
1309 3557 1513 3612 unitas.
1539 3556 1615 3615 Te
1635 3558 1815 3625 laudo,

244 3656 291 3705 te
315 3648 507 3713 adoro,
537 3656 590 3702 te
615 3647 898 3703 conﬁteor.
925 3646 1034 3702 Pax
1055 3663 1197 3712 mea,
1220 3659 1347 3717 spes
1372 3661 1512 3712 mea,
1535 3646 1654 3702 laus
1673 3661 1815 3713 mea,

242 3737 325 3792 lux
354 3753 494 3803 mea,
511 3736 856 3808 pulchritudo
885 3737 1322 3804 mea,beatitudo
1349 3751 1488 3792 mea.
1513 3737 1635 3791 Tibi
1665 3737 1813 3804 laus;

242 3830 330 3884 tibi
366 3829 561 3900 gloria,
585 3829 682 3884 tibi
710 3828 1008 3900 gratiarum
1034 3827 1178 3883 actio
1203 3841 1420 3898 semper
1445 3835 1500 3881 et
1523 3827 1720 3898 ubique
1759 3827 1816 3882 in

242 3920 431 3975 saecula
463 3921 818 3992 sempiterna.

304 4010 447 4066 Deus
468 4009 815 4080 adjutorium,
845 4019 946 4066 ter.

843 4121 1071 4178 PSALM
1081 4122 1184 4180 US.

302 4232 484 4304 (Psst.
516 4232 651 4305 Lvt.)
683 4231 710 4272 δ
754 4233 962 4289 Exaudi
993 4234 1220 4289 Domine
1258 4231 1529 4302 justitiam
1573 4247 1748 4288 meam
1794 4251 1807 4287 :

235 4324 451 4381 intende
477 4326 918 4395 deprecationem
939 4339 1134 4381 meam.
1165 4323 1402 4380 Auribus
1433 4325 1653 4395 percipe
1693 4340 1815 4381 ora-

233 4417 434 4476 tionem
463 4432 664 4482 meam,
695 4431 804 4471 non
836 4416 891 4471 in
920 4415 1076 4471 labiis
1111 4415 1333 4472 dolosis.
1387 4414 1466 4470 De
1518 4415 1665 4470 vultu
1717 4423 1810 4469 tuo

1563 3194 1820 3292 ἒξξδθΐθτθ
1851 3194 1894 3212 υ
1922 3219 2104 3292 Dirige
2126 3236 2214 3277 me
2239 3223 2294 3276 in
2321 3223 2549 3278 veritate
2573 3231 2683 3291 tua,
2715 3235 2771 3281 et
2797 3227 2928 3284 doce
2957 3244 3043 3284 me

3090 3249 3103 3284 :
3153 3231 3280 3302 quia
3333 3240 3388 3286 tu
3443 3248 3503 3287 es

1920 3307 2062 3368 Deus
2093 3311 2342 3370 Salvator
2367 3331 2550 3383 meus,
2575 3325 2632 3372 et
2659 3325 2712 3372 te
2738 3319 2969 3374 sustinui
3018 3327 3129 3376 tota
3173 3321 3280 3377 die.
3322 3320 3506 3377 Remi-

1919 3403 2136 3460 niscere
2188 3406 2598 3463 miserationum
2655 3418 2892 3477 tuarum,
2923 3408 3169 3479 Domine,
3194 3423 3250 3469 et
3294 3415 3506 3470 miseri-

1919 3489 2226 3554 cordiamm
2248 3507 2483 3567 tuarum,
2507 3517 2628 3572 qum
2661 3517 2693 3557 a
2747 3503 2946 3558 sazculo
2995 3513 3141 3560 sunt.
3173 3505 3381 3563 Delicta
3421 3507 3507 3578 ju-

1917 3589 2156 3645 ventutis
2198 3605 2352 3659 mere,
2384 3599 2439 3648 et
2482 3592 2820 3666 ignorantias
2863 3609 3015 3652 meas
3064 3611 3135 3652 ne
3163 3598 3499 3654 memineris.

1919 3677 2229 3735 Secundum
2256 3682 2689 3739 misericordiam
2741 3693 2888 3739 tuam
2938 3696 3212 3743 memento
3260 3690 3368 3745 mei
3421 3697 3500 3754 tu,

1915 3779 2140 3841 propter
2177 3772 2476 3828 bonitatem
2507 3782 2676 3841 tuam,
2709 3775 2954 3831 Domine.
2985 3778 3166 3833 Dulcis
3219 3788 3275 3833 et
3323 3789 3504 3836 rectus

1914 3863 2175 3918 Dominus
2201 3881 2213 3917 :
2237 3873 2459 3934 propter
2485 3864 2590 3920 hoc
2611 3865 2786 3936 legem
2817 3867 2969 3922 dabit
2988 3868 3422 3938 delinquentibus
3445 3871 3501 3924 in

1918 3957 2021 4012 via.
2048 3955 2257 4027 Diriget
2281 3964 2596 4011 mansuetos
2623 3957 2680 4010 in
2703 3955 2909 4025 judicio
2934 3977 2945 4011 :
2972 3958 3187 4013 docebit
3208 3960 3366 4014 mites
3385 3959 3501 4016 vias

1914 4063 2060 4104 suas.
2086 4047 2366 4103 Universae
2390 4045 2492 4100 vice
2521 4046 2738 4101 Domini
2775 4047 3150 4102 misericordia
3172 4056 3228 4103 et
3251 4049 3451 4104 veritas
3483 4068 3495 4103 :

1913 4137 2314 4208 requirentibus
2344 4144 2729 4191 testamentum
2761 4135 2899 4206 ejus,
2931 4145 2986 4191 et
3011 4138 3324 4193 testimonia
3357 4137 3495 4209 ejus.

1912 4227 2022 4301 74
2055 4228 2285 4298 Propter
2305 4243 2502 4282 nomen
2528 4236 2680 4282 tuum
2707 4228 2930 4284 Domine
2951 4231 3332 4301 prepitiaberis
3372 4247 3500 4300 pec~

1910 4327 2034 4374 cato
2074 4334 2197 4374 meo
2230 4337 2242 4372 :
2274 4319 2502 4374 multum
2544 4329 2630 4375 est
2673 4322 2838 4376 enim.
2889 4320 3022 4390 Quis
3067 4329 3151 4377 est
3199 4322 3361 4377 homo
3404 4324 3501 4394 qui

1911 4410 2068 4464 timet
2096 4408 2416 4464 Dominum?
2463 4410 2633 4482 legem
2661 4413 2851 4467 statuit
2877 4415 2927 4468 ci
2966 4413 3019 4467 in
3049 4413 3156 4478 via,
3181 4428 3344 4483 quam
3394 4410 3539 4469 ele—i

226 4505 490 4575 judicium
505 4521 687 4568 meum
704 4507 1114 4578 prodeatzoculi
1139 4509 1215 4562 tui
1240 4507 1461 4564 videant
1481 4508 1808 4578 :equitatem.
1843 4502 1891 4563 Ι)
1915 4502 2009 4574 gil-
2034 4502 2229 4557 Anima
2250 4502 2366 4574 ejus
2389 4503 2444 4557 in
2473 4504 2626 4560 bonis
2654 4504 3022 4561 demorabitur
3051 4523 3063 4560 :
3093 4513 3148 4559 et
3167 4519 3352 4560 semen
3382 4503 3499 4574 ejus

228 4594 480 4652 Probasti
505 4613 604 4652 cor
626 4613 827 4663 meum,
842 4606 897 4653 et
924 4598 1160 4654 visitasti
1189 4606 1350 4654 nocte
1381 4617 1394 4652 :
1427 4599 1548 4670 igne
1575 4613 1662 4652 me
1687 4614 1815 4653 exa-

227 4686 474 4753 minasti,
502 4695 560 4744 ct
583 4702 692 4744 non
717 4698 804 4744 est
839 4689 1061 4744 inventa
1091 4689 1146 4744 in
1177 4705 1264 4744 me
1294 4690 1576 4760 iniquitas.
1603 4689 1676 4746 Ut
1701 4705 1811 4744 non

226 4776 485 4852 loquatur
511 4795 576 4836 os
609 4795 788 4840 meum
816 4794 996 4853 Opera.
1026 4781 1307 4838 hominum
1339 4800 1352 4836 :
1382 4791 1604 4852 propter
1645 4780 1811 4836 verba

225 4869 494 4927 labiorum
537 4880 752 4932 tuorum
794 4889 892 4945 ego
937 4873 1207 4930 custodiri
1246 4874 1361 4929 vias
1384 4873 1568 4928 duras.
1600 4871 1814 4927 Perﬁce

225 4977 448 5032 gressus
473 4979 627 5020 meos
656 4964 711 5019 in
740 4965 951 5022 semitis
975 4966 1121 5021 tuis:
1147 4974 1209 5022 ut
1231 4981 1340 5021 non
1373 4972 1692 5020 moveantur
1728 4979 1814 5019 ve-

225 5057 388 5127 stigia
443 5073 586 5112 mea.
638 5058 749 5128 Ego
793 5058 1047 5125 clamavi,
1105 5060 1361 5129 quoniam
1412 5056 1681 5113 exaudisti
1722 5072 1811 5112 me

222 5144 414 5206 Deus:
464 5149 666 5206 inclina
713 5165 900 5206 aurem
947 5159 1094 5205 tuam
1139 5149 1292 5214 mihi,
1324 5157 1380 5204 et
1425 5147 1618 5204 exaudi
1649 5148 1811 5202 verba

209 5255 368 5294 mea.
389 5240 615 5296 Mixiﬁca
642 5241 1042 5298 misericordias
1065 5252 1204 5306 tuas,
1221 5241 1313 5312 qui
1335 5241 1514 5297 salvos
1541 5239 1674 5296 facis
1695 5256 1814 5310 spc-

221 5343 414 5393 tantes
442 5335 498 5390 in
533 5343 603 5390 te.
647 5334 692 5388 Α
743 5334 1121 5390 resistentibus
1163 5335 1401 5389 dexterae
1448 5342 1552 5388 tua:
1599 5332 1810 5386 custodi

218 5439 316 5481 me
353 5433 410 5480 ut
436 5425 692 5497 pupillam
742 5425 905 5481 oculi.
951 5425 1064 5481 Sub
1114 5424 1304 5480 umbra
1347 5424 1554 5478 alarum
1599 5430 1810 5476 tuarum

301 5580 516 5653 {Apud
544 5582 768 5638 Marten.
792 5624 806 5646 ,
833 5583 899 5637 dc
942 5583 1110 5652 antiq.
1140 5581 1280 5636 Eccl.
1313 5579 1557 5653 Diseipl.,
1590 5596 1640 5650 p.
1683 5578 1803 5634 655.

223 5679 298 5690 ——
336 5651 438 5709 Pro
464 5669 562 5710 usu
592 5655 849 5719 secundo,
881 5651 1193 5726 suprmrol.
1228 5653 1344 5708 i615.

1914 4592 2252 4648 hmreditabit
2307 4601 2528 4648 terram.
2573 4594 3002 4649 Firmamentum
3031 4601 3118 4649 est
3143 4594 3407 4649 Dominus
3435 4595 3501 4650 ti-

1914 4685 2189 4739 mentibus
2215 4700 2339 4739 cum
2372 4703 2383 4738 :
2416 4693 2473 4740 et
2497 4694 2878 4741 testamentum
2904 4685 3074 4754 ipsius
3093 4694 3155 4739 ut
3190 4685 3501 4742 manifeste.

1913 4783 2004 4830 tur
2033 4776 2157 4830 illis.
2190 4775 2343 4832 Oculi
2373 4777 2480 4832 mei
2510 4792 2727 4846 semper
2769 4778 2836 4856 ad
2887 4776 3171 4832 Dominum
3202 4781 3498 4860 :quoniam

1913 4867 2032 4938 ipse
2059 4867 2254 4923 evellet
2275 4867 2341 4922 dc
2368 4867 2562 4938 laqueo
2590 4869 2754 4938 pedes
2802 4883 2971 4924 meos.
3019 4869 3250 4940 Respice
3288 4871 3342 4925 in
3384 4886 3495 4937 me,

1913 4971 1970 5017 et
1995 4962 2256 5016 miserere
2282 4961 2391 5016 mei
2424 4962 2589 5030 :quia
2627 4963 2821 5018 unicus
2866 4971 2922 5018 et
2963 4979 3170 5035 pauper
3211 4980 3330 5019 sum
3371 4980 3491 5037 ego.

1916 5049 2316 5105 Tribulationes
2346 5050 2525 5106 cordis
2553 5052 2659 5106 mei
2688 5052 3055 5124 multiplicata:
3095 5064 3222 5110 sunt
3248 5075 3260 5110 :
3292 5056 3361 5112 de
3405 5071 3497 5114 ne-

1917 5141 2260 5196 cessitatibus
2305 5141 2441 5197 meis
2473 5157 2603 5197 erue
2632 5158 2736 5198 me.
2775 5142 2907 5198 Vide
2930 5145 3290 5201 humilitatem
3317 5161 3494 5203 meam

1916 5243 1970 5290 et
1993 5235 2235 5289 laborem
2265 5249 2444 5288 meum
2477 5252 2491 5288 :
2525 5243 2581 5289 et
2604 5236 2811 5291 dimitte
2838 5237 3090 5291 universa
3124 5237 3318 5293 delicta
3348 5253 3490 5295 mea.

1914 5328 2146 5398 Respice
2182 5327 2432 5382 inimicos
2461 5343 2632 5393 meos,
2657 5329 2914 5399 quoniam
2952 5329 3292 5399 multiplicati
3322 5340 3449 5386 sunt
3475 5350 3488 5387 :

1913 5427 1967 5474 et
1994 5419 2118 5475 odio
2161 5418 2350 5489 iniquo
2376 5418 2608 5474 oderunt
2635 5434 2740 5474 me.
2770 5418 2994 5475 Custodi
3031 5412 3268 5475 animam
3314 5437 3491 5478 meam

1953 5573 2012 5654 Hb
2056 5571 2112 5626 lu
2141 5571 2321 5627 libello
2354 5571 2529 5627 Caroli
2555 5570 2726 5639 Calvi,
2755 5588 2877 5644 pag.
2909 5573 3000 5641 32,
3037 5574 3242 5647 absque
3297 5577 3501 5636 oratio'

1913 5643 2204 5780 ""I"ii,;.3.,
2223 5729 2344 5787 pag.
2373 5714 2460 5781 57$,
2491 5715 2690 5786 absque
2716 5698 3070 5772 orationibus.
