  <div class='ocr_page' id='page_1' title='image "/cluster/home/n/w/nwhite01/storage/ocr_20150623/101/hvd.32044054759683/275.png"; bbox 0 0 3894 6182; ppageno 0'>
   <div class='ocr_carea' id='block_1_1' title="bbox 339 332 448 390">
    <p class='ocr_par' dir='ltr' id='par_1_1' title="bbox 339 332 448 390">
     <span class='ocr_line' id='line_1_1' title="bbox 339 332 448 390; baseline -0.018 0"><span class='ocrx_word' id='word_1_1' title='bbox 339 332 448 390; x_wconf 72' lang='grc'><strong>559</strong></span> 
     </span>
    </p>
   </div>
   <div class='ocr_carea' id='block_1_2' title="bbox 1183 294 2757 377">
    <p class='ocr_par' dir='ltr' id='par_1_2' title="bbox 1183 294 2757 377">
     <span class='ocr_line' id='line_1_2' title="bbox 1183 294 2757 377; baseline -0.006 0"><span class='ocrx_word' id='word_1_2' title='bbox 1183 322 1244 377; x_wconf 75' lang='grc' dir='ltr'><strong>Β.</strong></span> <span class='ocrx_word' id='word_1_3' title='bbox 1285 320 1349 377; x_wconf 78' lang='lat' dir='ltr'><strong>r.</strong></span> <span class='ocrx_word' id='word_1_4' title='bbox 1387 317 1615 375; x_wconf 54' lang='lat' dir='ltr'><strong>itme</strong></span> <span class='ocrx_word' id='word_1_5' title='bbox 1653 317 1787 374; x_wconf 74' lang='lat' dir='ltr'><strong>seu</strong></span> <span class='ocrx_word' id='word_1_6' title='bbox 1824 315 2101 375; x_wconf 82' lang='lat' dir='ltr'><strong>ALCUINI</strong></span> <span class='ocrx_word' id='word_1_7' title='bbox 2131 315 2418 373; x_wconf 77' lang='lat' dir='ltr'><strong>OPERUM</strong></span> <span class='ocrx_word' id='word_1_8' title='bbox 2454 315 2634 373; x_wconf 68' lang='lat' dir='ltr'><strong>rans</strong></span> <span class='ocrx_word' id='word_1_9' title='bbox 2666 294 2757 371; x_wconf 73' lang='lat' dir='ltr'><strong>tv.</strong></span> 
     </span>
    </p>
   </div>
   <div class='ocr_carea' id='block_1_3' title="bbox 3488 304 3601 365">
    <p class='ocr_par' dir='ltr' id='par_1_3' title="bbox 3488 304 3601 365">
     <span class='ocr_line' id='line_1_3' title="bbox 3488 304 3601 365; baseline 0 -2"><span class='ocrx_word' id='word_1_10' title='bbox 3488 304 3601 365; x_wconf 66' lang='grc' dir='ltr'><strong>διο</strong></span> 
     </span>
    </p>
   </div>
   <div class='ocr_carea' id='block_1_4' title="bbox 339 423 3605 511">
    <p class='ocr_par' dir='ltr' id='par_1_4' title="bbox 339 423 3605 511">
     <span class='ocr_line' id='line_1_4' title="bbox 339 423 3605 511; baseline -0.009 0"><span class='ocrx_word' id='word_1_11' title='bbox 339 465 397 511; x_wconf 85' lang='lat' dir='ltr'><strong>et</strong></span> <span class='ocrx_word' id='word_1_12' title='bbox 421 465 553 510; x_wconf 87' lang='lat' dir='ltr'><strong>erue</strong></span> <span class='ocrx_word' id='word_1_13' title='bbox 580 464 669 505; x_wconf 86' lang='lat' dir='ltr'><strong>me</strong></span> <span class='ocrx_word' id='word_1_14' title='bbox 694 466 707 503; x_wconf 89' lang='lat'><strong>:</strong></span> <span class='ocrx_word' id='word_1_15' title='bbox 736 461 844 503; x_wconf 87' lang='lat' dir='ltr'><strong>non</strong></span> <span class='ocrx_word' id='word_1_16' title='bbox 864 444 1204 505; x_wconf 87' lang='lat' dir='ltr'><strong>erubescam,</strong></span> <span class='ocrx_word' id='word_1_17' title='bbox 1229 451 1485 510; x_wconf 79' lang='lat' dir='ltr'><strong>quoniam</strong></span> <span class='ocrx_word' id='word_1_18' title='bbox 1507 435 1722 505; x_wconf 79' lang='lat' dir='ltr'><strong>speravi</strong></span> <span class='ocrx_word' id='word_1_19' title='bbox 1749 434 1805 488; x_wconf 89' lang='lat' dir='ltr'><strong>in</strong></span> <span class='ocrx_word' id='word_1_20' title='bbox 1838 442 1912 489; x_wconf 89' lang='lat' dir='ltr'><strong>te.</strong></span> <span class='ocrx_word' id='word_1_21' title='bbox 1946 436 1991 495; x_wconf 79' lang='grc' dir='ltr'><strong>Α</strong></span> <span class='ocrx_word' id='word_1_22' title='bbox 2019 434 2243 505; x_wconf 91' lang='lat' dir='ltr'><strong>populos</strong></span> <span class='ocrx_word' id='word_1_23' title='bbox 2268 434 2324 487; x_wconf 92' lang='lat' dir='ltr'><strong>in</strong></span> <span class='ocrx_word' id='word_1_24' title='bbox 2346 432 2619 503; x_wconf 68' lang='lat' dir='ltr'><strong>aequitate.</strong></span> <span class='ocrx_word' id='word_1_25' title='bbox 2644 438 2701 485; x_wconf 92' lang='lat' dir='ltr'><strong>et</strong></span> <span class='ocrx_word' id='word_1_26' title='bbox 2725 436 2913 500; x_wconf 89' lang='lat' dir='ltr'><strong>gentes</strong></span> <span class='ocrx_word' id='word_1_27' title='bbox 2942 426 2997 481; x_wconf 92' lang='lat' dir='ltr'><strong>in</strong></span> <span class='ocrx_word' id='word_1_28' title='bbox 3040 434 3181 482; x_wconf 89' lang='lat' dir='ltr'><strong>terra</strong></span> <span class='ocrx_word' id='word_1_29' title='bbox 3227 423 3434 496; x_wconf 75' lang='lat' dir='ltr'><strong>dirigis.</strong></span> <span class='ocrx_word' id='word_1_30' title='bbox 3456 424 3605 481; x_wconf 80' lang='lat' dir='ltr'><strong>Con-</strong></span> 
     </span>
    </p>
   </div>
   <div class='ocr_carea' id='block_1_5' title="bbox 337 524 1918 600">
    <p class='ocr_par' dir='ltr' id='par_1_5' title="bbox 337 524 1918 600">
     <span class='ocr_line' id='line_1_5' title="bbox 337 524 1918 600; baseline -0.014 -1"><span class='ocrx_word' id='word_1_31' title='bbox 337 545 659 600; x_wconf 86' lang='lat' dir='ltr'><strong>lnnocentes</strong></span> <span class='ocrx_word' id='word_1_32' title='bbox 708 546 763 593; x_wconf 89' lang='lat' dir='ltr'><strong>et</strong></span> <span class='ocrx_word' id='word_1_33' title='bbox 799 536 933 593; x_wconf 92' lang='lat' dir='ltr'><strong>recti</strong></span> <span class='ocrx_word' id='word_1_34' title='bbox 981 534 1327 589; x_wconf 73' lang='lat' dir='ltr'><strong>adhaeserunt</strong></span> <span class='ocrx_word' id='word_1_35' title='bbox 1370 527 1523 591; x_wconf 87' lang='lat' dir='ltr'><strong>mihi,</strong></span> <span class='ocrx_word' id='word_1_36' title='bbox 1575 524 1702 594; x_wconf 85' lang='lat' dir='ltr'><strong>quia</strong></span> <span class='ocrx_word' id='word_1_37' title='bbox 1758 525 1918 579; x_wconf 83' lang='lat' dir='ltr'><strong>susti-</strong></span> 
     </span>
    </p>
   </div>
   <div class='ocr_carea' id='block_1_6' title="bbox 274 612 1917 690">
    <p class='ocr_par' dir='ltr' id='par_1_6' title="bbox 274 612 1917 690">
     <span class='ocr_line' id='line_1_6' title="bbox 274 612 1917 690; baseline -0.015 1"><span class='ocrx_word' id='word_1_38' title='bbox 274 621 280 626; x_wconf 62' lang='grc'><em>’</em></span> <span class='ocrx_word' id='word_1_39' title='bbox 340 633 437 690; x_wconf 82' lang='lat' dir='ltr'><strong>nui</strong></span> <span class='ocrx_word' id='word_1_40' title='bbox 480 638 550 686; x_wconf 90' lang='lat' dir='ltr'><strong>te.</strong></span> <span class='ocrx_word' id='word_1_41' title='bbox 582 629 777 684; x_wconf 84' lang='lat' dir='ltr'><strong>libera</strong></span> <span class='ocrx_word' id='word_1_42' title='bbox 802 625 945 681; x_wconf 90' lang='lat' dir='ltr'><strong>Deus</strong></span> <span class='ocrx_word' id='word_1_43' title='bbox 966 621 1136 678; x_wconf 82' lang='lat' dir='ltr'><strong>Israel</strong></span> <span class='ocrx_word' id='word_1_44' title='bbox 1174 636 1242 675; x_wconf 93' lang='lat' dir='ltr'><strong>ex</strong></span> <span class='ocrx_word' id='word_1_45' title='bbox 1264 615 1515 673; x_wconf 87' lang='lat' dir='ltr'><strong>omnibus</strong></span> <span class='ocrx_word' id='word_1_46' title='bbox 1543 612 1917 682; x_wconf 74' lang='lat' dir='ltr'><strong>iniquitatibus</strong></span> 
     </span>
    </p>
   </div>
   <div class='ocr_carea' id='block_1_7' title="bbox 268 722 478 781">
    <p class='ocr_par' dir='ltr' id='par_1_7' title="bbox 268 722 478 781">
     <span class='ocr_line' id='line_1_7' title="bbox 268 722 478 781; baseline -0.029 0"><span class='ocrx_word' id='word_1_47' title='bbox 268 724 273 727; x_wconf 55' lang='grc'><strong>“</strong></span> <span class='ocrx_word' id='word_1_48' title='bbox 339 722 478 781; x_wconf 72' lang='lat' dir='ltr'><strong>suis.</strong></span> 
     </span>
    </p>
   </div>
   <div class='ocr_carea' id='block_1_8' title="bbox 414 798 1918 885">
    <p class='ocr_par' dir='ltr' id='par_1_8' title="bbox 414 798 1918 885">
     <span class='ocr_line' id='line_1_8' title="bbox 414 798 1918 885; baseline -0.013 -15"><span class='ocrx_word' id='word_1_49' title='bbox 414 813 484 870; x_wconf 97' lang='lat' dir='ltr'><strong>Ut</strong></span> <span class='ocrx_word' id='word_1_50' title='bbox 510 830 691 885; x_wconf 78' lang='lat' dir='ltr'><strong>supra.</strong></span> <span class='ocrx_word' id='word_1_51' title='bbox 717 812 829 883; x_wconf 89' lang='lat' dir='ltr'><strong>Ego</strong></span> <span class='ocrx_word' id='word_1_52' title='bbox 857 809 994 874; x_wconf 90' lang='lat' dir='ltr'><strong>dixi,</strong></span> <span class='ocrx_word' id='word_1_53' title='bbox 1016 804 1265 866; x_wconf 85' lang='lat' dir='ltr'><strong>Domine,</strong></span> <span class='ocrx_word' id='word_1_54' title='bbox 1296 800 1561 856; x_wconf 82' lang='lat' dir='ltr'><strong>miserere</strong></span> <span class='ocrx_word' id='word_1_55' title='bbox 1607 798 1714 853; x_wconf 91' lang='lat' dir='ltr'><strong>mei</strong></span> <span class='ocrx_word' id='word_1_56' title='bbox 1738 816 1751 852; x_wconf 88' lang='lat'><strong>:</strong></span> <span class='ocrx_word' id='word_1_57' title='bbox 1783 812 1918 852; x_wconf 88' lang='lat' dir='ltr'><strong>sana</strong></span> 
     </span>
    </p>
   </div>
   <div class='ocr_carea' id='block_1_9' title="bbox 343 889 1921 971">
    <p class='ocr_par' dir='ltr' id='par_1_9' title="bbox 343 889 1921 971">
     <span class='ocr_line' id='line_1_9' title="bbox 343 889 1921 971; baseline -0.011 -10"><span class='ocrx_word' id='word_1_58' title='bbox 343 906 581 964; x_wconf 72' lang='lat' dir='ltr'><strong>animam</strong></span> <span class='ocrx_word' id='word_1_59' title='bbox 624 920 802 959; x_wconf 84' lang='lat' dir='ltr'><strong>meam</strong></span> <span class='ocrx_word' id='word_1_60' title='bbox 820 942 836 968; x_wconf 96' lang='lat'><strong>,</strong></span> <span class='ocrx_word' id='word_1_61' title='bbox 860 900 1114 971; x_wconf 88' lang='lat' dir='ltr'><strong>quoniam</strong></span> <span class='ocrx_word' id='word_1_62' title='bbox 1147 893 1397 965; x_wconf 86' lang='lat' dir='ltr'><strong>peccavit</strong></span> <span class='ocrx_word' id='word_1_63' title='bbox 1419 892 1535 947; x_wconf 92' lang='lat' dir='ltr'><strong>tibi.</strong></span> <span class='ocrx_word' id='word_1_64' title='bbox 1566 891 1793 955; x_wconf 77' lang='lat' dir='ltr'><strong>Exaudi,</strong></span> <span class='ocrx_word' id='word_1_65' title='bbox 1821 889 1921 944; x_wconf 88' lang='lat' dir='ltr'><strong>Do-</strong></span> 
     </span>
    </p>
   </div>
   <div class='ocr_carea' id='block_1_10' title="bbox 351 981 1916 1065">
    <p class='ocr_par' dir='ltr' id='par_1_10' title="bbox 351 981 1916 1065">
     <span class='ocr_line' id='line_1_10' title="bbox 351 981 1916 1065; baseline -0.011 -13"><span class='ocrx_word' id='word_1_66' title='bbox 351 1000 516 1065; x_wconf 86' lang='lat' dir='ltr'><strong>mine,</strong></span> <span class='ocrx_word' id='word_1_67' title='bbox 538 1011 725 1053; x_wconf 91' lang='lat' dir='ltr'><strong>vocem</strong></span> <span class='ocrx_word' id='word_1_68' title='bbox 756 1008 956 1058; x_wconf 91' lang='lat' dir='ltr'><strong>meam,</strong></span> <span class='ocrx_word' id='word_1_69' title='bbox 981 1006 1087 1060; x_wconf 90' lang='lat' dir='ltr'><strong>qua</strong></span> <span class='ocrx_word' id='word_1_70' title='bbox 1133 987 1360 1043; x_wconf 80' lang='lat' dir='ltr'><strong>clamavi</strong></span> <span class='ocrx_word' id='word_1_71' title='bbox 1416 1003 1432 1039; x_wconf 89' lang='lat'><strong>:</strong></span> <span class='ocrx_word' id='word_1_72' title='bbox 1481 984 1742 1039; x_wconf 79' lang='lat' dir='ltr'><strong>miserere</strong></span> <span class='ocrx_word' id='word_1_73' title='bbox 1788 981 1916 1047; x_wconf 93' lang='lat' dir='ltr'><strong>mei,</strong></span> 
     </span>
    </p>
   </div>
   <div class='ocr_carea' id='block_1_11' title="bbox 344 1074 1921 1149">
    <p class='ocr_par' dir='ltr' id='par_1_11' title="bbox 344 1074 1921 1149">
     <span class='ocr_line' id='line_1_11' title="bbox 344 1074 1921 1149; baseline -0.012 -3"><span class='ocrx_word' id='word_1_74' title='bbox 344 1088 616 1149; x_wconf 84' lang='lat' dir='ltr'><strong>etexaudi</strong></span> <span class='ocrx_word' id='word_1_75' title='bbox 652 1103 757 1141; x_wconf 90' lang='lat' dir='ltr'><strong>me.</strong></span> <span class='ocrx_word' id='word_1_76' title='bbox 808 1084 927 1139; x_wconf 87' lang='lat' dir='ltr'><strong>Tibi</strong></span> <span class='ocrx_word' id='word_1_77' title='bbox 978 1082 1116 1137; x_wconf 89' lang='lat' dir='ltr'><strong>dixit</strong></span> <span class='ocrx_word' id='word_1_78' title='bbox 1161 1095 1260 1135; x_wconf 92' lang='lat' dir='ltr'><strong>cor</strong></span> <span class='ocrx_word' id='word_1_79' title='bbox 1304 1093 1505 1143; x_wconf 83' lang='lat' dir='ltr'><strong>meum,</strong></span> <span class='ocrx_word' id='word_1_80' title='bbox 1528 1074 1821 1146; x_wconf 86' lang='lat' dir='ltr'><strong>exquisivit</strong></span> <span class='ocrx_word' id='word_1_81' title='bbox 1868 1080 1921 1127; x_wconf 92' lang='lat' dir='ltr'><strong>te</strong></span> 
     </span>
    </p>
   </div>
   <div class='ocr_carea' id='block_1_12' title="bbox 342 1169 1708 1239">
    <p class='ocr_par' dir='ltr' id='par_1_12' title="bbox 342 1169 1708 1239">
     <span class='ocr_line' id='line_1_12' title="bbox 342 1169 1708 1239; baseline -0.01 -5"><span class='ocrx_word' id='word_1_82' title='bbox 342 1179 516 1234; x_wconf 82' lang='lat' dir='ltr'><strong>facies</strong></span> <span class='ocrx_word' id='word_1_83' title='bbox 543 1192 662 1231; x_wconf 90' lang='lat' dir='ltr'><strong>mea</strong></span> <span class='ocrx_word' id='word_1_84' title='bbox 689 1195 701 1229; x_wconf 89' lang='lat'><strong>:</strong></span> <span class='ocrx_word' id='word_1_85' title='bbox 726 1175 923 1229; x_wconf 83' lang='lat' dir='ltr'><strong>faciem</strong></span> <span class='ocrx_word' id='word_1_86' title='bbox 954 1182 1121 1237; x_wconf 88' lang='lat' dir='ltr'><strong>tuam,</strong></span> <span class='ocrx_word' id='word_1_87' title='bbox 1146 1171 1392 1235; x_wconf 85' lang='lat' dir='ltr'><strong>Domine,</strong></span> <span class='ocrx_word' id='word_1_88' title='bbox 1417 1169 1708 1239; x_wconf 84' lang='lat' dir='ltr'><strong>requiram.</strong></span> 
     </span>
    </p>
   </div>
   <div class='ocr_carea' id='block_1_13' title="bbox 417 1256 1920 1329">
    <p class='ocr_par' dir='ltr' id='par_1_13' title="bbox 417 1256 1920 1329">
     <span class='ocr_line' id='line_1_13' title="bbox 417 1256 1920 1329; baseline -0.005 -11"><span class='ocrx_word' id='word_1_89' title='bbox 417 1263 623 1318; x_wconf 78' lang='lat' dir='ltr'><strong>Oratio.</strong></span> <span class='ocrx_word' id='word_1_90' title='bbox 664 1262 859 1318; x_wconf 89' lang='lat' dir='ltr'><strong>Libera</strong></span> <span class='ocrx_word' id='word_1_91' title='bbox 888 1277 987 1316; x_wconf 89' lang='lat' dir='ltr'><strong>nos</strong></span> <span class='ocrx_word' id='word_1_92' title='bbox 1016 1260 1084 1316; x_wconf 90' lang='lat' dir='ltr'><strong>ab</strong></span> <span class='ocrx_word' id='word_1_93' title='bbox 1112 1259 1362 1315; x_wconf 91' lang='lat' dir='ltr'><strong>omnibus</strong></span> <span class='ocrx_word' id='word_1_94' title='bbox 1389 1257 1653 1329; x_wconf 89' lang='lat' dir='ltr'><strong>angustiis</strong></span> <span class='ocrx_word' id='word_1_95' title='bbox 1698 1256 1920 1321; x_wconf 92' lang='lat' dir='ltr'><strong>nostris,</strong></span> 
     </span>
    </p>
   </div>
   <div class='ocr_carea' id='block_1_14' title="bbox 346 1346 1920 1423">
    <p class='ocr_par' dir='ltr' id='par_1_14' title="bbox 346 1346 1920 1423">
     <span class='ocr_line' id='line_1_14' title="bbox 346 1346 1920 1423; baseline -0.007 -13"><span class='ocrx_word' id='word_1_96' title='bbox 346 1355 636 1410; x_wconf 77' lang='lat' dir='ltr'><strong>mitissime</strong></span> <span class='ocrx_word' id='word_1_97' title='bbox 660 1354 826 1419; x_wconf 90' lang='lat' dir='ltr'><strong>Deus,</strong></span> <span class='ocrx_word' id='word_1_98' title='bbox 856 1353 949 1423; x_wconf 92' lang='lat' dir='ltr'><strong>qui</strong></span> <span class='ocrx_word' id='word_1_99' title='bbox 972 1351 1040 1407; x_wconf 91' lang='lat' dir='ltr'><strong>ad</strong></span> <span class='ocrx_word' id='word_1_100' title='bbox 1070 1359 1124 1408; x_wconf 90' lang='lat' dir='ltr'><strong>te</strong></span> <span class='ocrx_word' id='word_1_101' title='bbox 1152 1352 1361 1405; x_wconf 87' lang='lat' dir='ltr'><strong>animas</strong></span> <span class='ocrx_word' id='word_1_102' title='bbox 1388 1356 1603 1404; x_wconf 88' lang='lat' dir='ltr'><strong>nostras</strong></span> <span class='ocrx_word' id='word_1_103' title='bbox 1627 1346 1920 1418; x_wconf 87' lang='lat' dir='ltr'><strong>erigimus:</strong></span> 
     </span>
    </p>
   </div>
   <div class='ocr_carea' id='block_1_15' title="bbox 345 1439 1929 1513">
    <p class='ocr_par' dir='ltr' id='par_1_15' title="bbox 345 1439 1929 1513">
     <span class='ocr_line' id='line_1_15' title="bbox 345 1439 1929 1513; baseline -0.004 -14"><span class='ocrx_word' id='word_1_104' title='bbox 345 1445 687 1509; x_wconf 84' lang='lat' dir='ltr'><strong>obliviscere,</strong></span> <span class='ocrx_word' id='word_1_105' title='bbox 715 1459 1047 1513; x_wconf 66' lang='lat' dir='ltr'><strong>quaesumus,</strong></span> <span class='ocrx_word' id='word_1_106' title='bbox 1088 1442 1282 1498; x_wconf 87' lang='lat' dir='ltr'><strong>delicta</strong></span> <span class='ocrx_word' id='word_1_107' title='bbox 1321 1440 1653 1512; x_wconf 74' lang='lat' dir='ltr'><strong>iuventutis,</strong></span> <span class='ocrx_word' id='word_1_108' title='bbox 1682 1447 1739 1495; x_wconf 92' lang='lat' dir='ltr'><strong>et</strong></span> <span class='ocrx_word' id='word_1_109' title='bbox 1780 1439 1929 1510; x_wconf 89' lang='lat' dir='ltr'><strong>igno-</strong></span> 
     </span>
    </p>
   </div>
   <div class='ocr_carea' id='block_1_16' title="bbox 346 1529 1925 1606">
    <p class='ocr_par' dir='ltr' id='par_1_16' title="bbox 346 1529 1925 1606">
     <span class='ocr_line' id='line_1_16' title="bbox 346 1529 1925 1606; baseline -0.004 -15"><span class='ocrx_word' id='word_1_110' title='bbox 346 1536 539 1592; x_wconf 65' lang='lat' dir='ltr'><strong>rantia:</strong></span> <span class='ocrx_word' id='word_1_111' title='bbox 564 1536 793 1606; x_wconf 81' lang='lat' dir='ltr'><strong>prioris;</strong></span> <span class='ocrx_word' id='word_1_112' title='bbox 850 1542 907 1589; x_wconf 90' lang='lat' dir='ltr'><strong>et</strong></span> <span class='ocrx_word' id='word_1_113' title='bbox 934 1534 981 1589; x_wconf 89' lang='lat' dir='ltr'><strong>si</strong></span> <span class='ocrx_word' id='word_1_114' title='bbox 1025 1533 1157 1604; x_wconf 88' lang='lat' dir='ltr'><strong>quid</strong></span> <span class='ocrx_word' id='word_1_115' title='bbox 1195 1532 1530 1606; x_wconf 74' lang='lat' dir='ltr'><strong>negligenter</strong></span> <span class='ocrx_word' id='word_1_116' title='bbox 1575 1529 1925 1601; x_wconf 79' lang='lat' dir='ltr'><strong>deliquimus,</strong></span> 
     </span>
    </p>
   </div>
   <div class='ocr_carea' id='block_1_17' title="bbox 350 1621 1131 1693">
    <p class='ocr_par' dir='ltr' id='par_1_17' title="bbox 350 1621 1131 1693">
     <span class='ocr_line' id='line_1_17' title="bbox 350 1621 1131 1693; baseline -0.003 -16"><span class='ocrx_word' id='word_1_117' title='bbox 350 1622 649 1679; x_wconf 88' lang='lat' dir='ltr'><strong>clementer</strong></span> <span class='ocrx_word' id='word_1_118' title='bbox 667 1622 909 1693; x_wconf 86' lang='lat' dir='ltr'><strong>ignosce.</strong></span> <span class='ocrx_word' id='word_1_119' title='bbox 944 1621 1052 1676; x_wconf 91' lang='lat' dir='ltr'><strong>Per</strong></span> <span class='ocrx_word' id='word_1_120' title='bbox 1082 1635 1131 1675; x_wconf 79' lang='grc' dir='ltr'>ι.</span> 
     </span>
    </p>
   </div>
   <div class='ocr_carea' id='block_1_18' title="bbox 966 1733 1308 1791">
    <p class='ocr_par' dir='ltr' id='par_1_18' title="bbox 966 1733 1308 1791">
     <span class='ocr_line' id='line_1_18' title="bbox 966 1733 1308 1791; baseline -0.006 -1"><span class='ocrx_word' id='word_1_121' title='bbox 966 1733 1308 1791; x_wconf 81' lang='lat' dir='ltr'><strong>PSALMUS.</strong></span> 
     </span>
    </p>
   </div>
   <div class='ocr_carea' id='block_1_19' title="bbox 418 1839 1926 1913">
    <p class='ocr_par' dir='ltr' id='par_1_19' title="bbox 418 1839 1926 1913">
     <span class='ocr_line' id='line_1_19' title="bbox 418 1839 1926 1913; baseline -0.001 -17"><span class='ocrx_word' id='word_1_122' title='bbox 418 1839 599 1913; x_wconf 75' lang='lat' dir='ltr'><strong>(PSAL.</strong></span> <span class='ocrx_word' id='word_1_123' title='bbox 636 1839 777 1910; x_wconf 79' lang='lat' dir='ltr'><strong>mu.)</strong></span> <span class='ocrx_word' id='word_1_124' title='bbox 819 1842 847 1882; x_wconf 72' lang='grc' dir='ltr'>δ</span> <span class='ocrx_word' id='word_1_125' title='bbox 887 1841 1031 1897; x_wconf 90' lang='lat' dir='ltr'><strong>Deus</strong></span> <span class='ocrx_word' id='word_1_126' title='bbox 1081 1842 1135 1897; x_wconf 91' lang='lat' dir='ltr'><strong>in</strong></span> <span class='ocrx_word' id='word_1_127' title='bbox 1188 1843 1410 1897; x_wconf 87' lang='lat' dir='ltr'><strong>nomine</strong></span> <span class='ocrx_word' id='word_1_128' title='bbox 1450 1850 1544 1897; x_wconf 92' lang='lat' dir='ltr'><strong>tuo</strong></span> <span class='ocrx_word' id='word_1_129' title='bbox 1589 1840 1796 1896; x_wconf 68' lang='lat' dir='ltr'><strong>salvan</strong></span> <span class='ocrx_word' id='word_1_130' title='bbox 1837 1854 1926 1895; x_wconf 91' lang='lat' dir='ltr'><strong>me</strong></span> 
     </span>
    </p>
   </div>
   <div class='ocr_carea' id='block_1_20' title="bbox 348 1931 1929 2004">
    <p class='ocr_par' dir='ltr' id='par_1_20' title="bbox 348 1931 1929 2004">
     <span class='ocr_line' id='line_1_20' title="bbox 348 1931 1929 2004; baseline 0 -17"><span class='ocrx_word' id='word_1_131' title='bbox 348 1931 436 1987; x_wconf 65' lang='lat' dir='ltr'><strong>fac</strong></span> <span class='ocrx_word' id='word_1_132' title='bbox 460 1950 476 1987; x_wconf 87' lang='lat'><strong>:</strong></span> <span class='ocrx_word' id='word_1_133' title='bbox 504 1941 560 1988; x_wconf 92' lang='lat' dir='ltr'><strong>et</strong></span> <span class='ocrx_word' id='word_1_134' title='bbox 603 1934 661 1987; x_wconf 93' lang='lat' dir='ltr'><strong>in</strong></span> <span class='ocrx_word' id='word_1_135' title='bbox 708 1933 907 1988; x_wconf 88' lang='lat' dir='ltr'><strong>virtute</strong></span> <span class='ocrx_word' id='word_1_136' title='bbox 956 1942 1043 1988; x_wconf 89' lang='lat' dir='ltr'><strong>tua</strong></span> <span class='ocrx_word' id='word_1_137' title='bbox 1068 1934 1251 2004; x_wconf 89' lang='lat' dir='ltr'><strong>judica</strong></span> <span class='ocrx_word' id='word_1_138' title='bbox 1279 1950 1385 1989; x_wconf 88' lang='lat' dir='ltr'><strong>me.</strong></span> <span class='ocrx_word' id='word_1_139' title='bbox 1416 1933 1559 1989; x_wconf 88' lang='lat' dir='ltr'><strong>Deus</strong></span> <span class='ocrx_word' id='word_1_140' title='bbox 1592 1934 1786 1989; x_wconf 79' lang='lat' dir='ltr'><strong>exaudi</strong></span> <span class='ocrx_word' id='word_1_141' title='bbox 1813 1948 1929 1988; x_wconf 82' lang='lat' dir='ltr'><strong>ora-</strong></span> 
     </span>
    </p>
   </div>
   <div class='ocr_carea' id='block_1_21' title="bbox 349 2023 1925 2094">
    <p class='ocr_par' dir='ltr' id='par_1_21' title="bbox 349 2023 1925 2094">
     <span class='ocr_line' id='line_1_21' title="bbox 349 2023 1925 2094; baseline 0 -17"><span class='ocrx_word' id='word_1_142' title='bbox 349 2024 552 2077; x_wconf 88' lang='lat' dir='ltr'><strong>tionem</strong></span> <span class='ocrx_word' id='word_1_143' title='bbox 612 2039 835 2078; x_wconf 88' lang='lat' dir='ltr'><strong>meam:</strong></span> <span class='ocrx_word' id='word_1_144' title='bbox 880 2024 1099 2079; x_wconf 88' lang='lat' dir='ltr'><strong>auribus</strong></span> <span class='ocrx_word' id='word_1_145' title='bbox 1153 2025 1373 2094; x_wconf 85' lang='lat' dir='ltr'><strong>percipe</strong></span> <span class='ocrx_word' id='word_1_146' title='bbox 1421 2025 1587 2079; x_wconf 90' lang='lat' dir='ltr'><strong>verba</strong></span> <span class='ocrx_word' id='word_1_147' title='bbox 1633 2023 1745 2078; x_wconf 87' lang='lat' dir='ltr'><strong>oris</strong></span> <span class='ocrx_word' id='word_1_148' title='bbox 1797 2023 1925 2078; x_wconf 91' lang='lat' dir='ltr'><strong>mei.</strong></span> 
     </span>
    </p>
   </div>
   <div class='ocr_carea' id='block_1_22' title="bbox 349 2113 1928 2181">
    <p class='ocr_par' dir='ltr' id='par_1_22' title="bbox 349 2113 1928 2181">
     <span class='ocr_line' id='line_1_22' title="bbox 349 2113 1928 2181; baseline -0.001 -13"><span class='ocrx_word' id='word_1_149' title='bbox 349 2114 616 2181; x_wconf 86' lang='lat' dir='ltr'><strong>Quoniam</strong></span> <span class='ocrx_word' id='word_1_150' title='bbox 642 2116 804 2170; x_wconf 90' lang='lat' dir='ltr'><strong>alieni</strong></span> <span class='ocrx_word' id='word_1_151' title='bbox 844 2116 1254 2171; x_wconf 87' lang='lat' dir='ltr'><strong>insurrexerunt</strong></span> <span class='ocrx_word' id='word_1_152' title='bbox 1276 2116 1560 2169; x_wconf 90' lang='lat' dir='ltr'><strong>adversum</strong></span> <span class='ocrx_word' id='word_1_153' title='bbox 1600 2129 1707 2179; x_wconf 91' lang='lat' dir='ltr'><strong>me,</strong></span> <span class='ocrx_word' id='word_1_154' title='bbox 1735 2122 1789 2168; x_wconf 90' lang='lat' dir='ltr'><strong>et</strong></span> <span class='ocrx_word' id='word_1_155' title='bbox 1816 2113 1928 2167; x_wconf 84' lang='lat' dir='ltr'><strong>for-</strong></span> 
     </span>
    </p>
   </div>
   <div class='ocr_carea' id='block_1_23' title="bbox 350 2204 1933 2273">
    <p class='ocr_par' dir='ltr' id='par_1_23' title="bbox 350 2204 1933 2273">
     <span class='ocr_line' id='line_1_23' title="bbox 350 2204 1933 2273; baseline 0 -15"><span class='ocrx_word' id='word_1_156' title='bbox 350 2211 435 2257; x_wconf 83' lang='lat' dir='ltr'><strong>tes</strong></span> <span class='ocrx_word' id='word_1_157' title='bbox 471 2205 805 2273; x_wconf 67' lang='lat' dir='ltr'><strong>quaesierunt</strong></span> <span class='ocrx_word' id='word_1_158' title='bbox 830 2204 1067 2258; x_wconf 90' lang='lat' dir='ltr'><strong>animam</strong></span> <span class='ocrx_word' id='word_1_159' title='bbox 1093 2219 1270 2260; x_wconf 90' lang='lat' dir='ltr'><strong>meam</strong></span> <span class='ocrx_word' id='word_1_160' title='bbox 1321 2222 1335 2258; x_wconf 90' lang='lat'>:</span> <span class='ocrx_word' id='word_1_161' title='bbox 1388 2212 1444 2259; x_wconf 90' lang='lat' dir='ltr'><strong>et</strong></span> <span class='ocrx_word' id='word_1_162' title='bbox 1497 2219 1606 2258; x_wconf 92' lang='lat' dir='ltr'><strong>non</strong></span> <span class='ocrx_word' id='word_1_163' title='bbox 1643 2218 1933 2273; x_wconf 90' lang='lat' dir='ltr'><strong>proposue-</strong></span> 
     </span>
    </p>
   </div>
   <div class='ocr_carea' id='block_1_24' title="bbox 349 2294 1932 2366">
    <p class='ocr_par' dir='ltr' id='par_1_24' title="bbox 349 2294 1932 2366">
     <span class='ocr_line' id='line_1_24' title="bbox 349 2294 1932 2366; baseline 0.002 -18"><span class='ocrx_word' id='word_1_164' title='bbox 349 2302 481 2349; x_wconf 84' lang='lat' dir='ltr'><strong>runt</strong></span> <span class='ocrx_word' id='word_1_165' title='bbox 504 2294 672 2349; x_wconf 91' lang='lat' dir='ltr'><strong>Deum</strong></span> <span class='ocrx_word' id='word_1_166' title='bbox 697 2303 825 2350; x_wconf 85' lang='lat' dir='ltr'><strong>ante</strong></span> <span class='ocrx_word' id='word_1_167' title='bbox 862 2303 1214 2366; x_wconf 86' lang='lat' dir='ltr'><strong>conspectum</strong></span> <span class='ocrx_word' id='word_1_168' title='bbox 1250 2311 1426 2351; x_wconf 90' lang='lat' dir='ltr'><strong>suum.</strong></span> <span class='ocrx_word' id='word_1_169' title='bbox 1455 2296 1594 2351; x_wconf 85' lang='lat' dir='ltr'><strong>Ecce</strong></span> <span class='ocrx_word' id='word_1_170' title='bbox 1622 2296 1766 2351; x_wconf 91' lang='lat' dir='ltr'><strong>enim</strong></span> <span class='ocrx_word' id='word_1_171' title='bbox 1788 2294 1932 2351; x_wconf 88' lang='lat' dir='ltr'><strong>Deus</strong></span> 
     </span>
    </p>
   </div>
   <div class='ocr_carea' id='block_1_25' title="bbox 347 2384 1927 2455">
    <p class='ocr_par' dir='ltr' id='par_1_25' title="bbox 347 2384 1927 2455">
     <span class='ocr_line' id='line_1_25' title="bbox 347 2384 1927 2455; baseline 0.003 -18"><span class='ocrx_word' id='word_1_172' title='bbox 347 2384 571 2455; x_wconf 79' lang='lat' dir='ltr'><strong>adjuvat</strong></span> <span class='ocrx_word' id='word_1_173' title='bbox 594 2399 680 2439; x_wconf 92' lang='lat' dir='ltr'><strong>me</strong></span> <span class='ocrx_word' id='word_1_174' title='bbox 711 2402 725 2439; x_wconf 90' lang='lat'><strong>:</strong></span> <span class='ocrx_word' id='word_1_175' title='bbox 762 2392 820 2440; x_wconf 92' lang='lat' dir='ltr'><strong>et</strong></span> <span class='ocrx_word' id='word_1_176' title='bbox 843 2384 1108 2441; x_wconf 84' lang='lat' dir='ltr'><strong>Dominus</strong></span> <span class='ocrx_word' id='word_1_177' title='bbox 1146 2393 1427 2455; x_wconf 86' lang='lat' dir='ltr'><strong>susceptor</strong></span> <span class='ocrx_word' id='word_1_178' title='bbox 1450 2393 1534 2440; x_wconf 89' lang='lat' dir='ltr'><strong>est</strong></span> <span class='ocrx_word' id='word_1_179' title='bbox 1558 2386 1751 2441; x_wconf 64' lang='lat' dir='ltr'><strong>animae</strong></span> <span class='ocrx_word' id='word_1_180' title='bbox 1775 2401 1927 2441; x_wconf 66' lang='lat' dir='ltr'><strong>meae.</strong></span> 
     </span>
    </p>
   </div>
   <div class='ocr_carea' id='block_1_26' title="bbox 348 2474 1934 2545">
    <p class='ocr_par' dir='ltr' id='par_1_26' title="bbox 348 2474 1934 2545">
     <span class='ocr_line' id='line_1_26' title="bbox 348 2474 1934 2545; baseline 0.001 -17"><span class='ocrx_word' id='word_1_181' title='bbox 348 2474 546 2529; x_wconf 79' lang='lat' dir='ltr'><strong>Averte</strong></span> <span class='ocrx_word' id='word_1_182' title='bbox 566 2474 705 2529; x_wconf 90' lang='lat' dir='ltr'><strong>mala</strong></span> <span class='ocrx_word' id='word_1_183' title='bbox 729 2475 965 2530; x_wconf 91' lang='lat' dir='ltr'><strong>inimicis</strong></span> <span class='ocrx_word' id='word_1_184' title='bbox 988 2476 1153 2530; x_wconf 88' lang='lat' dir='ltr'><strong>meis:</strong></span> <span class='ocrx_word' id='word_1_185' title='bbox 1172 2483 1228 2531; x_wconf 93' lang='lat' dir='ltr'><strong>et</strong></span> <span class='ocrx_word' id='word_1_186' title='bbox 1249 2476 1302 2529; x_wconf 94' lang='lat' dir='ltr'><strong>in</strong></span> <span class='ocrx_word' id='word_1_187' title='bbox 1323 2476 1553 2529; x_wconf 72' lang='lat' dir='ltr'><strong>veritate</strong></span> <span class='ocrx_word' id='word_1_188' title='bbox 1568 2484 1657 2529; x_wconf 91' lang='lat' dir='ltr'><strong>tua</strong></span> <span class='ocrx_word' id='word_1_189' title='bbox 1682 2475 1934 2545; x_wconf 82' lang='lat' dir='ltr'><strong>disperde</strong></span> 
     </span>
    </p>
   </div>
   <div class='ocr_carea' id='block_1_27' title="bbox 348 2564 1933 2622">
    <p class='ocr_par' dir='ltr' id='par_1_27' title="bbox 348 2564 1933 2622">
     <span class='ocr_line' id='line_1_27' title="bbox 348 2564 1933 2622; baseline 0.001 -2"><span class='ocrx_word' id='word_1_190' title='bbox 348 2564 487 2621; x_wconf 90' lang='lat' dir='ltr'><strong>illos.</strong></span> <span class='ocrx_word' id='word_1_191' title='bbox 520 2564 835 2620; x_wconf 80' lang='lat' dir='ltr'><strong>Voluntarie</strong></span> <span class='ocrx_word' id='word_1_192' title='bbox 864 2566 1184 2621; x_wconf 81' lang='lat' dir='ltr'><strong>sacriﬁcabo</strong></span> <span class='ocrx_word' id='word_1_193' title='bbox 1208 2566 1304 2621; x_wconf 86' lang='lat' dir='ltr'><strong>tibi</strong></span> <span class='ocrx_word' id='word_1_194' title='bbox 1348 2585 1361 2620; x_wconf 90' lang='lat'><strong>:</strong></span> <span class='ocrx_word' id='word_1_195' title='bbox 1406 2575 1462 2619; x_wconf 93' lang='lat' dir='ltr'><strong>et</strong></span> <span class='ocrx_word' id='word_1_196' title='bbox 1500 2566 1800 2621; x_wconf 87' lang='lat' dir='ltr'><strong>confitebor</strong></span> <span class='ocrx_word' id='word_1_197' title='bbox 1836 2583 1933 2622; x_wconf 89' lang='lat' dir='ltr'><strong>no—</strong></span> 
     </span>
    </p>
   </div>
   <div class='ocr_carea' id='block_1_28' title="bbox 351 2654 1932 2724">
    <p class='ocr_par' dir='ltr' id='par_1_28' title="bbox 351 2654 1932 2724">
     <span class='ocr_line' id='line_1_28' title="bbox 351 2654 1932 2724; baseline 0.003 -17"><span class='ocrx_word' id='word_1_198' title='bbox 351 2654 485 2708; x_wconf 91' lang='lat' dir='ltr'><strong>mini</strong></span> <span class='ocrx_word' id='word_1_199' title='bbox 508 2662 599 2708; x_wconf 90' lang='lat' dir='ltr'><strong>tuo</strong></span> <span class='ocrx_word' id='word_1_200' title='bbox 620 2654 868 2719; x_wconf 88' lang='lat' dir='ltr'><strong>Domine,</strong></span> <span class='ocrx_word' id='word_1_201' title='bbox 895 2656 1149 2724; x_wconf 89' lang='lat' dir='ltr'><strong>quoniam</strong></span> <span class='ocrx_word' id='word_1_202' title='bbox 1182 2656 1379 2710; x_wconf 87' lang='lat' dir='ltr'><strong>bonum</strong></span> <span class='ocrx_word' id='word_1_203' title='bbox 1423 2666 1526 2710; x_wconf 89' lang='lat' dir='ltr'><strong>est.</strong></span> <span class='ocrx_word' id='word_1_204' title='bbox 1569 2655 1834 2723; x_wconf 88' lang='lat' dir='ltr'><strong>Quoniam</strong></span> <span class='ocrx_word' id='word_1_205' title='bbox 1864 2672 1932 2711; x_wconf 87' lang='lat' dir='ltr'><strong>ex</strong></span> 
     </span>
    </p>
   </div>
   <div class='ocr_carea' id='block_1_29' title="bbox 351 2744 1935 2818">
    <p class='ocr_par' dir='ltr' id='par_1_29' title="bbox 351 2744 1935 2818">
     <span class='ocr_line' id='line_1_29' title="bbox 351 2744 1935 2818; baseline 0.004 -20"><span class='ocrx_word' id='word_1_206' title='bbox 351 2744 503 2799; x_wconf 92' lang='lat' dir='ltr'><strong>omni</strong></span> <span class='ocrx_word' id='word_1_207' title='bbox 530 2744 879 2799; x_wconf 89' lang='lat' dir='ltr'><strong>tribulatione</strong></span> <span class='ocrx_word' id='word_1_208' title='bbox 919 2744 1167 2815; x_wconf 87' lang='lat' dir='ltr'><strong>eripuisti</strong></span> <span class='ocrx_word' id='word_1_209' title='bbox 1218 2762 1347 2801; x_wconf 90' lang='lat' dir='ltr'><strong>me:</strong></span> <span class='ocrx_word' id='word_1_210' title='bbox 1382 2756 1437 2802; x_wconf 92' lang='lat' dir='ltr'><strong>et</strong></span> <span class='ocrx_word' id='word_1_211' title='bbox 1492 2763 1657 2818; x_wconf 88' lang='lat' dir='ltr'><strong>super</strong></span> <span class='ocrx_word' id='word_1_212' title='bbox 1683 2748 1935 2805; x_wconf 90' lang='lat' dir='ltr'><strong>inimicos</strong></span> 
     </span>
    </p>
   </div>
   <div class='ocr_carea' id='block_1_30' title="bbox 351 2833 1190 2904">
    <p class='ocr_par' dir='ltr' id='par_1_30' title="bbox 351 2833 1190 2904">
     <span class='ocr_line' id='line_1_30' title="bbox 351 2833 1190 2904; baseline 0.002 -15"><span class='ocrx_word' id='word_1_213' title='bbox 351 2848 506 2890; x_wconf 77' lang='lat' dir='ltr'><strong>meos</strong></span> <span class='ocrx_word' id='word_1_214' title='bbox 532 2833 781 2904; x_wconf 85' lang='lat' dir='ltr'><strong>despexit</strong></span> <span class='ocrx_word' id='word_1_215' title='bbox 804 2836 991 2891; x_wconf 91' lang='lat' dir='ltr'><strong>oculus</strong></span> <span class='ocrx_word' id='word_1_216' title='bbox 1019 2853 1190 2893; x_wconf 90' lang='lat' dir='ltr'><strong>meus.</strong></span> 
     </span>
    </p>
   </div>
   <div class='ocr_carea' id='block_1_31' title="bbox 424 2923 1931 2999">
    <p class='ocr_par' dir='ltr' id='par_1_31' title="bbox 424 2923 1931 2999">
     <span class='ocr_line' id='line_1_31' title="bbox 424 2923 1931 2999; baseline 0.007 -21"><span class='ocrx_word' id='word_1_217' title='bbox 424 2923 492 2978; x_wconf 89' lang='lat' dir='ltr'><strong>Ut</strong></span> <span class='ocrx_word' id='word_1_218' title='bbox 518 2943 698 2996; x_wconf 81' lang='lat' dir='ltr'><strong>supra.</strong></span> <span class='ocrx_word' id='word_1_219' title='bbox 729 2927 841 2999; x_wconf 84' lang='lat' dir='ltr'><strong>Ego</strong></span> <span class='ocrx_word' id='word_1_220' title='bbox 866 2929 997 2995; x_wconf 87' lang='lat' dir='ltr'><strong>dixi,</strong></span> <span class='ocrx_word' id='word_1_221' title='bbox 1028 2929 1253 2985; x_wconf 90' lang='lat' dir='ltr'><strong>Domine</strong></span> <span class='ocrx_word' id='word_1_222' title='bbox 1277 2930 1537 2987; x_wconf 88' lang='lat' dir='ltr'><strong>miserere</strong></span> <span class='ocrx_word' id='word_1_223' title='bbox 1568 2932 1692 2986; x_wconf 90' lang='lat' dir='ltr'><strong>mei.</strong></span> <span class='ocrx_word' id='word_1_224' title='bbox 1727 2932 1808 2986; x_wconf 80' lang='lat' dir='ltr'><strong>Ad</strong></span> <span class='ocrx_word' id='word_1_225' title='bbox 1856 2942 1931 2999; x_wconf 92' lang='lat' dir='ltr'><strong>te,</strong></span> 
     </span>
    </p>
   </div>
   <div class='ocr_carea' id='block_1_32' title="bbox 350 3012 1934 3085">
    <p class='ocr_par' dir='ltr' id='par_1_32' title="bbox 350 3012 1934 3085">
     <span class='ocr_line' id='line_1_32' title="bbox 350 3012 1934 3085; baseline 0.006 -16"><span class='ocrx_word' id='word_1_226' title='bbox 350 3012 598 3080; x_wconf 88' lang='lat' dir='ltr'><strong>Domine,</strong></span> <span class='ocrx_word' id='word_1_227' title='bbox 621 3014 883 3082; x_wconf 82' lang='lat' dir='ltr'><strong>clamabo,</strong></span> <span class='ocrx_word' id='word_1_228' title='bbox 906 3016 1049 3073; x_wconf 90' lang='lat' dir='ltr'><strong>Deus</strong></span> <span class='ocrx_word' id='word_1_229' title='bbox 1077 3034 1248 3085; x_wconf 91' lang='lat' dir='ltr'><strong>meus,</strong></span> <span class='ocrx_word' id='word_1_230' title='bbox 1282 3037 1351 3075; x_wconf 92' lang='lat' dir='ltr'><strong>ne</strong></span> <span class='ocrx_word' id='word_1_231' title='bbox 1400 3020 1561 3076; x_wconf 88' lang='lat' dir='ltr'><strong>sileas</strong></span> <span class='ocrx_word' id='word_1_232' title='bbox 1605 3037 1635 3076; x_wconf 89' lang='lat' dir='ltr'><strong>a</strong></span> <span class='ocrx_word' id='word_1_233' title='bbox 1673 3038 1760 3077; x_wconf 91' lang='lat' dir='ltr'><strong>me</strong></span> <span class='ocrx_word' id='word_1_234' title='bbox 1793 3041 1805 3077; x_wconf 91' lang='lat'>:</span> <span class='ocrx_word' id='word_1_235' title='bbox 1838 3039 1934 3079; x_wconf 87' lang='lat' dir='ltr'><strong>ne-</strong></span> 
     </span>
    </p>
   </div>
   <div class='ocr_carea' id='block_1_33' title="bbox 2019 516 3602 593">
    <p class='ocr_par' dir='ltr' id='par_1_33' title="bbox 2019 516 3602 593">
     <span class='ocr_line' id='line_1_33' title="bbox 2019 516 3602 593; baseline -0.004 -14"><span class='ocrx_word' id='word_1_236' title='bbox 2019 525 2273 581; x_wconf 87' lang='lat' dir='ltr'><strong>flteantur</strong></span> <span class='ocrx_word' id='word_1_237' title='bbox 2323 526 2422 579; x_wconf 88' lang='lat' dir='ltr'><strong>tibi</strong></span> <span class='ocrx_word' id='word_1_238' title='bbox 2443 523 2644 593; x_wconf 88' lang='lat' dir='ltr'><strong>populi,</strong></span> <span class='ocrx_word' id='word_1_239' title='bbox 2698 521 2861 586; x_wconf 89' lang='lat' dir='ltr'><strong>Deus,</strong></span> <span class='ocrx_word' id='word_1_240' title='bbox 2891 518 3253 575; x_wconf 85' lang='lat' dir='ltr'><strong>confiteantur</strong></span> <span class='ocrx_word' id='word_1_241' title='bbox 3291 517 3387 572; x_wconf 82' lang='lat' dir='ltr'><strong>tibi</strong></span> <span class='ocrx_word' id='word_1_242' title='bbox 3411 516 3602 588; x_wconf 89' lang='lat' dir='ltr'><strong>populi</strong></span> 
     </span>
    </p>
   </div>
   <div class='ocr_carea' id='block_1_34' title="bbox 2015 608 3605 679">
    <p class='ocr_par' dir='ltr' id='par_1_34' title="bbox 2015 608 3605 679">
     <span class='ocr_line' id='line_1_34' title="bbox 2015 608 3605 679; baseline -0.004 -8"><span class='ocrx_word' id='word_1_243' title='bbox 2015 631 2230 679; x_wconf 90' lang='lat' dir='ltr'><strong>omnes,</strong></span> <span class='ocrx_word' id='word_1_244' title='bbox 2280 623 2426 671; x_wconf 91' lang='lat' dir='ltr'><strong>terra</strong></span> <span class='ocrx_word' id='word_1_245' title='bbox 2467 614 2616 668; x_wconf 86' lang='lat' dir='ltr'><strong>dedit</strong></span> <span class='ocrx_word' id='word_1_246' title='bbox 2661 612 2895 666; x_wconf 85' lang='lat' dir='ltr'><strong>fructum</strong></span> <span class='ocrx_word' id='word_1_247' title='bbox 2946 625 3123 665; x_wconf 85' lang='lat' dir='ltr'><strong>suum.</strong></span> <span class='ocrx_word' id='word_1_248' title='bbox 3164 608 3458 664; x_wconf 88' lang='lat' dir='ltr'><strong>Benedicat</strong></span> <span class='ocrx_word' id='word_1_249' title='bbox 3496 623 3605 665; x_wconf 79' lang='lat' dir='ltr'><strong>nos</strong></span> 
     </span>
    </p>
   </div>
   <div class='ocr_carea' id='block_1_35' title="bbox 2016 702 3609 775">
    <p class='ocr_par' dir='ltr' id='par_1_35' title="bbox 2016 702 3609 775">
     <span class='ocr_line' id='line_1_35' title="bbox 2016 702 3609 775; baseline -0.002 -10"><span class='ocrx_word' id='word_1_250' title='bbox 2016 707 2180 775; x_wconf 89' lang='lat' dir='ltr'><strong>Deus,</strong></span> <span class='ocrx_word' id='word_1_251' title='bbox 2208 708 2352 764; x_wconf 85' lang='lat' dir='ltr'><strong>Deus</strong></span> <span class='ocrx_word' id='word_1_252' title='bbox 2377 716 2586 771; x_wconf 87' lang='lat' dir='ltr'><strong>noster,</strong></span> <span class='ocrx_word' id='word_1_253' title='bbox 2615 705 2900 761; x_wconf 85' lang='lat' dir='ltr'><strong>benedicat</strong></span> <span class='ocrx_word' id='word_1_254' title='bbox 2929 718 3029 759; x_wconf 89' lang='lat' dir='ltr'><strong>nos</strong></span> <span class='ocrx_word' id='word_1_255' title='bbox 3055 702 3233 759; x_wconf 90' lang='lat' dir='ltr'><strong>Deus:</strong></span> <span class='ocrx_word' id='word_1_256' title='bbox 3255 710 3313 759; x_wconf 90' lang='lat' dir='ltr'><strong>et</strong></span> <span class='ocrx_word' id='word_1_257' title='bbox 3355 712 3609 762; x_wconf 73' lang='lat' dir='ltr'><strong>mettum</strong></span> 
     </span>
    </p>
   </div>
   <div class='ocr_carea' id='block_1_36' title="bbox 2018 798 2741 855">
    <p class='ocr_par' dir='ltr' id='par_1_36' title="bbox 2018 798 2741 855">
     <span class='ocr_line' id='line_1_36' title="bbox 2018 798 2741 855; baseline -0.007 0"><span class='ocrx_word' id='word_1_258' title='bbox 2018 815 2141 855; x_wconf 91' lang='lat' dir='ltr'><strong>eum</strong></span> <span class='ocrx_word' id='word_1_259' title='bbox 2170 814 2361 854; x_wconf 89' lang='lat' dir='ltr'><strong>omnes</strong></span> <span class='ocrx_word' id='word_1_260' title='bbox 2394 798 2530 853; x_wconf 84' lang='lat' dir='ltr'><strong>fines</strong></span> <span class='ocrx_word' id='word_1_261' title='bbox 2564 806 2741 852; x_wconf 77' lang='lat' dir='ltr'><strong>teme.</strong></span> 
     </span>
    </p>
   </div>
   <div class='ocr_carea' id='block_1_37' title="bbox 2091 884 3606 959">
    <p class='ocr_par' dir='ltr' id='par_1_37' title="bbox 2091 884 3606 959">
     <span class='ocr_line' id='line_1_37' title="bbox 2091 884 3606 959; baseline -0.002 -16"><span class='ocrx_word' id='word_1_262' title='bbox 2091 888 2161 943; x_wconf 91' lang='lat' dir='ltr'><strong>Ut</strong></span> <span class='ocrx_word' id='word_1_263' title='bbox 2189 906 2370 959; x_wconf 75' lang='lat' dir='ltr'><strong>supra.</strong></span> <span class='ocrx_word' id='word_1_264' title='bbox 2399 888 2512 959; x_wconf 83' lang='lat' dir='ltr'><strong>Ego</strong></span> <span class='ocrx_word' id='word_1_265' title='bbox 2535 888 2668 953; x_wconf 85' lang='lat' dir='ltr'><strong>dixi,</strong></span> <span class='ocrx_word' id='word_1_266' title='bbox 2691 887 2938 952; x_wconf 91' lang='lat' dir='ltr'><strong>Domine,</strong></span> <span class='ocrx_word' id='word_1_267' title='bbox 2954 887 3218 941; x_wconf 86' lang='lat' dir='ltr'><strong>miserere</strong></span> <span class='ocrx_word' id='word_1_268' title='bbox 3240 884 3369 941; x_wconf 90' lang='lat' dir='ltr'><strong>mei.</strong></span> <span class='ocrx_word' id='word_1_269' title='bbox 3393 884 3606 955; x_wconf 78' lang='lat' dir='ltr'><strong>Adjuva</strong></span> 
     </span>
    </p>
   </div>
   <div class='ocr_carea' id='block_1_38' title="bbox 2019 977 3611 1049">
    <p class='ocr_par' dir='ltr' id='par_1_38' title="bbox 2019 977 3611 1049">
     <span class='ocr_line' id='line_1_38' title="bbox 2019 977 3611 1049; baseline -0.003 -12"><span class='ocrx_word' id='word_1_270' title='bbox 2019 997 2121 1037; x_wconf 92' lang='lat' dir='ltr'><strong>nos</strong></span> <span class='ocrx_word' id='word_1_271' title='bbox 2135 982 2279 1035; x_wconf 89' lang='lat' dir='ltr'><strong>Deus</strong></span> <span class='ocrx_word' id='word_1_272' title='bbox 2308 979 2561 1035; x_wconf 90' lang='lat' dir='ltr'><strong>salutaris</strong></span> <span class='ocrx_word' id='word_1_273' title='bbox 2586 986 2774 1034; x_wconf 87' lang='lat' dir='ltr'><strong>noster</strong></span> <span class='ocrx_word' id='word_1_274' title='bbox 2802 997 2814 1031; x_wconf 93' lang='lat'>:</span> <span class='ocrx_word' id='word_1_275' title='bbox 2847 986 3069 1049; x_wconf 88' lang='lat' dir='ltr'><strong>propter</strong></span> <span class='ocrx_word' id='word_1_276' title='bbox 3093 977 3319 1049; x_wconf 88' lang='lat' dir='ltr'><strong>gloriam</strong></span> <span class='ocrx_word' id='word_1_277' title='bbox 3362 978 3611 1034; x_wconf 80' lang='lat' dir='ltr'><strong>nominis</strong></span> 
     </span>
    </p>
   </div>
   <div class='ocr_carea' id='block_1_39' title="bbox 2021 1068 3610 1140">
    <p class='ocr_par' dir='ltr' id='par_1_39' title="bbox 2021 1068 3610 1140">
     <span class='ocr_line' id='line_1_39' title="bbox 2021 1068 3610 1140; baseline -0.003 -13"><span class='ocrx_word' id='word_1_278' title='bbox 2021 1072 2121 1137; x_wconf 92' lang='lat' dir='ltr'><strong>tui,</strong></span> <span class='ocrx_word' id='word_1_279' title='bbox 2150 1071 2393 1136; x_wconf 89' lang='lat' dir='ltr'><strong>Domine,</strong></span> <span class='ocrx_word' id='word_1_280' title='bbox 2421 1070 2589 1125; x_wconf 88' lang='lat' dir='ltr'><strong>libera</strong></span> <span class='ocrx_word' id='word_1_281' title='bbox 2624 1086 2746 1125; x_wconf 92' lang='lat' dir='ltr'><strong>nos.</strong></span> <span class='ocrx_word' id='word_1_282' title='bbox 2777 1070 2845 1124; x_wconf 85' lang='lat' dir='ltr'><strong>Et</strong></span> <span class='ocrx_word' id='word_1_283' title='bbox 2872 1070 3139 1140; x_wconf 90' lang='lat' dir='ltr'><strong>propitius</strong></span> <span class='ocrx_word' id='word_1_284' title='bbox 3164 1078 3284 1124; x_wconf 84' lang='lat' dir='ltr'><strong>esto</strong></span> <span class='ocrx_word' id='word_1_285' title='bbox 3326 1068 3437 1140; x_wconf 76' lang='lat'><strong>75</strong></span> <span class='ocrx_word' id='word_1_286' title='bbox 3478 1084 3610 1140; x_wconf 74' lang='lat' dir='ltr'><strong>pec-</strong></span> 
     </span>
    </p>
   </div>
   <div class='ocr_carea' id='block_1_40' title="bbox 2022 1161 3608 1233">
    <p class='ocr_par' dir='ltr' id='par_1_40' title="bbox 2022 1161 3608 1233">
     <span class='ocr_line' id='line_1_40' title="bbox 2022 1161 3608 1233; baseline -0.001 -14"><span class='ocrx_word' id='word_1_287' title='bbox 2022 1166 2157 1219; x_wconf 89' lang='lat' dir='ltr'><strong>catis</strong></span> <span class='ocrx_word' id='word_1_288' title='bbox 2201 1164 2408 1218; x_wconf 89' lang='lat' dir='ltr'><strong>nostris</strong></span> <span class='ocrx_word' id='word_1_289' title='bbox 2455 1171 2679 1233; x_wconf 88' lang='lat' dir='ltr'><strong>propter</strong></span> <span class='ocrx_word' id='word_1_290' title='bbox 2724 1177 2925 1218; x_wconf 91' lang='lat' dir='ltr'><strong>nomen</strong></span> <span class='ocrx_word' id='word_1_291' title='bbox 2973 1170 3144 1216; x_wconf 90' lang='lat' dir='ltr'><strong>tuum.</strong></span> <span class='ocrx_word' id='word_1_292' title='bbox 3172 1162 3325 1228; x_wconf 87' lang='lat' dir='ltr'><strong>Fiat,</strong></span> <span class='ocrx_word' id='word_1_293' title='bbox 3351 1161 3608 1227; x_wconf 88' lang='lat' dir='ltr'><strong>Domine,</strong></span> 
     </span>
    </p>
   </div>
   <div class='ocr_carea' id='block_1_41' title="bbox 2021 1252 3612 1323">
    <p class='ocr_par' dir='ltr' id='par_1_41' title="bbox 2021 1252 3612 1323">
     <span class='ocr_line' id='line_1_41' title="bbox 2021 1252 3612 1323; baseline -0.003 -13"><span class='ocrx_word' id='word_1_294' title='bbox 2021 1254 2395 1310; x_wconf 85' lang='lat' dir='ltr'><strong>misericordia</strong></span> <span class='ocrx_word' id='word_1_295' title='bbox 2430 1262 2520 1307; x_wconf 92' lang='lat' dir='ltr'><strong>tua</strong></span> <span class='ocrx_word' id='word_1_296' title='bbox 2556 1269 2722 1323; x_wconf 89' lang='lat' dir='ltr'><strong>super</strong></span> <span class='ocrx_word' id='word_1_297' title='bbox 2748 1268 2848 1309; x_wconf 90' lang='lat' dir='ltr'><strong>nos</strong></span> <span class='ocrx_word' id='word_1_298' title='bbox 2878 1271 2893 1308; x_wconf 90' lang='lat'>:</span> <span class='ocrx_word' id='word_1_299' title='bbox 2919 1252 3373 1323; x_wconf 89' lang='lat' dir='ltr'><strong>quemadmodum</strong></span> <span class='ocrx_word' id='word_1_300' title='bbox 3423 1266 3612 1323; x_wconf 80' lang='lat' dir='ltr'><strong>spera-</strong></span> 
     </span>
    </p>
   </div>
   <div class='ocr_carea' id='block_1_42' title="bbox 2023 1344 3611 1415">
    <p class='ocr_par' dir='ltr' id='par_1_42' title="bbox 2023 1344 3611 1415">
     <span class='ocr_line' id='line_1_42' title="bbox 2023 1344 3611 1415; baseline -0.001 -14"><span class='ocrx_word' id='word_1_301' title='bbox 2023 1348 2200 1402; x_wconf 81' lang='lat' dir='ltr'><strong>vimus</strong></span> <span class='ocrx_word' id='word_1_302' title='bbox 2230 1348 2284 1401; x_wconf 91' lang='lat' dir='ltr'><strong>in</strong></span> <span class='ocrx_word' id='word_1_303' title='bbox 2314 1356 2386 1401; x_wconf 91' lang='lat' dir='ltr'><strong>te.</strong></span> <span class='ocrx_word' id='word_1_304' title='bbox 2418 1346 2625 1401; x_wconf 86' lang='lat' dir='ltr'><strong>Exaudi</strong></span> <span class='ocrx_word' id='word_1_305' title='bbox 2655 1360 2757 1401; x_wconf 92' lang='lat' dir='ltr'><strong>nos</strong></span> <span class='ocrx_word' id='word_1_306' title='bbox 2797 1346 2942 1400; x_wconf 90' lang='lat' dir='ltr'><strong>Deus</strong></span> <span class='ocrx_word' id='word_1_307' title='bbox 2970 1344 3224 1401; x_wconf 88' lang='lat' dir='ltr'><strong>salutaris</strong></span> <span class='ocrx_word' id='word_1_308' title='bbox 3249 1351 3458 1410; x_wconf 86' lang='lat' dir='ltr'><strong>noster,</strong></span> <span class='ocrx_word' id='word_1_309' title='bbox 3478 1358 3611 1415; x_wconf 80' lang='lat' dir='ltr'><strong>spes</strong></span> 
     </span>
    </p>
   </div>
   <div class='ocr_carea' id='block_1_43' title="bbox 2024 1431 3619 1503">
    <p class='ocr_par' dir='ltr' id='par_1_43' title="bbox 2024 1431 3619 1503">
     <span class='ocr_line' id='line_1_43' title="bbox 2024 1431 3619 1503; baseline -0.003 -15"><span class='ocrx_word' id='word_1_310' title='bbox 2024 1433 2266 1489; x_wconf 91' lang='lat' dir='ltr'><strong>omnium</strong></span> <span class='ocrx_word' id='word_1_311' title='bbox 2293 1431 2482 1487; x_wconf 85' lang='lat' dir='ltr'><strong>finium</strong></span> <span class='ocrx_word' id='word_1_312' title='bbox 2501 1440 2664 1487; x_wconf 69' lang='lat' dir='ltr'><strong>terra:</strong></span> <span class='ocrx_word' id='word_1_313' title='bbox 2682 1439 2739 1487; x_wconf 90' lang='lat' dir='ltr'><strong>et</strong></span> <span class='ocrx_word' id='word_1_314' title='bbox 2763 1432 2819 1486; x_wconf 92' lang='lat' dir='ltr'><strong>in</strong></span> <span class='ocrx_word' id='word_1_315' title='bbox 2841 1432 2979 1487; x_wconf 91' lang='lat' dir='ltr'><strong>mari</strong></span> <span class='ocrx_word' id='word_1_316' title='bbox 3004 1431 3183 1503; x_wconf 90' lang='lat' dir='ltr'><strong>longe.</strong></span> <span class='ocrx_word' id='word_1_317' title='bbox 3533 1431 3551 1443; x_wconf 86' lang='grc'><strong>“</strong></span> <span class='ocrx_word' id='word_1_318' title='bbox 3616 1436 3619 1437; x_wconf 65' lang='grc'><strong><em>⁷</em></strong></span> 
     </span>
    </p>
   </div>
   <div class='ocr_carea' id='block_1_44' title="bbox 2098 1522 3616 1594">
    <p class='ocr_par' dir='ltr' id='par_1_44' title="bbox 2098 1522 3616 1594">
     <span class='ocr_line' id='line_1_44' title="bbox 2098 1522 3616 1594; baseline -0.001 -15"><span class='ocrx_word' id='word_1_319' title='bbox 2098 1524 2304 1579; x_wconf 83' lang='lat' dir='ltr'><strong>Oratio.</strong></span> <span class='ocrx_word' id='word_1_320' title='bbox 2335 1522 2601 1589; x_wconf 87' lang='lat' dir='ltr'><strong>lllumina,</strong></span> <span class='ocrx_word' id='word_1_321' title='bbox 2628 1523 2876 1588; x_wconf 88' lang='lat' dir='ltr'><strong>Domine,</strong></span> <span class='ocrx_word' id='word_1_322' title='bbox 2890 1523 3098 1578; x_wconf 84' lang='lat' dir='ltr'><strong>vultum</strong></span> <span class='ocrx_word' id='word_1_323' title='bbox 3119 1530 3270 1578; x_wconf 87' lang='lat' dir='ltr'><strong>tuum</strong></span> <span class='ocrx_word' id='word_1_324' title='bbox 3291 1538 3458 1594; x_wconf 89' lang='lat' dir='ltr'><strong>super</strong></span> <span class='ocrx_word' id='word_1_325' title='bbox 3481 1536 3616 1587; x_wconf 82' lang='lat' dir='ltr'><strong>nos,</strong></span> 
     </span>
    </p>
   </div>
   <div class='ocr_carea' id='block_1_45' title="bbox 2026 1615 3619 1685">
    <p class='ocr_par' dir='ltr' id='par_1_45' title="bbox 2026 1615 3619 1685">
     <span class='ocr_line' id='line_1_45' title="bbox 2026 1615 3619 1685; baseline -0.001 -12"><span class='ocrx_word' id='word_1_326' title='bbox 2026 1626 2085 1673; x_wconf 91' lang='lat' dir='ltr'><strong>et</strong></span> <span class='ocrx_word' id='word_1_327' title='bbox 2122 1617 2556 1673; x_wconf 87' lang='lat' dir='ltr'><strong>misericordiam</strong></span> <span class='ocrx_word' id='word_1_328' title='bbox 2604 1615 2760 1672; x_wconf 90' lang='lat' dir='ltr'><strong>nobis</strong></span> <span class='ocrx_word' id='word_1_329' title='bbox 2793 1615 3036 1681; x_wconf 87' lang='lat' dir='ltr'><strong>uberem,</strong></span> <span class='ocrx_word' id='word_1_330' title='bbox 3067 1615 3619 1685; x_wconf 87' lang='lat' dir='ltr'><strong>benedictionemque</strong></span> 
     </span>
    </p>
   </div>
   <div class='ocr_carea' id='block_1_46' title="bbox 2029 1709 2459 1782">
    <p class='ocr_par' dir='ltr' id='par_1_46' title="bbox 2029 1709 2459 1782">
     <span class='ocr_line' id='line_1_46' title="bbox 2029 1709 2459 1782; baseline -0.002 -17"><span class='ocrx_word' id='word_1_331' title='bbox 2029 1710 2247 1782; x_wconf 85' lang='lat' dir='ltr'><strong>largire.</strong></span> <span class='ocrx_word' id='word_1_332' title='bbox 2275 1709 2383 1766; x_wconf 88' lang='lat' dir='ltr'><strong>Per</strong></span> <span class='ocrx_word' id='word_1_333' title='bbox 2413 1721 2459 1764; x_wconf 78' lang='grc'><strong>⁸.</strong></span> 
     </span>
    </p>
   </div>
   <div class='ocr_carea' id='block_1_47' title="bbox 2652 1802 2997 1861">
    <p class='ocr_par' dir='ltr' id='par_1_47' title="bbox 2652 1802 2997 1861">
     <span class='ocr_line' id='line_1_47' title="bbox 2652 1802 2997 1861; baseline -0.006 -1"><span class='ocrx_word' id='word_1_334' title='bbox 2652 1802 2997 1861; x_wconf 77' lang='lat' dir='ltr'><strong>PSALMUS.</strong></span> 
     </span>
    </p>
   </div>
   <div class='ocr_carea' id='block_1_48' title="bbox 2099 1915 3611 1988">
    <p class='ocr_par' dir='ltr' id='par_1_48' title="bbox 2099 1915 3611 1988">
     <span class='ocr_line' id='line_1_48' title="bbox 2099 1915 3611 1988; baseline 0.002 -18"><span class='ocrx_word' id='word_1_335' title='bbox 2099 1915 2279 1988; x_wconf 71' lang='grc' dir='ltr'><strong>(Ρελι.</strong></span> <span class='ocrx_word' id='word_1_336' title='bbox 2303 1915 2437 1981; x_wconf 81' lang='lat' dir='ltr'><strong>ux.)</strong></span> <span class='ocrx_word' id='word_1_337' title='bbox 2470 1916 2490 1956; x_wconf 70' lang='grc' dir='ltr'><em>τ</em></span> <span class='ocrx_word' id='word_1_338' title='bbox 2514 1916 2678 1982; x_wconf 91' lang='lat' dir='ltr'><strong>Deus,</strong></span> <span class='ocrx_word' id='word_1_339' title='bbox 2704 1917 2759 1972; x_wconf 90' lang='lat' dir='ltr'><strong>in</strong></span> <span class='ocrx_word' id='word_1_340' title='bbox 2783 1917 3113 1988; x_wconf 90' lang='lat' dir='ltr'><strong>adjutorium</strong></span> <span class='ocrx_word' id='word_1_341' title='bbox 3137 1932 3317 1972; x_wconf 91' lang='lat' dir='ltr'><strong>meum</strong></span> <span class='ocrx_word' id='word_1_342' title='bbox 3342 1917 3562 1973; x_wconf 87' lang='lat' dir='ltr'><strong>intende</strong></span> <span class='ocrx_word' id='word_1_343' title='bbox 3598 1939 3611 1972; x_wconf 92' lang='lat'><strong>:</strong></span> 
     </span>
    </p>
   </div>
   <div class='ocr_carea' id='block_1_49' title="bbox 2028 2006 3618 2076">
    <p class='ocr_par' dir='ltr' id='par_1_49' title="bbox 2028 2006 3618 2076">
     <span class='ocr_line' id='line_1_49' title="bbox 2028 2006 3618 2076; baseline 0.001 -14"><span class='ocrx_word' id='word_1_344' title='bbox 2028 2006 2277 2073; x_wconf 90' lang='lat' dir='ltr'><strong>Domine,</strong></span> <span class='ocrx_word' id='word_1_345' title='bbox 2296 2006 2738 2076; x_wconf 86' lang='lat' dir='ltr'><strong>adadjuvandum</strong></span> <span class='ocrx_word' id='word_1_346' title='bbox 2766 2022 2854 2063; x_wconf 87' lang='lat' dir='ltr'><strong>me</strong></span> <span class='ocrx_word' id='word_1_347' title='bbox 2873 2007 3093 2063; x_wconf 89' lang='lat' dir='ltr'><strong>festina.</strong></span> <span class='ocrx_word' id='word_1_348' title='bbox 3124 2007 3537 2063; x_wconf 85' lang='lat' dir='ltr'><strong>Confundantur</strong></span> <span class='ocrx_word' id='word_1_349' title='bbox 3554 2016 3618 2063; x_wconf 89' lang='lat' dir='ltr'><strong>et</strong></span> 
     </span>
    </p>
   </div>
   <div class='ocr_carea' id='block_1_50' title="bbox 2027 2098 3621 2168">
    <p class='ocr_par' dir='ltr' id='par_1_50' title="bbox 2027 2098 3621 2168">
     <span class='ocr_line' id='line_1_50' title="bbox 2027 2098 3621 2168; baseline -0.001 -15"><span class='ocrx_word' id='word_1_350' title='bbox 2027 2105 2403 2163; x_wconf 88' lang='lat' dir='ltr'><strong>revereantur,</strong></span> <span class='ocrx_word' id='word_1_351' title='bbox 2419 2098 2510 2168; x_wconf 90' lang='lat' dir='ltr'><strong>qui</strong></span> <span class='ocrx_word' id='word_1_352' title='bbox 2536 2105 2783 2168; x_wconf 61' lang='lat' dir='ltr'><strong>quierunt</strong></span> <span class='ocrx_word' id='word_1_353' title='bbox 2810 2098 3047 2152; x_wconf 88' lang='lat' dir='ltr'><strong>animam</strong></span> <span class='ocrx_word' id='word_1_354' title='bbox 3074 2112 3270 2151; x_wconf 90' lang='lat' dir='ltr'><strong>meam.</strong></span> <span class='ocrx_word' id='word_1_355' title='bbox 3286 2098 3621 2153; x_wconf 80' lang='lat' dir='ltr'><strong>Avertantur</strong></span> 
     </span>
    </p>
   </div>
   <div class='ocr_carea' id='block_1_51' title="bbox 2028 2186 3624 2257">
    <p class='ocr_par' dir='ltr' id='par_1_51' title="bbox 2028 2186 3624 2257">
     <span class='ocr_line' id='line_1_51' title="bbox 2028 2186 3624 2257; baseline -0.001 -14"><span class='ocrx_word' id='word_1_356' title='bbox 2028 2196 2328 2244; x_wconf 87' lang='lat' dir='ltr'><strong>retrorsum</strong></span> <span class='ocrx_word' id='word_1_357' title='bbox 2359 2197 2414 2243; x_wconf 92' lang='lat' dir='ltr'><strong>et</strong></span> <span class='ocrx_word' id='word_1_358' title='bbox 2434 2188 2779 2254; x_wconf 88' lang='lat' dir='ltr'><strong>erubescant,</strong></span> <span class='ocrx_word' id='word_1_359' title='bbox 2796 2188 2887 2257; x_wconf 91' lang='lat' dir='ltr'><strong>qui</strong></span> <span class='ocrx_word' id='word_1_360' title='bbox 2910 2186 3098 2241; x_wconf 91' lang='lat' dir='ltr'><strong>volunt</strong></span> <span class='ocrx_word' id='word_1_361' title='bbox 3114 2186 3245 2241; x_wconf 88' lang='lat' dir='ltr'><strong>mihi</strong></span> <span class='ocrx_word' id='word_1_362' title='bbox 3271 2186 3429 2241; x_wconf 86' lang='lat' dir='ltr'><strong>mala.</strong></span> <span class='ocrx_word' id='word_1_363' title='bbox 3450 2186 3624 2241; x_wconf 76' lang='lat' dir='ltr'><strong>Aver-</strong></span> 
     </span>
    </p>
   </div>
   <div class='ocr_carea' id='block_1_52' title="bbox 2028 2277 3617 2350">
    <p class='ocr_par' dir='ltr' id='par_1_52' title="bbox 2028 2277 3617 2350">
     <span class='ocr_line' id='line_1_52' title="bbox 2028 2277 3617 2350; baseline -0.001 -16"><span class='ocrx_word' id='word_1_364' title='bbox 2028 2288 2217 2334; x_wconf 91' lang='lat' dir='ltr'><strong>tantur</strong></span> <span class='ocrx_word' id='word_1_365' title='bbox 2239 2281 2424 2335; x_wconf 91' lang='lat' dir='ltr'><strong>statim</strong></span> <span class='ocrx_word' id='word_1_366' title='bbox 2456 2280 2842 2335; x_wconf 82' lang='lat' dir='ltr'><strong>erubescentes</strong></span> <span class='ocrx_word' id='word_1_367' title='bbox 2868 2296 2881 2332; x_wconf 89' lang='lat'>:</span> <span class='ocrx_word' id='word_1_368' title='bbox 2908 2278 3000 2349; x_wconf 87' lang='lat' dir='ltr'><strong>qui</strong></span> <span class='ocrx_word' id='word_1_369' title='bbox 3029 2278 3215 2332; x_wconf 92' lang='lat' dir='ltr'><strong>dicunt</strong></span> <span class='ocrx_word' id='word_1_370' title='bbox 3240 2278 3374 2332; x_wconf 86' lang='lat' dir='ltr'><strong>mihi</strong></span> <span class='ocrx_word' id='word_1_371' title='bbox 3406 2298 3419 2330; x_wconf 89' lang='lat'><strong>:</strong></span> <span class='ocrx_word' id='word_1_372' title='bbox 3443 2277 3617 2350; x_wconf 83' lang='lat' dir='ltr'><strong>Euge,</strong></span> 
     </span>
    </p>
   </div>
   <div class='ocr_carea' id='block_1_53' title="bbox 2031 2369 3623 2440">
    <p class='ocr_par' dir='ltr' id='par_1_53' title="bbox 2031 2369 3623 2440">
     <span class='ocr_line' id='line_1_53' title="bbox 2031 2369 3623 2440; baseline -0.001 -15"><span class='ocrx_word' id='word_1_373' title='bbox 2031 2372 2196 2440; x_wconf 88' lang='lat' dir='ltr'><strong>euge!</strong></span> <span class='ocrx_word' id='word_1_374' title='bbox 2225 2370 2515 2425; x_wconf 86' lang='lat' dir='ltr'><strong>Exsultent</strong></span> <span class='ocrx_word' id='word_1_375' title='bbox 2539 2378 2594 2425; x_wconf 91' lang='lat' dir='ltr'><strong>et</strong></span> <span class='ocrx_word' id='word_1_376' title='bbox 2610 2370 2858 2424; x_wconf 61' lang='lat' dir='ltr'><strong>[atteritur</strong></span> <span class='ocrx_word' id='word_1_377' title='bbox 2874 2369 2929 2423; x_wconf 92' lang='lat' dir='ltr'><strong>in</strong></span> <span class='ocrx_word' id='word_1_378' title='bbox 2953 2378 3008 2424; x_wconf 90' lang='lat' dir='ltr'><strong>te</strong></span> <span class='ocrx_word' id='word_1_379' title='bbox 3029 2384 3242 2433; x_wconf 87' lang='lat' dir='ltr'><strong>omnes,</strong></span> <span class='ocrx_word' id='word_1_380' title='bbox 3258 2371 3350 2439; x_wconf 91' lang='lat' dir='ltr'><strong>qui</strong></span> <span class='ocrx_word' id='word_1_381' title='bbox 3366 2378 3623 2439; x_wconf 62' lang='lat' dir='ltr'><strong>quaerunt</strong></span> 
     </span>
    </p>
   </div>
   <div class='ocr_carea' id='block_1_54' title="bbox 2031 2459 3619 2530">
    <p class='ocr_par' dir='ltr' id='par_1_54' title="bbox 2031 2459 3619 2530">
     <span class='ocr_line' id='line_1_54' title="bbox 2031 2459 3619 2530; baseline 0.001 -17"><span class='ocrx_word' id='word_1_382' title='bbox 2031 2466 2084 2514; x_wconf 90' lang='lat' dir='ltr'><strong>te</strong></span> <span class='ocrx_word' id='word_1_383' title='bbox 2118 2478 2131 2513; x_wconf 91' lang='lat'><strong>:</strong></span> <span class='ocrx_word' id='word_1_384' title='bbox 2162 2467 2218 2513; x_wconf 91' lang='lat' dir='ltr'><strong>et</strong></span> <span class='ocrx_word' id='word_1_385' title='bbox 2242 2460 2429 2514; x_wconf 89' lang='lat' dir='ltr'><strong>dicant</strong></span> <span class='ocrx_word' id='word_1_386' title='bbox 2470 2476 2688 2530; x_wconf 89' lang='lat' dir='ltr'><strong>semper</strong></span> <span class='ocrx_word' id='word_1_387' title='bbox 2735 2478 2748 2514; x_wconf 90' lang='lat'><strong>:</strong></span> <span class='ocrx_word' id='word_1_388' title='bbox 2797 2459 3174 2530; x_wconf 85' lang='lat' dir='ltr'><strong>magnificetur</strong></span> <span class='ocrx_word' id='word_1_389' title='bbox 3206 2459 3493 2525; x_wconf 87' lang='lat' dir='ltr'><strong>Dominus,</strong></span> <span class='ocrx_word' id='word_1_390' title='bbox 3520 2461 3619 2530; x_wconf 89' lang='lat' dir='ltr'><strong>qui</strong></span> 
     </span>
    </p>
   </div>
   <div class='ocr_carea' id='block_1_55' title="bbox 2032 2550 3627 2624">
    <p class='ocr_par' dir='ltr' id='par_1_55' title="bbox 2032 2550 3627 2624">
     <span class='ocr_line' id='line_1_55' title="bbox 2032 2550 3627 2624; baseline 0 -18"><span class='ocrx_word' id='word_1_391' title='bbox 2032 2550 2261 2623; x_wconf 89' lang='lat' dir='ltr'><strong>diligunt</strong></span> <span class='ocrx_word' id='word_1_392' title='bbox 2304 2551 2541 2607; x_wconf 89' lang='lat' dir='ltr'><strong>salutare</strong></span> <span class='ocrx_word' id='word_1_393' title='bbox 2581 2561 2751 2608; x_wconf 89' lang='lat' dir='ltr'><strong>tuum.</strong></span> <span class='ocrx_word' id='word_1_394' title='bbox 2778 2552 2891 2624; x_wconf 90' lang='lat' dir='ltr'><strong>Ego</strong></span> <span class='ocrx_word' id='word_1_395' title='bbox 2914 2567 3045 2608; x_wconf 85' lang='lat' dir='ltr'><strong>vero</strong></span> <span class='ocrx_word' id='word_1_396' title='bbox 3071 2568 3272 2623; x_wconf 89' lang='lat' dir='ltr'><strong>egenus</strong></span> <span class='ocrx_word' id='word_1_397' title='bbox 3311 2562 3366 2608; x_wconf 88' lang='lat' dir='ltr'><strong>et</strong></span> <span class='ocrx_word' id='word_1_398' title='bbox 3413 2568 3627 2623; x_wconf 88' lang='lat' dir='ltr'><strong>pauper</strong></span> 
     </span>
    </p>
   </div>
   <div class='ocr_carea' id='block_1_56' title="bbox 2032 2640 3624 2714">
    <p class='ocr_par' dir='ltr' id='par_1_56' title="bbox 2032 2640 3624 2714">
     <span class='ocr_line' id='line_1_56' title="bbox 2032 2640 3624 2714; baseline 0.001 -18"><span class='ocrx_word' id='word_1_399' title='bbox 2032 2655 2152 2696; x_wconf 87' lang='lat' dir='ltr'><strong>sum</strong></span> <span class='ocrx_word' id='word_1_400' title='bbox 2184 2661 2197 2694; x_wconf 92' lang='lat'><strong>:</strong></span> <span class='ocrx_word' id='word_1_401' title='bbox 2242 2640 2617 2712; x_wconf 26' lang='lat' dir='ltr'><strong>Deusiadjuva</strong></span> <span class='ocrx_word' id='word_1_402' title='bbox 2651 2659 2758 2699; x_wconf 89' lang='lat' dir='ltr'><strong>me.</strong></span> <span class='ocrx_word' id='word_1_403' title='bbox 2790 2642 3018 2714; x_wconf 80' lang='lat' dir='ltr'><strong>Adjutor</strong></span> <span class='ocrx_word' id='word_1_404' title='bbox 3054 2658 3207 2699; x_wconf 90' lang='lat' dir='ltr'><strong>meus</strong></span> <span class='ocrx_word' id='word_1_405' title='bbox 3261 2652 3317 2700; x_wconf 92' lang='lat' dir='ltr'><strong>et</strong></span> <span class='ocrx_word' id='word_1_406' title='bbox 3362 2644 3624 2700; x_wconf 88' lang='lat' dir='ltr'><strong>liberator</strong></span> 
     </span>
    </p>
   </div>
   <div class='ocr_carea' id='block_1_57' title="bbox 2032 2731 3068 2799">
    <p class='ocr_par' dir='ltr' id='par_1_57' title="bbox 2032 2731 3068 2799">
     <span class='ocr_line' id='line_1_57' title="bbox 2032 2731 3068 2799; baseline 0.003 -14"><span class='ocrx_word' id='word_1_407' title='bbox 2032 2746 2186 2786; x_wconf 92' lang='lat' dir='ltr'><strong>meus</strong></span> <span class='ocrx_word' id='word_1_408' title='bbox 2212 2747 2273 2787; x_wconf 91' lang='lat' dir='ltr'><strong>es</strong></span> <span class='ocrx_word' id='word_1_409' title='bbox 2301 2739 2359 2785; x_wconf 91' lang='lat' dir='ltr'><strong>tu</strong></span> <span class='ocrx_word' id='word_1_410' title='bbox 2384 2750 2398 2786; x_wconf 92' lang='lat'><strong>:</strong></span> <span class='ocrx_word' id='word_1_411' title='bbox 2429 2731 2680 2799; x_wconf 87' lang='lat' dir='ltr'><strong>Domine,</strong></span> <span class='ocrx_word' id='word_1_412' title='bbox 2709 2749 2781 2789; x_wconf 90' lang='lat' dir='ltr'><strong>ne</strong></span> <span class='ocrx_word' id='word_1_413' title='bbox 2810 2736 3068 2790; x_wconf 89' lang='lat' dir='ltr'><strong>moreris.</strong></span> 
     </span>
    </p>
   </div>
   <div class='ocr_carea' id='block_1_58' title="bbox 2105 2817 3624 2893">
    <p class='ocr_par' dir='ltr' id='par_1_58' title="bbox 2105 2817 3624 2893">
     <span class='ocr_line' id='line_1_58' title="bbox 2105 2817 3624 2893; baseline 0.006 -20"><span class='ocrx_word' id='word_1_414' title='bbox 2105 2817 2172 2873; x_wconf 91' lang='lat' dir='ltr'><strong>Ut</strong></span> <span class='ocrx_word' id='word_1_415' title='bbox 2201 2838 2382 2891; x_wconf 78' lang='lat' dir='ltr'><strong>supra.</strong></span> <span class='ocrx_word' id='word_1_416' title='bbox 2408 2822 2520 2893; x_wconf 83' lang='lat' dir='ltr'><strong>Ego</strong></span> <span class='ocrx_word' id='word_1_417' title='bbox 2547 2821 2685 2889; x_wconf 88' lang='lat' dir='ltr'><strong>dixi,</strong></span> <span class='ocrx_word' id='word_1_418' title='bbox 2714 2820 2940 2878; x_wconf 89' lang='lat' dir='ltr'><strong>Domine</strong></span> <span class='ocrx_word' id='word_1_419' title='bbox 2986 2825 3251 2881; x_wconf 88' lang='lat' dir='ltr'><strong>miserere</strong></span> <span class='ocrx_word' id='word_1_420' title='bbox 3293 2825 3421 2880; x_wconf 92' lang='lat' dir='ltr'><strong>mei.</strong></span> <span class='ocrx_word' id='word_1_421' title='bbox 3473 2824 3624 2882; x_wconf 83' lang='lat' dir='ltr'><strong>Deus</strong></span> 
     </span>
    </p>
   </div>
   <div class='ocr_carea' id='block_1_59' title="bbox 2035 2911 3624 2983">
    <p class='ocr_par' dir='ltr' id='par_1_59' title="bbox 2035 2911 3624 2983">
     <span class='ocr_line' id='line_1_59' title="bbox 2035 2911 3624 2983; baseline 0.002 -17"><span class='ocrx_word' id='word_1_422' title='bbox 2035 2926 2105 2967; x_wconf 90' lang='lat' dir='ltr'><strong>ne</strong></span> <span class='ocrx_word' id='word_1_423' title='bbox 2142 2911 2572 2983; x_wconf 87' lang='lat' dir='ltr'><strong>elongerisame</strong></span> <span class='ocrx_word' id='word_1_424' title='bbox 2605 2931 2619 2967; x_wconf 86' lang='lat'><strong>:</strong></span> <span class='ocrx_word' id='word_1_425' title='bbox 2652 2912 2797 2968; x_wconf 88' lang='lat' dir='ltr'><strong>Deus</strong></span> <span class='ocrx_word' id='word_1_426' title='bbox 2842 2929 2997 2969; x_wconf 89' lang='lat' dir='ltr'><strong>meus</strong></span> <span class='ocrx_word' id='word_1_427' title='bbox 3045 2914 3099 2968; x_wconf 92' lang='lat' dir='ltr'><strong>in</strong></span> <span class='ocrx_word' id='word_1_428' title='bbox 3147 2914 3407 2969; x_wconf 88' lang='lat' dir='ltr'><strong>auxilium</strong></span> <span class='ocrx_word' id='word_1_429' title='bbox 3435 2930 3624 2969; x_wconf 88' lang='lat' dir='ltr'><strong>meum</strong></span> 
     </span>
    </p>
   </div>
   <div class='ocr_carea' id='block_1_60' title="bbox 2034 3002 3621 3074">
    <p class='ocr_par' dir='ltr' id='par_1_60' title="bbox 2034 3002 3621 3074">
     <span class='ocr_line' id='line_1_60' title="bbox 2034 3002 3621 3074; baseline 0.002 -18"><span class='ocrx_word' id='word_1_430' title='bbox 2034 3002 2267 3073; x_wconf 90' lang='lat' dir='ltr'><strong>respice.</strong></span> <span class='ocrx_word' id='word_1_431' title='bbox 2297 3002 2409 3073; x_wconf 81' lang='lat' dir='ltr'><strong>Ego</strong></span> <span class='ocrx_word' id='word_1_432' title='bbox 2454 3011 2637 3059; x_wconf 90' lang='lat' dir='ltr'><strong>autem</strong></span> <span class='ocrx_word' id='word_1_433' title='bbox 2666 3004 2721 3057; x_wconf 92' lang='lat' dir='ltr'><strong>in</strong></span> <span class='ocrx_word' id='word_1_434' title='bbox 2750 3011 2821 3067; x_wconf 90' lang='lat' dir='ltr'><strong>te,</strong></span> <span class='ocrx_word' id='word_1_435' title='bbox 2850 3002 3096 3070; x_wconf 89' lang='lat' dir='ltr'><strong>Domine,</strong></span> <span class='ocrx_word' id='word_1_436' title='bbox 3114 3019 3329 3074; x_wconf 88' lang='lat' dir='ltr'><strong>semper</strong></span> <span class='ocrx_word' id='word_1_437' title='bbox 3348 3003 3581 3073; x_wconf 87' lang='lat' dir='ltr'><strong>sperabo</strong></span> <span class='ocrx_word' id='word_1_438' title='bbox 3605 3024 3621 3059; x_wconf 86' lang='lat'><strong>:</strong></span> 
     </span>
    </p>
   </div>
   <div class='ocr_carea' id='block_1_61' title="bbox 350 3093 3623 3191">
    <p class='ocr_par' dir='ltr' id='par_1_61' title="bbox 350 3093 3623 3191">
     <span class='ocr_line' id='line_1_61' title="bbox 350 3093 3623 3191; baseline 0.004 -32"><span class='ocrx_word' id='word_1_439' title='bbox 350 3106 567 3175; x_wconf 91' lang='lat' dir='ltr'><strong>quando</strong></span> <span class='ocrx_word' id='word_1_440' title='bbox 585 3114 765 3162; x_wconf 87' lang='lat' dir='ltr'><strong>taceas</strong></span> <span class='ocrx_word' id='word_1_441' title='bbox 802 3124 833 3163; x_wconf 94' lang='lat' dir='ltr'><strong>a</strong></span> <span class='ocrx_word' id='word_1_442' title='bbox 866 3125 972 3175; x_wconf 91' lang='lat' dir='ltr'><strong>me,</strong></span> <span class='ocrx_word' id='word_1_443' title='bbox 1002 3118 1057 3165; x_wconf 90' lang='lat' dir='ltr'><strong>et</strong></span> <span class='ocrx_word' id='word_1_444' title='bbox 1100 3112 1441 3168; x_wconf 89' lang='lat' dir='ltr'><strong>assimilabor</strong></span> <span class='ocrx_word' id='word_1_445' title='bbox 1476 3113 1931 3171; x_wconf 88' lang='lat' dir='ltr'><strong>descendentibus</strong></span> <span class='ocrx_word' id='word_1_446' title='bbox 1960 3127 2005 3191; x_wconf 63' lang='grc' dir='ltr'><strong>(ζ</strong></span> <span class='ocrx_word' id='word_1_447' title='bbox 2036 3103 2094 3191; x_wconf 61' lang='grc' dir='ltr'>εί</span> <span class='ocrx_word' id='word_1_448' title='bbox 2111 3093 2360 3191; x_wconf 45' lang='lat' dir='ltr'><strong>mihi“?</strong></span> <span class='ocrx_word' id='word_1_449' title='bbox 2391 3111 2555 3165; x_wconf 65' lang='lat' dir='ltr'><strong>super</strong></span> <span class='ocrx_word' id='word_1_450' title='bbox 2580 3112 2797 3191; x_wconf 55' lang='lat' dir='ltr'><strong>omne“)</strong></span> <span class='ocrx_word' id='word_1_451' title='bbox 2830 3097 3041 3153; x_wconf 63' lang='lat' dir='ltr'><strong>laudem</strong></span> <span class='ocrx_word' id='word_1_452' title='bbox 3080 3106 3250 3191; x_wconf 62' lang='grc' dir='ltr'><strong>ξυθηλ·</strong></span> <span class='ocrx_word' id='word_1_453' title='bbox 3270 3098 3476 3191; x_wconf 52' lang='lat' dir='ltr'><strong>Ml?&quot;</strong></span> <span class='ocrx_word' id='word_1_454' title='bbox 3506 3113 3623 3191; x_wconf 63' lang='grc' dir='ltr'><strong>πιεῖν</strong></span> 
     </span>
    </p>
   </div>
   <div class='ocr_carea' id='block_1_62' title="bbox 354 3196 1934 3276">
    <p class='ocr_par' dir='ltr' id='par_1_62' title="bbox 354 3196 1934 3276">
     <span class='ocr_line' id='line_1_62' title="bbox 354 3196 1934 3276; baseline 0.006 -23"><span class='ocrx_word' id='word_1_455' title='bbox 354 3198 411 3253; x_wconf 89' lang='lat' dir='ltr'><strong>in</strong></span> <span class='ocrx_word' id='word_1_456' title='bbox 458 3196 657 3253; x_wconf 89' lang='lat' dir='ltr'><strong>lacum.</strong></span> <span class='ocrx_word' id='word_1_457' title='bbox 709 3199 949 3266; x_wconf 88' lang='lat' dir='ltr'><strong>Exaudi,</strong></span> <span class='ocrx_word' id='word_1_458' title='bbox 1003 3201 1259 3269; x_wconf 88' lang='lat' dir='ltr'><strong>Domine,</strong></span> <span class='ocrx_word' id='word_1_459' title='bbox 1302 3219 1487 3259; x_wconf 86' lang='lat' dir='ltr'><strong>vocem</strong></span> <span class='ocrx_word' id='word_1_460' title='bbox 1538 3206 1934 3276; x_wconf 87' lang='lat' dir='ltr'><strong>deprecationis</strong></span> 
     </span>
    </p>
   </div>
   <div class='ocr_carea' id='block_1_63' title="bbox 354 3290 1936 3359">
    <p class='ocr_par' dir='ltr' id='par_1_63' title="bbox 354 3290 1936 3359">
     <span class='ocr_line' id='line_1_63' title="bbox 354 3290 1936 3359; baseline 0.005 -15"><span class='ocrx_word' id='word_1_461' title='bbox 354 3304 509 3356; x_wconf 72' lang='lat' dir='ltr'><strong>mete,</strong></span> <span class='ocrx_word' id='word_1_462' title='bbox 531 3290 659 3346; x_wconf 85' lang='lat' dir='ltr'><strong>dum</strong></span> <span class='ocrx_word' id='word_1_463' title='bbox 687 3306 785 3347; x_wconf 88' lang='lat' dir='ltr'><strong>oro</strong></span> <span class='ocrx_word' id='word_1_464' title='bbox 812 3292 879 3347; x_wconf 90' lang='lat' dir='ltr'><strong>ad</strong></span> <span class='ocrx_word' id='word_1_465' title='bbox 919 3300 1003 3359; x_wconf 91' lang='lat' dir='ltr'><strong>te;</strong></span> <span class='ocrx_word' id='word_1_466' title='bbox 1054 3294 1181 3348; x_wconf 91' lang='lat' dir='ltr'><strong>dum</strong></span> <span class='ocrx_word' id='word_1_467' title='bbox 1212 3294 1409 3349; x_wconf 85' lang='lat' dir='ltr'><strong>extollo</strong></span> <span class='ocrx_word' id='word_1_468' title='bbox 1440 3311 1633 3351; x_wconf 88' lang='lat' dir='ltr'><strong>manus</strong></span> <span class='ocrx_word' id='word_1_469' title='bbox 1674 3312 1824 3352; x_wconf 90' lang='lat' dir='ltr'><strong>meas</strong></span> <span class='ocrx_word' id='word_1_470' title='bbox 1867 3296 1936 3352; x_wconf 90' lang='lat' dir='ltr'><strong>ad</strong></span> 
     </span>
    </p>
   </div>
   <div class='ocr_carea' id='block_1_64' title="bbox 356 3379 1935 3455">
    <p class='ocr_par' dir='ltr' id='par_1_64' title="bbox 356 3379 1935 3455">
     <span class='ocr_line' id='line_1_64' title="bbox 356 3379 1935 3455; baseline 0.003 -20"><span class='ocrx_word' id='word_1_471' title='bbox 356 3379 615 3451; x_wconf 89' lang='lat' dir='ltr'><strong>templum</strong></span> <span class='ocrx_word' id='word_1_472' title='bbox 644 3390 892 3438; x_wconf 91' lang='lat' dir='ltr'><strong>sanctum</strong></span> <span class='ocrx_word' id='word_1_473' title='bbox 924 3391 1093 3437; x_wconf 92' lang='lat' dir='ltr'><strong>tuum.</strong></span> <span class='ocrx_word' id='word_1_474' title='bbox 1132 3384 1343 3438; x_wconf 89' lang='lat' dir='ltr'><strong>lllustra</strong></span> <span class='ocrx_word' id='word_1_475' title='bbox 1371 3384 1565 3439; x_wconf 79' lang='lat' dir='ltr'><strong>faciem</strong></span> <span class='ocrx_word' id='word_1_476' title='bbox 1597 3394 1742 3439; x_wconf 92' lang='lat' dir='ltr'><strong>tuam</strong></span> <span class='ocrx_word' id='word_1_477' title='bbox 1774 3402 1935 3455; x_wconf 88' lang='lat' dir='ltr'><strong>super</strong></span> 
     </span>
    </p>
   </div>
   <div class='ocr_carea' id='block_1_65' title="bbox 354 3471 1931 3537">
    <p class='ocr_par' dir='ltr' id='par_1_65' title="bbox 354 3471 1931 3537">
     <span class='ocr_line' id='line_1_65' title="bbox 354 3471 1931 3537; baseline 0.003 -13"><span class='ocrx_word' id='word_1_478' title='bbox 354 3486 574 3526; x_wconf 89' lang='lat' dir='ltr'><strong>servum</strong></span> <span class='ocrx_word' id='word_1_479' title='bbox 622 3480 791 3537; x_wconf 89' lang='lat' dir='ltr'><strong>tuum,</strong></span> <span class='ocrx_word' id='word_1_480' title='bbox 819 3471 1026 3526; x_wconf 88' lang='lat' dir='ltr'><strong>salvum</strong></span> <span class='ocrx_word' id='word_1_481' title='bbox 1050 3488 1137 3527; x_wconf 92' lang='lat' dir='ltr'><strong>me</strong></span> <span class='ocrx_word' id='word_1_482' title='bbox 1164 3472 1248 3527; x_wconf 88' lang='lat' dir='ltr'><strong>fac</strong></span> <span class='ocrx_word' id='word_1_483' title='bbox 1274 3473 1326 3526; x_wconf 92' lang='lat' dir='ltr'><strong>in</strong></span> <span class='ocrx_word' id='word_1_484' title='bbox 1365 3474 1735 3529; x_wconf 90' lang='lat' dir='ltr'><strong>misericordia</strong></span> <span class='ocrx_word' id='word_1_485' title='bbox 1780 3482 1871 3529; x_wconf 93' lang='lat' dir='ltr'><strong>tua</strong></span> <span class='ocrx_word' id='word_1_486' title='bbox 1916 3493 1931 3529; x_wconf 87' lang='lat'>:</span> 
     </span>
    </p>
   </div>
   <div class='ocr_carea' id='block_1_66' title="bbox 357 3561 1752 3634">
    <p class='ocr_par' dir='ltr' id='par_1_66' title="bbox 357 3561 1752 3634">
     <span class='ocr_line' id='line_1_66' title="bbox 357 3561 1752 3634; baseline 0.001 -16"><span class='ocrx_word' id='word_1_487' title='bbox 357 3561 605 3629; x_wconf 89' lang='lat' dir='ltr'><strong>Domine,</strong></span> <span class='ocrx_word' id='word_1_488' title='bbox 645 3578 753 3618; x_wconf 92' lang='lat' dir='ltr'><strong>non</strong></span> <span class='ocrx_word' id='word_1_489' title='bbox 784 3562 1105 3631; x_wconf 89' lang='lat' dir='ltr'><strong>confundar,</strong></span> <span class='ocrx_word' id='word_1_490' title='bbox 1131 3565 1385 3634; x_wconf 91' lang='lat' dir='ltr'><strong>quoniam</strong></span> <span class='ocrx_word' id='word_1_491' title='bbox 1410 3566 1651 3622; x_wconf 84' lang='lat' dir='ltr'><strong>invocavi</strong></span> <span class='ocrx_word' id='word_1_492' title='bbox 1680 3574 1752 3620; x_wconf 86' lang='lat' dir='ltr'><strong>te.</strong></span> 
     </span>
    </p>
   </div>
   <div class='ocr_carea' id='block_1_67' title="bbox 430 3653 1932 3729">
    <p class='ocr_par' dir='ltr' id='par_1_67' title="bbox 430 3653 1932 3729">
     <span class='ocr_line' id='line_1_67' title="bbox 430 3653 1932 3729; baseline 0.005 -22"><span class='ocrx_word' id='word_1_493' title='bbox 430 3653 637 3729; x_wconf 71' lang='lat' dir='ltr'><strong>Oratio.</strong></span> <span class='ocrx_word' id='word_1_494' title='bbox 678 3655 807 3712; x_wconf 87' lang='lat' dir='ltr'><strong>Jesu</strong></span> <span class='ocrx_word' id='word_1_495' title='bbox 857 3656 1107 3723; x_wconf 91' lang='lat' dir='ltr'><strong>Domine,</strong></span> <span class='ocrx_word' id='word_1_496' title='bbox 1136 3657 1229 3727; x_wconf 91' lang='lat' dir='ltr'><strong>qui</strong></span> <span class='ocrx_word' id='word_1_497' title='bbox 1281 3664 1407 3711; x_wconf 89' lang='lat' dir='ltr'><strong>ante</strong></span> <span class='ocrx_word' id='word_1_498' title='bbox 1458 3657 1653 3712; x_wconf 67' lang='lat' dir='ltr'><strong>saacula</strong></span> <span class='ocrx_word' id='word_1_499' title='bbox 1684 3673 1932 3726; x_wconf 89' lang='lat' dir='ltr'><strong>manens,</strong></span> 
     </span>
    </p>
   </div>
   <div class='ocr_carea' id='block_1_68' title="bbox 358 3746 1937 3819">
    <p class='ocr_par' dir='ltr' id='par_1_68' title="bbox 358 3746 1937 3819">
     <span class='ocr_line' id='line_1_68' title="bbox 358 3746 1937 3819; baseline 0.002 -17"><span class='ocrx_word' id='word_1_500' title='bbox 358 3746 835 3819; x_wconf 85' lang='lat' dir='ltr'><strong>conditionemque</strong></span> <span class='ocrx_word' id='word_1_501' title='bbox 864 3749 1159 3804; x_wconf 83' lang='lat' dir='ltr'><strong>humanam</strong></span> <span class='ocrx_word' id='word_1_502' title='bbox 1205 3749 1509 3818; x_wconf 88' lang='lat' dir='ltr'><strong>suscipiens</strong></span> <span class='ocrx_word' id='word_1_503' title='bbox 1542 3749 1611 3805; x_wconf 91' lang='lat' dir='ltr'><strong>ab</strong></span> <span class='ocrx_word' id='word_1_504' title='bbox 1656 3749 1937 3805; x_wconf 91' lang='lat' dir='ltr'><strong>unianimo</strong></span> 
     </span>
    </p>
   </div>
   <div class='ocr_carea' id='block_1_69' title="bbox 359 3838 1933 3911">
    <p class='ocr_par' dir='ltr' id='par_1_69' title="bbox 359 3838 1933 3911">
     <span class='ocr_line' id='line_1_69' title="bbox 359 3838 1933 3911; baseline 0.002 -19"><span class='ocrx_word' id='word_1_505' title='bbox 359 3838 625 3909; x_wconf 91' lang='lat' dir='ltr'><strong>discipulo</strong></span> <span class='ocrx_word' id='word_1_506' title='bbox 676 3840 923 3909; x_wconf 90' lang='lat' dir='ltr'><strong>proditus</strong></span> <span class='ocrx_word' id='word_1_507' title='bbox 962 3848 1193 3896; x_wconf 91' lang='lat' dir='ltr'><strong>mortem</strong></span> <span class='ocrx_word' id='word_1_508' title='bbox 1239 3841 1452 3895; x_wconf 88' lang='lat' dir='ltr'><strong>subiisti</strong></span> <span class='ocrx_word' id='word_1_509' title='bbox 1502 3856 1602 3911; x_wconf 91' lang='lat' dir='ltr'><strong>pro</strong></span> <span class='ocrx_word' id='word_1_510' title='bbox 1650 3840 1877 3911; x_wconf 88' lang='lat' dir='ltr'><strong>perditis</strong></span> <span class='ocrx_word' id='word_1_511' title='bbox 1919 3860 1933 3895; x_wconf 74' lang='grc' dir='ltr'><strong>ε</strong></span> 
     </span>
    </p>
   </div>
   <div class='ocr_carea' id='block_1_70' title="bbox 358 3932 1940 4005">
    <p class='ocr_par' dir='ltr' id='par_1_70' title="bbox 358 3932 1940 4005">
     <span class='ocr_line' id='line_1_70' title="bbox 358 3932 1940 4005; baseline 0.002 -18"><span class='ocrx_word' id='word_1_512' title='bbox 358 3932 552 3987; x_wconf 90' lang='lat' dir='ltr'><strong>exaudi</strong></span> <span class='ocrx_word' id='word_1_513' title='bbox 573 3932 874 3989; x_wconf 91' lang='lat' dir='ltr'><strong>orationem</strong></span> <span class='ocrx_word' id='word_1_514' title='bbox 895 3933 1217 4003; x_wconf 90' lang='lat' dir='ltr'><strong>supplicum,</strong></span> <span class='ocrx_word' id='word_1_515' title='bbox 1242 3942 1296 3990; x_wconf 92' lang='lat' dir='ltr'><strong>et</strong></span> <span class='ocrx_word' id='word_1_516' title='bbox 1313 3942 1529 4005; x_wconf 62' lang='lat' dir='ltr'><strong>praesta,</strong></span> <span class='ocrx_word' id='word_1_517' title='bbox 1558 3943 1619 3987; x_wconf 94' lang='lat' dir='ltr'><strong>ut</strong></span> <span class='ocrx_word' id='word_1_518' title='bbox 1638 3941 1689 3988; x_wconf 89' lang='lat' dir='ltr'><strong>te</strong></span> <span class='ocrx_word' id='word_1_519' title='bbox 1712 3948 1940 4003; x_wconf 86' lang='lat' dir='ltr'><strong>vespere</strong></span> 
     </span>
    </p>
   </div>
   <div class='ocr_carea' id='block_1_71' title="bbox 360 4022 1940 4094">
    <p class='ocr_par' dir='ltr' id='par_1_71' title="bbox 360 4022 1940 4094">
     <span class='ocr_line' id='line_1_71' title="bbox 360 4022 1940 4094; baseline 0.001 -18"><span class='ocrx_word' id='word_1_520' title='bbox 360 4022 690 4094; x_wconf 87' lang='lat' dir='ltr'><strong>meridieque</strong></span> <span class='ocrx_word' id='word_1_521' title='bbox 703 4024 987 4080; x_wconf 88' lang='lat' dir='ltr'><strong>laudantes</strong></span> <span class='ocrx_word' id='word_1_522' title='bbox 1009 4039 1316 4081; x_wconf 90' lang='lat' dir='ltr'><strong>mereamur</strong></span> <span class='ocrx_word' id='word_1_523' title='bbox 1335 4026 1404 4079; x_wconf 89' lang='lat' dir='ltr'><strong>ab</strong></span> <span class='ocrx_word' id='word_1_524' title='bbox 1423 4023 1580 4092; x_wconf 86' lang='lat' dir='ltr'><strong>hujus</strong></span> <span class='ocrx_word' id='word_1_525' title='bbox 1604 4023 1786 4085; x_wconf 81' lang='lat' dir='ltr'><strong>saeculi</strong></span> <span class='ocrx_word' id='word_1_526' title='bbox 1811 4032 1940 4078; x_wconf 89' lang='lat' dir='ltr'><strong>tem-</strong></span> 
     </span>
    </p>
   </div>
   <div class='ocr_carea' id='block_1_72' title="bbox 360 4115 1940 4187">
    <p class='ocr_par' dir='ltr' id='par_1_72' title="bbox 360 4115 1940 4187">
     <span class='ocr_line' id='line_1_72' title="bbox 360 4115 1940 4187; baseline 0 -18"><span class='ocrx_word' id='word_1_527' title='bbox 360 4115 659 4184; x_wconf 88' lang='lat' dir='ltr'><strong>pestatibus</strong></span> <span class='ocrx_word' id='word_1_528' title='bbox 709 4116 1009 4183; x_wconf 85' lang='lat' dir='ltr'><strong>defensari,</strong></span> <span class='ocrx_word' id='word_1_529' title='bbox 1037 4133 1136 4187; x_wconf 92' lang='lat' dir='ltr'><strong>per</strong></span> <span class='ocrx_word' id='word_1_530' title='bbox 1179 4127 1232 4172; x_wconf 93' lang='lat' dir='ltr'><strong>te</strong></span> <span class='ocrx_word' id='word_1_531' title='bbox 1274 4116 1417 4171; x_wconf 91' lang='lat' dir='ltr'><strong>Deus</strong></span> <span class='ocrx_word' id='word_1_532' title='bbox 1460 4123 1668 4180; x_wconf 89' lang='lat' dir='ltr'><strong>noster,</strong></span> <span class='ocrx_word' id='word_1_533' title='bbox 1693 4115 1940 4185; x_wconf 91' lang='lat' dir='ltr'><strong>quicum</strong></span> 
     </span>
    </p>
   </div>
   <div class='ocr_carea' id='block_1_73' title="bbox 364 4194 1936 4280">
    <p class='ocr_par' dir='ltr' id='par_1_73' title="bbox 364 4194 1936 4280">
     <span class='ocr_line' id='line_1_73' title="bbox 364 4194 1936 4280; baseline 0 -20"><span class='ocrx_word' id='word_1_534' title='bbox 364 4213 567 4262; x_wconf 64' lang='lat' dir='ltr'><strong>aeterno</strong></span> <span class='ocrx_word' id='word_1_535' title='bbox 606 4206 768 4263; x_wconf 88' lang='lat' dir='ltr'><strong>Patre</strong></span> <span class='ocrx_word' id='word_1_536' title='bbox 799 4194 937 4263; x_wconf 77' lang='lat' dir='ltr'><strong>vivis</strong></span> <span class='ocrx_word' id='word_1_537' title='bbox 967 4217 1022 4263; x_wconf 89' lang='lat' dir='ltr'><strong>et</strong></span> <span class='ocrx_word' id='word_1_538' title='bbox 1047 4224 1244 4280; x_wconf 88' lang='lat' dir='ltr'><strong>regnas</strong></span> <span class='ocrx_word' id='word_1_539' title='bbox 1283 4208 1337 4263; x_wconf 91' lang='lat' dir='ltr'><strong>in</strong></span> <span class='ocrx_word' id='word_1_540' title='bbox 1368 4206 1564 4263; x_wconf 73' lang='lat' dir='ltr'><strong>smcula</strong></span> <span class='ocrx_word' id='word_1_541' title='bbox 1594 4206 1936 4263; x_wconf 66' lang='lat' dir='ltr'><strong>saeculorum.</strong></span> 
     </span>
    </p>
   </div>
   <div class='ocr_carea' id='block_1_74' title="bbox 362 4297 611 4355">
    <p class='ocr_par' dir='ltr' id='par_1_74' title="bbox 362 4297 611 4355">
     <span class='ocr_line' id='line_1_74' title="bbox 362 4297 611 4355; baseline 0.004 -1"><span class='ocrx_word' id='word_1_542' title='bbox 362 4297 535 4355; x_wconf 76' lang='lat' dir='ltr'><strong>Amen</strong></span> <span class='ocrx_word' id='word_1_543' title='bbox 563 4310 611 4355; x_wconf 74' lang='grc' dir='ltr'><strong>ε.</strong></span> 
     </span>
    </p>
   </div>
   <div class='ocr_carea' id='block_1_75' title="bbox 973 4389 1313 4446">
    <p class='ocr_par' dir='ltr' id='par_1_75' title="bbox 973 4389 1313 4446">
     <span class='ocr_line' id='line_1_75' title="bbox 973 4389 1313 4446; baseline -0.009 0"><span class='ocrx_word' id='word_1_544' title='bbox 973 4389 1313 4446; x_wconf 81' lang='lat' dir='ltr'><strong>PSALMUS.</strong></span> 
     </span>
    </p>
   </div>
   <div class='ocr_carea' id='block_1_76' title="bbox 2038 3181 3628 3243">
    <p class='ocr_par' dir='ltr' id='par_1_76' title="bbox 2038 3181 3628 3243">
     <span class='ocr_line' id='line_1_76' title="bbox 2038 3181 3628 3243; baseline 0.003 -6"><span class='ocrx_word' id='word_1_545' title='bbox 2038 3181 2265 3238; x_wconf 83' lang='lat' dir='ltr'><strong>Domine</strong></span> <span class='ocrx_word' id='word_1_546' title='bbox 2299 3183 2441 3239; x_wconf 90' lang='lat' dir='ltr'><strong>Deus</strong></span> <span class='ocrx_word' id='word_1_547' title='bbox 2476 3200 2631 3240; x_wconf 91' lang='lat' dir='ltr'><strong>meus</strong></span> <span class='ocrx_word' id='word_1_548' title='bbox 2661 3202 2675 3238; x_wconf 90' lang='lat'><strong>:</strong></span> <span class='ocrx_word' id='word_1_549' title='bbox 2707 3185 2917 3240; x_wconf 85' lang='lat' dir='ltr'><strong>salvum</strong></span> <span class='ocrx_word' id='word_1_550' title='bbox 2956 3201 3045 3241; x_wconf 89' lang='lat' dir='ltr'><strong>me</strong></span> <span class='ocrx_word' id='word_1_551' title='bbox 3073 3186 3158 3241; x_wconf 87' lang='lat' dir='ltr'><strong>fac</strong></span> <span class='ocrx_word' id='word_1_552' title='bbox 3198 3187 3494 3242; x_wconf 89' lang='lat' dir='ltr'><strong>secundum</strong></span> <span class='ocrx_word' id='word_1_553' title='bbox 3524 3187 3628 3243; x_wconf 79' lang='lat' dir='ltr'><strong>mi-</strong></span> 
     </span>
    </p>
   </div>
   <div class='ocr_carea' id='block_1_77' title="bbox 2036 3272 2581 3329">
    <p class='ocr_par' dir='ltr' id='par_1_77' title="bbox 2036 3272 2581 3329">
     <span class='ocr_line' id='line_1_77' title="bbox 2036 3272 2581 3329; baseline 0 -1"><span class='ocrx_word' id='word_1_554' title='bbox 2036 3272 2390 3329; x_wconf 86' lang='lat' dir='ltr'><strong>sericordiam</strong></span> <span class='ocrx_word' id='word_1_555' title='bbox 2416 3282 2581 3329; x_wconf 89' lang='lat' dir='ltr'><strong>tuam.</strong></span> 
     </span>
    </p>
   </div>
   <div class='ocr_carea' id='block_1_78' title="bbox 2106 3361 3625 3439">
    <p class='ocr_par' dir='ltr' id='par_1_78' title="bbox 2106 3361 3625 3439">
     <span class='ocr_line' id='line_1_78' title="bbox 2106 3361 3625 3439; baseline 0.005 -21"><span class='ocrx_word' id='word_1_556' title='bbox 2106 3361 2311 3418; x_wconf 84' lang='lat' dir='ltr'><strong>Oratio.</strong></span> <span class='ocrx_word' id='word_1_557' title='bbox 2362 3364 2673 3422; x_wconf 91' lang='lat' dir='ltr'><strong>lnexhausti</strong></span> <span class='ocrx_word' id='word_1_558' title='bbox 2700 3367 2953 3439; x_wconf 90' lang='lat' dir='ltr'><strong>adjutorii</strong></span> <span class='ocrx_word' id='word_1_559' title='bbox 2992 3368 3137 3425; x_wconf 88' lang='lat' dir='ltr'><strong>Deus</strong></span> <span class='ocrx_word' id='word_1_560' title='bbox 3165 3376 3387 3433; x_wconf 62' lang='lat' dir='ltr'><strong>atterue,</strong></span> <span class='ocrx_word' id='word_1_561' title='bbox 3417 3369 3484 3424; x_wconf 90' lang='lat' dir='ltr'><strong>ad</strong></span> <span class='ocrx_word' id='word_1_562' title='bbox 3524 3369 3625 3425; x_wconf 50' lang='lat' dir='ltr'><strong>ad.</strong></span> 
     </span>
    </p>
   </div>
   <div class='ocr_carea' id='block_1_79' title="bbox 2028 3451 3629 3530">
    <p class='ocr_par' dir='ltr' id='par_1_79' title="bbox 2028 3451 3629 3530">
     <span class='ocr_line' id='line_1_79' title="bbox 2028 3451 3629 3530; baseline 0.004 -22"><span class='ocrx_word' id='word_1_563' title='bbox 2028 3451 2328 3523; x_wconf 73' lang='lat' dir='ltr'><strong>iuvandum</strong></span> <span class='ocrx_word' id='word_1_564' title='bbox 2360 3454 2575 3511; x_wconf 67' lang='lat' dir='ltr'><strong>familia:</strong></span> <span class='ocrx_word' id='word_1_565' title='bbox 2604 3465 2709 3511; x_wconf 65' lang='lat' dir='ltr'><strong>tua</strong></span> <span class='ocrx_word' id='word_1_566' title='bbox 2736 3459 3061 3529; x_wconf 86' lang='lat' dir='ltr'><strong>supplicanti</strong></span> <span class='ocrx_word' id='word_1_567' title='bbox 3091 3457 3245 3530; x_wconf 88' lang='lat' dir='ltr'><strong>[Cod.</strong></span> <span class='ocrx_word' id='word_1_568' title='bbox 3278 3458 3406 3529; x_wconf 75' lang='lat' dir='ltr'><strong>Reg.</strong></span> <span class='ocrx_word' id='word_1_569' title='bbox 3429 3499 3443 3523; x_wconf 90' lang='lat'><strong>,</strong></span> <span class='ocrx_word' id='word_1_570' title='bbox 3467 3457 3629 3515; x_wconf 82' lang='lat' dir='ltr'><strong>fami-</strong></span> 
     </span>
    </p>
   </div>
   <div class='ocr_carea' id='block_1_80' title="bbox 2035 3545 3628 3619">
    <p class='ocr_par' dir='ltr' id='par_1_80' title="bbox 2035 3545 3628 3619">
     <span class='ocr_line' id='line_1_80' title="bbox 2035 3545 3628 3619; baseline 0.004 -21"><span class='ocrx_word' id='word_1_571' title='bbox 2035 3545 2120 3599; x_wconf 63' lang='lat' dir='ltr'><strong>liae</strong></span> <span class='ocrx_word' id='word_1_572' title='bbox 2146 3545 2397 3619; x_wconf 88' lang='lat' dir='ltr'><strong>supplici]</strong></span> <span class='ocrx_word' id='word_1_573' title='bbox 2459 3545 2692 3604; x_wconf 87' lang='lat' dir='ltr'><strong>festinus</strong></span> <span class='ocrx_word' id='word_1_574' title='bbox 2745 3564 2973 3605; x_wconf 90' lang='lat' dir='ltr'><strong>occurre</strong></span> <span class='ocrx_word' id='word_1_575' title='bbox 3004 3568 3018 3603; x_wconf 90' lang='lat'><strong>:</strong></span> <span class='ocrx_word' id='word_1_576' title='bbox 3050 3558 3110 3604; x_wconf 91' lang='lat' dir='ltr'><strong>ut</strong></span> <span class='ocrx_word' id='word_1_577' title='bbox 3152 3550 3341 3605; x_wconf 82' lang='lat' dir='ltr'><strong>evictis</strong></span> <span class='ocrx_word' id='word_1_578' title='bbox 3379 3550 3628 3605; x_wconf 85' lang='lat' dir='ltr'><strong>macula-</strong></span> 
     </span>
    </p>
   </div>
   <div class='ocr_carea' id='block_1_81' title="bbox 2036 3635 3626 3712">
    <p class='ocr_par' dir='ltr' id='par_1_81' title="bbox 2036 3635 3626 3712">
     <span class='ocr_line' id='line_1_81' title="bbox 2036 3635 3626 3712; baseline 0.004 -22"><span class='ocrx_word' id='word_1_579' title='bbox 2036 3650 2157 3690; x_wconf 90' lang='lat' dir='ltr'><strong>rum</strong></span> <span class='ocrx_word' id='word_1_580' title='bbox 2186 3635 2340 3707; x_wconf 73' lang='grc' dir='ltr'><strong>[ϐοά.</strong></span> <span class='ocrx_word' id='word_1_581' title='bbox 2370 3636 2520 3708; x_wconf 85' lang='lat' dir='ltr'><strong>Reg.,</strong></span> <span class='ocrx_word' id='word_1_582' title='bbox 2539 3646 2602 3692; x_wconf 93' lang='lat' dir='ltr'><strong>ut</strong></span> <span class='ocrx_word' id='word_1_583' title='bbox 2628 3640 2821 3695; x_wconf 90' lang='lat' dir='ltr'><strong>evictis</strong></span> <span class='ocrx_word' id='word_1_584' title='bbox 2849 3639 3136 3712; x_wconf 90' lang='lat' dir='ltr'><strong>malorum]</strong></span> <span class='ocrx_word' id='word_1_585' title='bbox 3166 3640 3626 3711; x_wconf 88' lang='lat' dir='ltr'><strong>opprobriis,tuis</strong></span> 
     </span>
    </p>
   </div>
   <div class='ocr_carea' id='block_1_82' title="bbox 2037 3729 2847 3799">
    <p class='ocr_par' dir='ltr' id='par_1_82' title="bbox 2037 3729 2847 3799">
     <span class='ocr_line' id='line_1_82' title="bbox 2037 3729 2847 3799; baseline 0.006 -17"><span class='ocrx_word' id='word_1_586' title='bbox 2037 3742 2256 3799; x_wconf 88' lang='lat' dir='ltr'><strong>semper</strong></span> <span class='ocrx_word' id='word_1_587' title='bbox 2276 3729 2492 3785; x_wconf 89' lang='lat' dir='ltr'><strong>auxiliis</strong></span> <span class='ocrx_word' id='word_1_588' title='bbox 2521 3732 2847 3787; x_wconf 90' lang='lat' dir='ltr'><strong>muniamur.</strong></span> 
     </span>
    </p>
   </div>
   <div class='ocr_carea' id='block_1_83' title="bbox 2656 3842 2997 3900">
    <p class='ocr_par' dir='ltr' id='par_1_83' title="bbox 2656 3842 2997 3900">
     <span class='ocr_line' id='line_1_83' title="bbox 2656 3842 2997 3900; baseline -0.006 -1"><span class='ocrx_word' id='word_1_589' title='bbox 2656 3842 2997 3900; x_wconf 84' lang='lat' dir='ltr'><strong>PSALMUS.</strong></span> 
     </span>
    </p>
   </div>
   <div class='ocr_carea' id='block_1_84' title="bbox 2111 3951 3629 4027">
    <p class='ocr_par' dir='ltr' id='par_1_84' title="bbox 2111 3951 3629 4027">
     <span class='ocr_line' id='line_1_84' title="bbox 2111 3951 3629 4027; baseline 0.003 -20"><span class='ocrx_word' id='word_1_590' title='bbox 2111 3951 2287 4022; x_wconf 68' lang='lat' dir='ltr'><strong>(PSAL.</strong></span> <span class='ocrx_word' id='word_1_591' title='bbox 2318 3952 2468 4026; x_wconf 87' lang='lat' dir='ltr'><strong>xxx.)</strong></span> <span class='ocrx_word' id='word_1_592' title='bbox 2510 3957 2535 3995; x_wconf 72' lang='grc'>⁸</span> <span class='ocrx_word' id='word_1_593' title='bbox 2567 3955 2622 4010; x_wconf 90' lang='lat' dir='ltr'><strong>In</strong></span> <span class='ocrx_word' id='word_1_594' title='bbox 2659 3964 2711 4010; x_wconf 86' lang='lat' dir='ltr'><strong>te</strong></span> <span class='ocrx_word' id='word_1_595' title='bbox 2732 3955 2963 4011; x_wconf 83' lang='lat' dir='ltr'><strong>Domine</strong></span> <span class='ocrx_word' id='word_1_596' title='bbox 2993 3956 3226 4027; x_wconf 86' lang='lat' dir='ltr'><strong>speravi,</strong></span> <span class='ocrx_word' id='word_1_597' title='bbox 3256 3972 3362 4013; x_wconf 92' lang='lat' dir='ltr'><strong>non</strong></span> <span class='ocrx_word' id='word_1_598' title='bbox 3391 3956 3629 4011; x_wconf 85' lang='lat' dir='ltr'><strong>confun-</strong></span> 
     </span>
    </p>
   </div>
   <div class='ocr_carea' id='block_1_85' title="bbox 2041 4044 3630 4118">
    <p class='ocr_par' dir='ltr' id='par_1_85' title="bbox 2041 4044 3630 4118">
     <span class='ocr_line' id='line_1_85' title="bbox 2041 4044 3630 4118; baseline 0.004 -20"><span class='ocrx_word' id='word_1_599' title='bbox 2041 4044 2140 4099; x_wconf 87' lang='lat' dir='ltr'><strong>dar</strong></span> <span class='ocrx_word' id='word_1_600' title='bbox 2164 4046 2217 4099; x_wconf 92' lang='lat' dir='ltr'><strong>in</strong></span> <span class='ocrx_word' id='word_1_601' title='bbox 2253 4055 2515 4101; x_wconf 73' lang='lat' dir='ltr'><strong>:ctcrnum</strong></span> <span class='ocrx_word' id='word_1_602' title='bbox 2546 4066 2558 4101; x_wconf 92' lang='lat'>:</span> <span class='ocrx_word' id='word_1_603' title='bbox 2589 4047 2643 4101; x_wconf 91' lang='lat' dir='ltr'><strong>in</strong></span> <span class='ocrx_word' id='word_1_604' title='bbox 2666 4048 2877 4118; x_wconf 89' lang='lat' dir='ltr'><strong>justitia</strong></span> <span class='ocrx_word' id='word_1_605' title='bbox 2917 4055 3007 4103; x_wconf 91' lang='lat' dir='ltr'><strong>tua</strong></span> <span class='ocrx_word' id='word_1_606' title='bbox 3045 4047 3212 4103; x_wconf 91' lang='lat' dir='ltr'><strong>libera</strong></span> <span class='ocrx_word' id='word_1_607' title='bbox 3260 4063 3364 4103; x_wconf 90' lang='lat' dir='ltr'><strong>me.</strong></span> <span class='ocrx_word' id='word_1_608' title='bbox 3416 4048 3630 4104; x_wconf 76' lang='lat' dir='ltr'><strong>Inclina</strong></span> 
     </span>
    </p>
   </div>
   <div class='ocr_carea' id='block_1_86' title="bbox 2042 4135 3632 4195">
    <p class='ocr_par' dir='ltr' id='par_1_86' title="bbox 2042 4135 3632 4195">
     <span class='ocr_line' id='line_1_86' title="bbox 2042 4135 3632 4195; baseline 0.004 -6"><span class='ocrx_word' id='word_1_609' title='bbox 2042 4135 2110 4189; x_wconf 81' lang='lat' dir='ltr'><strong>ad</strong></span> <span class='ocrx_word' id='word_1_610' title='bbox 2142 4152 2228 4191; x_wconf 89' lang='lat' dir='ltr'><strong>me</strong></span> <span class='ocrx_word' id='word_1_611' title='bbox 2260 4152 2447 4191; x_wconf 82' lang='lat' dir='ltr'><strong>aurem</strong></span> <span class='ocrx_word' id='word_1_612' title='bbox 2479 4146 2624 4192; x_wconf 90' lang='lat' dir='ltr'><strong>tuam</strong></span> <span class='ocrx_word' id='word_1_613' title='bbox 2663 4156 2676 4191; x_wconf 92' lang='lat'>:</span> <span class='ocrx_word' id='word_1_614' title='bbox 2707 4138 2953 4194; x_wconf 87' lang='lat' dir='ltr'><strong>accelera</strong></span> <span class='ocrx_word' id='word_1_615' title='bbox 3004 4147 3066 4193; x_wconf 89' lang='lat' dir='ltr'><strong>ut</strong></span> <span class='ocrx_word' id='word_1_616' title='bbox 3115 4155 3275 4195; x_wconf 90' lang='lat' dir='ltr'><strong>eruas</strong></span> <span class='ocrx_word' id='word_1_617' title='bbox 3325 4154 3430 4194; x_wconf 90' lang='lat' dir='ltr'><strong>me.</strong></span> <span class='ocrx_word' id='word_1_618' title='bbox 3491 4138 3632 4195; x_wconf 81' lang='lat' dir='ltr'><strong>Esto</strong></span> 
     </span>
    </p>
   </div>
   <div class='ocr_carea' id='block_1_87' title="bbox 2042 4227 3625 4301">
    <p class='ocr_par' dir='ltr' id='par_1_87' title="bbox 2042 4227 3625 4301">
     <span class='ocr_line' id='line_1_87' title="bbox 2042 4227 3625 4301; baseline 0.003 -20"><span class='ocrx_word' id='word_1_619' title='bbox 2042 4228 2174 4281; x_wconf 86' lang='lat' dir='ltr'><strong>mihi</strong></span> <span class='ocrx_word' id='word_1_620' title='bbox 2212 4228 2266 4281; x_wconf 89' lang='lat' dir='ltr'><strong>in</strong></span> <span class='ocrx_word' id='word_1_621' title='bbox 2308 4227 2477 4282; x_wconf 91' lang='lat' dir='ltr'><strong>Deum</strong></span> <span class='ocrx_word' id='word_1_622' title='bbox 2514 4239 2896 4299; x_wconf 89' lang='lat' dir='ltr'><strong>protectorem,</strong></span> <span class='ocrx_word' id='word_1_623' title='bbox 2933 4239 2989 4285; x_wconf 92' lang='lat' dir='ltr'><strong>et</strong></span> <span class='ocrx_word' id='word_1_624' title='bbox 3026 4232 3079 4285; x_wconf 89' lang='lat' dir='ltr'><strong>in</strong></span> <span class='ocrx_word' id='word_1_625' title='bbox 3113 4231 3330 4286; x_wconf 91' lang='lat' dir='ltr'><strong>domum</strong></span> <span class='ocrx_word' id='word_1_626' title='bbox 3365 4230 3558 4301; x_wconf 78' lang='lat' dir='ltr'><strong>refugii</strong></span> <span class='ocrx_word' id='word_1_627' title='bbox 3611 4252 3625 4285; x_wconf 86' lang='lat'><strong>:</strong></span> 
     </span>
    </p>
   </div>
   <div class='ocr_carea' id='block_1_88' title="bbox 2044 4318 3631 4388">
    <p class='ocr_par' dir='ltr' id='par_1_88' title="bbox 2044 4318 3631 4388">
     <span class='ocr_line' id='line_1_88' title="bbox 2044 4318 3631 4388; baseline 0.002 -16"><span class='ocrx_word' id='word_1_628' title='bbox 2044 4326 2104 4372; x_wconf 89' lang='lat' dir='ltr'><strong>ut</strong></span> <span class='ocrx_word' id='word_1_629' title='bbox 2122 4318 2329 4375; x_wconf 87' lang='lat' dir='ltr'><strong>salvum</strong></span> <span class='ocrx_word' id='word_1_630' title='bbox 2360 4336 2447 4375; x_wconf 92' lang='lat' dir='ltr'><strong>me</strong></span> <span class='ocrx_word' id='word_1_631' title='bbox 2478 4320 2662 4376; x_wconf 78' lang='lat' dir='ltr'><strong>facias.</strong></span> <span class='ocrx_word' id='word_1_632' title='bbox 2693 4321 2961 4388; x_wconf 85' lang='lat' dir='ltr'><strong>Quoniam</strong></span> <span class='ocrx_word' id='word_1_633' title='bbox 2988 4320 3249 4375; x_wconf 84' lang='lat' dir='ltr'><strong>fortitudo</strong></span> <span class='ocrx_word' id='word_1_634' title='bbox 3279 4335 3398 4374; x_wconf 89' lang='lat' dir='ltr'><strong>mea</strong></span> <span class='ocrx_word' id='word_1_635' title='bbox 3438 4327 3496 4374; x_wconf 87' lang='lat' dir='ltr'><strong>et</strong></span> <span class='ocrx_word' id='word_1_636' title='bbox 3544 4335 3631 4375; x_wconf 90' lang='lat' dir='ltr'><strong>re-</strong></span> 
     </span>
    </p>
   </div>
   <div class='ocr_carea' id='block_1_89' title="bbox 2045 4408 3634 4483">
    <p class='ocr_par' dir='ltr' id='par_1_89' title="bbox 2045 4408 3634 4483">
     <span class='ocr_line' id='line_1_89' title="bbox 2045 4408 3634 4483; baseline 0.002 -19"><span class='ocrx_word' id='word_1_637' title='bbox 2045 4408 2249 4480; x_wconf 90' lang='lat' dir='ltr'><strong>fugium</strong></span> <span class='ocrx_word' id='word_1_638' title='bbox 2286 4427 2465 4467; x_wconf 92' lang='lat' dir='ltr'><strong>meum</strong></span> <span class='ocrx_word' id='word_1_639' title='bbox 2499 4428 2559 4467; x_wconf 92' lang='lat' dir='ltr'><strong>es</strong></span> <span class='ocrx_word' id='word_1_640' title='bbox 2599 4420 2656 4465; x_wconf 92' lang='lat' dir='ltr'><strong>tu</strong></span> <span class='ocrx_word' id='word_1_641' title='bbox 2695 4431 2709 4466; x_wconf 87' lang='lat'><strong>:</strong></span> <span class='ocrx_word' id='word_1_642' title='bbox 2745 4422 2803 4467; x_wconf 89' lang='lat' dir='ltr'><strong>et</strong></span> <span class='ocrx_word' id='word_1_643' title='bbox 2834 4420 3055 4483; x_wconf 82' lang='lat' dir='ltr'><strong>propter</strong></span> <span class='ocrx_word' id='word_1_644' title='bbox 3089 4426 3287 4468; x_wconf 91' lang='lat' dir='ltr'><strong>nomen</strong></span> <span class='ocrx_word' id='word_1_645' title='bbox 3332 4420 3485 4466; x_wconf 91' lang='lat' dir='ltr'><strong>tuum</strong></span> <span class='ocrx_word' id='word_1_646' title='bbox 3535 4412 3634 4467; x_wconf 87' lang='lat' dir='ltr'><strong>de-</strong></span> 
     </span>
    </p>
   </div>
   <div class='ocr_carea' id='block_1_90' title="bbox 435 4482 3631 4575">
    <p class='ocr_par' dir='ltr' id='par_1_90' title="bbox 435 4482 3631 4575">
     <span class='ocr_line' id='line_1_90' title="bbox 435 4482 3631 4575; baseline -0 -17"><span class='ocrx_word' id='word_1_647' title='bbox 435 4502 614 4575; x_wconf 76' lang='lat' dir='ltr'><strong>(PSAL.</strong></span> <span class='ocrx_word' id='word_1_648' title='bbox 643 4500 817 4573; x_wconf 76' lang='lat' dir='ltr'><strong>vat.)</strong></span> <span class='ocrx_word' id='word_1_649' title='bbox 849 4500 874 4541; x_wconf 71' lang='grc' dir='ltr'><strong>ιι</strong></span> <span class='ocrx_word' id='word_1_650' title='bbox 906 4503 1050 4557; x_wconf 87' lang='lat' dir='ltr'><strong>Deus</strong></span> <span class='ocrx_word' id='word_1_651' title='bbox 1079 4503 1402 4557; x_wconf 86' lang='lat' dir='ltr'><strong>misereatur</strong></span> <span class='ocrx_word' id='word_1_652' title='bbox 1437 4504 1644 4569; x_wconf 89' lang='lat' dir='ltr'><strong>nostri,</strong></span> <span class='ocrx_word' id='word_1_653' title='bbox 1674 4510 1731 4559; x_wconf 90' lang='lat' dir='ltr'><strong>et</strong></span> <span class='ocrx_word' id='word_1_654' title='bbox 1780 4504 1939 4559; x_wconf 87' lang='lat' dir='ltr'><strong>bene-</strong></span> <span class='ocrx_word' id='word_1_655' title='bbox 1968 4482 2019 4543; x_wconf 73' lang='grc' dir='ltr'><strong>υ</strong></span> <span class='ocrx_word' id='word_1_656' title='bbox 2042 4500 2206 4556; x_wconf 88' lang='lat' dir='ltr'><strong>duces</strong></span> <span class='ocrx_word' id='word_1_657' title='bbox 2228 4517 2334 4565; x_wconf 90' lang='lat' dir='ltr'><strong>me,</strong></span> <span class='ocrx_word' id='word_1_658' title='bbox 2350 4510 2407 4557; x_wconf 88' lang='lat' dir='ltr'><strong>et</strong></span> <span class='ocrx_word' id='word_1_659' title='bbox 2437 4502 2677 4558; x_wconf 86' lang='lat' dir='ltr'><strong>enutries</strong></span> <span class='ocrx_word' id='word_1_660' title='bbox 2701 4518 2808 4557; x_wconf 90' lang='lat' dir='ltr'><strong>me.</strong></span> <span class='ocrx_word' id='word_1_661' title='bbox 2835 4482 3048 4559; x_wconf 88' lang='lat' dir='ltr'><strong>Eduees</strong></span> <span class='ocrx_word' id='word_1_662' title='bbox 3078 4518 3168 4560; x_wconf 90' lang='lat' dir='ltr'><strong>me</strong></span> <span class='ocrx_word' id='word_1_663' title='bbox 3189 4503 3257 4559; x_wconf 87' lang='lat' dir='ltr'><strong>de</strong></span> <span class='ocrx_word' id='word_1_664' title='bbox 3281 4502 3477 4573; x_wconf 88' lang='lat' dir='ltr'><strong>laqueo</strong></span> <span class='ocrx_word' id='word_1_665' title='bbox 3498 4503 3631 4565; x_wconf 85' lang='lat' dir='ltr'><strong>hoc,</strong></span> 
     </span>
    </p>
   </div>
   <div class='ocr_carea' id='block_1_91' title="bbox 364 4596 1945 4669">
    <p class='ocr_par' dir='ltr' id='par_1_91' title="bbox 364 4596 1945 4669">
     <span class='ocr_line' id='line_1_91' title="bbox 364 4596 1945 4669; baseline 0.003 -18"><span class='ocrx_word' id='word_1_666' title='bbox 364 4596 509 4653; x_wconf 88' lang='lat' dir='ltr'><strong>dicat</strong></span> <span class='ocrx_word' id='word_1_667' title='bbox 543 4597 699 4652; x_wconf 85' lang='lat' dir='ltr'><strong>nobis</strong></span> <span class='ocrx_word' id='word_1_668' title='bbox 732 4616 744 4651; x_wconf 88' lang='lat'><strong>:</strong></span> <span class='ocrx_word' id='word_1_669' title='bbox 778 4597 1045 4653; x_wconf 90' lang='lat' dir='ltr'><strong>illuminet</strong></span> <span class='ocrx_word' id='word_1_670' title='bbox 1083 4597 1288 4652; x_wconf 88' lang='lat' dir='ltr'><strong>vultum</strong></span> <span class='ocrx_word' id='word_1_671' title='bbox 1341 4614 1496 4653; x_wconf 87' lang='lat' dir='ltr'><strong>suum</strong></span> <span class='ocrx_word' id='word_1_672' title='bbox 1535 4615 1699 4669; x_wconf 86' lang='lat' dir='ltr'><strong>super</strong></span> <span class='ocrx_word' id='word_1_673' title='bbox 1742 4616 1864 4665; x_wconf 90' lang='lat' dir='ltr'><strong>nos,</strong></span> <span class='ocrx_word' id='word_1_674' title='bbox 1888 4609 1945 4656; x_wconf 89' lang='lat' dir='ltr'><strong>et</strong></span> 
     </span>
    </p>
   </div>
   <div class='ocr_carea' id='block_1_92' title="bbox 364 4688 1942 4759">
    <p class='ocr_par' dir='ltr' id='par_1_92' title="bbox 364 4688 1942 4759">
     <span class='ocr_line' id='line_1_92' title="bbox 364 4688 1942 4759; baseline 0.001 -16"><span class='ocrx_word' id='word_1_675' title='bbox 364 4689 687 4744; x_wconf 87' lang='lat' dir='ltr'><strong>misereatur</strong></span> <span class='ocrx_word' id='word_1_676' title='bbox 712 4688 903 4743; x_wconf 90' lang='lat' dir='ltr'><strong>nostri.</strong></span> <span class='ocrx_word' id='word_1_677' title='bbox 959 4689 1031 4745; x_wconf 89' lang='lat' dir='ltr'><strong>Ut</strong></span> <span class='ocrx_word' id='word_1_678' title='bbox 1076 4704 1466 4759; x_wconf 90' lang='lat' dir='ltr'><strong>cognoscamus</strong></span> <span class='ocrx_word' id='word_1_679' title='bbox 1513 4689 1569 4742; x_wconf 92' lang='lat' dir='ltr'><strong>in</strong></span> <span class='ocrx_word' id='word_1_680' title='bbox 1617 4698 1763 4745; x_wconf 90' lang='lat' dir='ltr'><strong>terra</strong></span> <span class='ocrx_word' id='word_1_681' title='bbox 1796 4692 1942 4745; x_wconf 89' lang='lat' dir='ltr'><strong>viam</strong></span> 
     </span>
    </p>
   </div>
   <div class='ocr_carea' id='block_1_93' title="bbox 365 4777 1944 4848">
    <p class='ocr_par' dir='ltr' id='par_1_93' title="bbox 365 4777 1944 4848">
     <span class='ocr_line' id='line_1_93' title="bbox 365 4777 1944 4848; baseline 0.001 -15"><span class='ocrx_word' id='word_1_682' title='bbox 365 4788 513 4833; x_wconf 86' lang='lat' dir='ltr'><strong>tuam</strong></span> <span class='ocrx_word' id='word_1_683' title='bbox 539 4794 562 4831; x_wconf 75' lang='grc' dir='ltr'><em>τ</em></span> <span class='ocrx_word' id='word_1_684' title='bbox 589 4778 646 4832; x_wconf 91' lang='lat' dir='ltr'><strong>in</strong></span> <span class='ocrx_word' id='word_1_685' title='bbox 674 4779 924 4833; x_wconf 89' lang='lat' dir='ltr'><strong>omnibus</strong></span> <span class='ocrx_word' id='word_1_686' title='bbox 970 4779 1217 4848; x_wconf 86' lang='lat' dir='ltr'><strong>gentibus</strong></span> <span class='ocrx_word' id='word_1_687' title='bbox 1268 4778 1501 4835; x_wconf 89' lang='lat' dir='ltr'><strong>salutare</strong></span> <span class='ocrx_word' id='word_1_688' title='bbox 1548 4783 1716 4833; x_wconf 88' lang='lat' dir='ltr'><strong>tuum.</strong></span> <span class='ocrx_word' id='word_1_689' title='bbox 1770 4777 1944 4835; x_wconf 82' lang='lat' dir='ltr'><strong>Confi-</strong></span> 
     </span>
    </p>
   </div>
   <div class='ocr_carea' id='block_1_94' title="bbox 367 4867 1943 4939">
    <p class='ocr_par' dir='ltr' id='par_1_94' title="bbox 367 4867 1943 4939">
     <span class='ocr_line' id='line_1_94' title="bbox 367 4867 1943 4939; baseline 0.002 -18"><span class='ocrx_word' id='word_1_690' title='bbox 367 4875 582 4922; x_wconf 90' lang='lat' dir='ltr'><strong>teantur</strong></span> <span class='ocrx_word' id='word_1_691' title='bbox 606 4867 702 4921; x_wconf 90' lang='lat' dir='ltr'><strong>tibi</strong></span> <span class='ocrx_word' id='word_1_692' title='bbox 731 4868 910 4938; x_wconf 89' lang='lat' dir='ltr'><strong>populi</strong></span> <span class='ocrx_word' id='word_1_693' title='bbox 956 4867 1100 4923; x_wconf 90' lang='lat' dir='ltr'><strong>Deus</strong></span> <span class='ocrx_word' id='word_1_694' title='bbox 1150 4887 1162 4923; x_wconf 95' lang='lat'>:</span> <span class='ocrx_word' id='word_1_695' title='bbox 1218 4868 1581 4924; x_wconf 85' lang='lat' dir='ltr'><strong>confiteantur</strong></span> <span class='ocrx_word' id='word_1_696' title='bbox 1617 4868 1717 4923; x_wconf 90' lang='lat' dir='ltr'><strong>tibi</strong></span> <span class='ocrx_word' id='word_1_697' title='bbox 1758 4869 1943 4939; x_wconf 90' lang='lat' dir='ltr'><strong>p0puli</strong></span> 
     </span>
    </p>
   </div>
   <div class='ocr_carea' id='block_1_95' title="bbox 364 4956 1943 5030">
    <p class='ocr_par' dir='ltr' id='par_1_95' title="bbox 364 4956 1943 5030">
     <span class='ocr_line' id='line_1_95' title="bbox 364 4956 1943 5030; baseline 0.002 -18"><span class='ocrx_word' id='word_1_698' title='bbox 364 4973 573 5013; x_wconf 89' lang='lat' dir='ltr'><strong>omnes.</strong></span> <span class='ocrx_word' id='word_1_699' title='bbox 589 4956 865 5013; x_wconf 72' lang='lat' dir='ltr'><strong>Laetentur</strong></span> <span class='ocrx_word' id='word_1_700' title='bbox 886 4965 941 5013; x_wconf 87' lang='lat' dir='ltr'><strong>et</strong></span> <span class='ocrx_word' id='word_1_701' title='bbox 960 4958 1713 5030; x_wconf 86' lang='lat' dir='ltr'><strong>exsultentgentes,quoniam</strong></span> <span class='ocrx_word' id='word_1_702' title='bbox 1725 4959 1943 5030; x_wconf 89' lang='lat' dir='ltr'><strong>judicas</strong></span> 
     </span>
    </p>
   </div>
   <div class='ocr_carea' id='block_1_96' title="bbox 438 5091 1945 5167">
    <p class='ocr_par' dir='ltr' id='par_1_96' title="bbox 438 5091 1945 5167">
     <span class='ocr_line' id='line_1_96' title="bbox 438 5091 1945 5167; baseline 0.004 -20"><span class='ocrx_word' id='word_1_703' title='bbox 438 5108 462 5136; x_wconf 74' lang='grc' dir='ltr'><strong>ι</strong></span> <span class='ocrx_word' id='word_1_704' title='bbox 504 5094 559 5148; x_wconf 92' lang='lat' dir='ltr'><strong>ln</strong></span> <span class='ocrx_word' id='word_1_705' title='bbox 589 5091 721 5148; x_wconf 85' lang='lat' dir='ltr'><strong>Cod.</strong></span> <span class='ocrx_word' id='word_1_706' title='bbox 756 5109 864 5167; x_wconf 64' lang='lat' dir='ltr'><strong>ms.</strong></span> <span class='ocrx_word' id='word_1_707' title='bbox 890 5092 1056 5163; x_wconf 76' lang='lat' dir='ltr'><strong>Regio</strong></span> <span class='ocrx_word' id='word_1_708' title='bbox 1078 5091 1197 5149; x_wconf 92' lang='lat' dir='ltr'><strong>loco</strong></span> <span class='ocrx_word' id='word_1_709' title='bbox 1238 5094 1398 5167; x_wconf 85' lang='lat' dir='ltr'><strong>hujus</strong></span> <span class='ocrx_word' id='word_1_710' title='bbox 1449 5096 1710 5151; x_wconf 89' lang='lat' dir='ltr'><strong>orationis</strong></span> <span class='ocrx_word' id='word_1_711' title='bbox 1748 5094 1945 5167; x_wconf 80' lang='lat' dir='ltr'><strong>legitur</strong></span> 
     </span>
    </p>
   </div>
   <div class='ocr_carea' id='block_1_97' title="bbox 367 5163 1939 5234">
    <p class='ocr_par' dir='ltr' id='par_1_97' title="bbox 367 5163 1939 5234">
     <span class='ocr_line' id='line_1_97' title="bbox 367 5163 1939 5234; baseline 0.001 -15"><span class='ocrx_word' id='word_1_712' title='bbox 367 5180 601 5234; x_wconf 79' lang='lat' dir='ltr'><strong>sequens</strong></span> <span class='ocrx_word' id='word_1_713' title='bbox 644 5182 656 5217; x_wconf 90' lang='lat'>:</span> <span class='ocrx_word' id='word_1_714' title='bbox 705 5181 722 5213; x_wconf 76' lang='grc' dir='ltr'><strong>ι</strong></span> <span class='ocrx_word' id='word_1_715' title='bbox 768 5163 1281 5234; x_wconf 76' lang='lat' dir='ltr'><strong>Vide,qu:esumus,</strong></span> <span class='ocrx_word' id='word_1_716' title='bbox 1309 5163 1552 5231; x_wconf 89' lang='lat' dir='ltr'><strong>Domine,</strong></span> <span class='ocrx_word' id='word_1_717' title='bbox 1582 5163 1939 5222; x_wconf 80' lang='lat' dir='ltr'><strong>humilitatem</strong></span> 
     </span>
    </p>
   </div>
   <div class='ocr_carea' id='block_1_98' title="bbox 370 5233 1941 5306">
    <p class='ocr_par' dir='ltr' id='par_1_98' title="bbox 370 5233 1941 5306">
     <span class='ocr_line' id='line_1_98' title="bbox 370 5233 1941 5306; baseline 0.003 -19"><span class='ocrx_word' id='word_1_718' title='bbox 370 5233 631 5298; x_wconf 81' lang='lat' dir='ltr'><strong>nostram,</strong></span> <span class='ocrx_word' id='word_1_719' title='bbox 659 5242 715 5287; x_wconf 89' lang='lat' dir='ltr'><strong>et</strong></span> <span class='ocrx_word' id='word_1_720' title='bbox 738 5233 1031 5306; x_wconf 78' lang='lat' dir='ltr'><strong>propitiare</strong></span> <span class='ocrx_word' id='word_1_721' title='bbox 1078 5236 1316 5306; x_wconf 73' lang='lat' dir='ltr'><strong>peccatis</strong></span> <span class='ocrx_word' id='word_1_722' title='bbox 1358 5238 1556 5289; x_wconf 89' lang='lat' dir='ltr'><strong>nostris</strong></span> <span class='ocrx_word' id='word_1_723' title='bbox 1576 5278 1591 5301; x_wconf 91' lang='lat'><strong>,</strong></span> <span class='ocrx_word' id='word_1_724' title='bbox 1613 5237 1739 5306; x_wconf 89' lang='lat' dir='ltr'><strong>quia</strong></span> <span class='ocrx_word' id='word_1_725' title='bbox 1773 5238 1941 5291; x_wconf 88' lang='lat' dir='ltr'><strong>multa</strong></span> 
     </span>
    </p>
   </div>
   <div class='ocr_carea' id='block_1_99' title="bbox 368 5304 1944 5377">
    <p class='ocr_par' dir='ltr' id='par_1_99' title="bbox 368 5304 1944 5377">
     <span class='ocr_line' id='line_1_99' title="bbox 368 5304 1944 5377; baseline 0.002 -19"><span class='ocrx_word' id='word_1_726' title='bbox 368 5314 529 5377; x_wconf 86' lang='lat' dir='ltr'><strong>sunt:</strong></span> <span class='ocrx_word' id='word_1_727' title='bbox 560 5314 616 5358; x_wconf 90' lang='lat' dir='ltr'><strong>et</strong></span> <span class='ocrx_word' id='word_1_728' title='bbox 634 5312 847 5374; x_wconf 66' lang='lat' dir='ltr'><strong>priests,</strong></span> <span class='ocrx_word' id='word_1_729' title='bbox 874 5312 937 5377; x_wconf 69' lang='lat' dir='ltr'><strong>ut</strong></span> <span class='ocrx_word' id='word_1_730' title='bbox 962 5304 1035 5357; x_wconf 89' lang='lat' dir='ltr'><strong>ita</strong></span> <span class='ocrx_word' id='word_1_731' title='bbox 1064 5304 1355 5359; x_wconf 79' lang='lat' dir='ltr'><strong>deﬂeamus</strong></span> <span class='ocrx_word' id='word_1_732' title='bbox 1384 5304 1677 5374; x_wconf 75' lang='lat' dir='ltr'><strong>prmtcrita,</strong></span> <span class='ocrx_word' id='word_1_733' title='bbox 1709 5316 1770 5361; x_wconf 90' lang='lat' dir='ltr'><strong>ut</strong></span> <span class='ocrx_word' id='word_1_734' title='bbox 1810 5322 1944 5377; x_wconf 68' lang='lat' dir='ltr'><strong>prte-</strong></span> 
     </span>
    </p>
   </div>
   <div class='ocr_carea' id='block_1_100' title="bbox 370 5372 1083 5429">
    <p class='ocr_par' dir='ltr' id='par_1_100' title="bbox 370 5372 1083 5429">
     <span class='ocr_line' id='line_1_100' title="bbox 370 5372 1083 5429; baseline -0.004 0"><span class='ocrx_word' id='word_1_735' title='bbox 370 5376 541 5429; x_wconf 83' lang='lat' dir='ltr'><strong>sentia</strong></span> <span class='ocrx_word' id='word_1_736' title='bbox 573 5372 880 5428; x_wconf 74' lang='lat' dir='ltr'><strong>caveamus.</strong></span> <span class='ocrx_word' id='word_1_737' title='bbox 907 5372 1027 5428; x_wconf 77' lang='lat' dir='ltr'><strong>Per.</strong></span> <span class='ocrx_word' id='word_1_738' title='bbox 1066 5393 1083 5426; x_wconf 76' lang='grc' dir='ltr'><strong>ι</strong></span> 
     </span>
    </p>
   </div>
   <div class='ocr_carea' id='block_1_101' title="bbox 440 5442 1883 5515">
    <p class='ocr_par' dir='ltr' id='par_1_101' title="bbox 440 5442 1883 5515">
     <span class='ocr_line' id='line_1_101' title="bbox 440 5442 1883 5515; baseline 0 -17"><span class='ocrx_word' id='word_1_739' title='bbox 440 5444 468 5483; x_wconf 72' lang='grc' dir='ltr'>ι»</span> <span class='ocrx_word' id='word_1_740' title='bbox 500 5446 556 5515; x_wconf 15' lang='lat' dir='ltr'><strong>lin</strong></span> <span class='ocrx_word' id='word_1_741' title='bbox 595 5444 772 5515; x_wconf 88' lang='lat' dir='ltr'><strong>libello</strong></span> <span class='ocrx_word' id='word_1_742' title='bbox 812 5442 986 5498; x_wconf 86' lang='lat' dir='ltr'><strong>Caroli</strong></span> <span class='ocrx_word' id='word_1_743' title='bbox 1024 5443 1195 5507; x_wconf 89' lang='lat' dir='ltr'><strong>Calvi,</strong></span> <span class='ocrx_word' id='word_1_744' title='bbox 1229 5458 1349 5514; x_wconf 88' lang='lat' dir='ltr'><strong>pag.</strong></span> <span class='ocrx_word' id='word_1_745' title='bbox 1395 5443 1486 5509; x_wconf 69' lang='grc' dir='ltr'>ιι,</span> <span class='ocrx_word' id='word_1_746' title='bbox 1511 5446 1714 5515; x_wconf 88' lang='lat' dir='ltr'><strong>absque</strong></span> <span class='ocrx_word' id='word_1_747' title='bbox 1746 5453 1883 5501; x_wconf 89' lang='lat' dir='ltr'><strong>orat.</strong></span> 
     </span>
    </p>
   </div>
   <div class='ocr_carea' id='block_1_102' title="bbox 443 5514 1946 5582">
    <p class='ocr_par' dir='ltr' id='par_1_102' title="bbox 443 5514 1946 5582">
     <span class='ocr_line' id='line_1_102' title="bbox 443 5514 1946 5582; baseline 0.001 -15"><span class='ocrx_word' id='word_1_748' title='bbox 443 5525 464 5553; x_wconf 72' lang='grc' dir='ltr'>ε</span> <span class='ocrx_word' id='word_1_749' title='bbox 508 5514 564 5568; x_wconf 83' lang='grc' dir='ltr'><strong>1η</strong></span> <span class='ocrx_word' id='word_1_750' title='bbox 595 5515 714 5567; x_wconf 85' lang='lat' dir='ltr'><strong>cod.</strong></span> <span class='ocrx_word' id='word_1_751' title='bbox 744 5514 875 5582; x_wconf 77' lang='lat' dir='ltr'><strong>Reg.</strong></span> <span class='ocrx_word' id='word_1_752' title='bbox 901 5515 1146 5570; x_wconf 88' lang='lat' dir='ltr'><strong>oratione</strong></span> <span class='ocrx_word' id='word_1_753' title='bbox 1180 5516 1346 5582; x_wconf 88' lang='lat' dir='ltr'><strong>priori</strong></span> <span class='ocrx_word' id='word_1_754' title='bbox 1384 5518 1579 5571; x_wconf 83' lang='lat' dir='ltr'><strong>omissa</strong></span> <span class='ocrx_word' id='word_1_755' title='bbox 1628 5514 1744 5572; x_wconf 58' lang='lat' dir='ltr'><strong>haec</strong></span> <span class='ocrx_word' id='word_1_756' title='bbox 1789 5518 1946 5571; x_wconf 84' lang='lat' dir='ltr'><strong>habe-</strong></span> 
     </span>
    </p>
   </div>
   <div class='ocr_carea' id='block_1_103' title="bbox 374 5582 1944 5651">
    <p class='ocr_par' dir='ltr' id='par_1_103' title="bbox 374 5582 1944 5651">
     <span class='ocr_line' id='line_1_103' title="bbox 374 5582 1944 5651; baseline 0.001 -13"><span class='ocrx_word' id='word_1_757' title='bbox 374 5592 502 5639; x_wconf 88' lang='lat' dir='ltr'><strong>tur:</strong></span> <span class='ocrx_word' id='word_1_758' title='bbox 545 5600 564 5633; x_wconf 69' lang='grc' dir='ltr'><strong>ι</strong></span> <span class='ocrx_word' id='word_1_759' title='bbox 602 5582 871 5647; x_wconf 83' lang='lat' dir='ltr'><strong>Salviﬁca,</strong></span> <span class='ocrx_word' id='word_1_760' title='bbox 901 5585 1145 5651; x_wconf 86' lang='lat' dir='ltr'><strong>Domine,</strong></span> <span class='ocrx_word' id='word_1_761' title='bbox 1176 5582 1471 5641; x_wconf 87' lang='lat' dir='ltr'><strong>Ecclesiam</strong></span> <span class='ocrx_word' id='word_1_762' title='bbox 1509 5587 1563 5643; x_wconf 93' lang='lat' dir='ltr'><strong>in</strong></span> <span class='ocrx_word' id='word_1_763' title='bbox 1599 5590 1675 5643; x_wconf 92' lang='lat' dir='ltr'><strong>tui</strong></span> <span class='ocrx_word' id='word_1_764' title='bbox 1711 5586 1944 5643; x_wconf 90' lang='lat' dir='ltr'><strong>nominis</strong></span> 
     </span>
    </p>
   </div>
   <div class='ocr_carea' id='block_1_104' title="bbox 374 5652 1946 5726">
    <p class='ocr_par' dir='ltr' id='par_1_104' title="bbox 374 5652 1946 5726">
     <span class='ocr_line' id='line_1_104' title="bbox 374 5652 1946 5726; baseline 0.004 -21"><span class='ocrx_word' id='word_1_765' title='bbox 374 5652 703 5726; x_wconf 75' lang='lat' dir='ltr'><strong>protectione</strong></span> <span class='ocrx_word' id='word_1_766' title='bbox 732 5653 983 5726; x_wconf 79' lang='lat' dir='ltr'><strong>ﬁdentem</strong></span> <span class='ocrx_word' id='word_1_767' title='bbox 1003 5697 1017 5718; x_wconf 92' lang='lat'><strong>,</strong></span> <span class='ocrx_word' id='word_1_768' title='bbox 1048 5665 1107 5709; x_wconf 90' lang='lat' dir='ltr'><strong>ut</strong></span> <span class='ocrx_word' id='word_1_769' title='bbox 1133 5656 1406 5726; x_wconf 82' lang='lat' dir='ltr'><strong>despectis</strong></span> <span class='ocrx_word' id='word_1_770' title='bbox 1446 5658 1678 5715; x_wconf 81' lang='lat' dir='ltr'><strong>inimicis</strong></span> <span class='ocrx_word' id='word_1_771' title='bbox 1706 5659 1946 5714; x_wconf 73' lang='lat' dir='ltr'><strong>volunta-</strong></span> 
     </span>
    </p>
   </div>
   <div class='ocr_carea' id='block_1_105' title="bbox 375 5720 1483 5796">
    <p class='ocr_par' dir='ltr' id='par_1_105' title="bbox 375 5720 1483 5796">
     <span class='ocr_line' id='line_1_105' title="bbox 375 5720 1483 5796; baseline -0.004 -13"><span class='ocrx_word' id='word_1_772' title='bbox 375 5720 452 5783; x_wconf 76' lang='lat' dir='ltr'><strong>ria</strong></span> <span class='ocrx_word' id='word_1_773' title='bbox 479 5732 529 5796; x_wconf 72' lang='lat' dir='ltr'><strong>te</strong></span> <span class='ocrx_word' id='word_1_774' title='bbox 558 5720 897 5779; x_wconf 84' lang='lat' dir='ltr'><strong>confessione</strong></span> <span class='ocrx_word' id='word_1_775' title='bbox 934 5720 1257 5795; x_wconf 67' lang='lat' dir='ltr'><strong>magniflret&#39;.</strong></span> <span class='ocrx_word' id='word_1_776' title='bbox 1303 5726 1420 5780; x_wconf 75' lang='lat' dir='ltr'><strong>Per.</strong></span> <span class='ocrx_word' id='word_1_777' title='bbox 1464 5746 1483 5779; x_wconf 76' lang='grc' dir='ltr'><strong>ι</strong></span> 
     </span>
    </p>
   </div>
   <div class='ocr_carea' id='block_1_106' title="bbox 2040 4593 3636 4665">
    <p class='ocr_par' dir='ltr' id='par_1_106' title="bbox 2040 4593 3636 4665">
     <span class='ocr_line' id='line_1_106' title="bbox 2040 4593 3636 4665; baseline 0.002 -19"><span class='ocrx_word' id='word_1_778' title='bbox 2040 4608 2201 4662; x_wconf 90' lang='lat' dir='ltr'><strong>quem</strong></span> <span class='ocrx_word' id='word_1_779' title='bbox 2240 4593 2639 4649; x_wconf 81' lang='lat' dir='ltr'><strong>absoonderunt</strong></span> <span class='ocrx_word' id='word_1_780' title='bbox 2673 4594 2808 4651; x_wconf 82' lang='lat' dir='ltr'><strong>mihi</strong></span> <span class='ocrx_word' id='word_1_781' title='bbox 2836 4613 2849 4648; x_wconf 91' lang='lat'><strong>:</strong></span> <span class='ocrx_word' id='word_1_782' title='bbox 2878 4594 3131 4665; x_wconf 88' lang='lat' dir='ltr'><strong>quoniam</strong></span> <span class='ocrx_word' id='word_1_783' title='bbox 3170 4601 3225 4648; x_wconf 91' lang='lat' dir='ltr'><strong>tu</strong></span> <span class='ocrx_word' id='word_1_784' title='bbox 3260 4609 3319 4649; x_wconf 89' lang='lat' dir='ltr'><strong>es</strong></span> <span class='ocrx_word' id='word_1_785' title='bbox 3348 4602 3636 4665; x_wconf 89' lang='lat' dir='ltr'><strong>protector</strong></span> 
     </span>
    </p>
   </div>
   <div class='ocr_carea' id='block_1_107' title="bbox 2042 4682 3677 4755">
    <p class='ocr_par' dir='ltr' id='par_1_107' title="bbox 2042 4682 3677 4755">
     <span class='ocr_line' id='line_1_107' title="bbox 2042 4682 3677 4755; baseline 0.002 -17"><span class='ocrx_word' id='word_1_786' title='bbox 2042 4698 2214 4738; x_wconf 88' lang='lat' dir='ltr'><strong>meus.</strong></span> <span class='ocrx_word' id='word_1_787' title='bbox 2243 4682 2303 4738; x_wconf 88' lang='lat' dir='ltr'><strong>ln</strong></span> <span class='ocrx_word' id='word_1_788' title='bbox 2330 4700 2525 4741; x_wconf 89' lang='lat' dir='ltr'><strong>manus</strong></span> <span class='ocrx_word' id='word_1_789' title='bbox 2551 4694 2670 4741; x_wconf 87' lang='lat' dir='ltr'><strong>tuas</strong></span> <span class='ocrx_word' id='word_1_790' title='bbox 2716 4686 3036 4741; x_wconf 89' lang='lat' dir='ltr'><strong>commendo</strong></span> <span class='ocrx_word' id='word_1_791' title='bbox 3082 4687 3333 4755; x_wconf 85' lang='lat' dir='ltr'><strong>spiritum</strong></span> <span class='ocrx_word' id='word_1_792' title='bbox 3378 4701 3562 4741; x_wconf 90' lang='lat' dir='ltr'><strong>meum</strong></span> <span class='ocrx_word' id='word_1_793' title='bbox 3614 4707 3628 4741; x_wconf 91' lang='lat'>:</span> <span class='ocrx_word' id='word_1_794' title='bbox 3674 4746 3677 4747; x_wconf 24' lang='grc' dir='ltr'><em>ν</em></span> 
     </span>
    </p>
   </div>
   <div class='ocr_carea' id='block_1_108' title="bbox 2044 4774 3635 4841">
    <p class='ocr_par' dir='ltr' id='par_1_108' title="bbox 2044 4774 3635 4841">
     <span class='ocr_line' id='line_1_108' title="bbox 2044 4774 3635 4841; baseline 0.003 -12"><span class='ocrx_word' id='word_1_795' title='bbox 2044 4774 2320 4829; x_wconf 89' lang='lat' dir='ltr'><strong>redemisti</strong></span> <span class='ocrx_word' id='word_1_796' title='bbox 2357 4790 2467 4841; x_wconf 92' lang='lat' dir='ltr'><strong>me,</strong></span> <span class='ocrx_word' id='word_1_797' title='bbox 2494 4776 2723 4833; x_wconf 88' lang='lat' dir='ltr'><strong>Domine</strong></span> <span class='ocrx_word' id='word_1_798' title='bbox 2751 4778 2891 4833; x_wconf 91' lang='lat' dir='ltr'><strong>Deus</strong></span> <span class='ocrx_word' id='word_1_799' title='bbox 2934 4777 3198 4833; x_wconf 90' lang='lat' dir='ltr'><strong>veritatis.</strong></span> <span class='ocrx_word' id='word_1_800' title='bbox 3237 4777 3410 4834; x_wconf 85' lang='lat' dir='ltr'><strong>Odisti</strong></span> <span class='ocrx_word' id='word_1_801' title='bbox 3445 4778 3635 4833; x_wconf 86' lang='lat' dir='ltr'><strong>obser-</strong></span> 
     </span>
    </p>
   </div>
   <div class='ocr_carea' id='block_1_109' title="bbox 2044 4871 3633 4943">
    <p class='ocr_par' dir='ltr' id='par_1_109' title="bbox 2044 4871 3633 4943">
     <span class='ocr_line' id='line_1_109' title="bbox 2044 4871 3633 4943; baseline 0.003 -20"><span class='ocrx_word' id='word_1_802' title='bbox 2044 4877 2233 4925; x_wconf 84' lang='lat' dir='ltr'><strong>vantes</strong></span> <span class='ocrx_word' id='word_1_803' title='bbox 2253 4871 2525 4927; x_wconf 86' lang='lat' dir='ltr'><strong>vanitates</strong></span> <span class='ocrx_word' id='word_1_804' title='bbox 2546 4887 2903 4942; x_wconf 87' lang='lat' dir='ltr'><strong>supervacue.</strong></span> <span class='ocrx_word' id='word_1_805' title='bbox 2941 4872 3054 4943; x_wconf 86' lang='lat' dir='ltr'><strong>Ego</strong></span> <span class='ocrx_word' id='word_1_806' title='bbox 3088 4880 3267 4927; x_wconf 85' lang='lat' dir='ltr'><strong>autem</strong></span> <span class='ocrx_word' id='word_1_807' title='bbox 3304 4873 3360 4926; x_wconf 92' lang='lat' dir='ltr'><strong>in</strong></span> <span class='ocrx_word' id='word_1_808' title='bbox 3396 4871 3633 4927; x_wconf 90' lang='lat' dir='ltr'><strong>Domino</strong></span> 
     </span>
    </p>
   </div>
   <div class='ocr_carea' id='block_1_110' title="bbox 2046 4962 3628 5031">
    <p class='ocr_par' dir='ltr' id='par_1_110' title="bbox 2046 4962 3628 5031">
     <span class='ocr_line' id='line_1_110' title="bbox 2046 4962 3628 5031; baseline 0.001 -16"><span class='ocrx_word' id='word_1_809' title='bbox 2046 4962 2257 5031; x_wconf 90' lang='lat' dir='ltr'><strong>speravi</strong></span> <span class='ocrx_word' id='word_1_810' title='bbox 2293 4980 2307 5016; x_wconf 85' lang='lat'><strong>:</strong></span> <span class='ocrx_word' id='word_1_811' title='bbox 2347 4962 2631 5018; x_wconf 87' lang='lat' dir='ltr'><strong>exsultabo</strong></span> <span class='ocrx_word' id='word_1_812' title='bbox 2666 4972 2723 5019; x_wconf 90' lang='lat' dir='ltr'><strong>et</strong></span> <span class='ocrx_word' id='word_1_813' title='bbox 2756 4963 2981 5019; x_wconf 65' lang='lat' dir='ltr'><strong>laetabor</strong></span> <span class='ocrx_word' id='word_1_814' title='bbox 3016 4964 3070 5018; x_wconf 92' lang='lat' dir='ltr'><strong>in</strong></span> <span class='ocrx_word' id='word_1_815' title='bbox 3100 4963 3475 5019; x_wconf 90' lang='lat' dir='ltr'><strong>misericordia</strong></span> <span class='ocrx_word' id='word_1_816' title='bbox 3512 4973 3628 5017; x_wconf 88' lang='lat' dir='ltr'><strong>tua.</strong></span> 
     </span>
    </p>
   </div>
   <div class='ocr_carea' id='block_1_111' title="bbox 2115 5094 2811 5166">
    <p class='ocr_par' dir='ltr' id='par_1_111' title="bbox 2115 5094 2811 5166">
     <span class='ocr_line' id='line_1_111' title="bbox 2115 5094 2811 5166; baseline 0 -16"><span class='ocrx_word' id='word_1_817' title='bbox 2115 5094 2141 5135; x_wconf 72' lang='grc' dir='ltr'><em>δ</em></span> <span class='ocrx_word' id='word_1_818' title='bbox 2182 5095 2326 5151; x_wconf 89' lang='lat' dir='ltr'><strong>Loco</strong></span> <span class='ocrx_word' id='word_1_819' title='bbox 2353 5096 2539 5163; x_wconf 89' lang='lat' dir='ltr'><strong>citato,</strong></span> <span class='ocrx_word' id='word_1_820' title='bbox 2568 5112 2692 5166; x_wconf 84' lang='lat' dir='ltr'><strong>pag.</strong></span> <span class='ocrx_word' id='word_1_821' title='bbox 2720 5096 2811 5151; x_wconf 74' lang='grc'><strong>42.</strong></span> 
     </span>
    </p>
   </div>
   <div class='ocr_carea' id='block_1_112' title="bbox 2120 5184 3633 5258">
    <p class='ocr_par' dir='ltr' id='par_1_112' title="bbox 2120 5184 3633 5258">
     <span class='ocr_line' id='line_1_112' title="bbox 2120 5184 3633 5258; baseline -0.001 -17"><span class='ocrx_word' id='word_1_822' title='bbox 2120 5198 2142 5225; x_wconf 73' lang='grc' dir='ltr'>ε</span> <span class='ocrx_word' id='word_1_823' title='bbox 2182 5187 2238 5241; x_wconf 84' lang='lat' dir='ltr'><strong>In</strong></span> <span class='ocrx_word' id='word_1_824' title='bbox 2285 5188 2403 5242; x_wconf 90' lang='lat' dir='ltr'><strong>eod.</strong></span> <span class='ocrx_word' id='word_1_825' title='bbox 2449 5188 2644 5243; x_wconf 89' lang='lat' dir='ltr'><strong>Codice</strong></span> <span class='ocrx_word' id='word_1_826' title='bbox 2694 5188 2814 5243; x_wconf 90' lang='lat' dir='ltr'><strong>loco</strong></span> <span class='ocrx_word' id='word_1_827' title='bbox 2856 5184 3055 5258; x_wconf 88' lang='lat' dir='ltr'><strong>prioris</strong></span> <span class='ocrx_word' id='word_1_828' title='bbox 3094 5205 3109 5241; x_wconf 88' lang='lat'><strong>:</strong></span> <span class='ocrx_word' id='word_1_829' title='bbox 3150 5204 3177 5258; x_wconf 11' lang='grc' dir='ltr'><strong>γε</strong></span> <span class='ocrx_word' id='word_1_830' title='bbox 3214 5186 3480 5258; x_wconf 85' lang='lat' dir='ltr'><strong>lllumina,</strong></span> <span class='ocrx_word' id='word_1_831' title='bbox 3525 5184 3633 5239; x_wconf 89' lang='lat' dir='ltr'><strong>Do-</strong></span> 
     </span>
    </p>
   </div>
   <div class='ocr_carea' id='block_1_113' title="bbox 2047 5254 3635 5328">
    <p class='ocr_par' dir='ltr' id='par_1_113' title="bbox 2047 5254 3635 5328">
     <span class='ocr_line' id='line_1_113' title="bbox 2047 5254 3635 5328; baseline -0.001 -18"><span class='ocrx_word' id='word_1_832' title='bbox 2047 5257 2210 5328; x_wconf 84' lang='lat' dir='ltr'><strong>mine,</strong></span> <span class='ocrx_word' id='word_1_833' title='bbox 2233 5258 2439 5312; x_wconf 88' lang='lat' dir='ltr'><strong>vultum</strong></span> <span class='ocrx_word' id='word_1_834' title='bbox 2464 5265 2614 5311; x_wconf 90' lang='lat' dir='ltr'><strong>tuum</strong></span> <span class='ocrx_word' id='word_1_835' title='bbox 2637 5274 2801 5328; x_wconf 89' lang='lat' dir='ltr'><strong>super</strong></span> <span class='ocrx_word' id='word_1_836' title='bbox 2822 5254 2941 5322; x_wconf 79' lang='lat' dir='ltr'><strong>nos,</strong></span> <span class='ocrx_word' id='word_1_837' title='bbox 2966 5254 3236 5314; x_wconf 74' lang='lat' dir='ltr'><strong>benedici</strong></span> <span class='ocrx_word' id='word_1_838' title='bbox 3262 5272 3506 5328; x_wconf 83' lang='lat' dir='ltr'><strong>memque</strong></span> <span class='ocrx_word' id='word_1_839' title='bbox 3532 5271 3635 5309; x_wconf 89' lang='lat' dir='ltr'><strong>no-</strong></span> 
     </span>
    </p>
   </div>
   <div class='ocr_carea' id='block_1_114' title="bbox 2047 5326 3634 5397">
    <p class='ocr_par' dir='ltr' id='par_1_114' title="bbox 2047 5326 3634 5397">
     <span class='ocr_line' id='line_1_114' title="bbox 2047 5326 3634 5397; baseline 0.001 -18"><span class='ocrx_word' id='word_1_840' title='bbox 2047 5327 2129 5380; x_wconf 87' lang='lat' dir='ltr'><strong>bis</strong></span> <span class='ocrx_word' id='word_1_841' title='bbox 2157 5336 2470 5396; x_wconf 85' lang='lat' dir='ltr'><strong>perpetuam</strong></span> <span class='ocrx_word' id='word_1_842' title='bbox 2499 5326 2725 5397; x_wconf 60' lang='lat' dir='ltr'><strong>largire}</strong></span> <span class='ocrx_word' id='word_1_843' title='bbox 2760 5336 2821 5382; x_wconf 91' lang='lat' dir='ltr'><strong>ut</strong></span> <span class='ocrx_word' id='word_1_844' title='bbox 2854 5329 3176 5383; x_wconf 84' lang='lat' dir='ltr'><strong>conﬁtentes</strong></span> <span class='ocrx_word' id='word_1_845' title='bbox 3224 5328 3318 5381; x_wconf 87' lang='lat' dir='ltr'><strong>tibi</strong></span> <span class='ocrx_word' id='word_1_846' title='bbox 3347 5328 3400 5380; x_wconf 92' lang='lat' dir='ltr'><strong>in</strong></span> <span class='ocrx_word' id='word_1_847' title='bbox 3425 5326 3634 5381; x_wconf 83' lang='lat' dir='ltr'><strong>timore</strong></span> 
     </span>
    </p>
   </div>
   <div class='ocr_carea' id='block_1_115' title="bbox 2048 5396 3643 5469">
    <p class='ocr_par' dir='ltr' id='par_1_115' title="bbox 2048 5396 3643 5469">
     <span class='ocr_line' id='line_1_115' title="bbox 2048 5396 3643 5469; baseline 0.001 -18"><span class='ocrx_word' id='word_1_848' title='bbox 2048 5406 2237 5451; x_wconf 85' lang='lat' dir='ltr'><strong>sancto</strong></span> <span class='ocrx_word' id='word_1_849' title='bbox 2263 5397 2495 5453; x_wconf 87' lang='lat' dir='ltr'><strong>fructum</strong></span> <span class='ocrx_word' id='word_1_850' title='bbox 2516 5396 2742 5469; x_wconf 69' lang='lat' dir='ltr'><strong>iustitiae</strong></span> <span class='ocrx_word' id='word_1_851' title='bbox 2765 5414 2948 5453; x_wconf 91' lang='lat' dir='ltr'><strong>coram</strong></span> <span class='ocrx_word' id='word_1_852' title='bbox 2990 5397 3126 5453; x_wconf 84' lang='lat' dir='ltr'><strong>facie</strong></span> <span class='ocrx_word' id='word_1_853' title='bbox 3169 5396 3468 5469; x_wconf 86' lang='lat' dir='ltr'><strong>majestatis</strong></span> <span class='ocrx_word' id='word_1_854' title='bbox 3521 5404 3643 5453; x_wconf 60' lang='lat' dir='ltr'><strong>tuae-</strong></span> 
     </span>
    </p>
   </div>
   <div class='ocr_carea' id='block_1_116' title="bbox 2046 5468 2891 5537">
    <p class='ocr_par' dir='ltr' id='par_1_116' title="bbox 2046 5468 2891 5537">
     <span class='ocr_line' id='line_1_116' title="bbox 2046 5468 2891 5537; baseline 0.001 -16"><span class='ocrx_word' id='word_1_855' title='bbox 2046 5475 2323 5537; x_wconf 79' lang='lat' dir='ltr'><strong>reportare</strong></span> <span class='ocrx_word' id='word_1_856' title='bbox 2348 5483 2671 5523; x_wconf 87' lang='lat' dir='ltr'><strong>mereamur.</strong></span> <span class='ocrx_word' id='word_1_857' title='bbox 2706 5468 2829 5523; x_wconf 76' lang='lat' dir='ltr'><strong>Pcr.</strong></span> <span class='ocrx_word' id='word_1_858' title='bbox 2874 5488 2891 5522; x_wconf 72' lang='grc' dir='ltr'><strong>ι</strong></span> 
     </span>
    </p>
   </div>
   <div class='ocr_carea' id='block_1_117' title="bbox 2121 5563 2705 5634">
    <p class='ocr_par' dir='ltr' id='par_1_117' title="bbox 2121 5563 2705 5634">
     <span class='ocr_line' id='line_1_117' title="bbox 2121 5563 2705 5634; baseline -0.002 -17"><span class='ocrx_word' id='word_1_859' title='bbox 2121 5563 2139 5602; x_wconf 70' lang='grc' dir='ltr'>ί</span> <span class='ocrx_word' id='word_1_860' title='bbox 2171 5563 2297 5617; x_wconf 87' lang='lat' dir='ltr'><strong>Loc.</strong></span> <span class='ocrx_word' id='word_1_861' title='bbox 2332 5564 2584 5634; x_wconf 85' lang='lat' dir='ltr'><strong>cit.,pag.</strong></span> <span class='ocrx_word' id='word_1_862' title='bbox 2617 5563 2705 5617; x_wconf 65' lang='grc'><strong>45.</strong></span> 
     </span>
    </p>
   </div>
   <div class='ocr_carea' id='block_1_118' title="bbox 2124 5654 2725 5725">
    <p class='ocr_par' dir='ltr' id='par_1_118' title="bbox 2124 5654 2725 5725">
     <span class='ocr_line' id='line_1_118' title="bbox 2124 5654 2725 5725; baseline -0.002 -15"><span class='ocrx_word' id='word_1_863' title='bbox 2124 5657 2147 5695; x_wconf 68' lang='grc'>⁸</span> <span class='ocrx_word' id='word_1_864' title='bbox 2186 5656 2311 5710; x_wconf 84' lang='lat' dir='ltr'><strong>Loc.</strong></span> <span class='ocrx_word' id='word_1_865' title='bbox 2344 5655 2459 5721; x_wconf 78' lang='lat' dir='ltr'><strong>cit.,</strong></span> <span class='ocrx_word' id='word_1_866' title='bbox 2492 5670 2607 5725; x_wconf 82' lang='lat' dir='ltr'><strong>pag.</strong></span> <span class='ocrx_word' id='word_1_867' title='bbox 2639 5654 2725 5709; x_wconf 72' lang='lat'><strong>57.</strong></span> 
     </span>
    </p>
   </div>
  </div>
