3894 6182
240 333 324 390 su
1220 329 1616 388 LITURGICA.
1647 357 1723 375 --
1755 331 2027 390 OFFICIA
2063 334 2201 391 PER
2237 335 2504 393 FBRIAS.

3374 340 3480 396 542

237 446 488 514 Quoniam
516 443 802 515 respexisti
829 440 1189 498 humilitatem
1242 457 1444 508 meam,
1478 441 1699 498 salvasti
1744 442 1812 500 de
1838 447 1890 508 Α
1914 445 2126 502 laetiﬁca
2151 447 2385 502 animam
2409 447 2550 503 servi
2571 447 2677 512 tui,
2696 448 2954 518 quoniam
2995 449 3067 506 ad
3119 457 3193 516 te,
3232 449 3479 520 Domine.

238 535 638 594 necessitatibus
667 535 901 589 animam
930 547 1128 588 meam.
1155 530 1267 588 Nec
1289 532 1602 588 conclusisti
1631 549 1719 588 me
1747 532 1806 587 in

236 625 474 682 manibus
506 625 714 681 inimici
743 645 755 678 :
780 624 1019 679 statuisti
1067 624 1122 678 in
1178 623 1296 679 loco
1352 624 1591 694 spatioso
1641 624 1808 694 pedes

234 735 390 776 neos.
446 717 709 774 Miserere
760 717 870 772 mei
910 715 1171 781 Domine,
1209 715 1463 785 quoniam
1511 715 1737 772 tribulor
1789 732 1803 768 :

234 808 576 864 conturbatus
610 815 695 862 est
730 807 787 861 in
825 807 906 860 ira
933 805 1123 861 oculus
1158 821 1332 871 meus,
1359 806 1540 865 anima
1587 821 1727 872 mea,
1753 812 1809 860 et

234 908 414 956 venter
441 913 616 954 meus.
654 897 919 966 Quoniam
955 895 1154 952 defecit
1188 896 1242 951 in
1269 896 1455 952 dolore
1499 895 1608 950 vita
1660 910 1806 960 mea,

235 1001 284 1046 et
301 990 423 1046 anni
450 989 559 1049 mei
582 989 639 1043 in
667 989 972 1060 gemitibus.
999 987 1275 1042 inﬁrmata
1300 995 1387 1040 est
1409 987 1464 1040 in
1493 993 1809 1056 paupertate

234 1084 398 1137 virtus
435 1096 592 1146 mea,
630 1090 686 1136 et
719 1095 843 1134 ossa
887 1094 1011 1134 mea
1059 1078 1378 1133 conturbata
1429 1084 1575 1132 sunt.
1634 1074 1809 1144 Super

235 1188 414 1228 omnes
439 1173 690 1227 inimicos
724 1185 876 1226 meos
907 1169 1084 1225 factus
1115 1184 1234 1224 sum
1267 1167 1617 1241 opprobrium
1644 1185 1656 1219 :
1682 1167 1813 1221 vici-

235 1267 312 1320 nis
357 1265 496 1320 meis
520 1264 694 1329 valde,
745 1271 802 1319 et
852 1263 1016 1317 timor
1057 1262 1203 1318 notis
1232 1263 1388 1317 meis.
1417 1261 1519 1328 Qui
1553 1260 1811 1315 videbant

233 1374 330 1423 me,
354 1357 502 1412 foras
536 1357 794 1428 fugerunt
825 1372 854 1410 a
892 1371 982 1410 me
1021 1374 1034 1410 :
1071 1354 1329 1410 oblivioni
1363 1355 1520 1410 datus
1540 1367 1659 1409 sum
1693 1359 1810 1405 tan-

233 1451 383 1522 quam
415 1460 662 1504 mortuus
698 1465 728 1503 a
767 1449 950 1504 corde.
987 1448 1187 1502 Factus
1241 1462 1361 1502 sum
1408 1455 1667 1516 tanquam
1712 1457 1809 1497 vas

232 1542 490 1612 perdimm
517 1561 531 1597 :
557 1542 812 1611 quoniam
843 1541 1018 1596 audivi
1042 1539 1494 1610 vituperationem
1515 1537 1806 1602 multorum

231 1634 674 1688 commorantium
711 1634 766 1688 in
800 1631 1052 1687 circuitu.
1083 1632 1144 1686 ln
1190 1647 1256 1686 eo
1295 1631 1420 1686 dum
1452 1627 1809 1685 convenirent

229 1724 382 1780 simul
417 1725 701 1781 adversum
731 1741 820 1780 me
858 1743 874 1780 :
914 1726 1162 1795 accipere
1202 1725 1442 1778 animam
1478 1737 1656 1778 meam
1682 1737 1810 1776 con-

1908 539 2143 594 animam
2173 553 2352 594 meam
2377 539 2570 595 levavi.
2596 540 2860 607 Quoniam
2884 550 2942 596 tu
2971 540 3197 597 Domine
3225 543 3406 599 suavis
3427 553 3482 601 et

1907 632 2053 686 mitis
2076 649 2089 686 :
2111 639 2168 686 et
2199 632 2382 687 multa:
2417 633 2802 688 misericordiae
2825 633 3078 689 omnibus
3110 633 3486 694 invocantibus

1909 729 1980 776 te.
2011 722 2245 778 Auribus
2289 724 2506 793 percipe
2556 724 2782 780 Domine
2815 726 3116 780 orationem
3147 740 3323 780 meam
3359 745 3374 781 :
3407 727 3487 784 in-

1908 813 2067 867 tende
2101 814 2222 868 voci
2255 814 2656 883 deprecationis
2681 830 2833 870 meae.
2887 815 2946 870 in
2989 816 3077 870 die
3125 815 3486 874 tribulationis

1907 918 2042 958 mete
2067 904 2293 959 clamavi
2319 905 2385 958 ad
2414 914 2466 961 te
2497 924 2511 959 :
2541 906 2667 975 quia
2697 907 2965 962 exaudisti
3002 922 3107 962 me.
3158 907 3276 962 Non
3301 915 3388 964 est
3415 907 3489 964 si-

1907 995 2051 1050 milis
2079 997 2224 1050 tuiin
2251 997 2373 1062 diis,
2400 997 2658 1054 Domine:
2679 1006 2738 1052 et
2763 1014 2872 1053 non
2896 1008 2980 1054 est
3006 1000 3299 1055 secundum
3321 1012 3486 1071 opera

1907 1091 2018 1138 tua.
2055 1082 2256 1140 Omnes
2303 1097 2522 1156 gentes,
2563 1103 2915 1158 quascunque
2953 1089 3161 1154 fecisti,
3191 1091 3406 1147 venient
3429 1100 3487 1148 et

1908 1174 2212 1229 adorabunt
2228 1191 2410 1230 coram
2437 1187 2491 1232 te
2521 1177 2749 1234 Domine
2775 1197 2788 1232 :
2813 1187 2868 1234 et
2893 1179 3263 1250 gloriﬁcabunt
3287 1197 3483 1238 nomen

1908 1270 2080 1318 tuum.
2105 1263 2370 1332 Quoniam
2393 1283 2620 1339 magnus
2654 1283 2715 1324 es
2741 1278 2822 1334 tu,
2852 1268 3055 1323 faciens
3086 1270 3352 1326 mirabilia
3379 1290 3393 1324 :
3427 1279 3486 1326 tu

1908 1369 1968 1409 es
1992 1355 2134 1410 Deus
2163 1356 2330 1412 solus.
2365 1357 2548 1414 Deduc
2576 1374 2683 1425 me,
2714 1360 2962 1424 Domine,
2995 1360 3048 1414 in
3072 1361 3161 1414 via
3191 1369 3304 1426 tua,
3329 1369 3385 1417 et
3408 1359 3488 1415 in-

1907 1446 2125 1515 grediar
2143 1447 2199 1500 in
2221 1448 2450 1503 veritate
2481 1455 2570 1504 tua
2598 1467 2611 1503 :
2643 1450 2855 1504 laetetur
2875 1465 2969 1505 eor
2989 1464 3188 1516 meum,
3213 1459 3273 1504 ut
3301 1452 3488 1508 timeat

1907 1551 2102 1592 nomen
2131 1544 2304 1593 tuum.
2331 1538 2645 1594 Confitebnr
2673 1540 2770 1594 tibi
2801 1539 3028 1596 Domine
3051 1541 3194 1596 Deus
3229 1557 3382 1596 meus
3429 1542 3485 1596 in

1907 1633 2021 1682 toto
2046 1629 2210 1682 corde
2244 1643 2368 1684 meo
2396 1647 2409 1683 :
2442 1637 2500 1684 et
2525 1629 2834 1701 glorificabo
2854 1645 3051 1685 nomen
3075 1639 3228 1686 tuum
3256 1632 3308 1686 in
3333 1640 3490 1686 aeter-

1907 1732 2057 1772 num.
2087 1717 2224 1785 Quia
2244 1719 2614 1776 misericordia
2639 1729 2730 1775 tua
2751 1736 2950 1792 magna
2977 1730 3064 1776 est
3081 1716 3244 1793 super
3268 1737 3394 1776 me:
3432 1731 3487 1778 et

227 1815 394 1870 ciliati
421 1823 561 1870 sunt.
606 1815 717 1888 Ego
751 1823 931 1871 autem
965 1815 1016 1870 in
1049 1823 1103 1870 te
1125 1814 1333 1885 speravi
1361 1814 1585 1868 Domine
1620 1833 1632 1866 :
1672 1811 1802 1880 dixi,
1839 1818 1882 1878 B
1907 1812 2102 1866 emisti
2152 1813 2390 1866 animam
2438 1828 2616 1869 meam
2655 1827 2724 1868 ex
2771 1813 2986 1870 inferno
3026 1813 3287 1870 inferiori.
3344 1814 3488 1870 Deus

227 1906 367 1962 Deus
392 1921 542 1961 meus
567 1921 626 1961 es
653 1914 729 1972 tu,
757 1907 811 1960 in
841 1907 1091 1962 manibus
1121 1907 1230 1961 tuis
1261 1915 1440 1960 sortes
1460 1917 1612 1958 mete.
1641 1902 1806 1972 Eripe

229 2013 310 2054 me
330 1997 398 2053 de
424 2012 585 2051 manu
612 1997 952 2052 inimicorum
986 2011 1253 2062 meorum,
1280 2003 1335 2052 et
1370 2011 1401 2050 a
1436 1992 1809 2066 persequenti-

226 2093 322 2148 bus
345 2107 451 2148 mc.
489 2091 703 2147 lllnstra
728 2090 922 2146 faciem
948 2099 1095 2146 tuam
1144 2105 1308 2160 super
1356 2105 1575 2145 servum
1629 2096 1803 2154 tuum,

227 2182 426 2237 salvum
478 2196 568 2235 me
617 2180 701 2236 fac
732 2182 786 2235 in
822 2180 1196 2236 misericordia
1233 2188 1322 2234 tua
1367 2179 1595 2235 Domine
1642 2197 1655 2232 :
1693 2193 1804 2233 non

225 2270 535 2335 confundar,
571 2271 824 2340 quoniam
860 2270 1106 2326 invocavi
1147 2278 1218 2324 te.
1255 2269 1599 2325 Erubescant
1630 2268 1801 2338 impii,

224 2371 277 2415 et
311 2359 654 2416 deducantur
700 2359 755 2414 in
809 2360 1081 2415 infernum
1119 2378 1138 2417 ς
1171 2369 1320 2415 muta
1373 2358 1507 2416 flant
1542 2360 1682 2415 labia
1717 2360 1806 2415 do—

225 2450 350 2514 losa,
374 2466 494 2520 quae
517 2450 810 2520 loquuntur
830 2452 1088 2507 adversus
1104 2453 1311 2524 justum
1354 2453 1696 2522 iniquitatem
1747 2453 1802 2507 in

225 2541 494 2610 superbia,
527 2545 584 2595 et
626 2541 680 2595 in
735 2542 1009 2597 abusione.
1067 2543 1240 2610 Quam
1283 2557 1476 2613 magna
1520 2542 1804 2599 multitudo

224 2633 517 2688 dulcedinis
545 2641 667 2697 tute,
687 2632 929 2699 Domine,
949 2650 1108 2703 quam
1124 2633 1452 2690 abscondisti
1480 2632 1805 2688 timentibus

227 2725 299 2776 te!
335 2721 618 2776 Perfecisti
667 2723 766 2788 eis,
795 2722 888 2792 qui
936 2732 1158 2794 sperant
1201 2725 1258 2779 in
1315 2733 1389 2789 te,
1421 2724 1475 2778 in
1507 2733 1801 2792 conspectu

227 2813 456 2868 filiorum
505 2813 806 2869 hominum.
854 2811 1170 2870 Abscondes
1222 2831 1318 2871 eos
1374 2816 1428 2870 in
1484 2814 1802 2870 abscondito

226 2901 374 2975 faciei
411 2911 538 2968 tute,
571 2918 599 2956 a
639 2902 1047 2958 conturbatione
1077 2903 1375 2960 hominum.
1401 2905 1664 2975 Proteges
1707 2919 1801 2958 eos

224 2993 274 3046 in
309 2989 657 3048 tabernaculo
682 3001 794 3059 tuo,
827 3008 856 3047 a
887 2995 1315 3050 contradictione
1343 2993 1669 3066 linguarum.
1702 2992 1803 3048 Bc-

224 3083 466 3139 nedictus
496 3083 798 3138 Dominus:
833 3085 1087 3154 quoniam
1135 3083 1448 3138 miriﬂcavit
1493 3084 1802 3139 misericor-

1898 1899 2080 1970 -iniqui
2103 1901 2513 1958 insurrexerunt
2544 1919 2707 1974 super
2734 1920 2821 1960 me
2854 1925 2868 1959 :
2904 1913 2961 1960 et
2987 1920 3256 1977 synagoga
3300 1914 3488 1975 poten-

1904 1989 2039 2045 tium
2065 1991 2396 2059 quaesierunt
2419 1992 2656 2047 animam
2682 2009 2859 2048 meam
2891 2014 2904 2048 :
2937 2003 2994 2051 et
3041 2010 3148 2050 non
3195 2011 3489 2066 proposue-

1903 2085 2032 2132 runt
2058 2086 2114 2133 te
2133 2079 2186 2134 in
2216 2090 2508 2150 conspectu
2536 2097 2655 2138 suo.
2683 2084 2751 2137 Et
2777 2092 2855 2149 tu,
2889 2085 3118 2141 Domine
3144 2085 3290 2142 Deus
3320 2087 3488 2142 mise—

1903 2175 2055 2228 rator
2081 2176 2137 2224 et
2159 2170 2488 2235 misericors,
2513 2173 2726 2242 patiens
2763 2183 2828 2238 et,
2853 2175 3035 2230 multa
3069 2176 3453 2232 misericordia
3469 2218 3484 2244 ,

1903 2264 1957 2310 et
1978 2271 2163 2312 verax.
2191 2257 2421 2329 Respice
2451 2261 2505 2315 iu
2534 2277 2642 2326 me,
2667 2270 2722 2316 et
2743 2263 3000 2318 miserere
3045 2265 3181 2330 mei,
3212 2266 3279 2320 da
3323 2266 3490 2334 impe-

1903 2343 2042 2398 rium
2073 2353 2223 2400 tuum
2248 2362 2414 2416 puero
2451 2355 2542 2402 tuo
2583 2366 2595 2400 :
2631 2357 2688 2404 et
2722 2350 2928 2404 salvum
2958 2350 3044 2407 fac
3079 2352 3247 2407 ﬁlium
3278 2353 3489 2407 ancillae

1903 2443 2025 2490 tum.
2053 2435 2161 2491 Fac
2187 2452 2400 2492 mecum
2442 2441 2652 2510 signum
2687 2441 2744 2496 in
2789 2442 3010 2508 bonum,
3043 2452 3103 2498 ut
3140 2444 3360 2499 videant
3394 2444 3488 2514 qui

1900 2527 2132 2582 oderunt
2158 2541 2264 2594 me,
2297 2536 2352 2582 et
2374 2530 2778 2586 confundantur
2803 2550 2816 2586 :
2843 2533 3098 2601 quoniam
3130 2541 3209 2602 tu,
3239 2533 3486 2600 Domine,

1903 2620 2155 2691 adiuvisti
2185 2636 2272 2676 me
2295 2628 2351 2676 et
2375 2621 2688 2679 consolatus
2720 2640 2780 2680 es
2811 2641 2916 2681 me.
3253 2615 3255 2617 ’

1976 2707 2044 2764 Ut
2079 2728 2260 2782 supra.
2314 2711 2426 2784 Ego
2474 2713 2614 2780 dixi,
2649 2714 2872 2771 Domine
2925 2717 3185 2772 miserere
3229 2717 3356 2772 mei.
3409 2717 3488 2772 Ne

1901 2802 2245 2872 derelinquas
2283 2819 2388 2876 me,
2413 2803 2658 2871 Domine,
2679 2805 2822 2860 Deus
2850 2821 3002 2861 meus
3032 2826 3045 2860 :
3080 2823 3146 2862 ne
3172 2808 3490 2875 discesseris

1901 2907 1932 2946 a
1967 2907 2070 2946 me.
2108 2890 2332 2947 Intende
2375 2892 2797 2962 inadjutorium
2847 2911 3047 2960 meum,
3071 2894 3303 2951 Domine
3343 2894 3489 2951 Deus

1906 2980 2097 3036 salutis
2119 2997 2270 3037 mere.
2297 2981 2528 3054 Adjutor
2557 2999 2731 3050 meus,
2761 2992 2816 3039 et
2841 2992 3118 3055 protector
3142 3000 3316 3051 meus,
3341 2992 3398 3039 tu
3430 3001 3492 3042 es

1904 3072 2047 3129 Deus
2075 3089 2246 3141 meus,
2280 3090 2347 3128 ne
2376 3075 2696 3130 tardaveris.

223 3173 365 3228 diam
398 3189 553 3230 suam
583 3173 714 3227 mihi
753 3174 806 3228 in
833 3174 1050 3230 civitate
1071 3175 1299 3229 munita,
1329 3175 1442 3246 Ego
1467 3184 1648 3231 autem
1691 3175 1803 3233 dixi
1830 3167 1879 3234 ο
1979 3164 2187 3221 Oratio.
2246 3165 2514 3234 Laetifica,
2572 3168 2826 3234 Domine,
2870 3167 3076 3223 vultum
3129 3167 3342 3224 familia:
3383 3177 3491 3224 tuae

223 3265 276 3320 in
300 3281 530 3322 excessu
563 3265 760 3320 mentis
790 3281 926 3321 mete
965 3283 979 3320 :
1009 3267 1283 3337 proiectus
1307 3283 1427 3322 sum
1455 3282 1486 3322 a
1513 3267 1654 3322 facie
1681 3283 1806 3322 ocu-

222 3358 393 3414 lorum
434 3367 671 3413 tuorum.
705 3358 830 3414 Ideo
858 3359 1125 3414 exaudisti
1149 3374 1340 3415 vocem
1360 3359 1622 3415 orationis
1646 3374 1802 3424 meae,

221 3448 346 3502 dum
373 3448 668 3504 clamarem
692 3449 759 3503 ad
797 3457 868 3503 te.
897 3449 1005 3521 76
1033 3448 1248 3521 Diligite
1284 3450 1591 3516 Dominum,
1614 3466 1805 3506 omnes

219 3540 391 3593 sancti
431 3536 590 3606 eius:
630 3539 882 3610 quoniam
906 3540 1192 3595 veritatem
1239 3543 1482 3613 requiret
1521 3542 1804 3609 Dominus,

221 3639 273 3683 et
307 3631 574 3686 retribuet
611 3631 950 3686 abundanter
978 3631 1300 3688 facientibus
1335 3635 1662 3706 superbiam.
1714 3634 1805 3689 Vi-

222 3727 390 3783 riliter
420 3729 585 3799 agite,
613 3736 669 3783 et
694 3727 1028 3784 confortetur
1057 3743 1152 3783 cor
1174 3737 1413 3783 vestrum
1453 3747 1466 3783 :
1498 3744 1687 3785 omnes
1710 3729 1806 3799 qui

219 3821 452 3888 speratis
472 3821 526 3874 in
556 3820 801 3875 Domino.

291 3907 359 3963 Ut
415 3927 598 3981 supra.
649 3910 762 3983 Ego
824 3911 973 3977 dixi,
1025 3909 1290 3978 Domine,
1351 3911 1611 3968 miserere
1675 3911 1800 3966 mei.

219 4001 446 4068 Exaudi,
478 4003 652 4070 Deus,
680 4005 979 4058 orationem
1015 4019 1190 4057 meam
1210 4045 1224 4070 ,
1253 4015 1308 4060 et
1359 4019 1428 4058 ne
1486 4003 1804 4074 despexeris

219 4093 655 4164 deprecationem
688 4109 864 4151 meam
899 4112 913 4148 :
949 4095 1168 4149 intende
1203 4093 1354 4160 mihi,
1381 4101 1436 4150 et
1469 4095 1663 4150 exaudi
1695 4111 1801 4150 me.

217 4181 445 4240 Domine
468 4185 664 4240 exaudi
686 4185 986 4240 orationem
1014 4199 1212 4250 meam,
1239 4192 1296 4240 et
1320 4184 1524 4239 clamor
1549 4200 1702 4241 meus
1737 4185 1806 4240 ad

217 4283 271 4327 te
306 4275 507 4329 veniat.
544 4275 601 4329 in
636 4289 956 4348 quacunque
982 4275 1069 4330 die
1107 4275 1435 4332 invocavero
1458 4276 1807 4341 tc,velociter

216 4367 411 4420 exaudi
439 4379 546 4421 me.

290 4453 498 4511 Oratio.
556 4456 772 4512 Excelsi
822 4456 941 4512 solii
999 4466 1252 4528 regnator
1307 4459 1569 4513 immense
1633 4455 1795 4530 [ϐοά.

1910 3251 2064 3326 [Cod.
2093 3253 2244 3326 Reg.,
2279 3254 2482 3310 vultum
2511 3264 2662 3310 tuum
2712 3273 2876 3328 super
2923 3255 3182 3312 familiam
3208 3256 3402 3332 tuam],
3433 3267 3491 3314 et

1907 3358 2038 3398 erue
2061 3342 2270 3398 animas
2291 3353 2506 3399 nostras
2527 3361 2593 3401 ex
2615 3345 2826 3402 inferno
2851 3346 3115 3413 inferiori,
3131 3355 3190 3402 ut
3213 3349 3290 3402 tui
3309 3347 3491 3404 vultus

1905 3437 2360 3509 contemplatione
2400 3441 2648 3511 protecti,
2696 3439 2966 3498 desideria
3019 3441 3204 3496 carnis
3256 3439 3487 3512 spiritali

1905 3533 2270 3590 dominatione
2297 3532 2586 3588 calcemus.
2611 3533 2733 3590 Per.

1976 3621 2186 3678 Litania
2212 3632 2266 3677 ut
2294 3642 2473 3696 supra.

1973 3715 2085 3786 Ego
2110 3715 2253 3781 dixi,
2277 3715 2503 3770 Domine
2539 3714 2682 3771 Deus
2722 3731 2898 3784 meus,
2926 3718 2979 3772 in
3011 3725 3064 3773 te
3106 3719 3338 3791 speravi.
3379 3719 3495 3775 Sal-

1902 3826 2028 3864 vum
2055 3825 2144 3864 me
2174 3808 2260 3863 fac
2285 3823 2350 3862 ex
2377 3809 2627 3864 omnibus
2649 3812 3102 3880 persequentibus
3121 3826 3229 3876 me,
3245 3819 3299 3865 et
3321 3811 3492 3867 libera

1902 3915 2008 3956 me.
2058 3898 2137 3955 Ne
2185 3898 2400 3969 quando
2447 3899 2623 3967 rapiat
2667 3908 2726 3952 ut
2757 3899 2838 3954 leo
2869 3901 3108 3954 animam
3139 3916 3338 3966 meam,
3364 3900 3491 3955 dum

1901 4005 2012 4044 non
2057 3997 2140 4044 est
2173 3987 2264 4057 qui
2300 3987 2551 4050 redimat,
2591 4000 2766 4055 neque
2811 3988 2902 4056 qui
2939 3986 3146 4042 salvum
3192 3988 3372 4043 faciat.
3411 3989 3492 4044 Tu

1904 4088 2116 4144 autem,
2145 4076 2480 4141 Domine,ne
2505 4075 2843 4146 elongaveris
2863 4076 3125 4131 auxilium
3140 4085 3288 4132 tuum
3319 4093 3349 4132 a
3371 4093 3489 4133 me:

1903 4169 1970 4224 ad
1994 4167 2364 4224 defensionem
2392 4180 2567 4220 meam
2591 4165 2858 4236 conspice.
2885 4165 3096 4231 Judica,
3123 4165 3372 4232 Domine,
3395 4183 3492 4222 no-

1904 4267 2088 4314 centes
2127 4274 2246 4325 me,
2279 4271 2526 4328 expugna
2569 4257 2948 4328 impugnantes
2995 4273 3100 4313 me.
3137 4257 3493 4329 Apprehende

1904 4369 2054 4408 arma
2080 4361 2136 4408 et
2159 4360 2392 4416 scutum,
2418 4360 2472 4406 et
2497 4366 2728 4423 exsurge
2759 4352 2812 4406 in
2837 4352 3165 4424 adjutorium
3200 4353 3354 4407 mihi.
3395 4351 3490 4408 Ef—
3516 4350 3526 4358 '

1906 4441 2070 4496 funde
2097 4440 2377 4507 frameam,
2397 4447 2452 4496 et
2478 4440 2740 4496 conclude
2770 4442 3032 4497 adversus
3069 4441 3289 4512 eos,qui
3313 4456 3494 4512 perse-

220 4542 372 4619 Reg.,
401 4558 659 4621 regnator
690 4549 1048 4624 mterne],qui
1075 4560 1357 4620 sperantes
1385 4553 1436 4606 in
1467 4561 1518 4606 te
1553 4552 1798 4607 damnari
1831 4521 1880 4579 θ
1904 4540 2143 4600 (ιιιιιιηιιν
2170 4546 2255 4585 me
2283 4549 2296 4581 ε
2331 4530 2646 4624 (ξὶογεηιίηιω
2677 4547 2810 4586 meae
2829 4573 2842 4597 ,
2870 4530 3028 4624 Salus
3060 4539 3150 4624 tua
3187 4546 3286 4602 ego
3345 4546 3487 4585 sum.

217 4648 420 4694 aeterna
466 4639 784 4696 confusione
830 4658 938 4696 non
990 4642 1193 4712 pateris
1221 4661 1233 4695 :
1266 4642 1433 4713 reple,
1458 4659 1801 4713 quaesumus,

221 4727 361 4783 labia
396 4739 586 4784 nostra
620 4729 799 4802 [laude
829 4731 938 4803 tua]
976 4740 1032 4786 et
1065 4733 1118 4786 in
1144 4731 1230 4787 his
1256 4747 1356 4786 nos
1379 4747 1593 4804 semper
1637 4735 1806 4788 medi-

215 4821 516 4876 tationibus
569 4823 832 4878 bonorum
880 4824 1182 4878 insinuator
1229 4838 1424 4879 exerce
1469 4823 1624 4896 [Cod.
1652 4824 1803 4896 Reg.,

219 4925 476 4968 exercere
503 4911 786 4985 digneris].
811 4912 935 4968 Per.

837 5096 1175 5154 PSALMUS.

291 5249 737 5321 (Psxr..'t.xxxv.)
777 5263 802 5292 ι
835 5252 1037 5308 Inclina
1077 5252 1517 5309 Domineaurem
1549 5261 1726 5318 tuam,
1750 5261 1806 5308 et

221 5343 416 5398 exaudi
452 5357 542 5398 me
567 5361 580 5396 :
609 5343 863 5412 quoniam
897 5344 1051 5412 inops
1075 5352 1130 5398 et
1152 5359 1358 5413 pauper
1384 5359 1505 5399 sum
1533 5359 1654 5414 ego.
1703 5345 1806 5399 Cu-

221 5431 362 5488 stodi
382 5435 618 5488 animam
648 5449 845 5499 meam,
879 5435 1132 5504 quoniam
1165 5443 1386 5489 sanctus
1409 5449 1527 5489 sum
1555 5452 1568 5488 :
1597 5435 1802 5489 salvum

223 5519 311 5578 fac
338 5537 553 5578 servum
599 5533 747 5578 tuum
782 5525 923 5578 Deus
955 5541 1108 5580 meus
1131 5533 1441 5596 sperantem
1472 5525 1526 5580 in
1557 5533 1627 5581 te.
1657 5525 1809 5582 Misc-

225 5627 350 5669 rere
371 5617 500 5680 mei,
527 5615 774 5680 Domine,
811 5617 1068 5685 quoniam
1100 5618 1164 5672 ad
1199 5628 1250 5679 te
1283 5617 1512 5674 clamavi
1547 5626 1658 5675 tota
1678 5619 1800 5675 die:

298 5739 322 5765 ³
361 5725 505 5783 Loco
533 5730 720 5794 citato,
751 5744 871 5800 pag.
914 5729 992 5782 Η.

1901 4625 2128 4680 Domine
2142 4631 2324 4678 averte
2342 4622 2535 4677 faciem
2555 4630 2700 4676 tuam
2725 4638 2755 4675 a
2779 4623 3021 4692 peccatis
3049 4623 3205 4689 meis,
3221 4633 3278 4678 et
3301 4637 3494 4678 omnes

1909 4718 2227 4786 iniquitates
2255 4731 2405 4770 meas
2429 4715 2563 4769 dcle.
2581 4713 2686 4768 Cor
2702 4715 2959 4768 mundum
2974 4729 3099 4770 crea
3122 4715 3178 4769 in
3199 4730 3308 4782 me,
3325 4713 3489 4783 Deus,

1900 4820 1958 4868 et
1984 4813 2230 4882 spiritum
2262 4819 2470 4864 rectum
2521 4808 2718 4862 innova
2765 4808 2818 4861 in
2861 4807 3162 4863 visceribus
3205 4808 3364 4865 meis.
3411 4808 3491 4864 Ne

1900 4905 2159 4975 projicias
2185 4918 2271 4956 me
2307 4917 2337 4954 a
2365 4900 2503 4954 facie
2530 4909 2653 4965 tua;
2687 4908 2742 4954 et
2766 4898 3028 4970 Spiritum
3065 4910 3314 4956 sanctum
3340 4912 3491 4958 tuum

1906 5011 1975 5050 ne
2002 4993 2217 5048 auferas
2237 5008 2268 5046 a
2309 5007 2414 5046 me.
2459 4991 2643 5046 Redde
2674 4991 2806 5047 mihi
2838 4991 3080 5048 laetitiam
3109 4993 3359 5049 salutaris
3388 4993 3487 5058 tui,

1905 5098 1954 5144 et
1979 5088 2171 5160 spiritu
2192 5086 2475 5159 principali
2503 5087 2766 5144 conﬁrma
2792 5103 2898 5144 me.
2929 5087 3091 5158 Eripe
3107 5102 3218 5152 me,
3242 5084 3486 5150 Domine,

1904 5179 1974 5235 ab
2002 5179 2221 5234 homine
2249 5179 2411 5244 malo,
2441 5195 2472 5233 a
2505 5179 2624 5235 viro
2651 5181 2839 5252 iniquo
2875 5181 3025 5250 eripe
3075 5195 3179 5233 me.
3224 5178 3340 5232 Non
3385 5185 3495 5232 tra-

1905 5270 2023 5334 das,
2060 5267 2308 5334 Domine,
2333 5269 2602 5325 desiderio
2640 5286 2760 5325 meo
2792 5268 3087 5340 peccatori,
3118 5268 3492 5338 cogitaverunt

1904 5368 2092 5414 contra
2118 5374 2205 5413 me
2237 5378 2249 5412 :
2285 5373 2352 5412 ne
2383 5359 2725 5430 derelinquas
2757 5374 2874 5425 me,
2895 5374 2970 5413 ne
2999 5357 3138 5413 forte
3161 5357 3484 5413 exaltentur.

1907 5449 2150 5515 Domine,
2183 5449 2408 5504 clamavi
2425 5451 2491 5504 ad
2521 5459 2595 5516 te,
2621 5449 2814 5504 exaudi
2831 5463 2935 5515 me,
2953 5449 3170 5504 intende
3193 5446 3310 5503 voci
3332 5461 3485 5512 mete,

1908 5555 2028 5596 cum
2059 5541 2362 5596 clamavero
2407 5542 2474 5596 ad
2520 5551 2588 5595 te.
2643 5541 2919 5612 Dirigatur
2965 5544 3139 5598 oratio
3183 5557 3300 5598 mea
3349 5539 3488 5597 sicut

1910 5631 2185 5686 incensum
2216 5631 2268 5686 iu
2297 5641 2586 5704 conspectu
2616 5641 2708 5689 tuo
2744 5648 2758 5686 :
2800 5633 3027 5691 clcvatio
3057 5651 3311 5691 manuum
3346 5648 3490 5693 mea-
