3908 6184
341 287 451 344 563
1171 284 1230 338 Β.
1272 282 1334 338 F.
1365 282 1591 340 ALBINI
1626 280 1758 339 SEU
1795 277 2070 337 ALCUINI
2105 276 2392 334 OPERUM
2425 273 2602 332 PARS
2637 276 2723 331 lV.
3503 271 3622 326 5H

343 422 468 468 rum
502 405 825 462 saeriﬁcium
857 403 1244 474 vespertinum;
1279 400 1448 466 Pone,
1482 399 1727 464 Domine,
1751 404 1927 452 custo-
1949 396 1998 454 Δ
2027 402 2081 448 et
2119 409 2227 448 non
2279 399 2365 448 est
2407 391 2616 448 sanitas
2645 391 2700 445 in
2729 405 2893 445 carne
2935 403 3074 446 mea.
3131 387 3360 456 Propter
3402 401 3622 442 nomen

343 497 492 554 them
515 497 598 552 ori
621 511 772 562 meo;
809 503 867 550 et
891 495 1090 550 ostium
1123 490 1545 548 circumstantia:
1568 489 1733 544 labiis
1767 488 1922 543 meis.
2025 492 2199 550 tuum,
2226 483 2476 546 Domine,
2508 480 2888 552 propitiaberis
2913 485 3136 551 peccato
3185 493 3308 533 meo
3334 495 3348 530 :
3378 476 3620 531 multum

347 587 728 646 Nondeclines
749 602 845 642 cor
867 600 1049 642 meum
1095 585 1154 639 in
1207 583 1372 638 verba
1419 582 1525 653 77
1576 581 1815 647 malitiae,
1861 580 1930 635 ad
2026 583 2111 632 est
2139 577 2305 632 enim.
2338 573 2547 630 Delicta
2596 575 2720 645 quis
2765 573 3057 646 intelligit?
3083 572 3151 628 ab
3195 571 3422 628 occultis
3468 571 3623 627 meis

349 677 688 736 excusandas
709 676 1091 732 excusationes
1118 675 1174 729 in
1189 673 1449 745 peccatis.
1480 671 1706 727 Domine
1731 670 1928 727 exaudi
2027 669 2227 722 munda
2253 682 2341 722 me
2367 685 2382 720 :
2416 673 2471 722 et
2507 665 2576 720 ab
2615 665 2808 722 alienis
2835 680 2996 736 parce
3023 680 3181 721 servo
3229 673 3342 719 tuo.
3398 659 3624 719 Delicta

347 769 654 826 orationem
711 782 922 831 meam,
975 765 1195 821 auribus
1221 764 1455 834 percipe
1501 761 1929 818 obsecrationem
2023 759 2324 831 iuventutis
2349 773 2503 824 mem,
2524 765 2579 813 et
2608 758 2940 830 ignorantias
2985 773 3137 813 meas
3166 772 3237 812 ne
3265 757 3618 812 memineris.

351 874 528 915 meam
563 860 619 914 in
644 859 874 913 veritate
900 865 1014 921 tua,
1037 855 1236 910 exaudi
1259 868 1347 908 me
1374 853 1430 907 in
1472 861 1564 908 tua
1597 850 1827 920 iustitia.
1865 851 1934 905 Et

351 964 462 1004 non
488 949 656 1004 intres
679 949 734 1003 in
751 947 964 1018 judicio
988 960 1112 1000 cum
1142 957 1304 999 servo
1328 950 1421 998 tuo
1447 960 1461 997 :
1487 943 1613 1013 quia
1648 956 1756 995 non
1778 940 1934 1010 justi-

351 1039 602 1095 ticabitur
622 1040 678 1095 in
701 1049 996 1107 conspectu
1020 1045 1112 1090 tuo
1133 1035 1310 1090 omnis
1339 1034 1544 1089 vivens.
1570 1031 1820 1086 Auditam
1845 1029 1932 1084 fac

350 1131 484 1186 mihi
515 1144 675 1187 mane
703 1125 1129 1183 misericordiam
1179 1132 1325 1179 tuam
1343 1165 1358 1188 ,
1380 1123 1505 1194 quia
1538 1123 1592 1176 in
1619 1130 1673 1177 te
1697 1120 1930 1190 speravi.

349 1222 546 1278 Notam
586 1219 677 1276 fac
705 1219 839 1276 mihi
865 1218 1008 1273 viam
1043 1216 1097 1271 in
1136 1231 1243 1285 qua
1288 1215 1578 1277 ambulem,
1607 1214 1732 1283 quia
1762 1211 1828 1266 ad
1881 1219 1936 1266 te

352 1313 525 1369 levavi
554 1311 1028 1366 animam'meam.
1061 1306 1220 1376 Eripe
1267 1319 1354 1360 me
1397 1305 1466 1360 de
1501 1303 1734 1359 inimicis
1771 1301 1931 1366 meis,

351 1405 603 1468 Domine,
626 1403 694 1458 ad
725 1412 778 1456 te
811 1399 1026 1470 confugi
1064 1418 1077 1454 :
1114 1399 1250 1454 doce
1276 1413 1366 1453 me
1400 1396 1581 1452 facere
1604 1395 1936 1451 voluntatem

355 1505 526 1561 tuam,
554 1494 680 1563 quia
703 1493 848 1548 Deus
867 1506 1023 1547 meus
1046 1506 1108 1546 es
1127 1499 1207 1545 tu.
1237 1489 1471 1560 Spiritus
1497 1498 1621 1544 tuus
1642 1487 1818 1543 bonus
1851 1485 1937 1540 de-

353 1586 516 1640 ducet
542 1599 630 1639 me
658 1583 713 1640 in
743 1591 889 1636 terra
921 1589 1106 1646 recta,
1128 1589 1350 1651 propter
1395 1592 1596 1634 nomen
1643 1585 1796 1632 tuum
1821 1575 1937 1630 .Do-

353 1673 541 1731 mine:
579 1670 881 1728 vivificabis
930 1685 1020 1726 me
1073 1670 1130 1724 in
1177 1669 1432 1739 aequitate
1485 1676 1592 1722 tua.
1622 1667 1832 1722 Educes
1871 1665 1936 1720 de

355 1761 702 1816 tribulatione
728 1761 967 1815 animam
1003 1775 1201 1827 meam,
1225 1767 1283 1816 et
1301 1757 1672 1814 misericordia
1705 1763 1796 1809 tua
1829 1754 1936 1809 dis-

353 1851 546 1920 perdes
570 1851 819 1908 inimicos
843 1867 1009 1908 meos.
1027 1852 1097 1907 Et
1124 1851 1322 1922 perdes
1344 1865 1553 1914 omnes,
1569 1849 1662 1919 qui
1679 1847 1937 1906 tribulant

354 1941 594 2004 animam
623 1955 823 2006 meam,
853 1941 1112 2012 quoniam
1139 1955 1239 2012 ego
1266 1955 1458 1995 servus
1483 1947 1608 1994 tuus
1651 1953 1791 1993 sum.
1838 1935 1941 1992 Do-

355 2031 502 2088 mine
527 2031 722 2087 exaudi
745 2032 1048 2088 orationem
1070 2047 1269 2097 meam,
1290 2039 1346 2086 et
1369 2031 1576 2086 clamor
1607 2044 1764 2086 meus
1785 2029 1853 2084 ad
1883 2035 1938 2084 te

356 2123 557 2178 veniat.
578 2123 837 2181 Miserere
851 2125 979 2190 mei,
996 2123 1158 2190 Deus,
1181 2123 1480 2179 secundum
1499 2135 1754 2192 magnam
1765 2127 1869 2176 etc.
1887 2131 1936 2174 II.

659 2236 916 2294 ORATIO
949 2235 1194 2294 SANCTI
1229 2233 1623 2293 AUGUSTINI.

428 2347 545 2404 Tibi
573 2347 699 2414 soli,
726 2347 978 2413 Domine,
1001 2347 1245 2419 peccavi,
1277 2347 1406 2418 quia
1450 2345 1629 2401 nullus
1657 2345 1940 2400 hominum

359 2441 478 2496 sine
502 2447 726 2510 peccato
757 2458 770 2494 :
813 2448 868 2495 et
892 2439 1014 2495 ideo
1042 2440 1139 2494 tibi
1162 2439 1260 2494 soli
1289 2439 1533 2509 peccavi,
1558 2438 1687 2507 quia
1716 2445 1772 2492 tu
1794 2437 1940 2492 solus

359 2543 418 2585 es
445 2529 563 2584 sine
585 2536 830 2597 peccato.
857 2528 958 2594 Da,
985 2528 1234 2594 Domine,
1268 2528 1696 2583 misericordiam
1716 2528 1938 2594 misero,

357 2617 452 2688 qui
476 2617 660 2672 tandiu
688 2618 976 2687 pepercisti
1005 2617 1317 2672 criminose.
1347 2616 1545 2687 Aspice
1569 2617 1636 2672 ad
1665 2615 1940 2672 infelicem

358 2707 534 2778 pietas
562 2708 847 2762 immensa.
881 2707 1112 2776 Respice
1145 2707 1422 2764 crudelem
1445 2707 1816 2764 misericordia
1845 2723 1942 2778 pu-

359 2795 522 2852 blica.
559 2795 708 2852 Pene
731 2795 1050 2866 desperatus
1079 2797 1146 2851 ad
1166 2799 1598 2869 omnipotentem
1623 2799 1802 2865 venio,
1832 2799 1941 2853 vul-

361 2893 585 2940 neratus
614 2884 684 2939 ad
729 2885 998 2942 medicum
1025 2901 1205 2941 curro.
1239 2885 1407 2944 Serva
1427 2929 1443 2954 ,
1479 2887 1703 2944 Domine
1731 2930 1744 2954 ,
1775 2888 1944 2959 pieta-

361 2981 470 3031 tem
495 2976 926 3032 mansuetudinis
952 3017 966 3042 ,
996 2977 1088 3046 qui
1119 2976 1304 3033 tandiu
1349 2978 1678 3049 suspendisti
1709 2979 1943 3052 gladium

2031 849 2341 905 Secundum
2392 849 2822 906 misericordiam
2872 860 3018 905 tuam
3065 857 3340 904 memento
3387 850 3496 903 mei
3533 858 3621 915 tu,

2029 949 2248 1012 propter
2259 941 2558 997 bonitatem
2571 950 2738 1006 tuam,
2757 941 3004 996 Domine.
3023 940 3283 996 Miserere
3296 941 3426 1006 mei,
3443 940 3618 1005 Deus,

2031 1033 2327 1088 secundum
2358 1047 2607 1105 magnam
2651 1031 3080 1089 misericordiam
3109 1040 3282 1098 tuam,
3339 1030 3458 1087 dele
3512 1031 3614 1086 ini-
3642 1057 3656 1080 ι

2033 1123 2298 1193 quitatem
2328 1137 2524 1178 meam.

2521 1233 2778 1290 ORATIO
2825 1231 3130 1288 METRICA

2249 1323 2528 1380 AURELII
2564 1323 2932 1380 PRUDENTII
2969 1322 3376 1380 CLEMENTIS.

2035 1438 2080 1498 Ο
2101 1440 2210 1499 Dee
2237 1439 2614 1509 cunctipotens
2642 1438 2838 1494 anima:
2868 1438 3047 1502 dator,
3078 1453 3114 1493 o
3133 1437 3244 1493 Dee
3265 1436 3484 1494 Christo

2037 1529 2204 1600 Cujus
2228 1531 2296 1586 ab
2319 1546 2412 1586 ore
2440 1530 2582 1585 Deus
2603 1530 2856 1609 subsistit
2880 1528 3104 1599 spiritus
3130 1542 3294 1594 unus,

2039 1623 2117 1680 Te
2143 1624 2462 1682 moderante
2484 1639 2662 1697 regor,
2691 1632 2746 1679 te
2775 1623 2940 1678 vitam
2969 1621 3212 1692 principe
3237 1621 3375 1676 duco
3400 1639 3414 1674 :

1963 1736 2010 1798 Β
2038 1713 2228 1772 Judice
2256 1723 2309 1771 te
2330 1715 2538 1786 pallens
2569 1713 2800 1785 trepido,
2827 1706 2877 1769 te
2903 1712 3085 1785 judice
3109 1711 3298 1790 eodem

2039 1808 2202 1878 Spem
2231 1809 2390 1878 capio
2418 1807 2558 1874 fore,
2588 1806 2851 1878 quidquid
2879 1821 3002 1876 ago,
3052 1804 3323 1860 veniabile
3351 1804 3495 1874 apud
3544 1813 3622 1870 te,

2038 1898 2348 1966 Quamlibet
2374 1899 2656 1971 indignum
2683 1898 2866 1964 venia,
2899 1896 3205 1967 faciamque
3226 1895 3547 1966 loquarque,

2037 1989 2335 2057 Confiteor,
2366 1990 2577 2046 dimitte
2595 1989 2793 2054 libens,
2821 1998 2876 2044 et
2897 2003 3060 2058 parce
3087 1986 3298 2042 fatenti.

2039 2080 2213 2140 Omne
2233 2079 2438 2138 malum
2467 2081 2668 2146 merui,
2689 2080 2786 2136 sed
2813 2089 2892 2144 tu,
2916 2079 3092 2133 bonus
3113 2077 3336 2141 arbiter,
3362 2073 3518 2130 aufer

2040 2173 2194 2240 Quod
2215 2172 2420 2239 merui;
2448 2169 2672 2227 meliora
2700 2170 2886 2225 favens
2907 2168 3105 2239 largire
3137 2165 3406 2237 precanti.

2039 2261 2190 2318 Dona
2218 2262 2414 2317 animae
2440 2260 2762 2336 quandoque
2811 2273 2969 2323 mete,
3016 2273 3141 2314 cum
3167 2255 3416 2326 corporis
3462 2249 3624 2318 hujus

2041 2355 2152 2426 78
2175 2351 2423 2424 Liquerit
2445 2350 2762 2420 hospitium,
2779 2349 2985 2415 nervis,
3009 2355 3155 2413 cute,
3186 2345 3475 2418 sanguine,
3497 2343 3624 2405 felle

2040 2443 2114 2500 Os
2139 2444 2240 2500 sibi
2257 2449 2591 2498 exstructum
2617 2447 2869 2509 corrupta
2895 2438 3038 2509 quod
3059 2437 3232 2494 incola
3262 2436 3389 2494 luxu

2041 2533 2158 2590 Heu
2184 2533 2416 2588 nimium
2443 2529 2722 2600 complexa
2746 2527 2913 2594 fovet,
2942 2544 3064 2584 cum
3085 2527 3278 2584 flebilis
3305 2525 3433 2582 hora

2040 2624 2309 2682 Clauserit
2325 2623 2424 2679 hos
2451 2621 2633 2688 orbes,
2662 2629 2719 2677 et
2747 2619 3088 2678 conclamata
3105 2619 3309 2690 jacebit

2040 2716 2318 2782 Materies,
2343 2712 2622 2784 oculisque
2645 2712 2759 2768 suis
2781 2726 2936 2767 mens
2965 2710 3108 2764 nuda
3129 2709 3361 2771 fruetur,

2040 2804 2120 2861 Ne
2141 2811 2330 2860 cernat
2351 2802 2714 2858 truculentum
2740 2801 2975 2872 aliquem
2990 2799 3054 2856 de
3067 2806 3226 2870 gente
3247 2797 3519 2853 latronum

2041 2895 2335 2960 lmmitem,
2361 2893 2633 2959 rabidum,
2659 2893 2918 2963 vultuque
2937 2897 2992 2947 et
3020 2904 3150 2945 voce
3171 2889 3464 2950 minacem,

2043 2984 2389 3050 Terribilem,
2410 2983 2503 3054 qui
2525 2997 2611 3038 me
2636 2981 2969 3038 maculosum
2995 2979 3280 3051 aspergine
3302 2993 3514 3036 morum

361 3065 605 3122 ultionis.
637 3065 768 3123 Dele
808 3069 1252 3126 numerositatem
1284 3070 1573 3126 criminum
1602 3073 1944 3130 multitudine
1968 3085 2018 3151 ο
2046 3076 2105 3132 lu
2125 3090 2364 3148 praeceps
2391 3082 2453 3130 ut
2468 3074 2648 3144 praedo
2668 3072 2866 3137 trahat,
2894 3070 3174 3142 nigrisque
3196 3075 3446 3128 ruentem

362 3156 877 3214 misericordiarum.
911 3199 926 3215 .
971 3200 985 3214 .
1018 3159 1120 3216 Hic
1137 3161 1395 3217 nonnulla
1416 3162 1624 3219 desunt.

433 3245 501 3300 Et
525 3262 625 3318 ego
654 3247 724 3302 ad
775 3256 851 3314 te,
882 3249 1133 3317 Domine,
1183 3251 1434 3320 clamavi,
1485 3261 1538 3309 et
1564 3269 1725 3310 mane
1770 3256 1946 3312 oratio

369 3349 490 3389 mea
518 3337 816 3406 praeveniet
841 3346 912 3392 te.
946 3339 1019 3394 Ut
1044 3341 1172 3411 quid
1206 3381 1223 3408 ,
1253 3342 1502 3411 Domine,
1549 3345 1765 3416 repellis
1819 3363 1944 3403 ora-

367 3423 572 3479 tionem
615 3440 791 3480 meam
811 3467 825 3492 ,
855 3429 1058 3484 avertis
1105 3429 1301 3486 faciem
1333 3439 1481 3486 tuam
1510 3448 1541 3488 a
1571 3449 1659 3489 me
1683 3435 1706 3488 ?
1737 3435 1948 3506 Pauper

366 3531 488 3572 sum
512 3531 634 3588 ego,
656 3525 712 3571 et
731 3517 786 3570 in
811 3517 1085 3575 laboribus
1117 3535 1147 3574 a
1171 3520 1456 3590 iuventute
1483 3539 1603 3578 mea
1637 3542 1648 3578 :
1679 3525 1946 3582 exaltatus

366 3611 549 3659 autem
573 3645 588 3670 ,
617 3603 933 3661 humiliatus
985 3615 1042 3662 et
1083 3610 1456 3666 conturbatus.
1489 3611 1548 3666 In
1599 3627 1688 3667 me
1715 3613 1938 3670 transie-

367 3701 500 3749 runt
537 3694 630 3750 irae
655 3703 798 3750 tuas:
851 3706 906 3752 et
932 3705 1170 3756 terrores
1222 3701 1299 3755 tui
1329 3703 1792 3759 conturbaverunt
1837 3720 1945 3760 me.

369 3785 854 3844 Circumdcderunt
879 3805 966 3846 me
986 3792 1129 3848 sicut
1151 3808 1290 3864 aqua
1313 3802 1424 3848 tota
1447 3794 1557 3862 die,
1580 3795 1950 3853 circumdede-

369 3887 498 3934 runt
528 3895 616 3935 me
636 3879 814 3936 simul.
831 3880 1110 3954 Elongasti
1137 3901 1168 3940 a
1183 3900 1270 3941 me
1290 3886 1525 3941 amicum
1551 3894 1604 3941 et
1615 3887 1946 3958 proximum,

371 3977 427 4024 et
455 3978 614 4025 notos
638 3985 788 4026 meos
817 3987 848 4025 a
872 3972 1113 4029 miseria.

445 4059 650 4115 Oratio.
670 4063 998 4134 Redemptor
1009 4064 1274 4132 omnium,
1297 4064 1686 4138 ineﬂ'abilisque
1701 4067 1951 4123 Salvator

373 4152 536 4220 Deus,
561 4154 650 4223 qui
678 4170 780 4224 pro
830 4155 987 4210 nobis
1040 4156 1250 4213 inferna
1295 4167 1620 4228 penetrans,
1686 4159 1860 4215 factus
1889 4174 1949 4214 es

348 4243 518 4325 .inter
568 4253 811 4301 mortuos
854 4245 995 4302 liber
1024 4267 1035 4302 :
1071 4249 1268 4305 exaudi
1321 4252 1644 4306 matutinam
1679 4266 1897 4320 precem
1931 4269 1943 4304 :

373 4333 658 4400 miserere,
685 4334 936 4401 Domine,
964 4335 1181 4394 familia:
1207 4380 1222 4405 ,
1251 4348 1309 4395 et
1356 4355 1486 4396 erue
1517 4356 1616 4395 nos
1646 4341 1714 4396 ab
1743 4341 1948 4396 inimici

374 4422 684 4482 insidiantis
709 4427 946 4498 pessima
976 4431 1255 4486 servitute.
1284 4431 1410 4487 Per.

443 4519 565 4575 Alia
588 4521 777 4576 oratio.
836 4519 1018 4574 Palma
1047 4520 1213 4576 totius
1259 4521 1611 4579 beatitudinis
1637 4523 1803 4589 Deus,
1851 4523 1946 4595 qui

377 4597 563 4670 fideles
590 4622 733 4681 tuos,
757 4621 818 4668 ut
845 4613 900 4668 in
929 4613 1048 4685 lege
1076 4621 1166 4668 tua
1196 4614 1494 4681 ambulent,
1517 4615 1828 4671 testimonia
1857 4624 1947 4670 tua

377 4712 687 4762 scrutentur
713 4747 728 4772 ,
757 4705 1011 4760 mandata
1059 4706 1401 4772 custodiant,
1431 4705 1664 4762 salubris
1702 4706 1951 4776 provisor

378 4797 680 4854 informas:
726 4799 963 4854 concede
1009 4798 1166 4854 nobis
1205 4797 1624 4867 iustiﬁcationes
1671 4806 1792 4854 tuas
1837 4806 1951 4854 toto

377 4890 540 4947 corde
564 4905 827 4963 quaerere,
855 4891 1069 4962 eloquia
1112 4892 1437 4963 intelligere,
1464 4891 1730 4946 mirabilia
1759 4890 1953 4962 praedi-

377 4998 539 5039 care:
567 4989 628 5037 ut
667 4983 759 5053 qui
806 4982 1070 5037 hactenus
1113 4983 1268 5051 quasi
1306 4984 1531 5052 perditae
1580 4998 1710 5038 oves
1754 4981 1956 5037 erravi-

380 5092 525 5146 mus,
548 5077 656 5132 tuis
680 5077 785 5148 piis
819 5075 1064 5132 humeris
1102 5076 1314 5132 restitui
1342 5075 1594 5148 paradiso
1640 5074 1948 5147 gloriemur.

382 5168 507 5225 Per.

452 5261 664 5317 Litania
687 5271 743 5317 ut
771 5278 950 5334 supra.

450 5373 621 5443 Deus,
673 5375 944 5447 propitius
998 5382 1118 5432 esto
1171 5375 1304 5431 mihi
1354 5375 1648 5448 peccaturi.
1698 5374 1953 5441 Domine,

383 5466 645 5524 miserere
687 5471 820 5535 mei,
847 5485 980 5527 sana
1025 5469 1264 5524 animam
1308 5484 1485 5526 meam
1512 5509 1526 5534 ,
1557 5467 1684 5539 quia
1733 5465 1954 5538 peccavi

385 5560 503 5616 tibi.
535 5561 801 5628 Quoniam
829 5561 996 5619 lumbi
1046 5562 1152 5617 mei
1183 5561 1389 5632 impleti
1433 5569 1561 5619 sunt
1585 5559 1954 5628 illusionibus,

458 5714 481 5742 ι
509 5697 606 5754 llic
632 5698 813 5755 deﬁcit
834 5697 952 5754 cod.
979 5710 1079 5752 ms.
1107 5695 1238 5764 Reg.

2044 3168 2335 3238 lnunergat
2360 3164 2629 3236 specubus
2649 3169 2844 3218 cuncta
2868 3167 3158 3219 exacturus
3188 3157 3256 3212 ad
3276 3171 3449 3225 usque

2046 3257 2411 3326 Quadrantem
2437 3253 2723 3309 minimum
2743 3251 3017 3306 damnosae
3041 3246 3220 3303 debita
3241 3245 3385 3300 vitze.

2047 3346 2210 3402 Multa
2239 3345 2293 3399 in
2324 3343 2593 3400 thesauris
2616 3342 2789 3414 patris
2813 3349 2900 3396 est
2921 3336 3206 3410 habitatio,
3237 3332 3482 3400 Christe,

2047 3437 2364 3508 Disparibus
2390 3442 2601 3490 secreta
2620 3429 2774 3489 locis.
2807 3432 2925 3487 Non
2953 3445 3120 3502 posco
3146 3428 3304 3486 beata

2045 3530 2104 3585 In
2128 3528 2348 3600 regione
2379 3527 2621 3591 domum,
2644 3525 2756 3580 sint
2772 3523 2880 3579 illic
2903 3531 3087 3579 castra
3119 3521 3378 3575 virorum.

2046 3621 2298 3692 Agnina,
2321 3617 2634 3689 pulvereum
2663 3631 2783 3688 qum
2817 3613 3162 3686 dedignantia
3189 3625 3415 3669 censum

2049 3710 2280 3765 Divitias
2303 3707 2512 3780 petiere
2526 3716 2669 3772 tuas,
2693 3707 2766 3762 sit
2789 3704 2920 3761 flore
2944 3703 3171 3774 perenni

2047 3800 2289 3860 Candida
2316 3798 2599 3870 virginitas
2626 3797 2864 3852 animum
2885 3801 3121 3849 castrata
3151 3791 3403 3848 recisum.

2047 3891 2118 3946 At
2141 3891 2273 3946 mihi
2301 3890 2522 3944 tartarei
2549 3890 2680 3944 satis
2711 3897 2797 3945 est
2815 3889 2864 3945 si
2893 3887 3040 3943 nulla
3069 3885 3304 3942 ministri

2048 3981 2311 4039 Occurrat
2339 3980 2528 4047 facies,
2564 3980 2736 4034 avidae
2765 3995 2867 4035 nec
2901 3977 3116 4034 flamma
3144 3975 3406 4048 gehennae

2049 4073 2280 4128 Devoret
2303 4071 2442 4126 hanc
2469 4071 2733 4138 animam,
2770 4085 3008 4126 mersam
3047 4065 3356 4124 fornacibus
3395 4063 3520 4120 imis

2049 4163 2200 4228 Esto,
2227 4177 2548 4228 cavernoso,
2578 4161 2704 4232 quia
2727 4160 2808 4216 sic
2838 4176 2936 4230 pro
2958 4159 3080 4215 labe
3113 4173 3338 4214 necesse
3358 4165 3445 4213 est

2049 4251 2342 4323 Corporea,
2378 4252 2552 4307 tristis
2588 4267 2676 4307 me
2699 4251 2918 4306 sorbeat
2940 4244 3079 4320 ignis
3104 4248 3340 4303 Averno.

2053 4343 2246 4398 Statim
2273 4341 2527 4398 mitiﬁcos
2561 4340 2812 4397 incendia
2835 4340 2983 4396 lenta
3015 4352 3244 4408 vapores

1968 4433 2024 4494 ι)
2049 4431 2338 4497 Exhalent,
2369 4439 2612 4502 aestuque
2634 4429 2782 4486 calor
2801 4429 3091 4501 languente
3113 4431 3371 4496 tepescat.

2049 4526 2165 4580 Lux
2200 4523 2464 4578 immensa
2498 4521 2656 4588 alios,
2679 4528 2735 4576 et
2757 4528 2997 4590 tempora
3028 4517 3212 4590 juncta
3237 4513 3453 4570 coronis

2049 4615 2345 4681 Gloriticet,
2371 4629 2460 4669 me
2481 4627 2644 4686 paena
2677 4613 2813 4668 levis
2839 4611 3132 4668 clementer
3166 4607 3378 4661 adurat.

2370 4727 2506 4783 Item
2540 4743 2714 4798 preces
2735 4725 2799 4780 de
2821 4722 3092 4779 citat-italis
3121 4721 3280 4775 dono.

2123 4821 2351 4891 Diligam
2375 4828 2449 4886 te,
2475 4819 2723 4883 Domine,
2753 4815 3011 4873 fortitudo
3037 4828 3177 4869 mea.

2631 4918 2708 4974 De
2733 4917 2889 4971 laude
2921 4914 3038 4968 Dei.

2122 5012 2447 5069 Benedicam
2496 5009 2785 5065 Dominum
2811 5008 2869 5063 in
2909 5003 3060 5062 omni
3093 5010 3334 5072 tempore
3371 5020 3382 5054 :
3416 5014 3622 5068 semper

2052 5105 2170 5161 laus
2203 5103 2321 5174 ejus
2352 5103 2407 5159 in
2436 5116 2531 5158 ore
2565 5115 2707 5156 meo.

2710 5186 2820 5242 Pro
2854 5187 2980 5256 ﬁde.

2131 5283 2357 5340 Domine
2383 5297 2518 5354 auge
2541 5280 2698 5338 nobis
2722 5279 2903 5334 fidem.

2729 5369 2835 5424 Pro
2858 5385 2966 5440 spe.

2129 5464 2336 5522 Exaudi
2367 5480 2466 5520 nos
2511 5463 2681 5530 Deus,
2716 5461 2968 5520 salutaris
2991 5467 3198 5528 noster,
3224 5471 3350 5529 spes
3385 5451 3622 5511 omnium

2059 5558 2250 5616 finium
2281 5567 2457 5615 terrae.
