  <div class='ocr_page' id='page_1' title='image "/cluster/home/n/w/nwhite01/storage/ocr_20150623/101/hvd.32044054759683/278.png"; bbox 0 0 3894 6182; ppageno 0'>
   <div class='ocr_carea' id='block_1_1' title="bbox 283 344 402 398">
    <p class='ocr_par' dir='ltr' id='par_1_1' title="bbox 283 344 402 398">
     <span class='ocr_line' id='line_1_1' title="bbox 283 344 402 398; baseline -0.017 0"><span class='ocrx_word' id='word_1_1' title='bbox 283 344 402 398; x_wconf 65' lang='grc'><strong>545</strong></span> 
     </span>
    </p>
   </div>
   <div class='ocr_carea' id='block_1_2' title="bbox 827 448 1336 510">
    <p class='ocr_par' dir='ltr' id='par_1_2' title="bbox 827 448 1336 510">
     <span class='ocr_line' id='line_1_2' title="bbox 827 448 1336 510; baseline -0.002 -2"><span class='ocrx_word' id='word_1_2' title='bbox 827 455 933 509; x_wconf 80' lang='lat' dir='ltr'><strong>Pro</strong></span> <span class='ocrx_word' id='word_1_3' title='bbox 957 457 1195 510; x_wconf 83' lang='lat' dir='ltr'><strong>custodia</strong></span> <span class='ocrx_word' id='word_1_4' title='bbox 1221 448 1336 509; x_wconf 82' lang='lat' dir='ltr'><strong>Dei.</strong></span> 
     </span>
    </p>
   </div>
   <div class='ocr_carea' id='block_1_3' title="bbox 362 543 1876 618">
    <p class='ocr_par' dir='ltr' id='par_1_3' title="bbox 362 543 1876 618">
     <span class='ocr_line' id='line_1_3' title="bbox 362 543 1876 618; baseline -0.007 -12"><span class='ocrx_word' id='word_1_5' title='bbox 362 549 583 606; x_wconf 78' lang='lat' dir='ltr'><strong>Custodi</strong></span> <span class='ocrx_word' id='word_1_6' title='bbox 616 565 729 614; x_wconf 87' lang='lat' dir='ltr'><strong>me,</strong></span> <span class='ocrx_word' id='word_1_7' title='bbox 763 549 1012 613; x_wconf 84' lang='lat' dir='ltr'><strong>Domine,</strong></span> <span class='ocrx_word' id='word_1_8' title='bbox 1037 557 1095 602; x_wconf 90' lang='lat' dir='ltr'><strong>ut</strong></span> <span class='ocrx_word' id='word_1_9' title='bbox 1129 547 1384 618; x_wconf 86' lang='lat' dir='ltr'><strong>pupillam</strong></span> <span class='ocrx_word' id='word_1_10' title='bbox 1410 543 1550 602; x_wconf 87' lang='lat' dir='ltr'><strong>oculi</strong></span> <span class='ocrx_word' id='word_1_11' title='bbox 1584 564 1595 598; x_wconf 91' lang='lat'><strong>:</strong></span> <span class='ocrx_word' id='word_1_12' title='bbox 1629 543 1729 598; x_wconf 86' lang='lat' dir='ltr'><strong>sub</strong></span> <span class='ocrx_word' id='word_1_13' title='bbox 1753 557 1876 597; x_wconf 89' lang='lat' dir='ltr'><strong>um-</strong></span> 
     </span>
    </p>
   </div>
   <div class='ocr_carea' id='block_1_4' title="bbox 319 641 1268 709">
    <p class='ocr_par' dir='ltr' id='par_1_4' title="bbox 319 641 1268 709">
     <span class='ocr_line' id='line_1_4' title="bbox 319 641 1268 709; baseline -0.008 -12"><span class='ocrx_word' id='word_1_14' title='bbox 319 658 389 697; x_wconf 82' lang='lat' dir='ltr'><strong>ra</strong></span> <span class='ocrx_word' id='word_1_15' title='bbox 415 641 626 696; x_wconf 86' lang='lat' dir='ltr'><strong>alarum</strong></span> <span class='ocrx_word' id='word_1_16' title='bbox 661 647 876 694; x_wconf 89' lang='lat' dir='ltr'><strong>tuarum</strong></span> <span class='ocrx_word' id='word_1_17' title='bbox 904 649 1125 709; x_wconf 81' lang='lat' dir='ltr'><strong>protege</strong></span> <span class='ocrx_word' id='word_1_18' title='bbox 1150 652 1268 692; x_wconf 89' lang='lat' dir='ltr'><strong>nos.</strong></span> 
     </span>
    </p>
   </div>
   <div class='ocr_carea' id='block_1_5' title="bbox 827 727 1330 782">
    <p class='ocr_par' dir='ltr' id='par_1_5' title="bbox 827 727 1330 782">
     <span class='ocr_line' id='line_1_5' title="bbox 827 727 1330 782; baseline 0 -1"><span class='ocrx_word' id='word_1_19' title='bbox 827 727 935 781; x_wconf 88' lang='lat' dir='ltr'><strong>Pro</strong></span> <span class='ocrx_word' id='word_1_20' title='bbox 980 727 1330 782; x_wconf 78' lang='lat' dir='ltr'><strong>conversione.</strong></span> 
     </span>
    </p>
   </div>
   <div class='ocr_carea' id='block_1_6' title="bbox 363 817 1878 888">
    <p class='ocr_par' dir='ltr' id='par_1_6' title="bbox 363 817 1878 888">
     <span class='ocr_line' id='line_1_6' title="bbox 363 817 1878 888; baseline -0.004 -12"><span class='ocrx_word' id='word_1_21' title='bbox 363 821 593 877; x_wconf 85' lang='lat' dir='ltr'><strong>Domine</strong></span> <span class='ocrx_word' id='word_1_22' title='bbox 622 860 638 884; x_wconf 97' lang='lat'><strong>,</strong></span> <span class='ocrx_word' id='word_1_23' title='bbox 677 817 890 874; x_wconf 76' lang='lat' dir='ltr'><strong>dimitte</strong></span> <span class='ocrx_word' id='word_1_24' title='bbox 937 832 1059 884; x_wconf 92' lang='lat' dir='ltr'><strong>me,</strong></span> <span class='ocrx_word' id='word_1_25' title='bbox 1110 826 1172 873; x_wconf 91' lang='lat' dir='ltr'><strong>ut</strong></span> <span class='ocrx_word' id='word_1_26' title='bbox 1217 817 1509 888; x_wconf 82' lang='lat' dir='ltr'><strong>refrigerer</strong></span> <span class='ocrx_word' id='word_1_27' title='bbox 1565 817 1878 888; x_wconf 82' lang='lat' dir='ltr'><strong>priusquam</strong></span> 
     </span>
    </p>
   </div>
   <div class='ocr_carea' id='block_1_7' title="bbox 275 912 1143 984">
    <p class='ocr_par' dir='ltr' id='par_1_7' title="bbox 275 912 1143 984">
     <span class='ocr_line' id='line_1_7' title="bbox 275 912 1143 984; baseline -0.003 -15"><span class='ocrx_word' id='word_1_28' title='bbox 275 917 506 980; x_wconf 77' lang='lat' dir='ltr'><strong>abeam,</strong></span> <span class='ocrx_word' id='word_1_29' title='bbox 535 921 593 968; x_wconf 88' lang='lat' dir='ltr'><strong>et</strong></span> <span class='ocrx_word' id='word_1_30' title='bbox 615 912 849 984; x_wconf 84' lang='lat' dir='ltr'><strong>amplius</strong></span> <span class='ocrx_word' id='word_1_31' title='bbox 888 927 994 966; x_wconf 93' lang='lat' dir='ltr'><strong>non</strong></span> <span class='ocrx_word' id='word_1_32' title='bbox 1027 927 1143 967; x_wconf 90' lang='lat' dir='ltr'><strong>cro.</strong></span> 
     </span>
    </p>
   </div>
   <div class='ocr_carea' id='block_1_8' title="bbox 863 1000 1328 1073">
    <p class='ocr_par' dir='ltr' id='par_1_8' title="bbox 863 1000 1328 1073">
     <span class='ocr_line' id='line_1_8' title="bbox 863 1000 1328 1073; baseline -0.002 -19"><span class='ocrx_word' id='word_1_33' title='bbox 863 1000 973 1056; x_wconf 86' lang='lat' dir='ltr'><strong>Pro</strong></span> <span class='ocrx_word' id='word_1_34' title='bbox 999 1001 1328 1073; x_wconf 77' lang='lat' dir='ltr'><strong>fortitudine.</strong></span> 
     </span>
    </p>
   </div>
   <div class='ocr_carea' id='block_1_9' title="bbox 361 1088 1880 1159">
    <p class='ocr_par' dir='ltr' id='par_1_9' title="bbox 361 1088 1880 1159">
     <span class='ocr_line' id='line_1_9' title="bbox 361 1088 1880 1159; baseline -0.006 -7"><span class='ocrx_word' id='word_1_35' title='bbox 361 1096 765 1152; x_wconf 83' lang='lat' dir='ltr'><strong>Fortitudinem</strong></span> <span class='ocrx_word' id='word_1_36' title='bbox 816 1107 993 1148; x_wconf 87' lang='lat' dir='ltr'><strong>meam</strong></span> <span class='ocrx_word' id='word_1_37' title='bbox 1021 1091 1089 1146; x_wconf 91' lang='lat' dir='ltr'><strong>ad</strong></span> <span class='ocrx_word' id='word_1_38' title='bbox 1121 1100 1175 1145; x_wconf 88' lang='lat' dir='ltr'><strong>te</strong></span> <span class='ocrx_word' id='word_1_39' title='bbox 1198 1090 1526 1155; x_wconf 84' lang='lat' dir='ltr'><strong>custodiam,</strong></span> <span class='ocrx_word' id='word_1_40' title='bbox 1560 1091 1688 1159; x_wconf 85' lang='lat' dir='ltr'><strong>quia</strong></span> <span class='ocrx_word' id='word_1_41' title='bbox 1735 1088 1880 1143; x_wconf 86' lang='lat' dir='ltr'><strong>Deus</strong></span> 
     </span>
    </p>
   </div>
   <div class='ocr_carea' id='block_1_10' title="bbox 276 1179 1883 1257">
    <p class='ocr_par' dir='ltr' id='par_1_10' title="bbox 276 1179 1883 1257">
     <span class='ocr_line' id='line_1_10' title="bbox 276 1179 1883 1257; baseline -0.007 -13"><span class='ocrx_word' id='word_1_42' title='bbox 276 1191 578 1257; x_wconf 80' lang='lat' dir='ltr'><strong>susceptor</strong></span> <span class='ocrx_word' id='word_1_43' title='bbox 603 1199 760 1240; x_wconf 88' lang='lat' dir='ltr'><strong>meus</strong></span> <span class='ocrx_word' id='word_1_44' title='bbox 785 1202 798 1236; x_wconf 94' lang='lat'><strong>:</strong></span> <span class='ocrx_word' id='word_1_45' title='bbox 829 1183 973 1238; x_wconf 90' lang='lat' dir='ltr'><strong>Deus</strong></span> <span class='ocrx_word' id='word_1_46' title='bbox 998 1196 1172 1247; x_wconf 89' lang='lat' dir='ltr'><strong>meas,</strong></span> <span class='ocrx_word' id='word_1_47' title='bbox 1202 1179 1575 1235; x_wconf 84' lang='lat' dir='ltr'><strong>misericordia</strong></span> <span class='ocrx_word' id='word_1_48' title='bbox 1607 1179 1725 1250; x_wconf 83' lang='lat' dir='ltr'><strong>ejus</strong></span> <span class='ocrx_word' id='word_1_49' title='bbox 1750 1192 1883 1248; x_wconf 68' lang='lat' dir='ltr'><strong>prae-</strong></span> 
     </span>
    </p>
   </div>
   <div class='ocr_carea' id='block_1_11' title="bbox 276 1277 615 1333">
    <p class='ocr_par' dir='ltr' id='par_1_11' title="bbox 276 1277 615 1333">
     <span class='ocr_line' id='line_1_11' title="bbox 276 1277 615 1333; baseline -0.003 -3"><span class='ocrx_word' id='word_1_50' title='bbox 276 1277 480 1333; x_wconf 78' lang='lat' dir='ltr'><strong>veniet</strong></span> <span class='ocrx_word' id='word_1_51' title='bbox 506 1290 615 1330; x_wconf 90' lang='lat' dir='ltr'><strong>me.</strong></span> 
     </span>
    </p>
   </div>
   <div class='ocr_carea' id='block_1_12' title="bbox 888 1357 1332 1432">
    <p class='ocr_par' dir='ltr' id='par_1_12' title="bbox 888 1357 1332 1432">
     <span class='ocr_line' id='line_1_12' title="bbox 888 1357 1332 1432; baseline 0.007 -18"><span class='ocrx_word' id='word_1_52' title='bbox 888 1357 994 1414; x_wconf 87' lang='lat' dir='ltr'><strong>Pro</strong></span> <span class='ocrx_word' id='word_1_53' title='bbox 1019 1362 1192 1432; x_wconf 89' lang='lat' dir='ltr'><strong>gratia</strong></span> <span class='ocrx_word' id='word_1_54' title='bbox 1215 1361 1332 1418; x_wconf 85' lang='lat' dir='ltr'><strong>Dei.</strong></span> 
     </span>
    </p>
   </div>
   <div class='ocr_carea' id='block_1_13' title="bbox 368 1449 1879 1523">
    <p class='ocr_par' dir='ltr' id='par_1_13' title="bbox 368 1449 1879 1523">
     <span class='ocr_line' id='line_1_13' title="bbox 368 1449 1879 1523; baseline -0.005 -12"><span class='ocrx_word' id='word_1_55' title='bbox 368 1454 738 1511; x_wconf 76' lang='lat' dir='ltr'><strong>Misericordia</strong></span> <span class='ocrx_word' id='word_1_56' title='bbox 793 1461 884 1508; x_wconf 88' lang='lat' dir='ltr'><strong>tua</strong></span> <span class='ocrx_word' id='word_1_57' title='bbox 908 1452 1207 1523; x_wconf 72' lang='lat' dir='ltr'><strong>praeveniet</strong></span> <span class='ocrx_word' id='word_1_58' title='bbox 1244 1466 1354 1514; x_wconf 91' lang='lat' dir='ltr'><strong>me,</strong></span> <span class='ocrx_word' id='word_1_59' title='bbox 1411 1457 1468 1505; x_wconf 88' lang='lat' dir='ltr'><strong>et</strong></span> <span class='ocrx_word' id='word_1_60' title='bbox 1501 1449 1879 1505; x_wconf 86' lang='lat' dir='ltr'><strong>misericordia</strong></span> 
     </span>
    </p>
   </div>
   <div class='ocr_carea' id='block_1_14' title="bbox 281 1543 1734 1618">
    <p class='ocr_par' dir='ltr' id='par_1_14' title="bbox 281 1543 1734 1618">
     <span class='ocr_line' id='line_1_14' title="bbox 281 1543 1734 1618; baseline -0.006 -13"><span class='ocrx_word' id='word_1_61' title='bbox 281 1561 388 1605; x_wconf 77' lang='lat' dir='ltr'><strong>tua</strong></span> <span class='ocrx_word' id='word_1_62' title='bbox 413 1551 777 1618; x_wconf 84' lang='lat' dir='ltr'><strong>subsequatur</strong></span> <span class='ocrx_word' id='word_1_63' title='bbox 805 1560 892 1602; x_wconf 91' lang='lat' dir='ltr'><strong>me</strong></span> <span class='ocrx_word' id='word_1_64' title='bbox 918 1545 1171 1602; x_wconf 91' lang='lat' dir='ltr'><strong>omnibus</strong></span> <span class='ocrx_word' id='word_1_65' title='bbox 1209 1544 1397 1599; x_wconf 90' lang='lat' dir='ltr'><strong>diebus</strong></span> <span class='ocrx_word' id='word_1_66' title='bbox 1428 1543 1553 1598; x_wconf 71' lang='lat' dir='ltr'><strong>vitae</strong></span> <span class='ocrx_word' id='word_1_67' title='bbox 1582 1559 1734 1598; x_wconf 68' lang='lat' dir='ltr'><strong>meae.</strong></span> 
     </span>
    </p>
   </div>
   <div class='ocr_carea' id='block_1_15' title="bbox 833 1633 1340 1689">
    <p class='ocr_par' dir='ltr' id='par_1_15' title="bbox 833 1633 1340 1689">
     <span class='ocr_line' id='line_1_15' title="bbox 833 1633 1340 1689; baseline -0.002 -2"><span class='ocrx_word' id='word_1_68' title='bbox 833 1633 942 1689; x_wconf 90' lang='lat' dir='ltr'><strong>Pro</strong></span> <span class='ocrx_word' id='word_1_69' title='bbox 972 1644 1201 1689; x_wconf 72' lang='lat' dir='ltr'><strong>extremo</strong></span> <span class='ocrx_word' id='word_1_70' title='bbox 1232 1633 1340 1687; x_wconf 85' lang='lat' dir='ltr'><strong>die.</strong></span> 
     </span>
    </p>
   </div>
   <div class='ocr_carea' id='block_1_16' title="bbox 367 1723 1879 1796">
    <p class='ocr_par' dir='ltr' id='par_1_16' title="bbox 367 1723 1879 1796">
     <span class='ocr_line' id='line_1_16' title="bbox 367 1723 1879 1796; baseline -0.002 -15"><span class='ocrx_word' id='word_1_71' title='bbox 367 1727 633 1796; x_wconf 86' lang='lat' dir='ltr'><strong>Quoniam</strong></span> <span class='ocrx_word' id='word_1_72' title='bbox 659 1734 713 1780; x_wconf 93' lang='lat' dir='ltr'><strong>tu</strong></span> <span class='ocrx_word' id='word_1_73' title='bbox 743 1741 802 1781; x_wconf 85' lang='lat' dir='ltr'><strong>es</strong></span> <span class='ocrx_word' id='word_1_74' title='bbox 827 1732 1099 1795; x_wconf 85' lang='lat' dir='ltr'><strong>protector</strong></span> <span class='ocrx_word' id='word_1_75' title='bbox 1121 1738 1295 1788; x_wconf 89' lang='lat' dir='ltr'><strong>meus,</strong></span> <span class='ocrx_word' id='word_1_76' title='bbox 1323 1723 1574 1790; x_wconf 84' lang='lat' dir='ltr'><strong>Domine,</strong></span> <span class='ocrx_word' id='word_1_77' title='bbox 1601 1723 1658 1777; x_wconf 90' lang='lat' dir='ltr'><strong>in</strong></span> <span class='ocrx_word' id='word_1_78' title='bbox 1686 1737 1879 1779; x_wconf 90' lang='lat' dir='ltr'><strong>manus</strong></span> 
     </span>
    </p>
   </div>
   <div class='ocr_carea' id='block_1_17' title="bbox 282 1813 1341 1883">
    <p class='ocr_par' dir='ltr' id='par_1_17' title="bbox 282 1813 1341 1883">
     <span class='ocr_line' id='line_1_17' title="bbox 282 1813 1341 1883; baseline -0.007 -11"><span class='ocrx_word' id='word_1_79' title='bbox 282 1828 423 1872; x_wconf 79' lang='lat' dir='ltr'><strong>tuas</strong></span> <span class='ocrx_word' id='word_1_80' title='bbox 449 1815 836 1871; x_wconf 86' lang='lat' dir='ltr'><strong>commendabo</strong></span> <span class='ocrx_word' id='word_1_81' title='bbox 860 1813 1109 1883; x_wconf 86' lang='lat' dir='ltr'><strong>spiritum</strong></span> <span class='ocrx_word' id='word_1_82' title='bbox 1140 1827 1341 1867; x_wconf 90' lang='lat' dir='ltr'><strong>meum.</strong></span> 
     </span>
    </p>
   </div>
   <div class='ocr_carea' id='block_1_18' title="bbox 865 1921 1312 1976">
    <p class='ocr_par' dir='ltr' id='par_1_18' title="bbox 865 1921 1312 1976">
     <span class='ocr_line' id='line_1_18' title="bbox 865 1921 1312 1976; baseline 0.004 -2"><span class='ocrx_word' id='word_1_83' title='bbox 865 1921 974 1976; x_wconf 92' lang='lat' dir='ltr'><strong>Pro</strong></span> <span class='ocrx_word' id='word_1_84' title='bbox 1010 1923 1312 1976; x_wconf 89' lang='lat' dir='ltr'><strong>tentatione.</strong></span> 
     </span>
    </p>
   </div>
   <div class='ocr_carea' id='block_1_19' title="bbox 366 2015 1876 2081">
    <p class='ocr_par' dir='ltr' id='par_1_19' title="bbox 366 2015 1876 2081">
     <span class='ocr_line' id='line_1_19' title="bbox 366 2015 1876 2081; baseline 0.001 -8"><span class='ocrx_word' id='word_1_85' title='bbox 366 2018 512 2073; x_wconf 85' lang='lat' dir='ltr'><strong>Erae</strong></span> <span class='ocrx_word' id='word_1_86' title='bbox 539 2058 554 2081; x_wconf 91' lang='lat'><strong>,</strong></span> <span class='ocrx_word' id='word_1_87' title='bbox 586 2016 836 2081; x_wconf 89' lang='lat' dir='ltr'><strong>Domine,</strong></span> <span class='ocrx_word' id='word_1_88' title='bbox 865 2031 895 2069; x_wconf 90' lang='lat' dir='ltr'><strong>a</strong></span> <span class='ocrx_word' id='word_1_89' title='bbox 934 2015 1139 2070; x_wconf 84' lang='lat' dir='ltr'><strong>framea</strong></span> <span class='ocrx_word' id='word_1_90' title='bbox 1190 2017 1428 2071; x_wconf 89' lang='lat' dir='ltr'><strong>animam</strong></span> <span class='ocrx_word' id='word_1_91' title='bbox 1460 2031 1637 2073; x_wconf 87' lang='lat' dir='ltr'><strong>meam</strong></span> <span class='ocrx_word' id='word_1_92' title='bbox 1665 2036 1676 2070; x_wconf 93' lang='lat'><strong>:</strong></span> <span class='ocrx_word' id='word_1_93' title='bbox 1710 2026 1766 2073; x_wconf 88' lang='lat' dir='ltr'><strong>et</strong></span> <span class='ocrx_word' id='word_1_94' title='bbox 1809 2019 1876 2074; x_wconf 89' lang='lat' dir='ltr'><strong>de</strong></span> 
     </span>
    </p>
   </div>
   <div class='ocr_carea' id='block_1_20' title="bbox 289 2106 1132 2163">
    <p class='ocr_par' dir='ltr' id='par_1_20' title="bbox 289 2106 1132 2163">
     <span class='ocr_line' id='line_1_20' title="bbox 289 2106 1132 2163; baseline -0.002 -1"><span class='ocrx_word' id='word_1_95' title='bbox 289 2125 462 2163; x_wconf 87' lang='lat' dir='ltr'><strong>manu</strong></span> <span class='ocrx_word' id='word_1_96' title='bbox 497 2107 650 2162; x_wconf 89' lang='lat' dir='ltr'><strong>canis</strong></span> <span class='ocrx_word' id='word_1_97' title='bbox 687 2106 903 2161; x_wconf 91' lang='lat' dir='ltr'><strong>unicam</strong></span> <span class='ocrx_word' id='word_1_98' title='bbox 935 2122 1132 2161; x_wconf 89' lang='lat' dir='ltr'><strong>meam.</strong></span> 
     </span>
    </p>
   </div>
   <div class='ocr_carea' id='block_1_21' title="bbox 366 2197 1878 2262">
    <p class='ocr_par' dir='ltr' id='par_1_21' title="bbox 366 2197 1878 2262">
     <span class='ocr_line' id='line_1_21' title="bbox 366 2197 1878 2262; baseline -0.002 -8"><span class='ocrx_word' id='word_1_99' title='bbox 366 2199 410 2254; x_wconf 95' lang='grc' dir='ltr'><strong>Ο</strong></span> <span class='ocrx_word' id='word_1_100' title='bbox 433 2198 681 2262; x_wconf 89' lang='lat' dir='ltr'><strong>Domine,</strong></span> <span class='ocrx_word' id='word_1_101' title='bbox 719 2197 887 2253; x_wconf 89' lang='lat' dir='ltr'><strong>libera</strong></span> <span class='ocrx_word' id='word_1_102' title='bbox 924 2197 1162 2252; x_wconf 91' lang='lat' dir='ltr'><strong>animam</strong></span> <span class='ocrx_word' id='word_1_103' title='bbox 1199 2212 1398 2262; x_wconf 89' lang='lat' dir='ltr'><strong>meam,</strong></span> <span class='ocrx_word' id='word_1_104' title='bbox 1437 2197 1748 2253; x_wconf 84' lang='lat' dir='ltr'><strong>misericors</strong></span> <span class='ocrx_word' id='word_1_105' title='bbox 1780 2197 1878 2252; x_wconf 89' lang='lat' dir='ltr'><strong>Do-</strong></span> 
     </span>
    </p>
   </div>
   <div class='ocr_carea' id='block_1_22' title="bbox 292 2289 1604 2361">
    <p class='ocr_par' dir='ltr' id='par_1_22' title="bbox 292 2289 1604 2361">
     <span class='ocr_line' id='line_1_22' title="bbox 292 2289 1604 2361; baseline -0.001 -16"><span class='ocrx_word' id='word_1_106' title='bbox 292 2291 499 2357; x_wconf 83' lang='lat' dir='ltr'><strong>minus,</strong></span> <span class='ocrx_word' id='word_1_107' title='bbox 527 2299 576 2344; x_wconf 89' lang='lat' dir='ltr'><strong>et</strong></span> <span class='ocrx_word' id='word_1_108' title='bbox 602 2291 807 2361; x_wconf 90' lang='lat' dir='ltr'><strong>justas,</strong></span> <span class='ocrx_word' id='word_1_109' title='bbox 841 2299 898 2345; x_wconf 89' lang='lat' dir='ltr'><strong>et</strong></span> <span class='ocrx_word' id='word_1_110' title='bbox 926 2289 1070 2344; x_wconf 90' lang='lat' dir='ltr'><strong>Deus</strong></span> <span class='ocrx_word' id='word_1_111' title='bbox 1085 2298 1273 2344; x_wconf 86' lang='lat' dir='ltr'><strong>noster</strong></span> <span class='ocrx_word' id='word_1_112' title='bbox 1297 2291 1604 2346; x_wconf 87' lang='lat' dir='ltr'><strong>miseretur.</strong></span> 
     </span>
    </p>
   </div>
   <div class='ocr_carea' id='block_1_23' title="bbox 854 2377 1326 2434">
    <p class='ocr_par' dir='ltr' id='par_1_23' title="bbox 854 2377 1326 2434">
     <span class='ocr_line' id='line_1_23' title="bbox 854 2377 1326 2434; baseline 0 -2"><span class='ocrx_word' id='word_1_113' title='bbox 854 2377 962 2433; x_wconf 87' lang='lat' dir='ltr'><strong>Pro</strong></span> <span class='ocrx_word' id='word_1_114' title='bbox 985 2381 1182 2433; x_wconf 73' lang='lat' dir='ltr'><strong>visione</strong></span> <span class='ocrx_word' id='word_1_115' title='bbox 1209 2378 1326 2434; x_wconf 88' lang='lat' dir='ltr'><strong>Dei.</strong></span> 
     </span>
    </p>
   </div>
   <div class='ocr_carea' id='block_1_24' title="bbox 367 2468 1879 2541">
    <p class='ocr_par' dir='ltr' id='par_1_24' title="bbox 367 2468 1879 2541">
     <span class='ocr_line' id='line_1_24' title="bbox 367 2468 1879 2541; baseline 0 -16"><span class='ocrx_word' id='word_1_116' title='bbox 367 2470 538 2525; x_wconf 83' lang='lat' dir='ltr'><strong>Unam</strong></span> <span class='ocrx_word' id='word_1_117' title='bbox 571 2471 702 2541; x_wconf 86' lang='lat' dir='ltr'><strong>petii</strong></span> <span class='ocrx_word' id='word_1_118' title='bbox 731 2485 762 2524; x_wconf 91' lang='lat' dir='ltr'><strong>a</strong></span> <span class='ocrx_word' id='word_1_119' title='bbox 797 2469 1050 2535; x_wconf 90' lang='lat' dir='ltr'><strong>Domino,</strong></span> <span class='ocrx_word' id='word_1_120' title='bbox 1081 2468 1224 2523; x_wconf 91' lang='lat' dir='ltr'><strong>hanc</strong></span> <span class='ocrx_word' id='word_1_121' title='bbox 1273 2469 1544 2539; x_wconf 84' lang='lat' dir='ltr'><strong>requiram</strong></span> <span class='ocrx_word' id='word_1_122' title='bbox 1573 2487 1587 2536; x_wconf 94' lang='lat'><strong>;</strong></span> <span class='ocrx_word' id='word_1_123' title='bbox 1623 2479 1683 2524; x_wconf 90' lang='grc' dir='ltr'><strong>ιιι</strong></span> <span class='ocrx_word' id='word_1_124' title='bbox 1727 2471 1879 2525; x_wconf 82' lang='lat' dir='ltr'><strong>inha-</strong></span> 
     </span>
    </p>
   </div>
   <div class='ocr_carea' id='block_1_25' title="bbox 297 2560 1872 2618">
    <p class='ocr_par' dir='ltr' id='par_1_25' title="bbox 297 2560 1872 2618">
     <span class='ocr_line' id='line_1_25' title="bbox 297 2560 1872 2618; baseline 0.003 -5"><span class='ocrx_word' id='word_1_125' title='bbox 297 2561 464 2617; x_wconf 82' lang='lat' dir='ltr'><strong>bitetn</strong></span> <span class='ocrx_word' id='word_1_126' title='bbox 509 2562 565 2616; x_wconf 90' lang='lat' dir='ltr'><strong>in</strong></span> <span class='ocrx_word' id='word_1_127' title='bbox 591 2562 752 2616; x_wconf 88' lang='lat' dir='ltr'><strong>domo</strong></span> <span class='ocrx_word' id='word_1_128' title='bbox 782 2560 995 2616; x_wconf 87' lang='lat' dir='ltr'><strong>Domini</strong></span> <span class='ocrx_word' id='word_1_129' title='bbox 1027 2560 1278 2616; x_wconf 89' lang='lat' dir='ltr'><strong>omnibus</strong></span> <span class='ocrx_word' id='word_1_130' title='bbox 1314 2561 1505 2616; x_wconf 87' lang='lat' dir='ltr'><strong>diebus</strong></span> <span class='ocrx_word' id='word_1_131' title='bbox 1552 2563 1678 2616; x_wconf 78' lang='lat' dir='ltr'><strong>vita:</strong></span> <span class='ocrx_word' id='word_1_132' title='bbox 1721 2578 1872 2618; x_wconf 71' lang='lat' dir='ltr'><strong>mczc.</strong></span> 
     </span>
    </p>
   </div>
   <div class='ocr_carea' id='block_1_26' title="bbox 299 2649 1878 2723">
    <p class='ocr_par' dir='ltr' id='par_1_26' title="bbox 299 2649 1878 2723">
     <span class='ocr_line' id='line_1_26' title="bbox 299 2649 1878 2723; baseline -0.003 -13"><span class='ocrx_word' id='word_1_133' title='bbox 299 2655 367 2710; x_wconf 82' lang='lat' dir='ltr'><strong>L&#39;t</strong></span> <span class='ocrx_word' id='word_1_134' title='bbox 393 2653 601 2707; x_wconf 89' lang='lat' dir='ltr'><strong>videam</strong></span> <span class='ocrx_word' id='word_1_135' title='bbox 641 2651 972 2707; x_wconf 81' lang='lat' dir='ltr'><strong>voluntatem</strong></span> <span class='ocrx_word' id='word_1_136' title='bbox 999 2649 1111 2723; x_wconf 89' lang='lat' dir='ltr'><strong>[L.,</strong></span> <span class='ocrx_word' id='word_1_137' title='bbox 1138 2649 1492 2722; x_wconf 87' lang='lat' dir='ltr'><strong>voluptatem]</strong></span> <span class='ocrx_word' id='word_1_138' title='bbox 1525 2650 1766 2717; x_wconf 91' lang='lat' dir='ltr'><strong>Domini,</strong></span> <span class='ocrx_word' id='word_1_139' title='bbox 1821 2662 1878 2706; x_wconf 85' lang='lat' dir='ltr'><strong>et</strong></span> 
     </span>
    </p>
   </div>
   <div class='ocr_carea' id='block_1_27' title="bbox 298 2740 1878 2816">
    <p class='ocr_par' dir='ltr' id='par_1_27' title="bbox 298 2740 1878 2816">
     <span class='ocr_line' id='line_1_27' title="bbox 298 2740 1878 2816; baseline 0.003 -20"><span class='ocrx_word' id='word_1_140' title='bbox 298 2740 512 2800; x_wconf 69' lang='lat' dir='ltr'><strong>visitem</strong></span> <span class='ocrx_word' id='word_1_141' title='bbox 543 2745 800 2815; x_wconf 88' lang='lat' dir='ltr'><strong>templum</strong></span> <span class='ocrx_word' id='word_1_142' title='bbox 842 2743 978 2813; x_wconf 89' lang='lat' dir='ltr'><strong>ejus.</strong></span> <span class='ocrx_word' id='word_1_143' title='bbox 1019 2743 1171 2798; x_wconf 90' lang='lat' dir='ltr'><strong>Beati</strong></span> <span class='ocrx_word' id='word_1_144' title='bbox 1215 2745 1306 2816; x_wconf 89' lang='lat' dir='ltr'><strong>qui</strong></span> <span class='ocrx_word' id='word_1_145' title='bbox 1344 2743 1592 2798; x_wconf 90' lang='lat' dir='ltr'><strong>habitant</strong></span> <span class='ocrx_word' id='word_1_146' title='bbox 1628 2745 1682 2799; x_wconf 91' lang='lat' dir='ltr'><strong>in</strong></span> <span class='ocrx_word' id='word_1_147' title='bbox 1717 2746 1878 2800; x_wconf 93' lang='lat' dir='ltr'><strong>domo</strong></span> 
     </span>
    </p>
   </div>
   <div class='ocr_carea' id='block_1_28' title="bbox 297 2835 1763 2902">
    <p class='ocr_par' dir='ltr' id='par_1_28' title="bbox 297 2835 1763 2902">
     <span class='ocr_line' id='line_1_28' title="bbox 297 2835 1763 2902; baseline 0 -12"><span class='ocrx_word' id='word_1_148' title='bbox 297 2846 410 2901; x_wconf 90' lang='lat' dir='ltr'><strong>tua,</strong></span> <span class='ocrx_word' id='word_1_149' title='bbox 448 2836 694 2902; x_wconf 88' lang='lat' dir='ltr'><strong>Domine,</strong></span> <span class='ocrx_word' id='word_1_150' title='bbox 720 2836 777 2890; x_wconf 91' lang='lat' dir='ltr'><strong>in</strong></span> <span class='ocrx_word' id='word_1_151' title='bbox 805 2835 999 2891; x_wconf 72' lang='lat' dir='ltr'><strong>saecula</strong></span> <span class='ocrx_word' id='word_1_152' title='bbox 1028 2835 1344 2891; x_wconf 61' lang='lat' dir='ltr'><strong>seculorum</strong></span> <span class='ocrx_word' id='word_1_153' title='bbox 1371 2835 1665 2890; x_wconf 88' lang='lat' dir='ltr'><strong>laudabunt</strong></span> <span class='ocrx_word' id='word_1_154' title='bbox 1693 2845 1763 2892; x_wconf 89' lang='lat' dir='ltr'><strong>te.</strong></span> 
     </span>
    </p>
   </div>
   <div class='ocr_carea' id='block_1_29' title="bbox 797 2947 1372 3007">
    <p class='ocr_par' dir='ltr' id='par_1_29' title="bbox 797 2947 1372 3007">
     <span class='ocr_line' id='line_1_29' title="bbox 797 2947 1372 3007; baseline -0.005 0"><span class='ocrx_word' id='word_1_155' title='bbox 797 2947 1053 3007; x_wconf 82' lang='lat' dir='ltr'><strong>ORATIO</strong></span> <span class='ocrx_word' id='word_1_156' title='bbox 1075 2949 1372 3005; x_wconf 81' lang='lat' dir='ltr'><strong>ALCUINI.</strong></span> 
     </span>
    </p>
   </div>
   <div class='ocr_carea' id='block_1_30' title="bbox 290 3021 1878 3092">
    <p class='ocr_par' dir='ltr' id='par_1_30' title="bbox 290 3021 1878 3092">
     <span class='ocr_line' id='line_1_30' title="bbox 290 3021 1878 3092; baseline 0.001 -16"><span class='ocrx_word' id='word_1_157' title='bbox 290 3022 374 3076; x_wconf 84' lang='lat' dir='ltr'><strong>De</strong></span> <span class='ocrx_word' id='word_1_158' title='bbox 402 3023 669 3092; x_wconf 80' lang='lat' dir='ltr'><strong>agnitione</strong></span> <span class='ocrx_word' id='word_1_159' title='bbox 724 3021 838 3086; x_wconf 84' lang='lat' dir='ltr'><strong>Dei,</strong></span> <span class='ocrx_word' id='word_1_160' title='bbox 875 3031 924 3075; x_wconf 88' lang='lat' dir='ltr'><strong>et</strong></span> <span class='ocrx_word' id='word_1_161' title='bbox 971 3021 1300 3091; x_wconf 79' lang='lat' dir='ltr'><strong>indulgentia</strong></span> <span class='ocrx_word' id='word_1_162' title='bbox 1347 3021 1660 3092; x_wconf 75' lang='lat' dir='ltr'><strong>delictorum</strong></span> <span class='ocrx_word' id='word_1_163' title='bbox 1688 3062 1701 3082; x_wconf 87' lang='lat'><strong>,</strong></span> <span class='ocrx_word' id='word_1_164' title='bbox 1734 3031 1784 3078; x_wconf 88' lang='lat' dir='ltr'><strong>et</strong></span> <span class='ocrx_word' id='word_1_165' title='bbox 1814 3023 1878 3078; x_wconf 82' lang='lat' dir='ltr'><strong>de</strong></span> 
     </span>
    </p>
   </div>
   <div class='ocr_carea' id='block_1_31' title="bbox 541 3090 1620 3164">
    <p class='ocr_par' dir='ltr' id='par_1_31' title="bbox 541 3090 1620 3164">
     <span class='ocr_line' id='line_1_31' title="bbox 541 3090 1620 3164; baseline -0.002 -16"><span class='ocrx_word' id='word_1_166' title='bbox 541 3094 804 3164; x_wconf 85' lang='lat' dir='ltr'><strong>ereptione</strong></span> <span class='ocrx_word' id='word_1_167' title='bbox 837 3090 1160 3147; x_wconf 78' lang='lat' dir='ltr'><strong>diversarum</strong></span> <span class='ocrx_word' id='word_1_168' title='bbox 1200 3090 1620 3147; x_wconf 82' lang='lat' dir='ltr'><strong>tribulationum.</strong></span> 
     </span>
    </p>
   </div>
   <div class='ocr_carea' id='block_1_32' title="bbox 367 3158 1953 3249">
    <p class='ocr_par' dir='ltr' id='par_1_32' title="bbox 367 3158 1953 3249">
     <span class='ocr_line' id='line_1_32' title="bbox 367 3158 1953 3249; baseline 0 -11"><span class='ocrx_word' id='word_1_169' title='bbox 367 3196 393 3224; x_wconf 74' lang='grc' dir='ltr'><strong>ι</strong></span> <span class='ocrx_word' id='word_1_170' title='bbox 429 3183 683 3240; x_wconf 77' lang='lat' dir='ltr'><strong>Miserere</strong></span> <span class='ocrx_word' id='word_1_171' title='bbox 709 3183 959 3249; x_wconf 89' lang='lat' dir='ltr'><strong>Domine,</strong></span> <span class='ocrx_word' id='word_1_172' title='bbox 991 3182 1251 3238; x_wconf 88' lang='lat' dir='ltr'><strong>miserere</strong></span> <span class='ocrx_word' id='word_1_173' title='bbox 1283 3181 1502 3238; x_wconf 86' lang='lat' dir='ltr'><strong>Christe</strong></span> <span class='ocrx_word' id='word_1_174' title='bbox 1530 3200 1542 3236; x_wconf 94' lang='lat'><strong>:</strong></span> <span class='ocrx_word' id='word_1_175' title='bbox 1574 3191 1631 3236; x_wconf 92' lang='lat' dir='ltr'><strong>tu</strong></span> <span class='ocrx_word' id='word_1_176' title='bbox 1675 3184 1882 3239; x_wconf 89' lang='lat' dir='ltr'><strong>miseri-</strong></span> <span class='ocrx_word' id='word_1_177' title='bbox 1905 3158 1953 3222; x_wconf 70' lang='grc' dir='ltr'>ο</span> 
     </span>
    </p>
   </div>
   <div class='ocr_carea' id='block_1_33' title="bbox 297 3271 1880 3340">
    <p class='ocr_par' dir='ltr' id='par_1_33' title="bbox 297 3271 1880 3340">
     <span class='ocr_line' id='line_1_33' title="bbox 297 3271 1880 3340; baseline 0.001 -10"><span class='ocrx_word' id='word_1_178' title='bbox 297 3275 499 3330; x_wconf 83' lang='lat' dir='ltr'><strong>cordia</strong></span> <span class='ocrx_word' id='word_1_179' title='bbox 519 3289 662 3340; x_wconf 86' lang='lat' dir='ltr'><strong>mea,</strong></span> <span class='ocrx_word' id='word_1_180' title='bbox 691 3274 955 3329; x_wconf 87' lang='lat' dir='ltr'><strong>miserere</strong></span> <span class='ocrx_word' id='word_1_181' title='bbox 977 3273 1135 3328; x_wconf 89' lang='lat' dir='ltr'><strong>mihi.</strong></span> <span class='ocrx_word' id='word_1_182' title='bbox 1164 3271 1424 3329; x_wconf 85' lang='lat' dir='ltr'><strong>Miserere</strong></span> <span class='ocrx_word' id='word_1_183' title='bbox 1445 3273 1695 3340; x_wconf 86' lang='lat' dir='ltr'><strong>Domine,</strong></span> <span class='ocrx_word' id='word_1_184' title='bbox 1712 3275 1880 3331; x_wconf 60' lang='lat' dir='ltr'><strong>miseo</strong></span> 
     </span>
    </p>
   </div>
   <div class='ocr_carea' id='block_1_34' title="bbox 287 3363 1881 3436">
    <p class='ocr_par' dir='ltr' id='par_1_34' title="bbox 287 3363 1881 3436">
     <span class='ocr_line' id='line_1_34' title="bbox 287 3363 1881 3436; baseline 0.001 -15"><span class='ocrx_word' id='word_1_185' title='bbox 287 3381 425 3422; x_wconf 81' lang='lat' dir='ltr'><strong>rere</strong></span> <span class='ocrx_word' id='word_1_186' title='bbox 454 3363 660 3421; x_wconf 77' lang='lat' dir='ltr'><strong>Christe</strong></span> <span class='ocrx_word' id='word_1_187' title='bbox 690 3385 703 3419; x_wconf 93' lang='lat'><strong>:</strong></span> <span class='ocrx_word' id='word_1_188' title='bbox 734 3373 796 3420; x_wconf 89' lang='lat' dir='ltr'><strong>ut</strong></span> <span class='ocrx_word' id='word_1_189' title='bbox 828 3365 968 3420; x_wconf 88' lang='lat' dir='ltr'><strong>bene</strong></span> <span class='ocrx_word' id='word_1_190' title='bbox 1010 3380 1195 3436; x_wconf 90' lang='lat' dir='ltr'><strong>rogem</strong></span> <span class='ocrx_word' id='word_1_191' title='bbox 1244 3373 1316 3420; x_wconf 90' lang='lat' dir='ltr'><strong>te.</strong></span> <span class='ocrx_word' id='word_1_192' title='bbox 1345 3364 1605 3421; x_wconf 85' lang='lat' dir='ltr'><strong>Miserere</strong></span> <span class='ocrx_word' id='word_1_193' title='bbox 1631 3364 1881 3432; x_wconf 89' lang='lat' dir='ltr'><strong>Domine,</strong></span> 
     </span>
    </p>
   </div>
   <div class='ocr_carea' id='block_1_35' title="bbox 287 3455 1880 3527">
    <p class='ocr_par' dir='ltr' id='par_1_35' title="bbox 287 3455 1880 3527">
     <span class='ocr_line' id='line_1_35' title="bbox 287 3455 1880 3527; baseline -0.001 -13"><span class='ocrx_word' id='word_1_194' title='bbox 287 3457 564 3514; x_wconf 84' lang='lat' dir='ltr'><strong>miserere</strong></span> <span class='ocrx_word' id='word_1_195' title='bbox 592 3456 809 3512; x_wconf 84' lang='lat' dir='ltr'><strong>Christe</strong></span> <span class='ocrx_word' id='word_1_196' title='bbox 855 3474 868 3510; x_wconf 93' lang='lat'><strong>:</strong></span> <span class='ocrx_word' id='word_1_197' title='bbox 915 3465 978 3511; x_wconf 91' lang='lat' dir='ltr'><strong>at</strong></span> <span class='ocrx_word' id='word_1_198' title='bbox 1009 3457 1230 3527; x_wconf 89' lang='lat' dir='ltr'><strong>dignum</strong></span> <span class='ocrx_word' id='word_1_199' title='bbox 1267 3472 1355 3514; x_wconf 89' lang='lat' dir='ltr'><strong>me</strong></span> <span class='ocrx_word' id='word_1_200' title='bbox 1411 3455 1582 3513; x_wconf 80' lang='lat' dir='ltr'><strong>facias</strong></span> <span class='ocrx_word' id='word_1_201' title='bbox 1615 3457 1880 3512; x_wconf 78' lang='lat' dir='ltr'><strong>exaudiri.</strong></span> 
     </span>
    </p>
   </div>
   <div class='ocr_carea' id='block_1_36' title="bbox 283 3548 1886 3615">
    <p class='ocr_par' dir='ltr' id='par_1_36' title="bbox 283 3548 1886 3615">
     <span class='ocr_line' id='line_1_36' title="bbox 283 3548 1886 3615; baseline 0.001 -9"><span class='ocrx_word' id='word_1_202' title='bbox 283 3549 563 3606; x_wconf 73' lang='lat' dir='ltr'><strong>Miserere</strong></span> <span class='ocrx_word' id='word_1_203' title='bbox 614 3549 844 3605; x_wconf 88' lang='lat' dir='ltr'><strong>Domine</strong></span> <span class='ocrx_word' id='word_1_204' title='bbox 869 3589 886 3615; x_wconf 93' lang='lat'><strong>,</strong></span> <span class='ocrx_word' id='word_1_205' title='bbox 921 3549 1184 3605; x_wconf 89' lang='lat' dir='ltr'><strong>miserere</strong></span> <span class='ocrx_word' id='word_1_206' title='bbox 1241 3548 1494 3606; x_wconf 88' lang='lat' dir='ltr'><strong>Christe:</strong></span> <span class='ocrx_word' id='word_1_207' title='bbox 1521 3558 1583 3606; x_wconf 83' lang='lat' dir='ltr'><strong>at</strong></span> <span class='ocrx_word' id='word_1_208' title='bbox 1621 3551 1886 3607; x_wconf 79' lang='lat' dir='ltr'><strong>exaudias</strong></span> 
     </span>
    </p>
   </div>
   <div class='ocr_carea' id='block_1_37' title="bbox 293 3639 1884 3706">
    <p class='ocr_par' dir='ltr' id='par_1_37' title="bbox 293 3639 1884 3706">
     <span class='ocr_line' id='line_1_37' title="bbox 293 3639 1884 3706; baseline 0 -10"><span class='ocrx_word' id='word_1_209' title='bbox 293 3657 414 3697; x_wconf 87' lang='lat' dir='ltr'><strong>me.</strong></span> <span class='ocrx_word' id='word_1_210' title='bbox 476 3639 729 3698; x_wconf 76' lang='lat' dir='ltr'><strong>Miserere</strong></span> <span class='ocrx_word' id='word_1_211' title='bbox 763 3640 993 3697; x_wconf 84' lang='lat' dir='ltr'><strong>Domine</strong></span> <span class='ocrx_word' id='word_1_212' title='bbox 1023 3680 1039 3706; x_wconf 90' lang='lat'><strong>,</strong></span> <span class='ocrx_word' id='word_1_213' title='bbox 1071 3641 1333 3696; x_wconf 88' lang='lat' dir='ltr'><strong>miserere</strong></span> <span class='ocrx_word' id='word_1_214' title='bbox 1380 3640 1633 3696; x_wconf 84' lang='lat' dir='ltr'><strong>Christe:</strong></span> <span class='ocrx_word' id='word_1_215' title='bbox 1664 3649 1724 3695; x_wconf 91' lang='lat' dir='ltr'><strong>ut</strong></span> <span class='ocrx_word' id='word_1_216' title='bbox 1753 3656 1884 3696; x_wconf 86' lang='lat' dir='ltr'><strong>san-</strong></span> 
     </span>
    </p>
   </div>
   <div class='ocr_carea' id='block_1_38' title="bbox 288 3731 1886 3799">
    <p class='ocr_par' dir='ltr' id='par_1_38' title="bbox 288 3731 1886 3799">
     <span class='ocr_line' id='line_1_38' title="bbox 288 3731 1886 3799; baseline 0.001 -13"><span class='ocrx_word' id='word_1_217' title='bbox 288 3743 454 3788; x_wconf 73' lang='lat' dir='ltr'><strong>ctam</strong></span> <span class='ocrx_word' id='word_1_218' title='bbox 475 3731 799 3788; x_wconf 83' lang='lat' dir='ltr'><strong>voluntatem</strong></span> <span class='ocrx_word' id='word_1_219' title='bbox 823 3741 969 3788; x_wconf 89' lang='lat' dir='ltr'><strong>tuam</strong></span> <span class='ocrx_word' id='word_1_220' title='bbox 985 3733 1182 3789; x_wconf 88' lang='lat' dir='ltr'><strong>doceas</strong></span> <span class='ocrx_word' id='word_1_221' title='bbox 1211 3746 1318 3786; x_wconf 90' lang='lat' dir='ltr'><strong>me.</strong></span> <span class='ocrx_word' id='word_1_222' title='bbox 1349 3731 1608 3788; x_wconf 84' lang='lat' dir='ltr'><strong>Miserere</strong></span> <span class='ocrx_word' id='word_1_223' title='bbox 1637 3733 1886 3799; x_wconf 88' lang='lat' dir='ltr'><strong>Domine,</strong></span> 
     </span>
    </p>
   </div>
   <div class='ocr_carea' id='block_1_39' title="bbox 293 3823 1884 3881">
    <p class='ocr_par' dir='ltr' id='par_1_39' title="bbox 293 3823 1884 3881">
     <span class='ocr_line' id='line_1_39' title="bbox 293 3823 1884 3881; baseline -0.002 0"><span class='ocrx_word' id='word_1_224' title='bbox 293 3827 563 3881; x_wconf 84' lang='lat' dir='ltr'><strong>miserere</strong></span> <span class='ocrx_word' id='word_1_225' title='bbox 597 3824 811 3880; x_wconf 85' lang='lat' dir='ltr'><strong>Christe</strong></span> <span class='ocrx_word' id='word_1_226' title='bbox 841 3844 853 3879; x_wconf 94' lang='lat'><strong>:</strong></span> <span class='ocrx_word' id='word_1_227' title='bbox 903 3833 963 3879; x_wconf 88' lang='grc' dir='ltr'><strong>ιιι</strong></span> <span class='ocrx_word' id='word_1_228' title='bbox 997 3825 1052 3878; x_wconf 93' lang='lat' dir='ltr'><strong>in</strong></span> <span class='ocrx_word' id='word_1_229' title='bbox 1083 3823 1351 3878; x_wconf 87' lang='lat' dir='ltr'><strong>charitate</strong></span> <span class='ocrx_word' id='word_1_230' title='bbox 1377 3831 1468 3876; x_wconf 86' lang='lat' dir='ltr'><strong>tua</strong></span> <span class='ocrx_word' id='word_1_231' title='bbox 1507 3823 1749 3878; x_wconf 89' lang='lat' dir='ltr'><strong>enutrias</strong></span> <span class='ocrx_word' id='word_1_232' title='bbox 1777 3838 1884 3879; x_wconf 91' lang='lat' dir='ltr'><strong>me.</strong></span> 
     </span>
    </p>
   </div>
   <div class='ocr_carea' id='block_1_40' title="bbox 297 3913 1888 3985">
    <p class='ocr_par' dir='ltr' id='par_1_40' title="bbox 297 3913 1888 3985">
     <span class='ocr_line' id='line_1_40' title="bbox 297 3913 1888 3985; baseline -0.002 -13"><span class='ocrx_word' id='word_1_233' title='bbox 297 3918 564 3973; x_wconf 73' lang='lat' dir='ltr'><strong>Miserere</strong></span> <span class='ocrx_word' id='word_1_234' title='bbox 607 3917 858 3983; x_wconf 88' lang='lat' dir='ltr'><strong>Domine,</strong></span> <span class='ocrx_word' id='word_1_235' title='bbox 885 3917 1145 3972; x_wconf 85' lang='lat' dir='ltr'><strong>miserere</strong></span> <span class='ocrx_word' id='word_1_236' title='bbox 1172 3915 1423 3971; x_wconf 87' lang='lat' dir='ltr'><strong>Christe:</strong></span> <span class='ocrx_word' id='word_1_237' title='bbox 1449 3924 1510 3970; x_wconf 91' lang='lat' dir='ltr'><strong>ut</strong></span> <span class='ocrx_word' id='word_1_238' title='bbox 1532 3913 1736 3985; x_wconf 87' lang='lat' dir='ltr'><strong>Spiritu</strong></span> <span class='ocrx_word' id='word_1_239' title='bbox 1761 3929 1888 3970; x_wconf 88' lang='lat' dir='ltr'><strong>san-</strong></span> 
     </span>
    </p>
   </div>
   <div class='ocr_carea' id='block_1_41' title="bbox 295 4005 1893 4080">
    <p class='ocr_par' dir='ltr' id='par_1_41' title="bbox 295 4005 1893 4080">
     <span class='ocr_line' id='line_1_41' title="bbox 295 4005 1893 4080; baseline -0.004 -15"><span class='ocrx_word' id='word_1_240' title='bbox 295 4019 391 4065; x_wconf 87' lang='lat' dir='ltr'><strong>cto</strong></span> <span class='ocrx_word' id='word_1_241' title='bbox 406 4017 501 4062; x_wconf 92' lang='lat' dir='ltr'><strong>tuo</strong></span> <span class='ocrx_word' id='word_1_242' title='bbox 529 4008 917 4080; x_wconf 80' lang='lat' dir='ltr'><strong>79illamines</strong></span> <span class='ocrx_word' id='word_1_243' title='bbox 947 4023 1051 4070; x_wconf 89' lang='lat' dir='ltr'><strong>me.</strong></span> <span class='ocrx_word' id='word_1_244' title='bbox 1071 4007 1328 4063; x_wconf 83' lang='lat' dir='ltr'><strong>Miserere</strong></span> <span class='ocrx_word' id='word_1_245' title='bbox 1357 4007 1606 4072; x_wconf 87' lang='lat' dir='ltr'><strong>Domine,</strong></span> <span class='ocrx_word' id='word_1_246' title='bbox 1631 4005 1893 4060; x_wconf 86' lang='lat' dir='ltr'><strong>miserere</strong></span> 
     </span>
    </p>
   </div>
   <div class='ocr_carea' id='block_1_42' title="bbox 294 4100 1893 4166">
    <p class='ocr_par' dir='ltr' id='par_1_42' title="bbox 294 4100 1893 4166">
     <span class='ocr_line' id='line_1_42' title="bbox 294 4100 1893 4166; baseline -0.001 -8"><span class='ocrx_word' id='word_1_247' title='bbox 294 4101 523 4158; x_wconf 78' lang='lat' dir='ltr'><strong>Christe</strong></span> <span class='ocrx_word' id='word_1_248' title='bbox 550 4118 563 4156; x_wconf 93' lang='lat'><strong>:</strong></span> <span class='ocrx_word' id='word_1_249' title='bbox 587 4110 646 4156; x_wconf 89' lang='grc' dir='ltr'><strong>ιιι</strong></span> <span class='ocrx_word' id='word_1_250' title='bbox 668 4101 885 4157; x_wconf 87' lang='lat' dir='ltr'><strong>credam</strong></span> <span class='ocrx_word' id='word_1_251' title='bbox 923 4101 978 4155; x_wconf 90' lang='lat' dir='ltr'><strong>in</strong></span> <span class='ocrx_word' id='word_1_252' title='bbox 1027 4109 1099 4156; x_wconf 91' lang='lat' dir='ltr'><strong>te.</strong></span> <span class='ocrx_word' id='word_1_253' title='bbox 1135 4100 1394 4157; x_wconf 85' lang='lat' dir='ltr'><strong>Miserere</strong></span> <span class='ocrx_word' id='word_1_254' title='bbox 1429 4101 1683 4166; x_wconf 90' lang='lat' dir='ltr'><strong>Domine,</strong></span> <span class='ocrx_word' id='word_1_255' title='bbox 1735 4101 1893 4156; x_wconf 85' lang='lat' dir='ltr'><strong>mise-</strong></span> 
     </span>
    </p>
   </div>
   <div class='ocr_carea' id='block_1_43' title="bbox 296 4190 1890 4264">
    <p class='ocr_par' dir='ltr' id='par_1_43' title="bbox 296 4190 1890 4264">
     <span class='ocr_line' id='line_1_43' title="bbox 296 4190 1890 4264; baseline -0.006 -11"><span class='ocrx_word' id='word_1_256' title='bbox 296 4207 438 4252; x_wconf 83' lang='lat' dir='ltr'><strong>rere</strong></span> <span class='ocrx_word' id='word_1_257' title='bbox 486 4190 733 4247; x_wconf 84' lang='lat' dir='ltr'><strong>Christe:</strong></span> <span class='ocrx_word' id='word_1_258' title='bbox 769 4201 828 4246; x_wconf 92' lang='lat' dir='ltr'><strong>at</strong></span> <span class='ocrx_word' id='word_1_259' title='bbox 859 4207 1184 4264; x_wconf 76' lang='lat' dir='ltr'><strong>cognoscam</strong></span> <span class='ocrx_word' id='word_1_260' title='bbox 1232 4200 1306 4246; x_wconf 88' lang='lat' dir='ltr'><strong>te.</strong></span> <span class='ocrx_word' id='word_1_261' title='bbox 1349 4191 1611 4247; x_wconf 80' lang='lat' dir='ltr'><strong>Miserere</strong></span> <span class='ocrx_word' id='word_1_262' title='bbox 1641 4190 1890 4255; x_wconf 90' lang='lat' dir='ltr'><strong>Domine,</strong></span> 
     </span>
    </p>
   </div>
   <div class='ocr_carea' id='block_1_44' title="bbox 295 4280 1889 4353">
    <p class='ocr_par' dir='ltr' id='par_1_44' title="bbox 295 4280 1889 4353">
     <span class='ocr_line' id='line_1_44' title="bbox 295 4280 1889 4353; baseline -0.004 -11"><span class='ocrx_word' id='word_1_263' title='bbox 295 4287 572 4342; x_wconf 80' lang='lat' dir='ltr'><strong>miserere</strong></span> <span class='ocrx_word' id='word_1_264' title='bbox 605 4283 820 4338; x_wconf 89' lang='lat' dir='ltr'><strong>Christe</strong></span> <span class='ocrx_word' id='word_1_265' title='bbox 849 4302 862 4337; x_wconf 92' lang='lat'><strong>:</strong></span> <span class='ocrx_word' id='word_1_266' title='bbox 896 4292 958 4338; x_wconf 89' lang='grc' dir='ltr'><strong>ιιι</strong></span> <span class='ocrx_word' id='word_1_267' title='bbox 985 4283 1204 4353; x_wconf 80' lang='lat' dir='ltr'><strong>diligam</strong></span> <span class='ocrx_word' id='word_1_268' title='bbox 1234 4291 1306 4338; x_wconf 91' lang='lat' dir='ltr'><strong>te.</strong></span> <span class='ocrx_word' id='word_1_269' title='bbox 1335 4281 1596 4337; x_wconf 83' lang='lat' dir='ltr'><strong>Miserere</strong></span> <span class='ocrx_word' id='word_1_270' title='bbox 1629 4280 1889 4348; x_wconf 89' lang='lat' dir='ltr'><strong>Domine,</strong></span> 
     </span>
    </p>
   </div>
   <div class='ocr_carea' id='block_1_45' title="bbox 292 4371 1895 4444">
    <p class='ocr_par' dir='ltr' id='par_1_45' title="bbox 292 4371 1895 4444">
     <span class='ocr_line' id='line_1_45' title="bbox 292 4371 1895 4444; baseline -0.003 -13"><span class='ocrx_word' id='word_1_271' title='bbox 292 4375 570 4432; x_wconf 83' lang='lat' dir='ltr'><strong>miserere</strong></span> <span class='ocrx_word' id='word_1_272' title='bbox 597 4373 813 4428; x_wconf 87' lang='lat' dir='ltr'><strong>Christe</strong></span> <span class='ocrx_word' id='word_1_273' title='bbox 840 4392 852 4427; x_wconf 93' lang='lat'><strong>:</strong></span> <span class='ocrx_word' id='word_1_274' title='bbox 889 4381 948 4428; x_wconf 93' lang='lat' dir='ltr'><strong>ut</strong></span> <span class='ocrx_word' id='word_1_275' title='bbox 977 4388 1193 4444; x_wconf 78' lang='lat' dir='ltr'><strong>sperem</strong></span> <span class='ocrx_word' id='word_1_276' title='bbox 1226 4373 1282 4426; x_wconf 93' lang='lat' dir='ltr'><strong>in</strong></span> <span class='ocrx_word' id='word_1_277' title='bbox 1316 4380 1388 4427; x_wconf 93' lang='lat' dir='ltr'><strong>te.</strong></span> <span class='ocrx_word' id='word_1_278' title='bbox 1429 4371 1688 4427; x_wconf 89' lang='lat' dir='ltr'><strong>Miserere</strong></span> <span class='ocrx_word' id='word_1_279' title='bbox 1715 4371 1895 4426; x_wconf 90' lang='lat' dir='ltr'><strong>Domi-</strong></span> 
     </span>
    </p>
   </div>
   <div class='ocr_carea' id='block_1_46' title="bbox 293 4462 1966 4564">
    <p class='ocr_par' dir='ltr' id='par_1_46' title="bbox 293 4462 1966 4564">
     <span class='ocr_line' id='line_1_46' title="bbox 293 4462 1966 4564; baseline -0.005 -40"><span class='ocrx_word' id='word_1_280' title='bbox 293 4482 400 4531; x_wconf 85' lang='lat' dir='ltr'><strong>ne,</strong></span> <span class='ocrx_word' id='word_1_281' title='bbox 437 4464 692 4520; x_wconf 87' lang='lat' dir='ltr'><strong>miserere</strong></span> <span class='ocrx_word' id='word_1_282' title='bbox 718 4463 930 4520; x_wconf 85' lang='lat' dir='ltr'><strong>Christe</strong></span> <span class='ocrx_word' id='word_1_283' title='bbox 959 4484 970 4519; x_wconf 91' lang='lat'><strong>:</strong></span> <span class='ocrx_word' id='word_1_284' title='bbox 1009 4475 1068 4518; x_wconf 89' lang='lat' dir='ltr'><strong>at</strong></span> <span class='ocrx_word' id='word_1_285' title='bbox 1103 4479 1133 4517; x_wconf 92' lang='lat' dir='ltr'><strong>a</strong></span> <span class='ocrx_word' id='word_1_286' title='bbox 1165 4471 1341 4518; x_wconf 84' lang='lat' dir='ltr'><strong>morte</strong></span> <span class='ocrx_word' id='word_1_287' title='bbox 1374 4471 1637 4533; x_wconf 89' lang='lat' dir='ltr'><strong>perpetua</strong></span> <span class='ocrx_word' id='word_1_288' title='bbox 1685 4462 1888 4532; x_wconf 82' lang='lat' dir='ltr'><strong>eripias</strong></span> <span class='ocrx_word' id='word_1_289' title='bbox 1919 4504 1966 4564; x_wconf 69' lang='grc' dir='ltr'>υ</span> 
     </span>
    </p>
   </div>
   <div class='ocr_carea' id='block_1_47' title="bbox 295 4555 1889 4623">
    <p class='ocr_par' dir='ltr' id='par_1_47' title="bbox 295 4555 1889 4623">
     <span class='ocr_line' id='line_1_47' title="bbox 295 4555 1889 4623; baseline -0.004 -8"><span class='ocrx_word' id='word_1_290' title='bbox 295 4574 418 4615; x_wconf 85' lang='lat' dir='ltr'><strong>me.</strong></span> <span class='ocrx_word' id='word_1_291' title='bbox 455 4555 707 4613; x_wconf 85' lang='lat' dir='ltr'><strong>Miserere</strong></span> <span class='ocrx_word' id='word_1_292' title='bbox 729 4558 978 4623; x_wconf 88' lang='lat' dir='ltr'><strong>Domine,</strong></span> <span class='ocrx_word' id='word_1_293' title='bbox 1005 4557 1266 4612; x_wconf 88' lang='lat' dir='ltr'><strong>miserere</strong></span> <span class='ocrx_word' id='word_1_294' title='bbox 1301 4555 1518 4612; x_wconf 85' lang='lat' dir='ltr'><strong>Christe</strong></span> <span class='ocrx_word' id='word_1_295' title='bbox 1553 4569 1567 4608; x_wconf 91' lang='lat'><strong>:</strong></span> <span class='ocrx_word' id='word_1_296' title='bbox 1605 4556 1751 4610; x_wconf 89' lang='lat' dir='ltr'><strong>atde</strong></span> <span class='ocrx_word' id='word_1_297' title='bbox 1776 4570 1889 4609; x_wconf 89' lang='lat' dir='ltr'><strong>om-</strong></span> 
     </span>
    </p>
   </div>
   <div class='ocr_carea' id='block_1_48' title="bbox 298 4647 1889 4719">
    <p class='ocr_par' dir='ltr' id='par_1_48' title="bbox 298 4647 1889 4719">
     <span class='ocr_line' id='line_1_48' title="bbox 298 4647 1889 4719; baseline -0.003 -13"><span class='ocrx_word' id='word_1_298' title='bbox 298 4652 472 4706; x_wconf 55' lang='lat' dir='ltr'><strong>nibus</strong></span> <span class='ocrx_word' id='word_1_299' title='bbox 522 4648 758 4718; x_wconf 86' lang='lat' dir='ltr'><strong>peccatis</strong></span> <span class='ocrx_word' id='word_1_300' title='bbox 826 4650 962 4704; x_wconf 89' lang='lat' dir='ltr'><strong>meis</strong></span> <span class='ocrx_word' id='word_1_301' title='bbox 1018 4665 1205 4704; x_wconf 81' lang='lat' dir='ltr'><strong>veram</strong></span> <span class='ocrx_word' id='word_1_302' title='bbox 1244 4649 1626 4719; x_wconf 68' lang='lat' dir='ltr'><strong>paenitentiam</strong></span> <span class='ocrx_word' id='word_1_303' title='bbox 1682 4647 1889 4702; x_wconf 86' lang='lat' dir='ltr'><strong>tribuas</strong></span> 
     </span>
    </p>
   </div>
   <div class='ocr_carea' id='block_1_49' title="bbox 299 4737 1890 4805">
    <p class='ocr_par' dir='ltr' id='par_1_49' title="bbox 299 4737 1890 4805">
     <span class='ocr_line' id='line_1_49' title="bbox 299 4737 1890 4805; baseline -0.003 -7"><span class='ocrx_word' id='word_1_304' title='bbox 299 4739 466 4798; x_wconf 86' lang='lat' dir='ltr'><strong>mihi.</strong></span> <span class='ocrx_word' id='word_1_305' title='bbox 498 4739 756 4796; x_wconf 81' lang='lat' dir='ltr'><strong>Miserere</strong></span> <span class='ocrx_word' id='word_1_306' title='bbox 778 4739 1028 4805; x_wconf 90' lang='lat' dir='ltr'><strong>Domine,</strong></span> <span class='ocrx_word' id='word_1_307' title='bbox 1053 4739 1314 4796; x_wconf 85' lang='lat' dir='ltr'><strong>miserere</strong></span> <span class='ocrx_word' id='word_1_308' title='bbox 1335 4739 1553 4796; x_wconf 84' lang='lat' dir='ltr'><strong>Christe</strong></span> <span class='ocrx_word' id='word_1_309' title='bbox 1578 4757 1591 4793; x_wconf 95' lang='lat'><strong>:</strong></span> <span class='ocrx_word' id='word_1_310' title='bbox 1618 4746 1679 4792; x_wconf 89' lang='lat' dir='ltr'><strong>at</strong></span> <span class='ocrx_word' id='word_1_311' title='bbox 1699 4737 1890 4793; x_wconf 86' lang='lat' dir='ltr'><strong>remis-</strong></span> 
     </span>
    </p>
   </div>
   <div class='ocr_carea' id='block_1_50' title="bbox 302 4829 1891 4902">
    <p class='ocr_par' dir='ltr' id='par_1_50' title="bbox 302 4829 1891 4902">
     <span class='ocr_line' id='line_1_50' title="bbox 302 4829 1891 4902; baseline -0.004 -12"><span class='ocrx_word' id='word_1_312' title='bbox 302 4837 529 4890; x_wconf 85' lang='lat' dir='ltr'><strong>sionem</strong></span> <span class='ocrx_word' id='word_1_313' title='bbox 557 4833 797 4888; x_wconf 91' lang='lat' dir='ltr'><strong>omnium</strong></span> <span class='ocrx_word' id='word_1_314' title='bbox 847 4841 1190 4902; x_wconf 86' lang='lat' dir='ltr'><strong>peccatorum</strong></span> <span class='ocrx_word' id='word_1_315' title='bbox 1215 4831 1420 4886; x_wconf 89' lang='lat' dir='ltr'><strong>tribuas</strong></span> <span class='ocrx_word' id='word_1_316' title='bbox 1451 4830 1604 4885; x_wconf 91' lang='lat' dir='ltr'><strong>mihi.</strong></span> <span class='ocrx_word' id='word_1_317' title='bbox 1633 4829 1891 4884; x_wconf 88' lang='lat' dir='ltr'><strong>Miserere</strong></span> 
     </span>
    </p>
   </div>
   <div class='ocr_carea' id='block_1_51' title="bbox 305 4919 1892 4986">
    <p class='ocr_par' dir='ltr' id='par_1_51' title="bbox 305 4919 1892 4986">
     <span class='ocr_line' id='line_1_51' title="bbox 305 4919 1892 4986; baseline -0.004 -5"><span class='ocrx_word' id='word_1_318' title='bbox 305 4923 565 4986; x_wconf 87' lang='lat' dir='ltr'><strong>Domine,</strong></span> <span class='ocrx_word' id='word_1_319' title='bbox 608 4923 871 4978; x_wconf 87' lang='lat' dir='ltr'><strong>miserere</strong></span> <span class='ocrx_word' id='word_1_320' title='bbox 901 4921 1122 4977; x_wconf 87' lang='lat' dir='ltr'><strong>Christe</strong></span> <span class='ocrx_word' id='word_1_321' title='bbox 1147 4941 1159 4976; x_wconf 94' lang='lat'><strong>:</strong></span> <span class='ocrx_word' id='word_1_322' title='bbox 1187 4931 1246 4976; x_wconf 91' lang='lat' dir='ltr'><strong>at</strong></span> <span class='ocrx_word' id='word_1_323' title='bbox 1270 4921 1338 4976; x_wconf 90' lang='lat' dir='ltr'><strong>ab</strong></span> <span class='ocrx_word' id='word_1_324' title='bbox 1360 4921 1509 4976; x_wconf 91' lang='lat' dir='ltr'><strong>omni</strong></span> <span class='ocrx_word' id='word_1_325' title='bbox 1538 4919 1892 4975; x_wconf 88' lang='lat' dir='ltr'><strong>tribulatione</strong></span> 
     </span>
    </p>
   </div>
   <div class='ocr_carea' id='block_1_52' title="bbox 305 5009 1896 5083">
    <p class='ocr_par' dir='ltr' id='par_1_52' title="bbox 305 5009 1896 5083">
     <span class='ocr_line' id='line_1_52' title="bbox 305 5009 1896 5083; baseline -0.005 -11"><span class='ocrx_word' id='word_1_326' title='bbox 305 5012 517 5083; x_wconf 80' lang='lat' dir='ltr'><strong>eripias</strong></span> <span class='ocrx_word' id='word_1_327' title='bbox 532 5027 636 5068; x_wconf 92' lang='lat' dir='ltr'><strong>me.</strong></span> <span class='ocrx_word' id='word_1_328' title='bbox 674 5011 933 5067; x_wconf 88' lang='lat' dir='ltr'><strong>Miserere</strong></span> <span class='ocrx_word' id='word_1_329' title='bbox 965 5013 1192 5067; x_wconf 88' lang='lat' dir='ltr'><strong>Domine</strong></span> <span class='ocrx_word' id='word_1_330' title='bbox 1219 5053 1233 5078; x_wconf 94' lang='lat'><strong>,</strong></span> <span class='ocrx_word' id='word_1_331' title='bbox 1262 5013 1525 5066; x_wconf 89' lang='lat' dir='ltr'><strong>miserere</strong></span> <span class='ocrx_word' id='word_1_332' title='bbox 1551 5009 1767 5065; x_wconf 84' lang='lat' dir='ltr'><strong>Christe</strong></span> <span class='ocrx_word' id='word_1_333' title='bbox 1791 5027 1806 5063; x_wconf 72' lang='grc' dir='ltr'><strong>ι</strong></span> <span class='ocrx_word' id='word_1_334' title='bbox 1835 5018 1896 5064; x_wconf 84' lang='grc' dir='ltr'><strong>ιιι</strong></span> 
     </span>
    </p>
   </div>
   <div class='ocr_carea' id='block_1_53' title="bbox 305 5102 1893 5172">
    <p class='ocr_par' dir='ltr' id='par_1_53' title="bbox 305 5102 1893 5172">
     <span class='ocr_line' id='line_1_53' title="bbox 305 5102 1893 5172; baseline -0.006 -8"><span class='ocrx_word' id='word_1_335' title='bbox 305 5108 390 5164; x_wconf 85' lang='lat' dir='ltr'><strong>ab</strong></span> <span class='ocrx_word' id='word_1_336' title='bbox 416 5105 562 5159; x_wconf 89' lang='lat' dir='ltr'><strong>omni</strong></span> <span class='ocrx_word' id='word_1_337' title='bbox 605 5104 946 5160; x_wconf 90' lang='lat' dir='ltr'><strong>immunditia</strong></span> <span class='ocrx_word' id='word_1_338' title='bbox 976 5104 1156 5159; x_wconf 90' lang='lat' dir='ltr'><strong>cordis</strong></span> <span class='ocrx_word' id='word_1_339' title='bbox 1180 5113 1237 5159; x_wconf 88' lang='lat' dir='ltr'><strong>et</strong></span> <span class='ocrx_word' id='word_1_340' title='bbox 1259 5103 1503 5172; x_wconf 83' lang='lat' dir='ltr'><strong>corporis</strong></span> <span class='ocrx_word' id='word_1_341' title='bbox 1549 5102 1748 5157; x_wconf 88' lang='lat' dir='ltr'><strong>liberes</strong></span> <span class='ocrx_word' id='word_1_342' title='bbox 1786 5117 1893 5158; x_wconf 88' lang='lat' dir='ltr'><strong>me.</strong></span> 
     </span>
    </p>
   </div>
   <div class='ocr_carea' id='block_1_54' title="bbox 312 5191 1903 5260">
    <p class='ocr_par' dir='ltr' id='par_1_54' title="bbox 312 5191 1903 5260">
     <span class='ocr_line' id='line_1_54' title="bbox 312 5191 1903 5260; baseline -0.004 -8"><span class='ocrx_word' id='word_1_343' title='bbox 312 5195 582 5252; x_wconf 75' lang='lat' dir='ltr'><strong>Miserere</strong></span> <span class='ocrx_word' id='word_1_344' title='bbox 616 5194 868 5260; x_wconf 88' lang='lat' dir='ltr'><strong>Domine,</strong></span> <span class='ocrx_word' id='word_1_345' title='bbox 920 5194 1182 5248; x_wconf 86' lang='lat' dir='ltr'><strong>miserere</strong></span> <span class='ocrx_word' id='word_1_346' title='bbox 1208 5191 1426 5250; x_wconf 88' lang='lat' dir='ltr'><strong>Christe</strong></span> <span class='ocrx_word' id='word_1_347' title='bbox 1453 5211 1465 5246; x_wconf 92' lang='lat'><strong>:</strong></span> <span class='ocrx_word' id='word_1_348' title='bbox 1515 5201 1576 5246; x_wconf 85' lang='lat' dir='ltr'><strong>at</strong></span> <span class='ocrx_word' id='word_1_349' title='bbox 1605 5191 1812 5248; x_wconf 71' lang='lat' dir='ltr'><strong>fontem</strong></span> <span class='ocrx_word' id='word_1_350' title='bbox 1838 5191 1903 5246; x_wconf 84' lang='lat' dir='ltr'><strong>li-</strong></span> 
     </span>
    </p>
   </div>
   <div class='ocr_carea' id='block_1_55' title="bbox 309 5280 1902 5354">
    <p class='ocr_par' dir='ltr' id='par_1_55' title="bbox 309 5280 1902 5354">
     <span class='ocr_line' id='line_1_55' title="bbox 309 5280 1902 5354; baseline -0.001 -14"><span class='ocrx_word' id='word_1_351' title='bbox 309 5281 520 5340; x_wconf 88' lang='lat' dir='ltr'><strong>bidinis</strong></span> <span class='ocrx_word' id='word_1_352' title='bbox 545 5283 859 5354; x_wconf 80' lang='lat' dir='ltr'><strong>exstinguas</strong></span> <span class='ocrx_word' id='word_1_353' title='bbox 890 5282 946 5336; x_wconf 92' lang='lat' dir='ltr'><strong>in</strong></span> <span class='ocrx_word' id='word_1_354' title='bbox 977 5296 1082 5338; x_wconf 89' lang='lat' dir='ltr'><strong>me.</strong></span> <span class='ocrx_word' id='word_1_355' title='bbox 1109 5280 1366 5336; x_wconf 87' lang='lat' dir='ltr'><strong>Miserere</strong></span> <span class='ocrx_word' id='word_1_356' title='bbox 1380 5281 1626 5347; x_wconf 86' lang='lat' dir='ltr'><strong>Domine,</strong></span> <span class='ocrx_word' id='word_1_357' title='bbox 1642 5281 1902 5339; x_wconf 86' lang='lat' dir='ltr'><strong>miserere</strong></span> 
     </span>
    </p>
   </div>
   <div class='ocr_carea' id='block_1_56' title="bbox 311 5368 1906 5430">
    <p class='ocr_par' dir='ltr' id='par_1_56' title="bbox 311 5368 1906 5430">
     <span class='ocr_line' id='line_1_56' title="bbox 311 5368 1906 5430; baseline -0.003 0"><span class='ocrx_word' id='word_1_358' title='bbox 311 5372 571 5430; x_wconf 84' lang='lat' dir='ltr'><strong>Christe:</strong></span> <span class='ocrx_word' id='word_1_359' title='bbox 600 5380 658 5425; x_wconf 92' lang='lat' dir='ltr'><strong>ut</strong></span> <span class='ocrx_word' id='word_1_360' title='bbox 683 5371 752 5427; x_wconf 87' lang='lat' dir='ltr'><strong>ab</strong></span> <span class='ocrx_word' id='word_1_361' title='bbox 783 5371 994 5427; x_wconf 88' lang='lat' dir='ltr'><strong>insidiis</strong></span> <span class='ocrx_word' id='word_1_362' title='bbox 1030 5370 1226 5426; x_wconf 90' lang='lat' dir='ltr'><strong>diaboli</strong></span> <span class='ocrx_word' id='word_1_363' title='bbox 1268 5369 1466 5426; x_wconf 89' lang='lat' dir='ltr'><strong>liberes</strong></span> <span class='ocrx_word' id='word_1_364' title='bbox 1500 5385 1607 5425; x_wconf 91' lang='lat' dir='ltr'><strong>me.</strong></span> <span class='ocrx_word' id='word_1_365' title='bbox 1646 5368 1906 5427; x_wconf 87' lang='lat' dir='ltr'><strong>Miserere</strong></span> 
     </span>
    </p>
   </div>
   <div class='ocr_carea' id='block_1_57' title="bbox 313 5459 1906 5528">
    <p class='ocr_par' dir='ltr' id='par_1_57' title="bbox 313 5459 1906 5528">
     <span class='ocr_line' id='line_1_57' title="bbox 313 5459 1906 5528; baseline -0.002 -9"><span class='ocrx_word' id='word_1_366' title='bbox 313 5463 569 5528; x_wconf 87' lang='lat' dir='ltr'><strong>Domine,</strong></span> <span class='ocrx_word' id='word_1_367' title='bbox 599 5464 862 5518; x_wconf 88' lang='lat' dir='ltr'><strong>miserere</strong></span> <span class='ocrx_word' id='word_1_368' title='bbox 896 5461 1110 5517; x_wconf 89' lang='lat' dir='ltr'><strong>Christe</strong></span> <span class='ocrx_word' id='word_1_369' title='bbox 1138 5480 1149 5515; x_wconf 90' lang='lat'><strong>:</strong></span> <span class='ocrx_word' id='word_1_370' title='bbox 1185 5470 1246 5516; x_wconf 91' lang='lat' dir='ltr'><strong>at</strong></span> <span class='ocrx_word' id='word_1_371' title='bbox 1276 5461 1511 5516; x_wconf 87' lang='lat' dir='ltr'><strong>abomni</strong></span> <span class='ocrx_word' id='word_1_372' title='bbox 1535 5460 1680 5516; x_wconf 86' lang='lat' dir='ltr'><strong>malo</strong></span> <span class='ocrx_word' id='word_1_373' title='bbox 1705 5459 1906 5517; x_wconf 87' lang='lat' dir='ltr'><strong>liberes</strong></span> 
     </span>
    </p>
   </div>
   <div class='ocr_carea' id='block_1_58' title="bbox 314 5551 1905 5635">
    <p class='ocr_par' dir='ltr' id='par_1_58' title="bbox 314 5551 1905 5635">
     <span class='ocr_line' id='line_1_58' title="bbox 314 5551 1905 5635; baseline -0.003 -25"><span class='ocrx_word' id='word_1_374' title='bbox 314 5570 431 5610; x_wconf 88' lang='lat' dir='ltr'><strong>me.</strong></span> <span class='ocrx_word' id='word_1_375' title='bbox 456 5554 712 5635; x_wconf 63' lang='lat' dir='ltr'><strong>Miserere</strong></span> <span class='ocrx_word' id='word_1_376' title='bbox 739 5554 986 5618; x_wconf 88' lang='lat' dir='ltr'><strong>Domine,</strong></span> <span class='ocrx_word' id='word_1_377' title='bbox 1025 5553 1290 5608; x_wconf 88' lang='lat' dir='ltr'><strong>miserere</strong></span> <span class='ocrx_word' id='word_1_378' title='bbox 1324 5551 1575 5608; x_wconf 87' lang='lat' dir='ltr'><strong>Christe:</strong></span> <span class='ocrx_word' id='word_1_379' title='bbox 1612 5560 1672 5606; x_wconf 89' lang='lat' dir='ltr'><strong>at</strong></span> <span class='ocrx_word' id='word_1_380' title='bbox 1693 5551 1762 5607; x_wconf 90' lang='lat' dir='ltr'><strong>ab</strong></span> <span class='ocrx_word' id='word_1_381' title='bbox 1801 5552 1905 5606; x_wconf 89' lang='lat' dir='ltr'><strong>im-</strong></span> 
     </span>
    </p>
   </div>
   <div class='ocr_carea' id='block_1_59' title="bbox 1300 325 2580 390">
    <p class='ocr_par' dir='ltr' id='par_1_59' title="bbox 1300 325 2580 390">
     <span class='ocr_line' id='line_1_59' title="bbox 1300 325 2580 390; baseline -0.007 0"><span class='ocrx_word' id='word_1_382' title='bbox 1300 332 1689 390; x_wconf 73' lang='lat' dir='ltr'><strong>LlTURGlCA.</strong></span> <span class='ocrx_word' id='word_1_383' title='bbox 1729 361 1797 371; x_wconf 93' lang='lat'><strong><em>-—</em></strong></span> <span class='ocrx_word' id='word_1_384' title='bbox 1833 325 1920 386; x_wconf 84' lang='lat' dir='ltr'><strong>OF</strong></span> <span class='ocrx_word' id='word_1_385' title='bbox 1924 325 2103 383; x_wconf 80' lang='lat' dir='ltr'><strong>FICIA</strong></span> <span class='ocrx_word' id='word_1_386' title='bbox 2140 327 2277 385; x_wconf 75' lang='lat' dir='ltr'><strong>PER</strong></span> <span class='ocrx_word' id='word_1_387' title='bbox 2313 325 2580 384; x_wconf 79' lang='lat' dir='ltr'><strong>FERIAS.</strong></span> 
     </span>
    </p>
   </div>
   <div class='ocr_carea' id='block_1_60' title="bbox 1859 441 3558 513">
    <p class='ocr_par' dir='ltr' id='par_1_60' title="bbox 1859 441 3558 513">
     <span class='ocr_line' id='line_1_60' title="bbox 1859 441 3558 513; baseline 0.003 -15"><span class='ocrx_word' id='word_1_388' title='bbox 1859 465 1862 468; x_wconf 46' lang='grc'><strong><em>«</em></strong></span> <span class='ocrx_word' id='word_1_389' title='bbox 1900 452 1944 504; x_wconf 72' lang='grc' dir='ltr'><strong>Α</strong></span> <span class='ocrx_word' id='word_1_390' title='bbox 1975 458 2160 499; x_wconf 85' lang='lat' dir='ltr'><strong>serere</strong></span> <span class='ocrx_word' id='word_1_391' title='bbox 2192 443 2411 499; x_wconf 88' lang='lat' dir='ltr'><strong>Christe</strong></span> <span class='ocrx_word' id='word_1_392' title='bbox 2423 460 2449 513; x_wconf 55' lang='grc' dir='ltr'><strong>ξ</strong></span> <span class='ocrx_word' id='word_1_393' title='bbox 2489 451 2550 496; x_wconf 89' lang='lat' dir='ltr'><strong>ut</strong></span> <span class='ocrx_word' id='word_1_394' title='bbox 2569 441 2750 496; x_wconf 86' lang='lat' dir='ltr'><strong>anima</strong></span> <span class='ocrx_word' id='word_1_395' title='bbox 2787 456 2907 498; x_wconf 88' lang='lat' dir='ltr'><strong>mea</strong></span> <span class='ocrx_word' id='word_1_396' title='bbox 2925 444 3077 499; x_wconf 82' lang='lat' dir='ltr'><strong>vivat</strong></span> <span class='ocrx_word' id='word_1_397' title='bbox 3107 445 3163 500; x_wconf 89' lang='lat' dir='ltr'><strong>in</strong></span> <span class='ocrx_word' id='word_1_398' title='bbox 3201 452 3271 500; x_wconf 80' lang='lat' dir='ltr'><strong>te.</strong></span> <span class='ocrx_word' id='word_1_399' title='bbox 3299 445 3558 504; x_wconf 77' lang='lat' dir='ltr'><strong>Miserere</strong></span> 
     </span>
    </p>
   </div>
   <div class='ocr_carea' id='block_1_61' title="bbox 3450 327 3564 383">
    <p class='ocr_par' dir='ltr' id='par_1_61' title="bbox 3450 327 3564 383">
     <span class='ocr_line' id='line_1_61' title="bbox 3450 327 3564 383; baseline -0.009 0"><span class='ocrx_word' id='word_1_400' title='bbox 3450 327 3564 383; x_wconf 64' lang='lat' dir='ltr'><strong>sae</strong></span> 
     </span>
    </p>
   </div>
   <div class='ocr_carea' id='block_1_62' title="bbox 1982 533 3556 603">
    <p class='ocr_par' dir='ltr' id='par_1_62' title="bbox 1982 533 3556 603">
     <span class='ocr_line' id='line_1_62' title="bbox 1982 533 3556 603; baseline 0.003 -13"><span class='ocrx_word' id='word_1_401' title='bbox 1982 537 2230 603; x_wconf 90' lang='lat' dir='ltr'><strong>Domine,</strong></span> <span class='ocrx_word' id='word_1_402' title='bbox 2255 536 2519 590; x_wconf 86' lang='lat' dir='ltr'><strong>miserere</strong></span> <span class='ocrx_word' id='word_1_403' title='bbox 2529 533 2746 590; x_wconf 82' lang='lat' dir='ltr'><strong>Christe</strong></span> <span class='ocrx_word' id='word_1_404' title='bbox 2773 551 2786 588; x_wconf 87' lang='lat'><strong>:</strong></span> <span class='ocrx_word' id='word_1_405' title='bbox 2814 543 2874 589; x_wconf 89' lang='lat' dir='ltr'><strong>ut</strong></span> <span class='ocrx_word' id='word_1_406' title='bbox 2893 550 3022 590; x_wconf 91' lang='lat' dir='ltr'><strong>caro</strong></span> <span class='ocrx_word' id='word_1_407' title='bbox 3036 551 3156 592; x_wconf 90' lang='lat' dir='ltr'><strong>mea</strong></span> <span class='ocrx_word' id='word_1_408' title='bbox 3167 537 3468 594; x_wconf 72' lang='lat' dir='ltr'><strong>exsultetin</strong></span> <span class='ocrx_word' id='word_1_409' title='bbox 3483 544 3556 594; x_wconf 79' lang='lat' dir='ltr'><strong>te.</strong></span> 
     </span>
    </p>
   </div>
   <div class='ocr_carea' id='block_1_63' title="bbox 1981 626 3562 691">
    <p class='ocr_par' dir='ltr' id='par_1_63' title="bbox 1981 626 3562 691">
     <span class='ocr_line' id='line_1_63' title="bbox 1981 626 3562 691; baseline 0.001 -9"><span class='ocrx_word' id='word_1_410' title='bbox 1981 626 2522 691; x_wconf 59' lang='lat' dir='ltr'><strong>Miserere-Domine,</strong></span> <span class='ocrx_word' id='word_1_411' title='bbox 2579 626 2842 681; x_wconf 85' lang='lat' dir='ltr'><strong>miserere</strong></span> <span class='ocrx_word' id='word_1_412' title='bbox 2897 626 3148 682; x_wconf 90' lang='lat' dir='ltr'><strong>Christe:</strong></span> <span class='ocrx_word' id='word_1_413' title='bbox 3184 636 3245 682; x_wconf 88' lang='lat' dir='ltr'><strong>ut</strong></span> <span class='ocrx_word' id='word_1_414' title='bbox 3297 629 3412 683; x_wconf 79' lang='lat' dir='ltr'><strong>vita</strong></span> <span class='ocrx_word' id='word_1_415' title='bbox 3436 645 3562 684; x_wconf 82' lang='lat' dir='ltr'><strong>ea.</strong></span> 
     </span>
    </p>
   </div>
   <div class='ocr_carea' id='block_1_64' title="bbox 1979 715 3559 792">
    <p class='ocr_par' dir='ltr' id='par_1_64' title="bbox 1979 715 3559 792">
     <span class='ocr_line' id='line_1_64' title="bbox 1979 715 3559 792; baseline 0.003 -20"><span class='ocrx_word' id='word_1_416' title='bbox 1979 716 2227 788; x_wconf 69' lang='lat' dir='ltr'><strong>proﬁciat</strong></span> <span class='ocrx_word' id='word_1_417' title='bbox 2255 717 2310 771; x_wconf 92' lang='lat' dir='ltr'><strong>in</strong></span> <span class='ocrx_word' id='word_1_418' title='bbox 2339 725 2412 771; x_wconf 85' lang='lat' dir='ltr'><strong>te.</strong></span> <span class='ocrx_word' id='word_1_419' title='bbox 2441 715 2702 771; x_wconf 88' lang='lat' dir='ltr'><strong>Miserere</strong></span> <span class='ocrx_word' id='word_1_420' title='bbox 2732 717 2958 772; x_wconf 87' lang='lat' dir='ltr'><strong>Domine</strong></span> <span class='ocrx_word' id='word_1_421' title='bbox 3003 717 3148 774; x_wconf 87' lang='lat' dir='ltr'><strong>Dens</strong></span> <span class='ocrx_word' id='word_1_422' title='bbox 3181 718 3360 784; x_wconf 86' lang='lat' dir='ltr'><strong>Pater,</strong></span> <span class='ocrx_word' id='word_1_423' title='bbox 3387 721 3559 792; x_wconf 83' lang='lat' dir='ltr'><strong>gloria</strong></span> 
     </span>
    </p>
   </div>
   <div class='ocr_carea' id='block_1_65' title="bbox 1981 805 3562 882">
    <p class='ocr_par' dir='ltr' id='par_1_65' title="bbox 1981 805 3562 882">
     <span class='ocr_line' id='line_1_65' title="bbox 1981 805 3562 882; baseline 0.006 -21"><span class='ocrx_word' id='word_1_424' title='bbox 1981 821 2122 872; x_wconf 87' lang='lat' dir='ltr'><strong>mea,</strong></span> <span class='ocrx_word' id='word_1_425' title='bbox 2143 807 2250 861; x_wconf 88' lang='lat' dir='ltr'><strong>vita</strong></span> <span class='ocrx_word' id='word_1_426' title='bbox 2273 821 2412 861; x_wconf 90' lang='lat' dir='ltr'><strong>mea.</strong></span> <span class='ocrx_word' id='word_1_427' title='bbox 2437 805 2695 862; x_wconf 88' lang='lat' dir='ltr'><strong>Miserere</strong></span> <span class='ocrx_word' id='word_1_428' title='bbox 2710 807 2924 863; x_wconf 88' lang='lat' dir='ltr'><strong>Christe</strong></span> <span class='ocrx_word' id='word_1_429' title='bbox 2949 809 3221 877; x_wconf 87' lang='lat' dir='ltr'><strong>Salvator,</strong></span> <span class='ocrx_word' id='word_1_430' title='bbox 3244 812 3392 868; x_wconf 82' lang='lat' dir='ltr'><strong>salus</strong></span> <span class='ocrx_word' id='word_1_431' title='bbox 3413 827 3562 882; x_wconf 85' lang='lat' dir='ltr'><strong>mea-,-</strong></span> 
     </span>
    </p>
   </div>
   <div class='ocr_carea' id='block_1_66' title="bbox 1981 894 3560 969">
    <p class='ocr_par' dir='ltr' id='par_1_66' title="bbox 1981 894 3560 969">
     <span class='ocr_line' id='line_1_66' title="bbox 1981 894 3560 969; baseline 0.006 -19"><span class='ocrx_word' id='word_1_432' title='bbox 1981 894 2239 952; x_wconf 74' lang='lat' dir='ltr'><strong>fortitudo</strong></span> <span class='ocrx_word' id='word_1_433' title='bbox 2289 911 2432 952; x_wconf 89' lang='lat' dir='ltr'><strong>mea.</strong></span> <span class='ocrx_word' id='word_1_434' title='bbox 2480 895 2736 952; x_wconf 84' lang='lat' dir='ltr'><strong>Miserere</strong></span> <span class='ocrx_word' id='word_1_435' title='bbox 2789 896 3026 967; x_wconf 86' lang='lat' dir='ltr'><strong>Spiritus</strong></span> <span class='ocrx_word' id='word_1_436' title='bbox 3079 902 3398 969; x_wconf 86' lang='lat' dir='ltr'><strong>paraclitus,</strong></span> <span class='ocrx_word' id='word_1_437' title='bbox 3431 919 3560 960; x_wconf 82' lang='lat' dir='ltr'><strong>con-</strong></span> 
     </span>
    </p>
   </div>
   <div class='ocr_carea' id='block_1_67' title="bbox 1980 985 3559 1058">
    <p class='ocr_par' dir='ltr' id='par_1_67' title="bbox 1980 985 3559 1058">
     <span class='ocr_line' id='line_1_67' title="bbox 1980 985 3559 1058; baseline 0.007 -19"><span class='ocrx_word' id='word_1_438' title='bbox 1980 985 2172 1040; x_wconf 89' lang='lat' dir='ltr'><strong>solatio</strong></span> <span class='ocrx_word' id='word_1_439' title='bbox 2193 999 2336 1050; x_wconf 90' lang='lat' dir='ltr'><strong>mea,</strong></span> <span class='ocrx_word' id='word_1_440' title='bbox 2359 985 2685 1040; x_wconf 88' lang='lat' dir='ltr'><strong>illaminatio</strong></span> <span class='ocrx_word' id='word_1_441' title='bbox 2710 1001 2850 1041; x_wconf 88' lang='lat' dir='ltr'><strong>mea.</strong></span> <span class='ocrx_word' id='word_1_442' title='bbox 2869 987 3128 1044; x_wconf 84' lang='lat' dir='ltr'><strong>Miserere</strong></span> <span class='ocrx_word' id='word_1_443' title='bbox 3153 989 3382 1048; x_wconf 88' lang='lat' dir='ltr'><strong>Domine</strong></span> <span class='ocrx_word' id='word_1_444' title='bbox 3392 993 3559 1058; x_wconf 87' lang='lat' dir='ltr'><strong>Deus,</strong></span> 
     </span>
    </p>
   </div>
   <div class='ocr_carea' id='block_1_68' title="bbox 1981 1072 3556 1148">
    <p class='ocr_par' dir='ltr' id='par_1_68' title="bbox 1981 1072 3556 1148">
     <span class='ocr_line' id='line_1_68' title="bbox 1981 1072 3556 1148; baseline 0.005 -18"><span class='ocrx_word' id='word_1_445' title='bbox 1981 1075 2242 1141; x_wconf 87' lang='lat' dir='ltr'><strong>Trinitas,</strong></span> <span class='ocrx_word' id='word_1_446' title='bbox 2271 1085 2329 1130; x_wconf 88' lang='lat' dir='ltr'><strong>et</strong></span> <span class='ocrx_word' id='word_1_447' title='bbox 2351 1076 2556 1131; x_wconf 86' lang='lat' dir='ltr'><strong>unitas.</strong></span> <span class='ocrx_word' id='word_1_448' title='bbox 2584 1072 2661 1131; x_wconf 90' lang='lat' dir='ltr'><strong>Te</strong></span> <span class='ocrx_word' id='word_1_449' title='bbox 2687 1076 2867 1142; x_wconf 88' lang='lat' dir='ltr'><strong>laudo,</strong></span> <span class='ocrx_word' id='word_1_450' title='bbox 2896 1087 2950 1133; x_wconf 88' lang='lat' dir='ltr'><strong>te</strong></span> <span class='ocrx_word' id='word_1_451' title='bbox 2977 1079 3164 1144; x_wconf 86' lang='lat' dir='ltr'><strong>adoro,</strong></span> <span class='ocrx_word' id='word_1_452' title='bbox 3192 1089 3244 1135; x_wconf 87' lang='lat' dir='ltr'><strong>te</strong></span> <span class='ocrx_word' id='word_1_453' title='bbox 3266 1082 3556 1148; x_wconf 74' lang='lat' dir='ltr'><strong>conﬁteor,</strong></span> 
     </span>
    </p>
   </div>
   <div class='ocr_carea' id='block_1_69' title="bbox 1979 1166 3561 1240">
    <p class='ocr_par' dir='ltr' id='par_1_69' title="bbox 1979 1166 3561 1240">
     <span class='ocr_line' id='line_1_69' title="bbox 1979 1166 3561 1240; baseline 0.006 -22"><span class='ocrx_word' id='word_1_454' title='bbox 1979 1177 2087 1234; x_wconf 83' lang='lat' dir='ltr'><strong>pax</strong></span> <span class='ocrx_word' id='word_1_455' title='bbox 2112 1180 2257 1230; x_wconf 88' lang='lat' dir='ltr'><strong>mea,</strong></span> <span class='ocrx_word' id='word_1_456' title='bbox 2281 1179 2406 1235; x_wconf 88' lang='lat' dir='ltr'><strong>spes</strong></span> <span class='ocrx_word' id='word_1_457' title='bbox 2437 1180 2580 1230; x_wconf 86' lang='lat' dir='ltr'><strong>mea,</strong></span> <span class='ocrx_word' id='word_1_458' title='bbox 2604 1166 2723 1221; x_wconf 90' lang='lat' dir='ltr'><strong>laas</strong></span> <span class='ocrx_word' id='word_1_459' title='bbox 2756 1182 2899 1232; x_wconf 90' lang='lat' dir='ltr'><strong>mea,</strong></span> <span class='ocrx_word' id='word_1_460' title='bbox 2924 1168 3016 1222; x_wconf 78' lang='lat' dir='ltr'><strong>lux</strong></span> <span class='ocrx_word' id='word_1_461' title='bbox 3046 1185 3189 1235; x_wconf 89' lang='lat' dir='ltr'><strong>mea,</strong></span> <span class='ocrx_word' id='word_1_462' title='bbox 3212 1172 3561 1240; x_wconf 73' lang='lat' dir='ltr'><strong>pulchritudo</strong></span> 
     </span>
    </p>
   </div>
   <div class='ocr_carea' id='block_1_70' title="bbox 1981 1256 3560 1334">
    <p class='ocr_par' dir='ltr' id='par_1_70' title="bbox 1981 1256 3560 1334">
     <span class='ocr_line' id='line_1_70' title="bbox 1981 1256 3560 1334; baseline 0.006 -25"><span class='ocrx_word' id='word_1_463' title='bbox 1981 1270 2122 1319; x_wconf 87' lang='lat' dir='ltr'><strong>mea,</strong></span> <span class='ocrx_word' id='word_1_464' title='bbox 2146 1256 2426 1311; x_wconf 85' lang='lat' dir='ltr'><strong>beatitudo</strong></span> <span class='ocrx_word' id='word_1_465' title='bbox 2449 1271 2591 1311; x_wconf 88' lang='lat' dir='ltr'><strong>mea.</strong></span> <span class='ocrx_word' id='word_1_466' title='bbox 2624 1257 2744 1312; x_wconf 87' lang='lat' dir='ltr'><strong>Tibi</strong></span> <span class='ocrx_word' id='word_1_467' title='bbox 2775 1258 2914 1324; x_wconf 88' lang='lat' dir='ltr'><strong>laus,</strong></span> <span class='ocrx_word' id='word_1_468' title='bbox 2939 1259 3034 1313; x_wconf 90' lang='lat' dir='ltr'><strong>tibi</strong></span> <span class='ocrx_word' id='word_1_469' title='bbox 3061 1259 3232 1331; x_wconf 79' lang='lat' dir='ltr'><strong>gloria</strong></span> <span class='ocrx_word' id='word_1_470' title='bbox 3253 1302 3266 1327; x_wconf 90' lang='lat'><strong>,</strong></span> <span class='ocrx_word' id='word_1_471' title='bbox 3297 1263 3396 1318; x_wconf 86' lang='lat' dir='ltr'><strong>tibi</strong></span> <span class='ocrx_word' id='word_1_472' title='bbox 3434 1263 3560 1334; x_wconf 60' lang='lat' dir='ltr'><strong>gra-é</strong></span> 
     </span>
    </p>
   </div>
   <div class='ocr_carea' id='block_1_71' title="bbox 1983 1346 3486 1422">
    <p class='ocr_par' dir='ltr' id='par_1_71' title="bbox 1983 1346 3486 1422">
     <span class='ocr_line' id='line_1_71' title="bbox 1983 1346 3486 1422; baseline 0.005 -23"><span class='ocrx_word' id='word_1_473' title='bbox 1983 1346 2178 1400; x_wconf 85' lang='lat' dir='ltr'><strong>tiaram</strong></span> <span class='ocrx_word' id='word_1_474' title='bbox 2209 1346 2353 1402; x_wconf 88' lang='lat' dir='ltr'><strong>actio</strong></span> <span class='ocrx_word' id='word_1_475' title='bbox 2377 1361 2594 1415; x_wconf 90' lang='lat' dir='ltr'><strong>semper</strong></span> <span class='ocrx_word' id='word_1_476' title='bbox 2622 1347 2822 1418; x_wconf 89' lang='lat' dir='ltr'><strong>ubique</strong></span> <span class='ocrx_word' id='word_1_477' title='bbox 2842 1348 2898 1402; x_wconf 91' lang='lat' dir='ltr'><strong>in</strong></span> <span class='ocrx_word' id='word_1_478' title='bbox 2920 1349 3116 1403; x_wconf 57' lang='lat' dir='ltr'><strong>saecula</strong></span> <span class='ocrx_word' id='word_1_479' title='bbox 3136 1353 3486 1422; x_wconf 82' lang='lat' dir='ltr'><strong>sempiterna.</strong></span> 
     </span>
    </p>
   </div>
   <div class='ocr_carea' id='block_1_72' title="bbox 2529 1449 3020 1527">
    <p class='ocr_par' dir='ltr' id='par_1_72' title="bbox 2529 1449 3020 1527">
     <span class='ocr_line' id='line_1_72' title="bbox 2529 1449 3020 1527; baseline 0.004 -2"><span class='ocrx_word' id='word_1_480' title='bbox 2529 1449 2826 1525; x_wconf 81' lang='lat' dir='ltr'><strong>FERIA</strong></span> <span class='ocrx_word' id='word_1_481' title='bbox 2887 1452 3020 1527; x_wconf 87' lang='lat' dir='ltr'><strong>IV.</strong></span> 
     </span>
    </p>
   </div>
   <div class='ocr_carea' id='block_1_73' title="bbox 2333 1557 3211 1624">
    <p class='ocr_par' dir='ltr' id='par_1_73' title="bbox 2333 1557 3211 1624">
     <span class='ocr_line' id='line_1_73' title="bbox 2333 1557 3211 1624; baseline -0.001 -9"><span class='ocrx_word' id='word_1_482' title='bbox 2333 1557 2589 1615; x_wconf 82' lang='lat' dir='ltr'><strong>ORATIO</strong></span> <span class='ocrx_word' id='word_1_483' title='bbox 2628 1558 2829 1614; x_wconf 80' lang='lat' dir='ltr'><strong>BEATI</strong></span> <span class='ocrx_word' id='word_1_484' title='bbox 2864 1557 3211 1624; x_wconf 78' lang='lat' dir='ltr'><strong>AMBROSII,</strong></span> 
     </span>
    </p>
   </div>
   <div class='ocr_carea' id='block_1_74' title="bbox 2158 1652 3384 1725">
    <p class='ocr_par' dir='ltr' id='par_1_74' title="bbox 2158 1652 3384 1725">
     <span class='ocr_line' id='line_1_74' title="bbox 2158 1652 3384 1725; baseline -0.002 -16"><span class='ocrx_word' id='word_1_485' title='bbox 2158 1653 2226 1709; x_wconf 86' lang='lat' dir='ltr'><strong>In</strong></span> <span class='ocrx_word' id='word_1_486' title='bbox 2250 1672 2353 1725; x_wconf 87' lang='lat' dir='ltr'><strong>qua</strong></span> <span class='ocrx_word' id='word_1_487' title='bbox 2382 1671 2477 1725; x_wconf 90' lang='lat' dir='ltr'><strong>pro</strong></span> <span class='ocrx_word' id='word_1_488' title='bbox 2504 1656 2613 1708; x_wconf 80' lang='lat' dir='ltr'><strong>suis</strong></span> <span class='ocrx_word' id='word_1_489' title='bbox 2643 1653 2866 1724; x_wconf 84' lang='lat' dir='ltr'><strong>peccatis</strong></span> <span class='ocrx_word' id='word_1_490' title='bbox 2895 1655 3094 1706; x_wconf 74' lang='lat' dir='ltr'><strong>veniam</strong></span> <span class='ocrx_word' id='word_1_491' title='bbox 3134 1652 3384 1723; x_wconf 82' lang='lat' dir='ltr'><strong>postulat.</strong></span> 
     </span>
    </p>
   </div>
   <div class='ocr_carea' id='block_1_75' title="bbox 2056 1744 3566 1814">
    <p class='ocr_par' dir='ltr' id='par_1_75' title="bbox 2056 1744 3566 1814">
     <span class='ocr_line' id='line_1_75' title="bbox 2056 1744 3566 1814; baseline -0.003 -11"><span class='ocrx_word' id='word_1_492' title='bbox 2056 1745 2337 1803; x_wconf 84' lang='lat' dir='ltr'><strong>Miserator</strong></span> <span class='ocrx_word' id='word_1_493' title='bbox 2367 1757 2421 1803; x_wconf 82' lang='lat' dir='ltr'><strong>et</strong></span> <span class='ocrx_word' id='word_1_494' title='bbox 2444 1746 2772 1808; x_wconf 82' lang='lat' dir='ltr'><strong>misericors,</strong></span> <span class='ocrx_word' id='word_1_495' title='bbox 2804 1745 3036 1814; x_wconf 89' lang='lat' dir='ltr'><strong>patiens,</strong></span> <span class='ocrx_word' id='word_1_496' title='bbox 3069 1754 3121 1798; x_wconf 89' lang='lat' dir='ltr'><strong>ct</strong></span> <span class='ocrx_word' id='word_1_497' title='bbox 3146 1745 3374 1798; x_wconf 87' lang='lat' dir='ltr'><strong>multum</strong></span> <span class='ocrx_word' id='word_1_498' title='bbox 3404 1744 3566 1798; x_wconf 86' lang='lat' dir='ltr'><strong>mise-</strong></span> 
     </span>
    </p>
   </div>
   <div class='ocr_carea' id='block_1_76' title="bbox 1905 1809 3567 1908">
    <p class='ocr_par' dir='ltr' id='par_1_76' title="bbox 1905 1809 3567 1908">
     <span class='ocr_line' id='line_1_76' title="bbox 1905 1809 3567 1908; baseline -0.003 -15"><span class='ocrx_word' id='word_1_499' title='bbox 1905 1809 1953 1868; x_wconf 73' lang='grc' dir='ltr'><strong>Β</strong></span> <span class='ocrx_word' id='word_1_500' title='bbox 1984 1839 2174 1902; x_wconf 89' lang='lat' dir='ltr'><strong>ricors,</strong></span> <span class='ocrx_word' id='word_1_501' title='bbox 2219 1851 2412 1908; x_wconf 89' lang='lat' dir='ltr'><strong>magne</strong></span> <span class='ocrx_word' id='word_1_502' title='bbox 2437 1844 2493 1891; x_wconf 90' lang='lat' dir='ltr'><strong>et</strong></span> <span class='ocrx_word' id='word_1_503' title='bbox 2521 1834 2778 1890; x_wconf 89' lang='lat' dir='ltr'><strong>terribilis</strong></span> <span class='ocrx_word' id='word_1_504' title='bbox 2805 1809 2962 1888; x_wconf 78' lang='lat' dir='ltr'><strong>Deus</strong></span> <span class='ocrx_word' id='word_1_505' title='bbox 2989 1851 3001 1886; x_wconf 92' lang='lat'><strong>:</strong></span> <span class='ocrx_word' id='word_1_506' title='bbox 3033 1832 3129 1887; x_wconf 88' lang='lat' dir='ltr'><strong>tibi</strong></span> <span class='ocrx_word' id='word_1_507' title='bbox 3169 1831 3431 1887; x_wconf 82' lang='lat' dir='ltr'><strong>conﬁteor</strong></span> <span class='ocrx_word' id='word_1_508' title='bbox 3474 1834 3567 1888; x_wconf 89' lang='lat' dir='ltr'><strong>de-</strong></span> 
     </span>
    </p>
   </div>
   <div class='ocr_carea' id='block_1_77' title="bbox 1978 1919 3568 1996">
    <p class='ocr_par' dir='ltr' id='par_1_77' title="bbox 1978 1919 3568 1996">
     <span class='ocr_line' id='line_1_77' title="bbox 1978 1919 3568 1996; baseline -0.002 -16"><span class='ocrx_word' id='word_1_509' title='bbox 1978 1927 2108 1982; x_wconf 90' lang='lat' dir='ltr'><strong>licta</strong></span> <span class='ocrx_word' id='word_1_510' title='bbox 2135 1941 2275 1992; x_wconf 90' lang='lat' dir='ltr'><strong>mea,</strong></span> <span class='ocrx_word' id='word_1_511' title='bbox 2321 1927 2418 1981; x_wconf 88' lang='lat' dir='ltr'><strong>tibi</strong></span> <span class='ocrx_word' id='word_1_512' title='bbox 2461 1924 2730 1996; x_wconf 82' lang='lat' dir='ltr'><strong>patefacio</strong></span> <span class='ocrx_word' id='word_1_513' title='bbox 2768 1924 2991 1978; x_wconf 86' lang='lat' dir='ltr'><strong>vulnera</strong></span> <span class='ocrx_word' id='word_1_514' title='bbox 3033 1937 3174 1977; x_wconf 86' lang='lat' dir='ltr'><strong>mea.</strong></span> <span class='ocrx_word' id='word_1_515' title='bbox 3225 1919 3305 1977; x_wconf 88' lang='lat' dir='ltr'><strong>Ta</strong></span> <span class='ocrx_word' id='word_1_516' title='bbox 3348 1933 3568 1994; x_wconf 69' lang='lat' dir='ltr'><strong>promer</strong></span> 
     </span>
    </p>
   </div>
   <div class='ocr_carea' id='block_1_78' title="bbox 1978 2013 3568 2072">
    <p class='ocr_par' dir='ltr' id='par_1_78' title="bbox 1978 2013 3568 2072">
     <span class='ocr_line' id='line_1_78' title="bbox 1978 2013 3568 2072; baseline -0.002 -2"><span class='ocrx_word' id='word_1_517' title='bbox 1978 2016 2302 2072; x_wconf 79' lang='lat' dir='ltr'><strong>ineﬂ&#39;abilem</strong></span> <span class='ocrx_word' id='word_1_518' title='bbox 2338 2017 2638 2071; x_wconf 89' lang='lat' dir='ltr'><strong>bonitatem</strong></span> <span class='ocrx_word' id='word_1_519' title='bbox 2670 2023 2817 2068; x_wconf 89' lang='lat' dir='ltr'><strong>tuam</strong></span> <span class='ocrx_word' id='word_1_520' title='bbox 2852 2013 3040 2069; x_wconf 81' lang='lat' dir='ltr'><strong>confer</strong></span> <span class='ocrx_word' id='word_1_521' title='bbox 3063 2014 3195 2068; x_wconf 89' lang='lat' dir='ltr'><strong>mihi</strong></span> <span class='ocrx_word' id='word_1_522' title='bbox 3224 2013 3425 2068; x_wconf 87' lang='lat' dir='ltr'><strong>misero</strong></span> <span class='ocrx_word' id='word_1_523' title='bbox 3454 2028 3568 2068; x_wconf 85' lang='lat' dir='ltr'><strong>me-</strong></span> 
     </span>
    </p>
   </div>
   <div class='ocr_carea' id='block_1_79' title="bbox 1977 2101 3562 2176">
    <p class='ocr_par' dir='ltr' id='par_1_79' title="bbox 1977 2101 3562 2176">
     <span class='ocr_line' id='line_1_79' title="bbox 1977 2101 3562 2176; baseline -0.002 -13"><span class='ocrx_word' id='word_1_524' title='bbox 1977 2101 2234 2165; x_wconf 79' lang='lat' dir='ltr'><strong>dicinam.</strong></span> <span class='ocrx_word' id='word_1_525' title='bbox 2287 2105 2368 2162; x_wconf 86' lang='lat' dir='ltr'><strong>Tu</strong></span> <span class='ocrx_word' id='word_1_526' title='bbox 2419 2107 2564 2162; x_wconf 89' lang='lat' dir='ltr'><strong>enim</strong></span> <span class='ocrx_word' id='word_1_527' title='bbox 2610 2106 2918 2171; x_wconf 89' lang='lat' dir='ltr'><strong>mitissime,</strong></span> <span class='ocrx_word' id='word_1_528' title='bbox 2967 2105 3222 2176; x_wconf 81' lang='lat' dir='ltr'><strong>dignatus</strong></span> <span class='ocrx_word' id='word_1_529' title='bbox 3249 2121 3309 2160; x_wconf 90' lang='lat' dir='ltr'><strong>es</strong></span> <span class='ocrx_word' id='word_1_530' title='bbox 3338 2106 3562 2162; x_wconf 87' lang='lat' dir='ltr'><strong>dicere:</strong></span> 
     </span>
    </p>
   </div>
   <div class='ocr_carea' id='block_1_80' title="bbox 1977 2197 3564 2270">
    <p class='ocr_par' dir='ltr' id='par_1_80' title="bbox 1977 2197 3564 2270">
     <span class='ocr_line' id='line_1_80' title="bbox 1977 2197 3564 2270; baseline -0.001 -17"><span class='ocrx_word' id='word_1_531' title='bbox 1977 2197 2108 2255; x_wconf 87' lang='lat' dir='ltr'><strong>Nolo</strong></span> <span class='ocrx_word' id='word_1_532' title='bbox 2155 2205 2388 2253; x_wconf 87' lang='lat' dir='ltr'><strong>mortem</strong></span> <span class='ocrx_word' id='word_1_533' title='bbox 2425 2197 2749 2270; x_wconf 87' lang='lat' dir='ltr'><strong>peccatoris,</strong></span> <span class='ocrx_word' id='word_1_534' title='bbox 2799 2198 2893 2251; x_wconf 90' lang='lat' dir='ltr'><strong>sed</strong></span> <span class='ocrx_word' id='word_1_535' title='bbox 2922 2205 2981 2251; x_wconf 91' lang='lat' dir='ltr'><strong>ut</strong></span> <span class='ocrx_word' id='word_1_536' title='bbox 3005 2206 3374 2263; x_wconf 80' lang='lat' dir='ltr'><strong>convertatur,</strong></span> <span class='ocrx_word' id='word_1_537' title='bbox 3405 2206 3460 2252; x_wconf 89' lang='lat' dir='ltr'><strong>et</strong></span> <span class='ocrx_word' id='word_1_538' title='bbox 3481 2197 3564 2252; x_wconf 84' lang='lat' dir='ltr'><strong>vi-</strong></span> 
     </span>
    </p>
   </div>
   <div class='ocr_carea' id='block_1_81' title="bbox 1977 2287 3566 2358">
    <p class='ocr_par' dir='ltr' id='par_1_81' title="bbox 1977 2287 3566 2358">
     <span class='ocr_line' id='line_1_81' title="bbox 1977 2287 3566 2358; baseline -0.001 -14"><span class='ocrx_word' id='word_1_539' title='bbox 1977 2297 2086 2344; x_wconf 88' lang='lat' dir='ltr'><strong>vat.</strong></span> <span class='ocrx_word' id='word_1_540' title='bbox 2119 2288 2414 2352; x_wconf 81' lang='lat' dir='ltr'><strong>Conﬁteor,</strong></span> <span class='ocrx_word' id='word_1_541' title='bbox 2449 2288 2631 2357; x_wconf 90' lang='lat' dir='ltr'><strong>inique</strong></span> <span class='ocrx_word' id='word_1_542' title='bbox 2657 2287 2741 2357; x_wconf 84' lang='lat' dir='ltr'><strong>egi</strong></span> <span class='ocrx_word' id='word_1_543' title='bbox 2768 2303 2781 2340; x_wconf 91' lang='lat'><strong>:</strong></span> <span class='ocrx_word' id='word_1_544' title='bbox 2809 2301 3064 2356; x_wconf 87' lang='lat' dir='ltr'><strong>perversa</strong></span> <span class='ocrx_word' id='word_1_545' title='bbox 3092 2295 3176 2341; x_wconf 91' lang='lat' dir='ltr'><strong>est</strong></span> <span class='ocrx_word' id='word_1_546' title='bbox 3199 2288 3254 2341; x_wconf 88' lang='lat' dir='ltr'><strong>in</strong></span> <span class='ocrx_word' id='word_1_547' title='bbox 3276 2297 3566 2358; x_wconf 87' lang='lat' dir='ltr'><strong>conspectu</strong></span> 
     </span>
    </p>
   </div>
   <div class='ocr_carea' id='block_1_82' title="bbox 1977 2377 3564 2449">
    <p class='ocr_par' dir='ltr' id='par_1_82' title="bbox 1977 2377 3564 2449">
     <span class='ocr_line' id='line_1_82' title="bbox 1977 2377 3564 2449; baseline -0.001 -15"><span class='ocrx_word' id='word_1_548' title='bbox 1977 2388 2069 2435; x_wconf 92' lang='lat' dir='ltr'><strong>tuo</strong></span> <span class='ocrx_word' id='word_1_549' title='bbox 2104 2379 2191 2435; x_wconf 87' lang='lat' dir='ltr'><strong>via</strong></span> <span class='ocrx_word' id='word_1_550' title='bbox 2215 2393 2354 2434; x_wconf 90' lang='lat' dir='ltr'><strong>mea.</strong></span> <span class='ocrx_word' id='word_1_551' title='bbox 2390 2378 2566 2449; x_wconf 84' lang='lat' dir='ltr'><strong>Lapsa</strong></span> <span class='ocrx_word' id='word_1_552' title='bbox 2593 2387 2676 2433; x_wconf 91' lang='lat' dir='ltr'><strong>est</strong></span> <span class='ocrx_word' id='word_1_553' title='bbox 2712 2377 2766 2432; x_wconf 92' lang='lat' dir='ltr'><strong>in</strong></span> <span class='ocrx_word' id='word_1_554' title='bbox 2805 2377 2980 2432; x_wconf 90' lang='lat' dir='ltr'><strong>lacum</strong></span> <span class='ocrx_word' id='word_1_555' title='bbox 3019 2379 3253 2434; x_wconf 78' lang='lat' dir='ltr'><strong>miseria:</strong></span> <span class='ocrx_word' id='word_1_556' title='bbox 3281 2379 3391 2434; x_wconf 89' lang='lat' dir='ltr'><strong>vita</strong></span> <span class='ocrx_word' id='word_1_557' title='bbox 3423 2396 3564 2443; x_wconf 87' lang='lat' dir='ltr'><strong>mea,</strong></span> 
     </span>
    </p>
   </div>
   <div class='ocr_carea' id='block_1_83' title="bbox 1975 2469 3566 2542">
    <p class='ocr_par' dir='ltr' id='par_1_83' title="bbox 1975 2469 3566 2542">
     <span class='ocr_line' id='line_1_83' title="bbox 1975 2469 3566 2542; baseline -0.001 -16"><span class='ocrx_word' id='word_1_558' title='bbox 1975 2473 2241 2526; x_wconf 86' lang='lat' dir='ltr'><strong>exstincta</strong></span> <span class='ocrx_word' id='word_1_559' title='bbox 2268 2479 2352 2526; x_wconf 84' lang='lat' dir='ltr'><strong>est</strong></span> <span class='ocrx_word' id='word_1_560' title='bbox 2389 2471 2442 2525; x_wconf 90' lang='lat' dir='ltr'><strong>in</strong></span> <span class='ocrx_word' id='word_1_561' title='bbox 2484 2469 2861 2540; x_wconf 86' lang='lat' dir='ltr'><strong>iniquitatibus</strong></span> <span class='ocrx_word' id='word_1_562' title='bbox 2891 2470 3072 2524; x_wconf 90' lang='lat' dir='ltr'><strong>anima</strong></span> <span class='ocrx_word' id='word_1_563' title='bbox 3105 2485 3244 2525; x_wconf 90' lang='lat' dir='ltr'><strong>mea.</strong></span> <span class='ocrx_word' id='word_1_564' title='bbox 3275 2470 3566 2542; x_wconf 89' lang='lat' dir='ltr'><strong>Superbia,</strong></span> 
     </span>
    </p>
   </div>
   <div class='ocr_carea' id='block_1_84' title="bbox 1978 2559 3568 2631">
    <p class='ocr_par' dir='ltr' id='par_1_84' title="bbox 1978 2559 3568 2631">
     <span class='ocr_line' id='line_1_84' title="bbox 1978 2559 3568 2631; baseline -0.003 -13"><span class='ocrx_word' id='word_1_565' title='bbox 1978 2561 2163 2628; x_wconf 87' lang='lat' dir='ltr'><strong>libido,</strong></span> <span class='ocrx_word' id='word_1_566' title='bbox 2198 2561 2298 2625; x_wconf 90' lang='lat' dir='ltr'><strong>ira,</strong></span> <span class='ocrx_word' id='word_1_567' title='bbox 2324 2560 2682 2631; x_wconf 87' lang='lat' dir='ltr'><strong>impatientia,</strong></span> <span class='ocrx_word' id='word_1_568' title='bbox 2711 2559 2938 2624; x_wconf 89' lang='lat' dir='ltr'><strong>malitia,</strong></span> <span class='ocrx_word' id='word_1_569' title='bbox 2966 2560 3189 2625; x_wconf 78' lang='lat' dir='ltr'><strong>invidia,</strong></span> <span class='ocrx_word' id='word_1_570' title='bbox 3214 2560 3359 2631; x_wconf 86' lang='lat' dir='ltr'><strong>gula,</strong></span> <span class='ocrx_word' id='word_1_571' title='bbox 3393 2561 3568 2616; x_wconf 82' lang='lat' dir='ltr'><strong>cbric-</strong></span> 
     </span>
    </p>
   </div>
   <div class='ocr_carea' id='block_1_85' title="bbox 1979 2649 3567 2722">
    <p class='ocr_par' dir='ltr' id='par_1_85' title="bbox 1979 2649 3567 2722">
     <span class='ocr_line' id='line_1_85' title="bbox 1979 2649 3567 2722; baseline -0.002 -16"><span class='ocrx_word' id='word_1_572' title='bbox 1979 2660 2081 2716; x_wconf 89' lang='lat' dir='ltr'><strong>tas,</strong></span> <span class='ocrx_word' id='word_1_573' title='bbox 2120 2652 2571 2722; x_wconf 87' lang='lat' dir='ltr'><strong>concupiscentia,</strong></span> <span class='ocrx_word' id='word_1_574' title='bbox 2606 2650 2814 2721; x_wconf 88' lang='lat' dir='ltr'><strong>rapina,</strong></span> <span class='ocrx_word' id='word_1_575' title='bbox 2845 2649 3209 2714; x_wconf 88' lang='lat' dir='ltr'><strong>mendacium,</strong></span> <span class='ocrx_word' id='word_1_576' title='bbox 3237 2649 3531 2720; x_wconf 88' lang='lat' dir='ltr'><strong>perjariam</strong></span> <span class='ocrx_word' id='word_1_577' title='bbox 3552 2691 3567 2714; x_wconf 90' lang='lat'><strong>,</strong></span> 
     </span>
    </p>
   </div>
   <div class='ocr_carea' id='block_1_86' title="bbox 1978 2742 3567 2816">
    <p class='ocr_par' dir='ltr' id='par_1_86' title="bbox 1978 2742 3567 2816">
     <span class='ocr_line' id='line_1_86' title="bbox 1978 2742 3567 2816; baseline -0.002 -16"><span class='ocrx_word' id='word_1_578' title='bbox 1978 2744 2299 2810; x_wconf 88' lang='lat' dir='ltr'><strong>scurrilitas,</strong></span> <span class='ocrx_word' id='word_1_579' title='bbox 2345 2742 2773 2814; x_wconf 84' lang='lat' dir='ltr'><strong>stultiloquium,</strong></span> <span class='ocrx_word' id='word_1_580' title='bbox 2820 2743 3158 2815; x_wconf 82' lang='lat' dir='ltr'><strong>ignorantia,</strong></span> <span class='ocrx_word' id='word_1_581' title='bbox 3207 2743 3567 2816; x_wconf 83' lang='lat' dir='ltr'><strong>negligentia,</strong></span> 
     </span>
    </p>
   </div>
   <div class='ocr_carea' id='block_1_87' title="bbox 1979 2833 3570 2905">
    <p class='ocr_par' dir='ltr' id='par_1_87' title="bbox 1979 2833 3570 2905">
     <span class='ocr_line' id='line_1_87' title="bbox 1979 2833 3570 2905; baseline -0.002 -15"><span class='ocrx_word' id='word_1_582' title='bbox 1979 2849 2075 2890; x_wconf 87' lang='lat' dir='ltr'><strong>seu</strong></span> <span class='ocrx_word' id='word_1_583' title='bbox 2115 2843 2326 2888; x_wconf 68' lang='lat' dir='ltr'><strong>aeterm</strong></span> <span class='ocrx_word' id='word_1_584' title='bbox 2368 2842 2551 2905; x_wconf 88' lang='lat' dir='ltr'><strong>pestes</strong></span> <span class='ocrx_word' id='word_1_585' title='bbox 2588 2833 2904 2888; x_wconf 90' lang='lat' dir='ltr'><strong>occiderunt</strong></span> <span class='ocrx_word' id='word_1_586' title='bbox 2941 2833 3179 2888; x_wconf 89' lang='lat' dir='ltr'><strong>animam</strong></span> <span class='ocrx_word' id='word_1_587' title='bbox 3213 2849 3410 2889; x_wconf 88' lang='lat' dir='ltr'><strong>meam.</strong></span> <span class='ocrx_word' id='word_1_588' title='bbox 3443 2833 3570 2890; x_wconf 91' lang='lat' dir='ltr'><strong>Pol-</strong></span> 
     </span>
    </p>
   </div>
   <div class='ocr_carea' id='block_1_88' title="bbox 1980 2923 3574 2990">
    <p class='ocr_par' dir='ltr' id='par_1_88' title="bbox 1980 2923 3574 2990">
     <span class='ocr_line' id='line_1_88' title="bbox 1980 2923 3574 2990; baseline 0 -12"><span class='ocrx_word' id='word_1_589' title='bbox 1980 2927 2148 2980; x_wconf 89' lang='lat' dir='ltr'><strong>lutam</strong></span> <span class='ocrx_word' id='word_1_590' title='bbox 2180 2931 2263 2979; x_wconf 89' lang='lat' dir='ltr'><strong>est</strong></span> <span class='ocrx_word' id='word_1_591' title='bbox 2296 2939 2390 2980; x_wconf 85' lang='lat' dir='ltr'><strong>cor</strong></span> <span class='ocrx_word' id='word_1_592' title='bbox 2419 2939 2618 2990; x_wconf 86' lang='lat' dir='ltr'><strong>meum,</strong></span> <span class='ocrx_word' id='word_1_593' title='bbox 2666 2933 2721 2977; x_wconf 88' lang='lat' dir='ltr'><strong>et</strong></span> <span class='ocrx_word' id='word_1_594' title='bbox 2764 2923 2906 2979; x_wconf 86' lang='lat' dir='ltr'><strong>labia</strong></span> <span class='ocrx_word' id='word_1_595' title='bbox 2939 2939 3095 2990; x_wconf 86' lang='lat' dir='ltr'><strong>mea;</strong></span> <span class='ocrx_word' id='word_1_596' title='bbox 3143 2924 3293 2979; x_wconf 82' lang='lat' dir='ltr'><strong>visus</strong></span> <span class='ocrx_word' id='word_1_597' title='bbox 3334 2940 3488 2980; x_wconf 86' lang='lat' dir='ltr'><strong>meus</strong></span> <span class='ocrx_word' id='word_1_598' title='bbox 3519 2933 3574 2978; x_wconf 90' lang='lat' dir='ltr'><strong>ct</strong></span> 
     </span>
    </p>
   </div>
   <div class='ocr_carea' id='block_1_89' title="bbox 1980 3014 3574 3084">
    <p class='ocr_par' dir='ltr' id='par_1_89' title="bbox 1980 3014 3574 3084">
     <span class='ocr_line' id='line_1_89' title="bbox 1980 3014 3574 3084; baseline 0.001 -15"><span class='ocrx_word' id='word_1_599' title='bbox 1980 3015 2216 3079; x_wconf 86' lang='lat' dir='ltr'><strong>auditas,</strong></span> <span class='ocrx_word' id='word_1_600' title='bbox 2259 3023 2468 3084; x_wconf 83' lang='lat' dir='ltr'><strong>gustus,</strong></span> <span class='ocrx_word' id='word_1_601' title='bbox 2517 3014 2776 3068; x_wconf 90' lang='lat' dir='ltr'><strong>odoratus</strong></span> <span class='ocrx_word' id='word_1_602' title='bbox 2842 3021 2892 3069; x_wconf 92' lang='lat' dir='ltr'><strong>et</strong></span> <span class='ocrx_word' id='word_1_603' title='bbox 2921 3022 3096 3069; x_wconf 88' lang='lat' dir='ltr'><strong>tactas</strong></span> <span class='ocrx_word' id='word_1_604' title='bbox 3121 3033 3133 3068; x_wconf 90' lang='lat'><strong>:</strong></span> <span class='ocrx_word' id='word_1_605' title='bbox 3162 3023 3214 3069; x_wconf 91' lang='lat' dir='ltr'><strong>et</strong></span> <span class='ocrx_word' id='word_1_606' title='bbox 3245 3016 3574 3071; x_wconf 85' lang='lat' dir='ltr'><strong>omnimodis</strong></span> 
     </span>
    </p>
   </div>
   <div class='ocr_carea' id='block_1_90' title="bbox 1983 3104 3570 3175">
    <p class='ocr_par' dir='ltr' id='par_1_90' title="bbox 1983 3104 3570 3175">
     <span class='ocr_line' id='line_1_90' title="bbox 1983 3104 3570 3175; baseline 0.001 -15"><span class='ocrx_word' id='word_1_607' title='bbox 1983 3104 2329 3175; x_wconf 82' lang='lat' dir='ltr'><strong>cogitatione,</strong></span> <span class='ocrx_word' id='word_1_608' title='bbox 2371 3104 2662 3170; x_wconf 87' lang='lat' dir='ltr'><strong>locutione,</strong></span> <span class='ocrx_word' id='word_1_609' title='bbox 2717 3105 2830 3159; x_wconf 89' lang='lat' dir='ltr'><strong>sive</strong></span> <span class='ocrx_word' id='word_1_610' title='bbox 2878 3105 3092 3160; x_wconf 89' lang='lat' dir='ltr'><strong>actione</strong></span> <span class='ocrx_word' id='word_1_611' title='bbox 3137 3105 3381 3175; x_wconf 84' lang='lat' dir='ltr'><strong>perditus</strong></span> <span class='ocrx_word' id='word_1_612' title='bbox 3429 3123 3570 3162; x_wconf 89' lang='lat' dir='ltr'><strong>sum.</strong></span> 
     </span>
    </p>
   </div>
   <div class='ocr_carea' id='block_1_91' title="bbox 1984 3199 3572 3270">
    <p class='ocr_par' dir='ltr' id='par_1_91' title="bbox 1984 3199 3572 3270">
     <span class='ocr_line' id='line_1_91' title="bbox 1984 3199 3572 3270; baseline 0.001 -16"><span class='ocrx_word' id='word_1_613' title='bbox 1984 3199 2178 3268; x_wconf 72' lang='lat' dir='ltr'><strong>Qtizaeso</strong></span> <span class='ocrx_word' id='word_1_614' title='bbox 2210 3209 2280 3267; x_wconf 90' lang='lat' dir='ltr'><strong>te,</strong></span> <span class='ocrx_word' id='word_1_615' title='bbox 2306 3200 2532 3256; x_wconf 91' lang='lat' dir='ltr'><strong>Domine</strong></span> <span class='ocrx_word' id='word_1_616' title='bbox 2556 3199 2713 3263; x_wconf 85' lang='lat' dir='ltr'><strong>Deus,</strong></span> <span class='ocrx_word' id='word_1_617' title='bbox 2743 3199 2899 3270; x_wconf 85' lang='lat' dir='ltr'><strong>cujus</strong></span> <span class='ocrx_word' id='word_1_618' title='bbox 2936 3199 3212 3255; x_wconf 91' lang='lat' dir='ltr'><strong>miseratio</strong></span> <span class='ocrx_word' id='word_1_619' title='bbox 3237 3200 3445 3255; x_wconf 89' lang='lat' dir='ltr'><strong>nullum</strong></span> <span class='ocrx_word' id='word_1_620' title='bbox 3476 3201 3572 3255; x_wconf 88' lang='lat' dir='ltr'><strong>ha-</strong></span> 
     </span>
    </p>
   </div>
   <div class='ocr_carea' id='block_1_92' title="bbox 1985 3292 3572 3358">
    <p class='ocr_par' dir='ltr' id='par_1_92' title="bbox 1985 3292 3572 3358">
     <span class='ocr_line' id='line_1_92' title="bbox 1985 3292 3572 3358; baseline 0 -9"><span class='ocrx_word' id='word_1_621' title='bbox 1985 3294 2076 3350; x_wconf 89' lang='lat' dir='ltr'><strong>bet</strong></span> <span class='ocrx_word' id='word_1_622' title='bbox 2125 3292 2324 3358; x_wconf 79' lang='lat' dir='ltr'><strong>llncm,</strong></span> <span class='ocrx_word' id='word_1_623' title='bbox 2376 3293 2590 3348; x_wconf 89' lang='lat' dir='ltr'><strong>attrahe</strong></span> <span class='ocrx_word' id='word_1_624' title='bbox 2633 3307 2720 3347; x_wconf 87' lang='lat' dir='ltr'><strong>me</strong></span> <span class='ocrx_word' id='word_1_625' title='bbox 2769 3293 2909 3348; x_wconf 90' lang='lat' dir='ltr'><strong>sicut</strong></span> <span class='ocrx_word' id='word_1_626' title='bbox 2962 3293 3232 3348; x_wconf 75' lang='lat' dir='ltr'><strong>attrasisti</strong></span> <span class='ocrx_word' id='word_1_627' title='bbox 3290 3294 3572 3350; x_wconf 86' lang='lat' dir='ltr'><strong>mulierem</strong></span> 
     </span>
    </p>
   </div>
   <div class='ocr_carea' id='block_1_93' title="bbox 1985 3382 3574 3454">
    <p class='ocr_par' dir='ltr' id='par_1_93' title="bbox 1985 3382 3574 3454">
     <span class='ocr_line' id='line_1_93' title="bbox 1985 3382 3574 3454; baseline 0.002 -16"><span class='ocrx_word' id='word_1_628' title='bbox 1985 3383 2362 3454; x_wconf 87' lang='lat' dir='ltr'><strong>peccatricem.</strong></span> <span class='ocrx_word' id='word_1_629' title='bbox 2393 3383 2543 3438; x_wconf 91' lang='lat' dir='ltr'><strong>Dona</strong></span> <span class='ocrx_word' id='word_1_630' title='bbox 2568 3382 2725 3449; x_wconf 89' lang='lat' dir='ltr'><strong>mihi,</strong></span> <span class='ocrx_word' id='word_1_631' title='bbox 2757 3383 2897 3438; x_wconf 88' lang='lat' dir='ltr'><strong>sicut</strong></span> <span class='ocrx_word' id='word_1_632' title='bbox 2933 3384 3147 3438; x_wconf 91' lang='lat' dir='ltr'><strong>donasti</strong></span> <span class='ocrx_word' id='word_1_633' title='bbox 3177 3384 3276 3451; x_wconf 90' lang='lat' dir='ltr'><strong>illi,</strong></span> <span class='ocrx_word' id='word_1_634' title='bbox 3323 3401 3430 3439; x_wconf 88' lang='lat' dir='ltr'><strong>non</strong></span> <span class='ocrx_word' id='word_1_635' title='bbox 3457 3401 3574 3441; x_wconf 81' lang='lat' dir='ltr'><strong>ces-</strong></span> 
     </span>
    </p>
   </div>
   <div class='ocr_carea' id='block_1_94' title="bbox 1987 3473 3576 3547">
    <p class='ocr_par' dir='ltr' id='par_1_94' title="bbox 1987 3473 3576 3547">
     <span class='ocr_line' id='line_1_94' title="bbox 1987 3473 3576 3547; baseline -0.001 -16"><span class='ocrx_word' id='word_1_636' title='bbox 1987 3491 2111 3531; x_wconf 86' lang='lat' dir='ltr'><strong>sare</strong></span> <span class='ocrx_word' id='word_1_637' title='bbox 2153 3473 2387 3530; x_wconf 87' lang='lat' dir='ltr'><strong>osculari</strong></span> <span class='ocrx_word' id='word_1_638' title='bbox 2416 3474 2582 3546; x_wconf 85' lang='lat' dir='ltr'><strong>pedes</strong></span> <span class='ocrx_word' id='word_1_639' title='bbox 2611 3483 2756 3540; x_wconf 91' lang='lat' dir='ltr'><strong>tuos,</strong></span> <span class='ocrx_word' id='word_1_640' title='bbox 2787 3474 2964 3544; x_wconf 85' lang='lat' dir='ltr'><strong>rigare</strong></span> <span class='ocrx_word' id='word_1_641' title='bbox 2991 3474 3268 3546; x_wconf 83' lang='lat' dir='ltr'><strong>lacrymis,</strong></span> <span class='ocrx_word' id='word_1_642' title='bbox 3293 3483 3576 3547; x_wconf 75' lang='lat' dir='ltr'><strong>extergere</strong></span> 
     </span>
    </p>
   </div>
   <div class='ocr_carea' id='block_1_95' title="bbox 1987 3567 3575 3640">
    <p class='ocr_par' dir='ltr' id='par_1_95' title="bbox 1987 3567 3575 3640">
     <span class='ocr_line' id='line_1_95' title="bbox 1987 3567 3575 3640; baseline 0.001 -18"><span class='ocrx_word' id='word_1_643' title='bbox 1987 3567 2216 3639; x_wconf 88' lang='lat' dir='ltr'><strong>capillis.</strong></span> <span class='ocrx_word' id='word_1_644' title='bbox 2257 3568 2505 3624; x_wconf 88' lang='lat' dir='ltr'><strong>Concede</strong></span> <span class='ocrx_word' id='word_1_645' title='bbox 2535 3567 2693 3634; x_wconf 90' lang='lat' dir='ltr'><strong>mihi,</strong></span> <span class='ocrx_word' id='word_1_646' title='bbox 2739 3575 2798 3623; x_wconf 91' lang='lat' dir='ltr'><strong>at</strong></span> <span class='ocrx_word' id='word_1_647' title='bbox 2826 3567 3122 3624; x_wconf 90' lang='lat' dir='ltr'><strong>secundum</strong></span> <span class='ocrx_word' id='word_1_648' title='bbox 3153 3569 3575 3640; x_wconf 80' lang='lat' dir='ltr'><strong>magnitudinem</strong></span> 
     </span>
    </p>
   </div>
   <div class='ocr_carea' id='block_1_96' title="bbox 1988 3659 3575 3732">
    <p class='ocr_par' dir='ltr' id='par_1_96' title="bbox 1988 3659 3575 3732">
     <span class='ocr_line' id='line_1_96' title="bbox 1988 3659 3575 3732; baseline 0.001 -18"><span class='ocrx_word' id='word_1_649' title='bbox 1988 3659 2336 3729; x_wconf 85' lang='lat' dir='ltr'><strong>iniquitatam</strong></span> <span class='ocrx_word' id='word_1_650' title='bbox 2384 3675 2628 3714; x_wconf 87' lang='lat' dir='ltr'><strong>mearum</strong></span> <span class='ocrx_word' id='word_1_651' title='bbox 2669 3659 2740 3714; x_wconf 90' lang='lat' dir='ltr'><strong>sit</strong></span> <span class='ocrx_word' id='word_1_652' title='bbox 2778 3675 2973 3732; x_wconf 89' lang='lat' dir='ltr'><strong>magna</strong></span> <span class='ocrx_word' id='word_1_653' title='bbox 3005 3659 3220 3715; x_wconf 89' lang='lat' dir='ltr'><strong>dilectio</strong></span> <span class='ocrx_word' id='word_1_654' title='bbox 3248 3676 3368 3716; x_wconf 90' lang='lat' dir='ltr'><strong>mea</strong></span> <span class='ocrx_word' id='word_1_655' title='bbox 3397 3663 3448 3716; x_wconf 92' lang='lat' dir='ltr'><strong>in</strong></span> <span class='ocrx_word' id='word_1_656' title='bbox 3483 3672 3534 3718; x_wconf 90' lang='lat' dir='ltr'><strong>te</strong></span> <span class='ocrx_word' id='word_1_657' title='bbox 3565 3682 3575 3716; x_wconf 91' lang='lat'><strong>:</strong></span> 
     </span>
    </p>
   </div>
   <div class='ocr_carea' id='block_1_97' title="bbox 1989 3750 3579 3821">
    <p class='ocr_par' dir='ltr' id='par_1_97' title="bbox 1989 3750 3579 3821">
     <span class='ocr_line' id='line_1_97' title="bbox 1989 3750 3579 3821; baseline 0.003 -17"><span class='ocrx_word' id='word_1_658' title='bbox 1989 3758 2047 3804; x_wconf 82' lang='lat' dir='ltr'><strong>ut</strong></span> <span class='ocrx_word' id='word_1_659' title='bbox 2071 3759 2293 3821; x_wconf 88' lang='lat' dir='ltr'><strong>propter</strong></span> <span class='ocrx_word' id='word_1_660' title='bbox 2312 3750 2632 3805; x_wconf 90' lang='lat' dir='ltr'><strong>immensam</strong></span> <span class='ocrx_word' id='word_1_661' title='bbox 2658 3750 2914 3819; x_wconf 88' lang='lat' dir='ltr'><strong>pietatem</strong></span> <span class='ocrx_word' id='word_1_662' title='bbox 2944 3759 3094 3805; x_wconf 90' lang='lat' dir='ltr'><strong>tuam</strong></span> <span class='ocrx_word' id='word_1_663' title='bbox 3120 3752 3302 3806; x_wconf 90' lang='lat' dir='ltr'><strong>omnia</strong></span> <span class='ocrx_word' id='word_1_664' title='bbox 3339 3753 3579 3808; x_wconf 90' lang='lat' dir='ltr'><strong>dimittas</strong></span> 
     </span>
    </p>
   </div>
   <div class='ocr_carea' id='block_1_98' title="bbox 1991 3839 3580 3910">
    <p class='ocr_par' dir='ltr' id='par_1_98' title="bbox 1991 3839 3580 3910">
     <span class='ocr_line' id='line_1_98' title="bbox 1991 3839 3580 3910; baseline 0 -15"><span class='ocrx_word' id='word_1_665' title='bbox 1991 3841 2142 3895; x_wconf 82' lang='lat' dir='ltr'><strong>mihi.</strong></span> <span class='ocrx_word' id='word_1_666' title='bbox 2185 3839 2405 3910; x_wconf 85' lang='lat' dir='ltr'><strong>Largire</strong></span> <span class='ocrx_word' id='word_1_667' title='bbox 2452 3839 2582 3891; x_wconf 91' lang='lat' dir='ltr'><strong>mihi</strong></span> <span class='ocrx_word' id='word_1_668' title='bbox 2630 3839 2696 3892; x_wconf 89' lang='lat' dir='ltr'><strong>de</strong></span> <span class='ocrx_word' id='word_1_669' title='bbox 2741 3840 3029 3907; x_wconf 87' lang='lat' dir='ltr'><strong>praeteritis</strong></span> <span class='ocrx_word' id='word_1_670' title='bbox 3072 3839 3308 3903; x_wconf 83' lang='lat' dir='ltr'><strong>veniam,</strong></span> <span class='ocrx_word' id='word_1_671' title='bbox 3351 3840 3420 3893; x_wconf 90' lang='lat' dir='ltr'><strong>de</strong></span> <span class='ocrx_word' id='word_1_672' title='bbox 3437 3855 3580 3910; x_wconf 71' lang='lat' dir='ltr'><strong>prte-</strong></span> 
     </span>
    </p>
   </div>
   <div class='ocr_carea' id='block_1_99' title="bbox 1991 3924 3575 3992">
    <p class='ocr_par' dir='ltr' id='par_1_99' title="bbox 1991 3924 3575 3992">
     <span class='ocr_line' id='line_1_99' title="bbox 1991 3924 3575 3992; baseline -0.003 -6"><span class='ocrx_word' id='word_1_673' title='bbox 1991 3929 2236 3986; x_wconf 88' lang='lat' dir='ltr'><strong>sentibus</strong></span> <span class='ocrx_word' id='word_1_674' title='bbox 2278 3926 2437 3981; x_wconf 89' lang='lat' dir='ltr'><strong>malis</strong></span> <span class='ocrx_word' id='word_1_675' title='bbox 2484 3926 2892 3992; x_wconf 88' lang='lat' dir='ltr'><strong>continentiam,</strong></span> <span class='ocrx_word' id='word_1_676' title='bbox 2938 3926 3005 3980; x_wconf 88' lang='lat' dir='ltr'><strong>de</strong></span> <span class='ocrx_word' id='word_1_677' title='bbox 3039 3924 3237 3981; x_wconf 82' lang='lat' dir='ltr'><strong>futuris</strong></span> <span class='ocrx_word' id='word_1_678' title='bbox 3286 3927 3575 3982; x_wconf 89' lang='lat' dir='ltr'><strong>cautelam.</strong></span> 
     </span>
    </p>
   </div>
   <div class='ocr_carea' id='block_1_100' title="bbox 1989 4019 3581 4090">
    <p class='ocr_par' dir='ltr' id='par_1_100' title="bbox 1989 4019 3581 4090">
     <span class='ocr_line' id='line_1_100' title="bbox 1989 4019 3581 4090; baseline 0.001 -14"><span class='ocrx_word' id='word_1_679' title='bbox 1989 4021 2101 4078; x_wconf 88' lang='lat' dir='ltr'><strong>Fac</strong></span> <span class='ocrx_word' id='word_1_680' title='bbox 2147 4037 2256 4088; x_wconf 90' lang='lat' dir='ltr'><strong>me,</strong></span> <span class='ocrx_word' id='word_1_681' title='bbox 2311 4020 2627 4090; x_wconf 89' lang='lat' dir='ltr'><strong>priusquam</strong></span> <span class='ocrx_word' id='word_1_682' title='bbox 2675 4019 2916 4082; x_wconf 88' lang='lat' dir='ltr'><strong>moriar,</strong></span> <span class='ocrx_word' id='word_1_683' title='bbox 2973 4019 3228 4087; x_wconf 89' lang='lat' dir='ltr'><strong>consequi</strong></span> <span class='ocrx_word' id='word_1_684' title='bbox 3269 4019 3581 4090; x_wconf 87' lang='lat' dir='ltr'><strong>plenissime</strong></span> 
     </span>
    </p>
   </div>
   <div class='ocr_carea' id='block_1_101' title="bbox 1991 4116 3579 4181">
    <p class='ocr_par' dir='ltr' id='par_1_101' title="bbox 1991 4116 3579 4181">
     <span class='ocr_line' id='line_1_101' title="bbox 1991 4116 3579 4181; baseline -0.001 -4"><span class='ocrx_word' id='word_1_685' title='bbox 1991 4121 2423 4178; x_wconf 80' lang='lat' dir='ltr'><strong>misericordiam</strong></span> <span class='ocrx_word' id='word_1_686' title='bbox 2455 4125 2624 4181; x_wconf 86' lang='lat' dir='ltr'><strong>tuam,</strong></span> <span class='ocrx_word' id='word_1_687' title='bbox 2670 4123 2725 4170; x_wconf 90' lang='lat' dir='ltr'><strong>et</strong></span> <span class='ocrx_word' id='word_1_688' title='bbox 2760 4131 2826 4170; x_wconf 89' lang='lat' dir='ltr'><strong>ne</strong></span> <span class='ocrx_word' id='word_1_689' title='bbox 2855 4116 2970 4171; x_wconf 87' lang='lat' dir='ltr'><strong>dies</strong></span> <span class='ocrx_word' id='word_1_690' title='bbox 2996 4131 3145 4170; x_wconf 88' lang='lat' dir='ltr'><strong>meos</strong></span> <span class='ocrx_word' id='word_1_691' title='bbox 3171 4125 3295 4172; x_wconf 90' lang='lat' dir='ltr'><strong>ante</strong></span> <span class='ocrx_word' id='word_1_692' title='bbox 3325 4116 3467 4174; x_wconf 81' lang='lat' dir='ltr'><strong>(iniri</strong></span> <span class='ocrx_word' id='word_1_693' title='bbox 3508 4120 3579 4176; x_wconf 86' lang='lat' dir='ltr'><strong>si-</strong></span> 
     </span>
    </p>
   </div>
   <div class='ocr_carea' id='block_1_102' title="bbox 1993 4208 3577 4284">
    <p class='ocr_par' dir='ltr' id='par_1_102' title="bbox 1993 4208 3577 4284">
     <span class='ocr_line' id='line_1_102' title="bbox 1993 4208 3577 4284; baseline -0.004 -15"><span class='ocrx_word' id='word_1_694' title='bbox 1993 4230 2113 4279; x_wconf 90' lang='lat' dir='ltr'><strong>nas,</strong></span> <span class='ocrx_word' id='word_1_695' title='bbox 2151 4228 2313 4284; x_wconf 89' lang='lat' dir='ltr'><strong>quam</strong></span> <span class='ocrx_word' id='word_1_696' title='bbox 2342 4218 2564 4282; x_wconf 88' lang='lat' dir='ltr'><strong>peccata</strong></span> <span class='ocrx_word' id='word_1_697' title='bbox 2595 4208 2836 4264; x_wconf 87' lang='lat' dir='ltr'><strong>dimittas</strong></span> <span class='ocrx_word' id='word_1_698' title='bbox 2862 4227 2875 4263; x_wconf 92' lang='lat'><strong>:</strong></span> <span class='ocrx_word' id='word_1_699' title='bbox 2904 4209 3000 4265; x_wconf 88' lang='lat' dir='ltr'><strong>sed</strong></span> <span class='ocrx_word' id='word_1_700' title='bbox 3043 4209 3185 4265; x_wconf 89' lang='lat' dir='ltr'><strong>sicut</strong></span> <span class='ocrx_word' id='word_1_701' title='bbox 3220 4209 3322 4270; x_wconf 86' lang='lat' dir='ltr'><strong>vis,</strong></span> <span class='ocrx_word' id='word_1_702' title='bbox 3355 4219 3410 4267; x_wconf 88' lang='lat' dir='ltr'><strong>et</strong></span> <span class='ocrx_word' id='word_1_703' title='bbox 3435 4212 3577 4267; x_wconf 84' lang='lat' dir='ltr'><strong>sicut</strong></span> 
     </span>
    </p>
   </div>
   <div class='ocr_carea' id='block_1_103' title="bbox 1995 4303 2566 4374">
    <p class='ocr_par' dir='ltr' id='par_1_103' title="bbox 1995 4303 2566 4374">
     <span class='ocr_line' id='line_1_103' title="bbox 1995 4303 2566 4374; baseline -0.012 -10"><span class='ocrx_word' id='word_1_704' title='bbox 1995 4307 2124 4374; x_wconf 87' lang='lat' dir='ltr'><strong>scis,</strong></span> <span class='ocrx_word' id='word_1_705' title='bbox 2150 4307 2413 4360; x_wconf 82' lang='lat' dir='ltr'><strong>miserere</strong></span> <span class='ocrx_word' id='word_1_706' title='bbox 2439 4303 2566 4358; x_wconf 90' lang='lat' dir='ltr'><strong>mei.</strong></span> 
     </span>
    </p>
   </div>
   <div class='ocr_carea' id='block_1_104' title="bbox 2058 4405 3513 4470">
    <p class='ocr_par' dir='ltr' id='par_1_104' title="bbox 2058 4405 3513 4470">
     <span class='ocr_line' id='line_1_104' title="bbox 2058 4405 3513 4470; baseline -0.001 -13"><span class='ocrx_word' id='word_1_707' title='bbox 2058 4408 2362 4457; x_wconf 66' lang='grc' dir='ltr'>ιιιιικι</span> <span class='ocrx_word' id='word_1_708' title='bbox 2401 4406 2558 4454; x_wconf 64' lang='grc' dir='ltr'><strong>»ιο</strong></span> <span class='ocrx_word' id='word_1_709' title='bbox 2596 4405 3076 4470; x_wconf 69' lang='grc' dir='ltr'><strong>ρυιαωιρυι</strong></span> <span class='ocrx_word' id='word_1_710' title='bbox 3117 4406 3513 4456; x_wconf 67' lang='grc' dir='ltr'><strong>τιιεσω-</strong></span> 
     </span>
    </p>
   </div>
   <div class='ocr_carea' id='block_1_105' title="bbox 2421 4477 3135 4525">
    <p class='ocr_par' dir='ltr' id='par_1_105' title="bbox 2421 4477 3135 4525">
     <span class='ocr_line' id='line_1_105' title="bbox 2421 4477 3135 4525; baseline -0.006 0"><span class='ocrx_word' id='word_1_711' title='bbox 2421 4477 2668 4525; x_wconf 64' lang='grc' dir='ltr'><strong>ἸῙΟΠΕ</strong></span> <span class='ocrx_word' id='word_1_712' title='bbox 2705 4477 3025 4524; x_wconf 59' lang='lat' dir='ltr'><strong>“HTLR</strong></span> <span class='ocrx_word' id='word_1_713' title='bbox 3035 4477 3135 4523; x_wconf 72' lang='grc' dir='ltr'>ιιι.</span> 
     </span>
    </p>
   </div>
   <div class='ocr_carea' id='block_1_106' title="bbox 2609 4553 2952 4610">
    <p class='ocr_par' dir='ltr' id='par_1_106' title="bbox 2609 4553 2952 4610">
     <span class='ocr_line' id='line_1_106' title="bbox 2609 4553 2952 4610; baseline -0.009 0"><span class='ocrx_word' id='word_1_714' title='bbox 2609 4553 2952 4610; x_wconf 82' lang='lat' dir='ltr'><strong>PSALMUS.</strong></span> 
     </span>
    </p>
   </div>
   <div class='ocr_carea' id='block_1_107' title="bbox 2063 4643 3575 4723">
    <p class='ocr_par' dir='ltr' id='par_1_107' title="bbox 2063 4643 3575 4723">
     <span class='ocr_line' id='line_1_107' title="bbox 2063 4643 3575 4723; baseline -0.005 -19"><span class='ocrx_word' id='word_1_715' title='bbox 2063 4649 2245 4723; x_wconf 67' lang='lat' dir='ltr'><strong>(Psu.</strong></span> <span class='ocrx_word' id='word_1_716' title='bbox 2291 4647 2430 4719; x_wconf 73' lang='lat' dir='ltr'><strong>ut.)</strong></span> <span class='ocrx_word' id='word_1_717' title='bbox 2460 4647 2489 4688; x_wconf 71' lang='grc' dir='ltr'>ιδ</span> <span class='ocrx_word' id='word_1_718' title='bbox 2519 4646 2681 4711; x_wconf 90' lang='lat' dir='ltr'><strong>Deus,</strong></span> <span class='ocrx_word' id='word_1_719' title='bbox 2715 4644 2859 4699; x_wconf 90' lang='lat' dir='ltr'><strong>Deus</strong></span> <span class='ocrx_word' id='word_1_720' title='bbox 2883 4659 3057 4709; x_wconf 86' lang='lat' dir='ltr'><strong>meus,</strong></span> <span class='ocrx_word' id='word_1_721' title='bbox 3088 4645 3301 4715; x_wconf 90' lang='lat' dir='ltr'><strong>respice</strong></span> <span class='ocrx_word' id='word_1_722' title='bbox 3347 4643 3400 4698; x_wconf 92' lang='lat' dir='ltr'><strong>in</strong></span> <span class='ocrx_word' id='word_1_723' title='bbox 3449 4657 3575 4698; x_wconf 89' lang='lat' dir='ltr'><strong>me:</strong></span> 
     </span>
    </p>
   </div>
   <div class='ocr_carea' id='block_1_108' title="bbox 1989 4732 3579 4810">
    <p class='ocr_par' dir='ltr' id='par_1_108' title="bbox 1989 4732 3579 4810">
     <span class='ocr_line' id='line_1_108' title="bbox 1989 4732 3579 4810; baseline -0.003 -16"><span class='ocrx_word' id='word_1_724' title='bbox 1989 4753 2162 4810; x_wconf 85' lang='lat' dir='ltr'><strong>quare</strong></span> <span class='ocrx_word' id='word_1_725' title='bbox 2205 4754 2293 4794; x_wconf 89' lang='lat' dir='ltr'><strong>me</strong></span> <span class='ocrx_word' id='word_1_726' title='bbox 2337 4735 2716 4807; x_wconf 82' lang='lat' dir='ltr'><strong>dereliquisti?</strong></span> <span class='ocrx_word' id='word_1_727' title='bbox 2769 4735 2928 4805; x_wconf 89' lang='lat' dir='ltr'><strong>longe</strong></span> <span class='ocrx_word' id='word_1_728' title='bbox 2958 4749 2988 4787; x_wconf 88' lang='lat' dir='ltr'><strong>a</strong></span> <span class='ocrx_word' id='word_1_729' title='bbox 3019 4732 3194 4789; x_wconf 89' lang='lat' dir='ltr'><strong>salute</strong></span> <span class='ocrx_word' id='word_1_730' title='bbox 3241 4747 3361 4788; x_wconf 89' lang='lat' dir='ltr'><strong>mea</strong></span> <span class='ocrx_word' id='word_1_731' title='bbox 3410 4734 3579 4790; x_wconf 87' lang='lat' dir='ltr'><strong>verba</strong></span> 
     </span>
    </p>
   </div>
   <div class='ocr_carea' id='block_1_109' title="bbox 1993 4823 3580 4895">
    <p class='ocr_par' dir='ltr' id='par_1_109' title="bbox 1993 4823 3580 4895">
     <span class='ocr_line' id='line_1_109' title="bbox 1993 4823 3580 4895; baseline -0.004 -10"><span class='ocrx_word' id='word_1_732' title='bbox 1993 4829 2314 4885; x_wconf 86' lang='lat' dir='ltr'><strong>delictorum</strong></span> <span class='ocrx_word' id='word_1_733' title='bbox 2361 4841 2627 4882; x_wconf 87' lang='lat' dir='ltr'><strong>meorum.</strong></span> <span class='ocrx_word' id='word_1_734' title='bbox 2671 4823 2815 4879; x_wconf 88' lang='lat' dir='ltr'><strong>Deus</strong></span> <span class='ocrx_word' id='word_1_735' title='bbox 2839 4838 2991 4879; x_wconf 87' lang='lat' dir='ltr'><strong>meus</strong></span> <span class='ocrx_word' id='word_1_736' title='bbox 3016 4823 3266 4880; x_wconf 89' lang='lat' dir='ltr'><strong>clamabo</strong></span> <span class='ocrx_word' id='word_1_737' title='bbox 3294 4839 3390 4895; x_wconf 86' lang='lat' dir='ltr'><strong>per</strong></span> <span class='ocrx_word' id='word_1_738' title='bbox 3417 4825 3580 4884; x_wconf 89' lang='lat' dir='ltr'><strong>diem.</strong></span> 
     </span>
    </p>
   </div>
   <div class='ocr_carea' id='block_1_110' title="bbox 1992 4915 3581 4988">
    <p class='ocr_par' dir='ltr' id='par_1_110' title="bbox 1992 4915 3581 4988">
     <span class='ocr_line' id='line_1_110' title="bbox 1992 4915 3581 4988; baseline -0.004 -11"><span class='ocrx_word' id='word_1_739' title='bbox 1992 4931 2050 4978; x_wconf 89' lang='lat' dir='ltr'><strong>et</strong></span> <span class='ocrx_word' id='word_1_740' title='bbox 2098 4936 2206 4975; x_wconf 86' lang='lat' dir='ltr'><strong>non</strong></span> <span class='ocrx_word' id='word_1_741' title='bbox 2251 4919 2551 4974; x_wconf 78' lang='lat' dir='ltr'><strong>exaudies:</strong></span> <span class='ocrx_word' id='word_1_742' title='bbox 2579 4923 2636 4973; x_wconf 89' lang='lat' dir='ltr'><strong>et</strong></span> <span class='ocrx_word' id='word_1_743' title='bbox 2671 4924 2853 4983; x_wconf 89' lang='lat' dir='ltr'><strong>nocte,</strong></span> <span class='ocrx_word' id='word_1_744' title='bbox 2883 4926 2939 4972; x_wconf 91' lang='lat' dir='ltr'><strong>et</strong></span> <span class='ocrx_word' id='word_1_745' title='bbox 2967 4932 3074 4972; x_wconf 92' lang='lat' dir='ltr'><strong>non</strong></span> <span class='ocrx_word' id='word_1_746' title='bbox 3113 4915 3181 4972; x_wconf 93' lang='lat' dir='ltr'><strong>ad</strong></span> <span class='ocrx_word' id='word_1_747' title='bbox 3213 4917 3581 4988; x_wconf 82' lang='lat' dir='ltr'><strong>insipientiam</strong></span> 
     </span>
    </p>
   </div>
   <div class='ocr_carea' id='block_1_111' title="bbox 1995 5005 3644 5074">
    <p class='ocr_par' dir='ltr' id='par_1_111' title="bbox 1995 5005 3644 5074">
     <span class='ocr_line' id='line_1_111' title="bbox 1995 5005 3644 5074; baseline -0.004 -6"><span class='ocrx_word' id='word_1_748' title='bbox 1995 5011 2148 5067; x_wconf 87' lang='lat' dir='ltr'><strong>mihi.</strong></span> <span class='ocrx_word' id='word_1_749' title='bbox 2190 5008 2270 5064; x_wconf 87' lang='lat' dir='ltr'><strong>Tu</strong></span> <span class='ocrx_word' id='word_1_750' title='bbox 2311 5017 2493 5064; x_wconf 89' lang='lat' dir='ltr'><strong>autem</strong></span> <span class='ocrx_word' id='word_1_751' title='bbox 2530 5008 2587 5065; x_wconf 83' lang='lat' dir='ltr'><strong>ir.</strong></span> <span class='ocrx_word' id='word_1_752' title='bbox 2619 5014 2808 5064; x_wconf 82' lang='lat' dir='ltr'><strong>sancto</strong></span> <span class='ocrx_word' id='word_1_753' title='bbox 2848 5008 3081 5074; x_wconf 90' lang='lat' dir='ltr'><strong>habitas,</strong></span> <span class='ocrx_word' id='word_1_754' title='bbox 3127 5007 3246 5064; x_wconf 89' lang='lat' dir='ltr'><strong>laus</strong></span> <span class='ocrx_word' id='word_1_755' title='bbox 3292 5007 3476 5064; x_wconf 86' lang='lat' dir='ltr'><strong>Israel.</strong></span> <span class='ocrx_word' id='word_1_756' title='bbox 3524 5005 3581 5062; x_wconf 91' lang='lat' dir='ltr'><strong>In</strong></span> <span class='ocrx_word' id='word_1_757' title='bbox 3629 5005 3644 5023; x_wconf 88' lang='lat'><strong>‘</strong></span> 
     </span>
    </p>
   </div>
   <div class='ocr_carea' id='block_1_112' title="bbox 1995 5095 3584 5170">
    <p class='ocr_par' dir='ltr' id='par_1_112' title="bbox 1995 5095 3584 5170">
     <span class='ocr_line' id='line_1_112' title="bbox 1995 5095 3584 5170; baseline -0.003 -14"><span class='ocrx_word' id='word_1_758' title='bbox 1995 5109 2051 5156; x_wconf 86' lang='lat' dir='ltr'><strong>te</strong></span> <span class='ocrx_word' id='word_1_759' title='bbox 2075 5107 2429 5170; x_wconf 71' lang='lat' dir='ltr'><strong>speraverant</strong></span> <span class='ocrx_word' id='word_1_760' title='bbox 2461 5110 2644 5169; x_wconf 55' lang='lat' dir='ltr'><strong>pares</strong></span> <span class='ocrx_word' id='word_1_761' title='bbox 2669 5097 2842 5152; x_wconf 85' lang='lat' dir='ltr'><strong>nostri</strong></span> <span class='ocrx_word' id='word_1_762' title='bbox 2867 5114 2880 5150; x_wconf 93' lang='lat'><strong>:</strong></span> <span class='ocrx_word' id='word_1_763' title='bbox 2909 5105 3355 5167; x_wconf 87' lang='lat' dir='ltr'><strong>speraverant,et</strong></span> <span class='ocrx_word' id='word_1_764' title='bbox 3383 5095 3584 5152; x_wconf 86' lang='lat' dir='ltr'><strong>libera-</strong></span> 
     </span>
    </p>
   </div>
   <div class='ocr_carea' id='block_1_113' title="bbox 1997 5186 3587 5253">
    <p class='ocr_par' dir='ltr' id='par_1_113' title="bbox 1997 5186 3587 5253">
     <span class='ocr_line' id='line_1_113' title="bbox 1997 5186 3587 5253; baseline -0.003 -6"><span class='ocrx_word' id='word_1_765' title='bbox 1997 5191 2073 5247; x_wconf 90' lang='lat' dir='ltr'><strong>sti</strong></span> <span class='ocrx_word' id='word_1_766' title='bbox 2099 5206 2212 5246; x_wconf 76' lang='lat' dir='ltr'><strong>eos.</strong></span> <span class='ocrx_word' id='word_1_767' title='bbox 2243 5189 2327 5244; x_wconf 72' lang='lat' dir='ltr'><strong>Ad</strong></span> <span class='ocrx_word' id='word_1_768' title='bbox 2361 5201 2411 5244; x_wconf 87' lang='lat' dir='ltr'><strong>te</strong></span> <span class='ocrx_word' id='word_1_769' title='bbox 2435 5189 2830 5253; x_wconf 87' lang='lat' dir='ltr'><strong>clamaverant,</strong></span> <span class='ocrx_word' id='word_1_770' title='bbox 2868 5196 2924 5242; x_wconf 84' lang='lat' dir='ltr'><strong>et</strong></span> <span class='ocrx_word' id='word_1_771' title='bbox 2958 5187 3092 5242; x_wconf 88' lang='lat' dir='ltr'><strong>salvi</strong></span> <span class='ocrx_word' id='word_1_772' title='bbox 3116 5186 3244 5242; x_wconf 78' lang='lat' dir='ltr'><strong>facti</strong></span> <span class='ocrx_word' id='word_1_773' title='bbox 3276 5195 3429 5242; x_wconf 87' lang='lat' dir='ltr'><strong>sunt:</strong></span> <span class='ocrx_word' id='word_1_774' title='bbox 3454 5187 3508 5242; x_wconf 91' lang='lat' dir='ltr'><strong>in</strong></span> <span class='ocrx_word' id='word_1_775' title='bbox 3531 5194 3587 5242; x_wconf 85' lang='lat' dir='ltr'><strong>te</strong></span> 
     </span>
    </p>
   </div>
   <div class='ocr_carea' id='block_1_114' title="bbox 2001 5275 3586 5351">
    <p class='ocr_par' dir='ltr' id='par_1_114' title="bbox 2001 5275 3586 5351">
     <span class='ocr_line' id='line_1_114' title="bbox 2001 5275 3586 5351; baseline -0.002 -16"><span class='ocrx_word' id='word_1_776' title='bbox 2001 5285 2376 5351; x_wconf 79' lang='lat' dir='ltr'><strong>speraverant,</strong></span> <span class='ocrx_word' id='word_1_777' title='bbox 2421 5285 2476 5332; x_wconf 91' lang='lat' dir='ltr'><strong>et</strong></span> <span class='ocrx_word' id='word_1_778' title='bbox 2516 5292 2624 5332; x_wconf 91' lang='lat' dir='ltr'><strong>non</strong></span> <span class='ocrx_word' id='word_1_779' title='bbox 2653 5285 2780 5332; x_wconf 90' lang='lat' dir='ltr'><strong>sunt</strong></span> <span class='ocrx_word' id='word_1_780' title='bbox 2806 5275 3037 5332; x_wconf 81' lang='lat' dir='ltr'><strong>confusi.</strong></span> <span class='ocrx_word' id='word_1_781' title='bbox 3084 5275 3197 5347; x_wconf 83' lang='lat' dir='ltr'><strong>Ego</strong></span> <span class='ocrx_word' id='word_1_782' title='bbox 3237 5285 3419 5332; x_wconf 85' lang='lat' dir='ltr'><strong>autem</strong></span> <span class='ocrx_word' id='word_1_783' title='bbox 3464 5292 3586 5332; x_wconf 88' lang='lat' dir='ltr'><strong>sum</strong></span> 
     </span>
    </p>
   </div>
   <div class='ocr_carea' id='block_1_115' title="bbox 2002 5368 3586 5438">
    <p class='ocr_par' dir='ltr' id='par_1_115' title="bbox 2002 5368 3586 5438">
     <span class='ocr_line' id='line_1_115' title="bbox 2002 5368 3586 5438; baseline 0 -14"><span class='ocrx_word' id='word_1_784' title='bbox 2002 5371 2224 5436; x_wconf 88' lang='lat' dir='ltr'><strong>vermis,</strong></span> <span class='ocrx_word' id='word_1_785' title='bbox 2259 5379 2316 5424; x_wconf 90' lang='lat' dir='ltr'><strong>et</strong></span> <span class='ocrx_word' id='word_1_786' title='bbox 2343 5384 2450 5423; x_wconf 91' lang='lat' dir='ltr'><strong>non</strong></span> <span class='ocrx_word' id='word_1_787' title='bbox 2490 5369 2691 5424; x_wconf 88' lang='lat' dir='ltr'><strong>homo:</strong></span> <span class='ocrx_word' id='word_1_788' title='bbox 2719 5369 3066 5438; x_wconf 89' lang='lat' dir='ltr'><strong>opprobrium</strong></span> <span class='ocrx_word' id='word_1_789' title='bbox 3100 5368 3380 5423; x_wconf 90' lang='lat' dir='ltr'><strong>hominum</strong></span> <span class='ocrx_word' id='word_1_790' title='bbox 3408 5377 3464 5424; x_wconf 91' lang='lat' dir='ltr'><strong>et</strong></span> <span class='ocrx_word' id='word_1_791' title='bbox 3488 5369 3586 5424; x_wconf 82' lang='lat' dir='ltr'><strong>ab-</strong></span> 
     </span>
    </p>
   </div>
   <div class='ocr_carea' id='block_1_116' title="bbox 1997 5457 3585 5532">
    <p class='ocr_par' dir='ltr' id='par_1_116' title="bbox 1997 5457 3585 5532">
     <span class='ocr_line' id='line_1_116' title="bbox 1997 5457 3585 5532; baseline -0.002 -16"><span class='ocrx_word' id='word_1_792' title='bbox 1997 5461 2166 5532; x_wconf 88' lang='lat' dir='ltr'><strong>jectio</strong></span> <span class='ocrx_word' id='word_1_793' title='bbox 2206 5460 2398 5531; x_wconf 90' lang='lat' dir='ltr'><strong>plebis.</strong></span> <span class='ocrx_word' id='word_1_794' title='bbox 2444 5459 2644 5515; x_wconf 89' lang='lat' dir='ltr'><strong>Omnes</strong></span> <span class='ocrx_word' id='word_1_795' title='bbox 2682 5457 2928 5513; x_wconf 86' lang='lat' dir='ltr'><strong>videntes</strong></span> <span class='ocrx_word' id='word_1_796' title='bbox 2966 5473 3074 5527; x_wconf 88' lang='lat' dir='ltr'><strong>me,</strong></span> <span class='ocrx_word' id='word_1_797' title='bbox 3121 5459 3428 5521; x_wconf 85' lang='lat' dir='ltr'><strong>deriserunt</strong></span> <span class='ocrx_word' id='word_1_798' title='bbox 3461 5473 3585 5515; x_wconf 86' lang='lat' dir='ltr'><strong>me:</strong></span> 
     </span>
    </p>
   </div>
   <div class='ocr_carea' id='block_1_117' title="bbox 1997 5547 3588 5621">
    <p class='ocr_par' dir='ltr' id='par_1_117' title="bbox 1997 5547 3588 5621">
     <span class='ocr_line' id='line_1_117' title="bbox 1997 5547 3588 5621; baseline -0.004 -11"><span class='ocrx_word' id='word_1_799' title='bbox 1997 5551 2166 5611; x_wconf 90' lang='lat' dir='ltr'><strong>locuti</strong></span> <span class='ocrx_word' id='word_1_800' title='bbox 2196 5559 2321 5606; x_wconf 89' lang='lat' dir='ltr'><strong>sunt</strong></span> <span class='ocrx_word' id='word_1_801' title='bbox 2357 5550 2537 5614; x_wconf 85' lang='lat' dir='ltr'><strong>labiis,</strong></span> <span class='ocrx_word' id='word_1_802' title='bbox 2578 5557 2634 5602; x_wconf 91' lang='lat' dir='ltr'><strong>et</strong></span> <span class='ocrx_word' id='word_1_803' title='bbox 2673 5557 2960 5603; x_wconf 82' lang='lat' dir='ltr'><strong>moverunt</strong></span> <span class='ocrx_word' id='word_1_804' title='bbox 3006 5557 3186 5620; x_wconf 82' lang='lat' dir='ltr'><strong>caput.</strong></span> <span class='ocrx_word' id='word_1_805' title='bbox 3237 5547 3487 5621; x_wconf 88' lang='lat' dir='ltr'><strong>Speravit</strong></span> <span class='ocrx_word' id='word_1_806' title='bbox 3533 5549 3588 5604; x_wconf 84' lang='lat' dir='ltr'><strong>in</strong></span> 
     </span>
    </p>
   </div>
   <div class='ocr_carea' id='block_1_118' title="bbox 319 5637 3588 5718">
    <p class='ocr_par' dir='ltr' id='par_1_118' title="bbox 319 5637 3588 5718">
     <span class='ocr_line' id='line_1_118' title="bbox 319 5637 3588 5718; baseline -0.001 -17"><span class='ocrx_word' id='word_1_807' title='bbox 319 5646 525 5701; x_wconf 85' lang='lat' dir='ltr'><strong>manda</strong></span> <span class='ocrx_word' id='word_1_808' title='bbox 553 5647 882 5718; x_wconf 84' lang='lat' dir='ltr'><strong>cogitatione</strong></span> <span class='ocrx_word' id='word_1_809' title='bbox 914 5646 1114 5702; x_wconf 88' lang='lat' dir='ltr'><strong>liberes</strong></span> <span class='ocrx_word' id='word_1_810' title='bbox 1141 5660 1250 5700; x_wconf 89' lang='lat' dir='ltr'><strong>me.</strong></span> <span class='ocrx_word' id='word_1_811' title='bbox 1269 5643 1528 5702; x_wconf 86' lang='lat' dir='ltr'><strong>Miserere</strong></span> <span class='ocrx_word' id='word_1_812' title='bbox 1541 5643 1787 5713; x_wconf 85' lang='lat' dir='ltr'><strong>Domine,</strong></span> <span class='ocrx_word' id='word_1_813' title='bbox 1808 5644 1909 5701; x_wconf 87' lang='lat' dir='ltr'><strong>mi-</strong></span> <span class='ocrx_word' id='word_1_814' title='bbox 2009 5641 2260 5706; x_wconf 85' lang='lat' dir='ltr'><strong>Domino,</strong></span> <span class='ocrx_word' id='word_1_815' title='bbox 2306 5638 2501 5708; x_wconf 86' lang='lat' dir='ltr'><strong>eripiat</strong></span> <span class='ocrx_word' id='word_1_816' title='bbox 2535 5653 2659 5694; x_wconf 88' lang='lat' dir='ltr'><strong>eum</strong></span> <span class='ocrx_word' id='word_1_817' title='bbox 2689 5656 2701 5691; x_wconf 94' lang='lat'><strong>:</strong></span> <span class='ocrx_word' id='word_1_818' title='bbox 2729 5637 2938 5693; x_wconf 87' lang='lat' dir='ltr'><strong>salvam</strong></span> <span class='ocrx_word' id='word_1_819' title='bbox 2966 5637 3132 5695; x_wconf 76' lang='lat' dir='ltr'><strong>faciat</strong></span> <span class='ocrx_word' id='word_1_820' title='bbox 3153 5654 3296 5708; x_wconf 89' lang='lat' dir='ltr'><strong>eum,</strong></span> <span class='ocrx_word' id='word_1_821' title='bbox 3334 5639 3588 5712; x_wconf 88' lang='lat' dir='ltr'><strong>quoniam</strong></span> 
     </span>
    </p>
   </div>
   <div class='ocr_carea' id='block_1_119' title="bbox 402 5778 1377 5853">
    <p class='ocr_par' dir='ltr' id='par_1_119' title="bbox 402 5778 1377 5853">
     <span class='ocr_line' id='line_1_119' title="bbox 402 5778 1377 5853; baseline -0.002 -15"><span class='ocrx_word' id='word_1_822' title='bbox 402 5793 426 5818; x_wconf 83' lang='grc' dir='ltr'><strong>ι</strong></span> <span class='ocrx_word' id='word_1_823' title='bbox 450 5783 710 5852; x_wconf 69' lang='lat' dir='ltr'><strong>Martem,</strong></span> <span class='ocrx_word' id='word_1_824' title='bbox 733 5783 851 5840; x_wconf 88' lang='lat' dir='ltr'><strong>loco</strong></span> <span class='ocrx_word' id='word_1_825' title='bbox 885 5784 1074 5847; x_wconf 86' lang='lat' dir='ltr'><strong>citato,</strong></span> <span class='ocrx_word' id='word_1_826' title='bbox 1097 5795 1217 5853; x_wconf 89' lang='lat' dir='ltr'><strong>pag.</strong></span> <span class='ocrx_word' id='word_1_827' title='bbox 1253 5778 1377 5836; x_wconf 78' lang='lat'><strong>655.</strong></span> 
     </span>
    </p>
   </div>
   <div class='ocr_carea' id='block_1_120' title="bbox 2081 5771 3110 5862">
    <p class='ocr_par' dir='ltr' id='par_1_120' title="bbox 2081 5771 3110 5862">
     <span class='ocr_line' id='line_1_120' title="bbox 2081 5771 3110 5862; baseline -0.002 -31"><span class='ocrx_word' id='word_1_828' title='bbox 2081 5774 2115 5862; x_wconf 31' lang='grc' dir='ltr'><strong>,δ</strong></span> <span class='ocrx_word' id='word_1_829' title='bbox 2146 5772 2252 5832; x_wconf 83' lang='lat' dir='ltr'><strong>Pro</strong></span> <span class='ocrx_word' id='word_1_830' title='bbox 2276 5787 2376 5827; x_wconf 88' lang='lat' dir='ltr'><strong>usu</strong></span> <span class='ocrx_word' id='word_1_831' title='bbox 2396 5779 2611 5843; x_wconf 88' lang='lat' dir='ltr'><strong>quarto,</strong></span> <span class='ocrx_word' id='word_1_832' title='bbox 2642 5787 2825 5842; x_wconf 83' lang='lat' dir='ltr'><strong>supra,</strong></span> <span class='ocrx_word' id='word_1_833' title='bbox 2862 5771 2963 5825; x_wconf 87' lang='lat' dir='ltr'><strong>col.</strong></span> <span class='ocrx_word' id='word_1_834' title='bbox 2990 5771 3110 5830; x_wconf 68' lang='lat'><strong>467.</strong></span> 
     </span>
    </p>
   </div>
  </div>
