3894 6182
1250 306 1309 361 Β.
1348 305 1410 360 F.
1449 303 1676 360 ALBth
1710 303 1841 361 SEU
1880 303 2154 361 ALCUN
2191 299 2474 360 OPERUM
2507 298 2686 357 PARS
2721 298 2811 355 IV.

3553 298 3666 354 548

407 424 522 480 vult
547 436 691 478 eum.
729 419 993 488 Quoniam
1025 429 1080 475 tu
1109 435 1188 484 es,
1219 421 1312 488 qui
1341 421 1625 476 extraxisti
1651 435 1737 476 me
1766 421 1832 475 de
1855 435 1984 475 ven-
2009 429 2062 488 Α
2087 418 2210 473 dine
2252 417 2594 486 operantium
2643 414 3003 484 iniquitatem.
3050 410 3187 478 Quia
3231 425 3566 469 exacuerunt
3605 426 3670 470 ut

405 525 525 573 tre:
549 528 672 584 spes
709 528 829 569 mea
872 513 943 568 ab
985 512 1242 568 uberibus
1283 513 1478 567 matris
1509 526 1664 567 meae.
1696 512 1753 566 ln
1781 521 1834 568 te
1857 527 1985 583 pro-

407 609 580 678 iectus
599 621 717 662 sum
738 619 804 660 ex
819 614 970 661 utero
989 624 1002 659 :
1019 606 1084 661 de
1101 614 1290 660 ventre
1314 605 1506 660 matris
1523 620 1655 660 mea
1669 605 1812 661 Deus
1831 622 1986 663 meus

407 716 468 758 es
499 708 553 754 tu
585 715 601 765 ;
630 714 698 754 ne
721 699 834 769 80
858 699 1174 754 discesseris
1199 712 1230 750 a
1263 713 1368 752 me.
1407 696 1673 763 Quoniam
1711 697 1986 754 tribulatio

409 789 652 861 proxima
680 797 784 853 est,
811 788 1066 857 quoniam
1092 801 1200 840 non
1229 795 1314 840 est
1347 786 1441 854 qui
1469 785 1704 855 adjuvet.
1743 785 1987 842 Circum-

409 879 674 934 dederunt
699 892 788 932 me
814 876 967 931 vituli
991 876 1146 930 multi
1170 891 1183 928 :
1210 875 1352 928 tauri
1394 876 1620 945 pingues
1659 875 1990 931 obsederunt

413 985 521 1026 me.
540 971 881 1039 Aperuerunt
893 982 1057 1036 super
1067 981 1155 1021 me
1170 982 1232 1022 os
1243 981 1398 1022 suum
1419 985 1432 1019 :
1445 967 1590 1021 sicut
1604 967 1688 1021 leo
1701 967 1914 1036 rapiens
1932 975 1989 1020 et

410 1059 652 1131 rugiens.
677 1058 826 1112 Sicut
851 1072 990 1126 aqua
1011 1053 1213 1110 effusus
1231 1071 1379 1110 sum:
1403 1065 1458 1110 et
1479 1056 1714 1127 dispersa
1735 1066 1860 1112 sunt
1877 1071 1989 1110 om-

413 1151 499 1204 nia
531 1164 654 1204 ossa
682 1162 823 1202 mea.
853 1146 1073 1202 Factum
1105 1155 1191 1202 est
1235 1161 1330 1201 cor
1357 1162 1536 1202 meum
1577 1156 1830 1216 tanquam
1860 1161 1984 1201 cera

411 1243 717 1314 liquescens
741 1281 757 1307 ,
795 1242 850 1296 iu
881 1242 1060 1297 medio
1103 1243 1310 1297 ventris
1347 1243 1474 1297 mei.
1522 1243 1682 1298 Aruit
1728 1253 2027 1314 tanquam,

412 1341 551 1389 testa
565 1335 739 1388 virtus
754 1347 899 1398 mea,
911 1341 966 1386 et
983 1331 1162 1404 lingua
1183 1348 1303 1388 mea
1319 1333 1802 1390 adhmsitfaucibus
1819 1335 1955 1389 meis
1971 1352 1986 1388 :

411 1433 467 1478 et
491 1424 547 1478 iu
575 1423 854 1493 pulverem
882 1423 1075 1478 mortis
1121 1423 1391 1478 deduxisti
1435 1439 1541 1478 me.
1581 1424 1846 1491 Quoniam
1884 1426 1992 1481 cir-

411 1515 800 1570 cumdederunt
826 1528 911 1567 me
948 1529 1111 1569 canes
1147 1513 1302 1568 multi
1332 1532 1346 1568 :
1374 1514 1658 1569 consilium
1696 1515 1991 1586 malignan-

412 1607 546 1660 tium
577 1605 788 1660 obsedit
831 1620 938 1659 me.
983 1604 1259 1658 Foderunt
1302 1620 1495 1659 manus
1540 1620 1689 1660 meas
1733 1614 1790 1660 et
1830 1606 1992 1677 pedes

413 1711 586 1763 meos,
617 1704 671 1752 et
699 1695 1177 1751 dinumeraverunt
1203 1697 1383 1750 omnia
1411 1712 1535 1753 ossa
1564 1713 1704 1753 mea.
1733 1697 1838 1768 Ipsi
1862 1712 1991 1754 vero

2087 507 2322 578 gladium
2364 507 2573 577 linguas
2607 520 2758 570 suas,
2789 503 3134 558 intenderunt
3161 518 3348 558 arcum
3377 520 3491 559 rem
3514 520 3674 563 ama-

2087 615 2202 654 ram
2233 614 2246 653 :
2275 606 2334 653 ut
2379 598 2636 668 sagittent
2660 597 2713 652 in
2739 595 2966 651 occultis
2995 595 3422 652 immaculatum.
3471 597 3672 656 Subito

2085 691 2422 762 sagittabunt
2446 705 2592 754 eum,
2632 696 2687 744 et
2723 703 2828 743 non
2856 687 3155 742 timebunt:
3183 686 3535 744 firmaverunt
3559 691 3672 746 sibi

2085 795 2391 835 sermonem
2437 793 2692 848 nequam.
2744 776 3114 838 Narraverunt
3163 784 3223 830 ut
3272 777 3677 834 absconderant

2085 869 2345 940 laqueos:
2380 869 2672 923 dixerunt:
2701 867 2833 934 Quis
2876 867 3084 923 videbit
3119 868 3248 923 eos?
3277 868 3519 926 Scrutati
3543 882 3679 928 sunt

2086 961 2400 1032 iniquitates
2425 977 2439 1013 :
2468 958 2781 1014 defecerunt
2801 966 3105 1014 scrutantes
3132 960 3412 1015 scrutinio.
3435 961 3678 1017 Accedet
3705 961 3712 971 ⁸

2088 1049 2252 1105 homo
2295 1048 2363 1102 ad
2391 1063 2486 1102 cor
2523 1047 2726 1102 altum:
2757 1055 2813 1102 et
2859 1047 3189 1103 exaltabitur
3235 1049 3396 1104 Deus.
3449 1049 3678 1122 Sagittae

2087 1141 2437 1212 parvulorum
2481 1139 2637 1195 facta:
2677 1148 2802 1194 sunt
2837 1139 3006 1212 plaga:
3045 1155 3258 1207 eorum,
3303 1151 3358 1196 et
3386 1143 3680 1200 infirmata

2089 1241 2216 1290 sunt
2249 1243 2441 1288 contra
2468 1247 2562 1287 eos
2586 1232 2779 1302 linguae
2806 1247 3014 1287 eorum.
3061 1232 3378 1289 Conturbati
3407 1245 3537 1290 sunt
3559 1251 3678 1290 om—
3727 1283 3734 1294 γ

2089 1337 2188 1379 nes
2213 1324 2309 1393 qui
2333 1323 2588 1379 videbant
2615 1338 2708 1377 eos
2732 1341 2746 1375 :
2776 1330 2831 1377 et
2860 1323 3040 1377 timuit
3063 1324 3240 1378 omnis
3265 1325 3447 1379 homo.
3486 1325 3554 1379 Et
3580 1341 3678 1381 an-

2090 1414 2478 1469 nuntiaverunt
2517 1429 2682 1483 opera
2710 1412 2828 1476 Dei,
2859 1421 2914 1466 et
2938 1410 3079 1467 facta
3112 1413 3228 1481 ejus
3271 1414 3675 1470 intellexerunt.

2090 1504 2386 1561 Laetabitur
2412 1505 2466 1559 in
2503 1505 2754 1570 Domino,
2795 1511 2849 1559 et
2895 1503 3135 1575 sperabit
3165 1505 3221 1558 in
3261 1519 3327 1560 eo
3354 1523 3366 1558 :
3393 1514 3449 1560 et
3490 1505 3679 1562 lauda-

2092 1595 2292 1649 buntur
2321 1609 2512 1650 omnes
2537 1593 2671 1648 recti
2701 1593 2886 1648 corde.

2167 1685 2238 1740 Ut
2263 1703 2444 1755 supra.
2485 1684 2712 1755 Adjutor
2737 1685 2792 1738 in
2821 1684 3334 1755 opportunitatibus,
3369 1687 3422 1741 in
3449 1689 3678 1744 tribula-

413 1791 898 1846 consideraverunt
929 1797 982 1844 et
1009 1790 1361 1859 inspexerunt
1397 1805 1522 1846 me:
1551 1790 1850 1845 diviserunt
1887 1790 1989 1846 sibi
2021 1763 2066 1824 θ
2094 1777 2348 1841 tionibus:
2392 1791 2510 1845 (111³3
2555 1776 2874 1830 invenem“
2910 1789 3011 1830 nos
3054 1775 3233 1829 ηίῐηίε·
3284 1777 3517 1846 sperem
3543 1778 3598 1832 in
3625 1789 3680 1834 ιε

413 1880 736 1936 vestimenta
787 1893 930 1944 mea,
979 1886 1036 1934 et
1079 1893 1240 1948 super
1266 1889 1473 1934 vestem
1510 1893 1687 1934 meam
1728 1881 1994 1935 miserunt

414 1979 641 2026 sortem.
667 1969 748 2024 Tu
775 1979 976 2035 autem,
1006 1969 1256 2034 Domine,
1285 1986 1354 2024 ne
1375 1970 1712 2042 elongaveris
1732 1971 1992 2026 auxilium

414 2070 568 2115 tuum
595 2077 626 2115 a
650 2076 774 2116 me:
808 2061 875 2114 ad
915 2058 1281 2116 defensionem
1324 2076 1502 2116 meam
1539 2062 1810 2131 conspice.
1852 2062 1994 2116 Erue

415 2165 448 2204 a
482 2150 686 2220 framea
733 2151 967 2204 animam
1011 2166 1190 2205 meam
1222 2169 1233 2204 :
1269 2160 1326 2206 et
1366 2152 1434 2206 de
1479 2168 1637 2207 manu
1676 2153 1828 2208 canis
1870 2153 1993 2209 uni-

413 2256 535 2296 cam
581 2256 776 2296 meam.
811 2239 970 2295 Salva
1017 2256 1103 2296 me
1141 2256 1209 2296 ex
1253 2257 1347 2296 ore
1382 2241 1575 2308 leonis,
1603 2251 1659 2298 et
1687 2258 1717 2297 a
1743 2243 1995 2302 cornibus

414 2331 755 2386 unicornium
817 2331 1174 2386 humilitatem
1239 2348 1437 2388 meam.
1504 2333 1747 2390 Narrabo
1799 2349 1995 2388 nomen

416 2428 569 2474 tuum
598 2419 859 2474 fratribus
887 2422 1022 2475 meis
1048 2438 1060 2473 :
1091 2421 1143 2474 in
1173 2421 1352 2477 medio
1379 2421 1636 2478 Ecclesia:
1666 2423 1894 2478 laudabo
1921 2433 1992 2478 te.

416 2507 519 2576 Qui
563 2509 763 2564 timetis
798 2508 1108 2575 Dominum,
1136 2510 1350 2566 laudate
1379 2525 1540 2567 eum:
1571 2513 1882 2568 universum
1911 2528 1997 2568 se-

417 2614 540 2652 men
563 2597 728 2653 Jacob
753 2599 1050 2668 glorificate
1076 2616 1219 2655 eum.
1251 2601 1462 2656 Timeat
1481 2617 1604 2657 eum
1627 2618 1786 2659 omne
1810 2619 1996 2675 semen

415 2687 582 2742 Israel
608 2702 623 2740 :
657 2689 913 2758 quoniam
946 2704 1053 2744 non
1081 2690 1306 2760 sprevit,
1330 2703 1504 2760 neque
1531 2692 1775 2762 despexit
1800 2693 1995 2766 depre-

418 2777 688 2831 cationem
724 2777 998 2846 pauperis.
1034 2777 1144 2834 Nec
1171 2781 1366 2835 avertit
1391 2779 1587 2837 faciem
1611 2798 1764 2838 suam
1797 2799 1828 2838 a
1862 2800 1949 2840 me
1977 2803 1990 2840 :

417 2877 475 2922 et
498 2883 619 2922 cum
649 2868 940 2925 clamarem
972 2871 1039 2926 ad
1068 2887 1221 2938 cum,
1265 2873 1541 2929 exaudivit
1587 2891 1693 2931 me.
1744 2876 1900 2946 Apud
1943 2887 1996 2933 te

417 2960 535 3015 laus
561 2976 677 3016 mea
708 2961 762 3016 in
788 2961 1031 3020 Ecclesia
1077 2981 1269 3037 magna
1296 2984 1310 3019 :
1341 2975 1465 3022 vota
1525 2983 1644 3023 mea
1687 2970 1907 3025 reddam
1940 2971 1996 3026 in

419 3060 710 3122 conspectu
741 3053 1045 3110 timentium
1081 3071 1224 3112 eum.
1257 3056 1432 3114 Edent
1458 3072 1745 3129 pauperes,
1769 3070 1826 3116 et
1851 3070 1997 3117 satu-

418 3143 718 3198 rabuntur:
748 3153 803 3199 et
854 3144 1150 3202 laudabunt
1188 3146 1473 3202 Dominum
1500 3190 1516 3214 ,
1569 3150 1663 3220 qui
1711 3152 1995 3222 requirunt

416 3249 539 3288 eum
565 3250 578 3285 :
611 3235 792 3290 vivent
815 3237 976 3291 corda
1003 3253 1188 3293 eorum
1216 3239 1267 3293 in
1289 3238 1544 3294 saeculum
1572 3240 1773 3296 s'eculi.
1810 3241 1994 3297 Remi-

422 3326 719 3392 niscentur,
771 3337 827 3382 et
875 3339 1252 3386 convertentur
1299 3332 1368 3385 ad
1421 3332 1704 3388 Dominum
1756 3335 1994 3391 universi

419 3415 554 3470 fines
582 3425 759 3470 terrm.
789 3417 856 3470 Et
874 3419 1173 3474 adorabunt
1199 3420 1252 3474 in
1277 3430 1564 3490 conspectu
1592 3420 1710 3490 ejus
1729 3423 1994 3480 universa:

416 3499 636 3556 familia:
680 3505 936 3574 gentium.
989 3507 1250 3572 Quoniam
1289 3506 1498 3562 Domini
1537 3518 1622 3564 cst
1650 3526 1870 3580 regnum
1901 3528 1914 3566 :
1942 3523 1998 3568 et

417 3591 535 3661 ipse
561 3591 925 3647 dominabitur
944 3595 1200 3664 gentium.
1235 3596 1694 3653 Manducaverunt
1721 3608 1776 3654 et
1801 3602 1994 3656 adora-

423 3689 620 3736 verunt
658 3695 849 3738 omnes
875 3683 1104 3755 pingues
1130 3694 1287 3742 terra:
1313 3705 1327 3741 :
1358 3687 1412 3742 in
1442 3699 1731 3761 conspectu
1759 3690 1874 3760 ejus
1903 3709 1993 3748 ca-

418 3772 549 3827 dent
591 3787 801 3839 omnes,
836 3775 927 3843 qui
959 3775 1289 3832 descendunt
1335 3778 1390 3832 in
1432 3789 1654 3836 terram.
1707 3781 1774 3837 Et
1811 3783 1993 3840 anima

418 3875 538 3918 mea
568 3861 642 3918 illi
673 3863 852 3918 vivet:
877 3872 932 3920 et
967 3881 1149 3922 semen
1189 3884 1368 3924 meum
1397 3873 1598 3928 serviet
1625 3874 1744 3944 ipsi.
1775 3876 1998 3933 Annuu-

418 3953 641 4009 tiabitur
669 3952 898 4011 Domino
926 3959 1200 4027 generatio
1224 3970 1450 4015 ventura
1475 3980 1487 4017 :
1520 3971 1576 4018 et
1601 3967 1997 4024 annuntiabunt

417 4045 539 4100 coeli
557 4045 824 4114 justitiam
850 4047 966 4118 ejus
993 4051 1212 4121 populo,
1247 4055 1338 4124 qui
1366 4065 1642 4123 nascetur,
1676 4073 1834 4129 quem
1865 4059 1996 4117 fecit

419 4133 698 4190 Dominus.

489 4224 559 4280 Ut
585 4243 766 4298 supra.
809 4228 1054 4296 Domine,
1086 4233 1213 4302 quid
1242 4237 1581 4307 multiplicati
1608 4251 1752 4308 sunt,
1782 4247 1872 4315 qui
1899 4248 1996 4301 tri-

415 4315 604 4371 bulant
651 4320 772 4372 me?
819 4320 973 4374 multi
1019 4321 1304 4392 insurgunt
1352 4329 1635 4385 adversum
1689 4349 1796 4389 me.
1841 4334 1990 4392 Multi

413 4403 600 4461 dicunt
647 4409 842 4464 animae
879 4424 1032 4476 mere,
1075 4427 1178 4466 non
1211 4423 1293 4468 est
1322 4414 1498 4475 fwdus
1525 4419 1615 4492 [Al
1643 4463 1657 4486 ,
1689 4424 1857 4498 salus]
1885 4426 1986 4496 ipsi
2018 4458 2068 4519 υ

415 4498 465 4519 ε*
494 4497 599 4519 ,ιη
789 4499 864 4519 ..πη
1133 4502 1172 4519 η
1273 4505 1282 4515 -

415 4498 468 4552 in
494 4497 604 4553 Deo
625 4497 757 4566 ejus.
789 4499 866 4552 Tu
900 4508 1101 4566 autem,
1133 4502 1379 4569 Domine,
1409 4519 1687 4579 susceptor
1715 4497 1867 4570 meus
1891 4531 1949 4572 es
1974 4534 1989 4574 :

413 4586 582 4656 gloria
612 4603 752 4654 mea,
781 4598 836 4644 et
861 4589 1106 4646 exaltans
1136 4603 1295 4665 caput
1317 4611 1517 4653 meum.

485 4695 690 4753 Oratio.
730 4699 904 4772 Caput
938 4703 1321 4762 misericordiae
1343 4708 1502 4776 Deus,
1532 4715 1623 4782 qui
1649 4725 1871 4788 propter
1894 4735 1993 4776 nos

414 4786 745 4880 descendens
799 4793 856 4850 in
913 4803 1160 4865 uterum,
1207 4799 1454 4858 addictus
1495 4804 1674 4877 ligno,
1718 4786 1990 4880 perfossus

412 4878 585 4946 clavo,
637 4883 970 4942 vestimentis
1012 4889 1234 4961 insuper
1268 4902 1416 4949 sorte
1445 4897 1654 4964 divisis,
1703 4878 1988 4962 surrexisti

412 4966 553 5027 liber
591 4970 660 5025 ab
689 4971 914 5029 infernis
942 4994 954 5028 :
982 4992 1286 5048 precamur,
1329 4996 1390 5038 ut
1426 4985 1583 5055 hujus
1626 4993 1798 5047 sancti
1844 5009 1991 5052 com-

413 5063 601 5118 mercii
624 5079 731 5119 non
753 5065 1038 5124 immemor
1060 5071 1154 5138 sis,
1179 5076 1359 5144 populi
1382 5079 1452 5134 ab
1470 5079 1625 5138 hoste
1649 5083 1821 5142 leonis
1839 5104 1991 5161 erep-

411 5163 517 5249 tor,
566 5157 660 5228 qui
704 5155 852 5249 fuisti
893 5163 1165 5232 quondam
1202 5170 1448 5236 patribus
1475 5173 1530 5229 in
1559 5183 1612 5232 te
1645 5155 1989 5249 sperantibus

409 5241 686 5305 liberator.
719 5247 825 5306 Per
850 5250 1160 5310 Dominum.

1025 5386 1363 5449 PSALMUS.

483 5505 660 5579 (PSAL.
688 5517 866 5590 um.)
903 5517 1111 5578 Exaudi
1147 5522 1290 5582 Deus
1324 5530 1626 5590 orationem
1657 5551 1832 5596 meam
1856 5556 1982 5598 cum

413 5596 706 5669 deprecor:
737 5621 769 5659 a
809 5609 1000 5666 timore
1049 5613 1254 5671 inimici
1305 5621 1454 5691 eripe
1497 5625 1732 5682 animam
1781 5645 1976 5689 meam.

408 5689 700 5750 Protexisti
738 5714 821 5752 me
847 5715 877 5754 a
904 5717 1170 5763 conventu
1201 5689 1611 5784 malignantth
1639 5740 1650 5776 :
1678 5738 1706 5776 a
1739 5726 1981 5788 multitu-

2093 1882 2301 1933 omnes,
2328 1867 2421 1938 qui
2441 1874 2706 1922 noverunt
2731 1881 2924 1921 nomen
2951 1874 3102 1920 tuum
3132 1867 3383 1934 Domine;
3412 1871 3673 1938 quoniam

2090 1974 2200 2013 non
2230 1957 2564 2026 dereliquisti
2593 1965 2900 2026 quaerentes
2930 1965 3000 2024 te,
3023 1956 3269 2012 Domine.
3294 1957 3437 2014 Deus
3464 1960 3557 2029 qui
3584 1975 3677 2015 se—

2092 2048 2187 2103 des
2210 2063 2371 2118 super
2400 2049 2674 2109 thronum,
2705 2055 2760 2101 et
2781 2048 2996 2117 judicas
3020 2049 3345 2118 aequitatem,
3377 2059 3490 2103 esto
3520 2049 3674 2104 refu-

2093 2139 2242 2210 gium
2286 2151 2609 2208 pauperum,
2658 2137 2785 2207 quia
2813 2146 2871 2193 tu
2899 2137 3046 2193 solus
3082 2138 3318 2194 laborem
3343 2149 3398 2194 et
3423 2140 3674 2195 dolorem

2093 2229 2426 2285 consideras.

2166 2319 2373 2374 Oratio.
2433 2317 2621 2374 Tutela
2671 2321 2910 2375 omnium
2957 2322 3318 2388 credentium,
3361 2324 3526 2391 Deus,
3585 2341 3679 2379 cu-

2093 2411 2235 2466 stodi
2261 2410 2557 2465 Ecclesiam
2581 2422 2726 2464 tuam
2754 2427 2784 2464 a
2810 2422 3074 2467 conventu
3107 2414 3542 2486 malignantium,
3584 2417 3678 2486 qui

2094 2515 2215 2554 eam
2249 2499 2477 2554 occultis
2517 2498 2712 2569 jaculis
2752 2516 3062 2572 oppugnare
3096 2504 3341 2559 nituntur
3372 2525 3384 2558 :
3417 2516 3477 2560 ut
3509 2516 3562 2560 te
3595 2522 3680 2560 sa-

2095 2591 2237 2646 lubri
2267 2599 2523 2661 rectoque
2560 2592 2797 2647 retinens
2826 2592 3118 2660 intellectu,
3157 2593 3430 2664 justorum
3460 2597 3678 2654 meritis

2094 2681 2479 2753 perpetualiter
2508 2682 2822 2738 collmtetur.

2645 2795 2752 2866 ει
2788 2794 3128 2852 PSALMUS.

2169 2901 2348 2973 (PSAL.
2387 2902 2639 2975 LXXVIII.)
2691 2903 2912 2960 Salvum
2953 2920 3039 2960 me
3085 2905 3173 2962 fac
3215 2907 3394 2962 Deus:
3426 2909 3689 2977 quoniam

2100 2994 2439 3051 intraverunt
2467 3012 2620 3067 aqua:
2655 3013 2824 3068 usque
2849 3000 2917 3054 ad
2955 2999 3192 3054 animam
3237 3017 3436 3056 meam.
3481 3003 3693 3058 lnﬁxus

2021 3109 2067 3170 ο
2099 3102 2217 3142 sum
2247 3088 2301 3143 in
2333 3089 2461 3145 limo
2496 3089 2746 3161 profundi
2773 3110 2787 3144 :
2819 3101 2875 3146 et
2911 3107 3018 3148 non
3052 3101 3135 3147 est
3167 3095 3488 3150 substantia.
3541 3095 3684 3151 Veni

2097 3177 2152 3232 in
2181 3178 2520 3236 altitudinem
2570 3183 2774 3237 maris:
2806 3192 2863 3238 et
2915 3193 3206 3254 tempestas
3259 3186 3522 3243 demersit
3571 3203 3686 3243 me.

2095 3269 2360 3326 Laboravi
2392 3272 2648 3338 clamans,
2696 3291 2872 3330 rauca:
2918 3275 3074 3331 factm
3117 3287 3242 3332 sunt
3286 3277 3469 3335 fauces
3506 3296 3690 3335 mete:

2097 3360 2414 3417 defecerunt
2431 3365 2573 3418 oculi
2593 3366 2863 3431 mei,dum
2885 3382 3044 3438 spero
3066 3367 3118 3422 in
3142 3368 3308 3424 Deum
3331 3385 3532 3425 meum.
3555 3371 3696 3426 Mul-

2097 3453 2322 3524 tiplicati
2359 3466 2484 3512 sunt
2511 3474 2677 3528 super
2705 3461 2930 3531 capillos
2959 3464 3152 3534 capitis
3182 3465 3308 3530 mei,
3339 3467 3427 3535 qui
3449 3466 3696 3523 oderunt

2097 3559 2184 3599 me
2210 3547 2397 3616 gratis.
2426 3547 2729 3605 Confortati
2755 3561 2883 3608 sunt
2905 3556 2997 3624 qui
3024 3558 3294 3624 persecuti
3324 3566 3447 3613 sunt
3465 3575 3552 3614 me
3573 3559 3692 3614 ini-

2097 3639 2223 3693 mici
2245 3641 2350 3695 mei
2374 3640 2611 3712 injuste:
2637 3661 2757 3715 quae
2789 3661 2896 3701 non
2929 3649 3105 3718 rapui,
3144 3659 3270 3706 tunc
3310 3651 3691 3708 exsolvebam.

2096 3729 2239 3786 Deus
2251 3739 2306 3786 tu
2323 3733 2430 3789 scis
2447 3735 2810 3807 insipientiam
2832 3757 3027 3808 meam;
3045 3751 3100 3798 et
3119 3743 3310 3799 delicta
3329 3761 3448 3800 mea
3461 3763 3491 3800 a
3507 3754 3562 3802 te
3575 3763 3694 3804 non

2096 3828 2564 3885 suntabscondita.
2583 3829 2699 3886 Non
2718 3835 3042 3890 erubescant
3056 3836 3109 3890 in
3131 3852 3237 3903 me,
3253 3837 3343 3908 qui
3363 3849 3692 3909 exspectant

2098 3927 2152 3973 te
2173 3919 2400 3976 Domine
2412 3922 2696 3977 virtutum.
2711 3923 2827 3979 Non
2849 3925 3249 3982 confundantur
3269 3945 3430 4000 super
3448 3945 3557 3998 me,
3587 3935 3692 4002 qui

2096 4019 2345 4079 quaerunt
2371 4020 2445 4077 te,
2486 4011 2629 4068 Deus
2663 4013 2845 4069 Israel.
2879 4015 3144 4084 Quoniam
3187 4030 3409 4090 propter
3434 4030 3486 4076 te
3516 4024 3694 4077 susti-

2097 4101 2189 4154 nui
2231 4103 2577 4172 opprobrium
2611 4122 2623 4156 :
2655 4106 2870 4175 operuit
2915 4108 3163 4165 confusio
3218 4110 3410 4166 faciem
3470 4129 3682 4169 meam.

2095 4191 2399 4248 Extraneus
2437 4193 2611 4250 factus
2637 4211 2754 4250 sum
2792 4196 3051 4255 fratribus
3077 4202 3214 4257 meis
3239 4219 3253 4256 :
3278 4210 3332 4255 et
3359 4204 3692 4275 peregrinus

2097 4283 2222 4339 filiis
2250 4287 2442 4341 matris
2466 4303 2617 4341 mem.
2663 4288 2930 4355 Quoniam
2969 4292 3113 4347 zelus
3142 4293 3332 4347 domus
3359 4303 3464 4349 tua:
3492 4311 3688 4352 come-

2097 4375 2175 4429 dit
2202 4392 2326 4431 me:
2353 4386 2408 4432 et
2449 4379 2733 4448 opprobria
2777 4384 3215 4452 exprobrantium
3246 4386 3342 4441 tibi
3364 4387 3692 4446 ceciderunt

2095 4480 2258 4535 super
2285 4481 2389 4521 me.
2421 4467 2490 4521 Et
2533 4471 2720 4538 operui
2768 4471 2821 4526 in
2861 4471 3068 4543 jejunio
3113 4477 3348 4530 animam
3393 4494 3594 4545 meam,
3629 4492 3692 4537 et

2095 4557 2295 4611 factum
2329 4566 2413 4613 est
2447 4559 2500 4614 in
2535 4563 2883 4631 opprobrium
2916 4566 3068 4620 mihi.
3097 4567 3164 4622 Et
3190 4570 3345 4638 posui
3384 4572 3692 4628 vestimen-

2095 4654 2207 4700 tum
2237 4661 2414 4702 meum
2443 4649 2495 4703 in
2528 4651 2764 4708 cilicium
2792 4669 2805 4707 :
2834 4665 2890 4710 et
2933 4654 3107 4712 factus
3153 4676 3270 4714 sum
3304 4660 3404 4716 illis
3432 4663 3483 4716 in
3511 4677 3687 4734 para-

2091 4735 2288 4790 bolam.
2319 4737 2620 4796 Adversum
2649 4759 2735 4797 me
2766 4745 3145 4816 loquebantur,
3193 4752 3285 4821 qui
3323 4754 3586 4808 sedebant
3627 4757 3687 4811 in

2091 4836 2271 4899 porta,
2296 4839 2351 4885 et
2374 4831 2425 4885 in
2456 4848 2541 4888 me
2568 4835 2887 4906 psallebant,
2919 4842 3010 4910 qui
3038 4842 3294 4898 bibebant
3323 4845 3524 4900 vinum.
3559 4847 3687 4920 Ego

2087 4932 2219 4973 vero
2248 4920 2549 4977 orationem
2586 4939 2761 4981 meam
2791 4929 2858 4982 ad
2885 4937 2938 4984 te
2965 4928 3189 4989 Domine
3219 4951 3230 4985 :
3265 4941 3477 5006 tempus
3503 4935 3683 4993 bene-

2088 5011 2270 5080 placiti
2293 5011 2454 5093 Deus.
2483 5013 2540 5068 ln
2565 5017 2904 5075 multitudine
2927 5023 3315 5082 misericordia:
3343 5037 3445 5083 tua:
3472 5031 3681 5084 exaudi

2087 5110 2216 5155 me:
2251 5102 2308 5156 in
2333 5104 2565 5161 veritate
2613 5107 2802 5164 salutis
2847 5117 2970 5166 tuae.
3020 5113 3184 5185 Eripe
3231 5132 3318 5172 me
3361 5119 3586 5184 deluto,
3617 5133 3685 5176 ut

2086 5207 2194 5247 non
2225 5193 2649 5265 infiganlibera
2695 5216 2782 5255 me
2821 5203 2889 5258 ab
2935 5205 3040 5271 his,
3079 5208 3170 5276 qui
3211 5211 3441 5267 oderunt
3468 5228 3576 5277 me,
3619 5226 3686 5268 et

2087 5281 2154 5335 de
2179 5282 2462 5352 profundis
2502 5301 2786 5356 aquarum.
2819 5289 2934 5345 Non
2960 5309 3047 5348 me
3069 5296 3345 5369 demergat
3371 5307 3680 5372 tempestas

2085 5385 2259 5442 aqua,
2299 5390 2476 5445 neque
2527 5378 2815 5435 absorbent
2855 5395 2941 5437 me
2977 5385 3301 5455 profundum
3331 5408 3344 5446 :
3373 5407 3550 5463 neque
3575 5411 3682 5449 nr-

2083 5475 2206 5536 geat
2258 5483 2420 5538 super
2466 5484 2553 5526 me
2599 5479 2792 5540 puteus
2835 5489 2898 5530 os
2943 5492 3118 5534 suum.
3167 5480 3376 5540 Exaudi
3424 5500 3533 5549 me,
3564 5484 3684 5542 Do-

2082 5555 2248 5622 mine,
2298 5559 2551 5628 quoniam
2597 5562 2828 5634 benigna
2876 5575 2959 5622 est
3006 5569 3378 5628 misericordia
3415 5583 3507 5628 tua
3536 5591 3550 5628 :
3577 5591 3679 5631 se-

2082 5649 2312 5704 cundum
2343 5651 2740 5710 multitudinem
2770 5658 3178 5718 miserationum
3208 5673 3420 5721 tuarum
3451 5671 3679 5738 respice

2080 5734 2136 5792 in
2167 5753 2271 5796 me.
2303 5739 2367 5796 Et
2397 5756 2463 5797 ne
2489 5753 2705 5801 avertas
2741 5745 2932 5807 faciem
2962 5759 3104 5820 tuam
3130 5769 3158 5808 a
3185 5771 3354 5827 puero
3375 5767 3468 5816 tuo
3491 5774 3505 5814 :
3531 5734 3679 5832 quo-
