  <div class='ocr_page' id='page_1' title='image "/cluster/home/n/w/nwhite01/storage/ocr_20150623/101/hvd.32044054759683/280.png"; bbox 0 0 3894 6182; ppageno 0'>
   <div class='ocr_carea' id='block_1_1' title="bbox 270 311 365 371">
    <p class='ocr_par' dir='ltr' id='par_1_1' title="bbox 270 311 365 371">
     <span class='ocr_line' id='line_1_1' title="bbox 270 311 365 371; baseline 0.021 -2"><span class='ocrx_word' id='word_1_1' title='bbox 270 311 365 371; x_wconf 71' lang='grc'><strong>549</strong></span> 
     </span>
    </p>
   </div>
   <div class='ocr_carea' id='block_1_2' title="bbox 1245 312 2527 374">
    <p class='ocr_par' dir='ltr' id='par_1_2' title="bbox 1245 312 2527 374">
     <span class='ocr_line' id='line_1_2' title="bbox 1245 312 2527 374; baseline 0.001 -1"><span class='ocrx_word' id='word_1_2' title='bbox 1245 312 1658 373; x_wconf 67' lang='lat' dir='ltr'><strong>LITURGICA.</strong></span> <span class='ocrx_word' id='word_1_3' title='bbox 1679 344 1750 356; x_wconf 93' lang='lat'><strong><em>—</em></strong></span> <span class='ocrx_word' id='word_1_4' title='bbox 1782 312 2051 370; x_wconf 82' lang='lat' dir='ltr'><strong>OFFICIA</strong></span> <span class='ocrx_word' id='word_1_5' title='bbox 2089 314 2227 370; x_wconf 78' lang='lat' dir='ltr'><strong>PER</strong></span> <span class='ocrx_word' id='word_1_6' title='bbox 2260 316 2527 374; x_wconf 75' lang='lat' dir='ltr'><strong>FERIAS.</strong></span> 
     </span>
    </p>
   </div>
   <div class='ocr_carea' id='block_1_3' title="bbox 3401 329 3509 386">
    <p class='ocr_par' dir='ltr' id='par_1_3' title="bbox 3401 329 3509 386">
     <span class='ocr_line' id='line_1_3' title="bbox 3401 329 3509 386; baseline 0.019 -2"><span class='ocrx_word' id='word_1_7' title='bbox 3401 329 3509 386; x_wconf 76' lang='lat'><strong>550</strong></span> 
     </span>
    </p>
   </div>
   <div class='ocr_carea' id='block_1_4' title="bbox 265 427 3516 511">
    <p class='ocr_par' dir='ltr' id='par_1_4' title="bbox 265 427 3516 511">
     <span class='ocr_line' id='line_1_4' title="bbox 265 427 3516 511; baseline 0.002 -23"><span class='ocrx_word' id='word_1_8' title='bbox 265 434 404 489; x_wconf 79' lang='lat' dir='ltr'><strong>niam</strong></span> <span class='ocrx_word' id='word_1_9' title='bbox 433 430 690 496; x_wconf 87' lang='lat' dir='ltr'><strong>tribulor,</strong></span> <span class='ocrx_word' id='word_1_10' title='bbox 718 428 980 486; x_wconf 74' lang='lat' dir='ltr'><strong>velociter</strong></span> <span class='ocrx_word' id='word_1_11' title='bbox 1006 429 1199 486; x_wconf 78' lang='lat' dir='ltr'><strong>exaudi</strong></span> <span class='ocrx_word' id='word_1_12' title='bbox 1237 444 1343 484; x_wconf 91' lang='lat' dir='ltr'><strong>me.</strong></span> <span class='ocrx_word' id='word_1_13' title='bbox 1389 431 1609 486; x_wconf 79' lang='lat' dir='ltr'><strong>Intende</strong></span> <span class='ocrx_word' id='word_1_14' title='bbox 1643 431 1837 486; x_wconf 70' lang='lat' dir='ltr'><strong>anima:</strong></span> <span class='ocrx_word' id='word_1_15' title='bbox 1864 432 1910 488; x_wconf 78' lang='grc' dir='ltr'><strong>Δ</strong></span> <span class='ocrx_word' id='word_1_16' title='bbox 1938 441 2060 481; x_wconf 88' lang='lat' dir='ltr'><strong>cum</strong></span> <span class='ocrx_word' id='word_1_17' title='bbox 2090 427 2166 482; x_wconf 88' lang='lat' dir='ltr'><strong>sis</strong></span> <span class='ocrx_word' id='word_1_18' title='bbox 2195 443 2354 494; x_wconf 89' lang='lat' dir='ltr'><strong>unus,</strong></span> <span class='ocrx_word' id='word_1_19' title='bbox 2385 428 2440 482; x_wconf 90' lang='lat' dir='ltr'><strong>in</strong></span> <span class='ocrx_word' id='word_1_20' title='bbox 2468 436 2652 485; x_wconf 88' lang='lat' dir='ltr'><strong>sancta</strong></span> <span class='ocrx_word' id='word_1_21' title='bbox 2687 430 2952 489; x_wconf 85' lang='lat' dir='ltr'><strong>Trinitate</strong></span> <span class='ocrx_word' id='word_1_22' title='bbox 2973 434 3253 492; x_wconf 74' lang='lat' dir='ltr'><strong>conﬁteor.</strong></span> <span class='ocrx_word' id='word_1_23' title='bbox 3279 436 3516 511; x_wconf 81' lang='lat' dir='ltr'><strong>Frange,</strong></span> 
     </span>
    </p>
   </div>
   <div class='ocr_carea' id='block_1_5' title="bbox 263 522 1836 595">
    <p class='ocr_par' dir='ltr' id='par_1_5' title="bbox 263 522 1836 595">
     <span class='ocr_line' id='line_1_5' title="bbox 263 522 1836 595; baseline 0.001 -16"><span class='ocrx_word' id='word_1_24' title='bbox 263 539 404 579; x_wconf 60' lang='lat' dir='ltr'><strong>metu</strong></span> <span class='ocrx_word' id='word_1_25' title='bbox 427 530 492 578; x_wconf 84' lang='lat' dir='ltr'><strong>et</strong></span> <span class='ocrx_word' id='word_1_26' title='bbox 526 522 695 578; x_wconf 88' lang='lat' dir='ltr'><strong>libera</strong></span> <span class='ocrx_word' id='word_1_27' title='bbox 743 530 1145 594; x_wconf 78' lang='lat' dir='ltr'><strong>eamzpropter</strong></span> <span class='ocrx_word' id='word_1_28' title='bbox 1196 523 1445 580; x_wconf 85' lang='lat' dir='ltr'><strong>inimicos</strong></span> <span class='ocrx_word' id='word_1_29' title='bbox 1492 539 1642 580; x_wconf 88' lang='lat' dir='ltr'><strong>meos</strong></span> <span class='ocrx_word' id='word_1_30' title='bbox 1685 526 1836 595; x_wconf 84' lang='lat' dir='ltr'><strong>eripe</strong></span> 
     </span>
    </p>
   </div>
   <div class='ocr_carea' id='block_1_6' title="bbox 259 613 1836 685">
    <p class='ocr_par' dir='ltr' id='par_1_6' title="bbox 259 613 1836 685">
     <span class='ocr_line' id='line_1_6' title="bbox 259 613 1836 685; baseline -0.001 -13"><span class='ocrx_word' id='word_1_31' title='bbox 259 630 365 672; x_wconf 83' lang='lat' dir='ltr'><strong>me.</strong></span> <span class='ocrx_word' id='word_1_32' title='bbox 410 613 496 670; x_wconf 86' lang='lat' dir='ltr'><strong>’l&#39;u</strong></span> <span class='ocrx_word' id='word_1_33' title='bbox 542 613 620 670; x_wconf 90' lang='lat' dir='ltr'><strong>sis</strong></span> <span class='ocrx_word' id='word_1_34' title='bbox 663 614 1051 685; x_wconf 88' lang='lat' dir='ltr'><strong>improperium</strong></span> <span class='ocrx_word' id='word_1_35' title='bbox 1098 629 1276 669; x_wconf 88' lang='lat' dir='ltr'><strong>meum</strong></span> <span class='ocrx_word' id='word_1_36' title='bbox 1305 623 1406 669; x_wconf 85' lang='lat' dir='ltr'><strong>:~et</strong></span> <span class='ocrx_word' id='word_1_37' title='bbox 1461 614 1836 671; x_wconf 89' lang='lat' dir='ltr'><strong>confusionem</strong></span> 
     </span>
    </p>
   </div>
   <div class='ocr_carea' id='block_1_7' title="bbox 255 705 1835 777">
    <p class='ocr_par' dir='ltr' id='par_1_7' title="bbox 255 705 1835 777">
     <span class='ocr_line' id='line_1_7' title="bbox 255 705 1835 777; baseline 0.001 -15"><span class='ocrx_word' id='word_1_38' title='bbox 255 720 450 771; x_wconf 64' lang='lat' dir='ltr'><strong>mum,</strong></span> <span class='ocrx_word' id='word_1_39' title='bbox 486 712 544 761; x_wconf 88' lang='lat' dir='ltr'><strong>et</strong></span> <span class='ocrx_word' id='word_1_40' title='bbox 567 706 929 761; x_wconf 74' lang='lat' dir='ltr'><strong>reverentiam</strong></span> <span class='ocrx_word' id='word_1_41' title='bbox 955 717 1153 760; x_wconf 86' lang='lat' dir='ltr'><strong>meam.</strong></span> <span class='ocrx_word' id='word_1_42' title='bbox 1180 705 1239 761; x_wconf 91' lang='lat' dir='ltr'><strong>In</strong></span> <span class='ocrx_word' id='word_1_43' title='bbox 1267 719 1560 777; x_wconf 71' lang='lat' dir='ltr'><strong>conspectu</strong></span> <span class='ocrx_word' id='word_1_44' title='bbox 1587 715 1682 763; x_wconf 91' lang='lat' dir='ltr'><strong>tuo</strong></span> <span class='ocrx_word' id='word_1_45' title='bbox 1711 717 1835 764; x_wconf 92' lang='lat' dir='ltr'><strong>sunt</strong></span> 
     </span>
    </p>
   </div>
   <div class='ocr_carea' id='block_1_8' title="bbox 251 797 1835 872">
    <p class='ocr_par' dir='ltr' id='par_1_8' title="bbox 251 797 1835 872">
     <span class='ocr_line' id='line_1_8' title="bbox 251 797 1835 872; baseline 0.002 -18"><span class='ocrx_word' id='word_1_46' title='bbox 251 811 461 864; x_wconf 87' lang='lat' dir='ltr'><strong>omnes,</strong></span> <span class='ocrx_word' id='word_1_47' title='bbox 504 797 597 868; x_wconf 87' lang='lat' dir='ltr'><strong>qui</strong></span> <span class='ocrx_word' id='word_1_48' title='bbox 631 797 892 853; x_wconf 81' lang='lat' dir='ltr'><strong>tribulam</strong></span> <span class='ocrx_word' id='word_1_49' title='bbox 922 813 1011 853; x_wconf 91' lang='lat' dir='ltr'><strong>me</strong></span> <span class='ocrx_word' id='word_1_50' title='bbox 1037 813 1052 852; x_wconf 91' lang='lat'><strong>:</strong></span> <span class='ocrx_word' id='word_1_51' title='bbox 1077 799 1465 870; x_wconf 86' lang='lat' dir='ltr'><strong>improperium</strong></span> <span class='ocrx_word' id='word_1_52' title='bbox 1501 803 1835 872; x_wconf 79' lang='lat' dir='ltr'><strong>exspectavit</strong></span> 
     </span>
    </p>
   </div>
   <div class='ocr_carea' id='block_1_9' title="bbox 248 889 1833 962">
    <p class='ocr_par' dir='ltr' id='par_1_9' title="bbox 248 889 1833 962">
     <span class='ocr_line' id='line_1_9' title="bbox 248 889 1833 962; baseline 0.002 -17"><span class='ocrx_word' id='word_1_53' title='bbox 248 904 346 946; x_wconf 84' lang='lat' dir='ltr'><strong>eor</strong></span> <span class='ocrx_word' id='word_1_54' title='bbox 373 904 558 945; x_wconf 85' lang='lat' dir='ltr'><strong>meum</strong></span> <span class='ocrx_word' id='word_1_55' title='bbox 584 896 641 944; x_wconf 91' lang='lat' dir='ltr'><strong>et</strong></span> <span class='ocrx_word' id='word_1_56' title='bbox 665 889 963 944; x_wconf 87' lang='lat' dir='ltr'><strong>miseriam.</strong></span> <span class='ocrx_word' id='word_1_57' title='bbox 1003 889 1070 946; x_wconf 85' lang='lat' dir='ltr'><strong>Et</strong></span> <span class='ocrx_word' id='word_1_58' title='bbox 1098 892 1345 956; x_wconf 82' lang='lat' dir='ltr'><strong>sustinui,</strong></span> <span class='ocrx_word' id='word_1_59' title='bbox 1385 893 1476 962; x_wconf 89' lang='lat' dir='ltr'><strong>qui</strong></span> <span class='ocrx_word' id='word_1_60' title='bbox 1513 891 1672 948; x_wconf 87' lang='lat' dir='ltr'><strong>simul</strong></span> <span class='ocrx_word' id='word_1_61' title='bbox 1700 909 1833 950; x_wconf 86' lang='lat' dir='ltr'><strong>con-</strong></span> 
     </span>
    </p>
   </div>
   <div class='ocr_carea' id='block_1_10' title="bbox 248 979 1832 1052">
    <p class='ocr_par' dir='ltr' id='par_1_10' title="bbox 248 979 1832 1052">
     <span class='ocr_line' id='line_1_10' title="bbox 248 979 1832 1052; baseline 0.003 -17"><span class='ocrx_word' id='word_1_62' title='bbox 248 981 583 1046; x_wconf 80' lang='lat' dir='ltr'><strong>tristaremr,</strong></span> <span class='ocrx_word' id='word_1_63' title='bbox 625 989 680 1036; x_wconf 93' lang='lat' dir='ltr'><strong>et</strong></span> <span class='ocrx_word' id='word_1_64' title='bbox 719 995 828 1035; x_wconf 90' lang='lat' dir='ltr'><strong>non</strong></span> <span class='ocrx_word' id='word_1_65' title='bbox 855 979 992 1035; x_wconf 89' lang='lat' dir='ltr'><strong>fuit:</strong></span> <span class='ocrx_word' id='word_1_66' title='bbox 1017 989 1073 1036; x_wconf 91' lang='lat' dir='ltr'><strong>et</strong></span> <span class='ocrx_word' id='word_1_67' title='bbox 1099 983 1192 1052; x_wconf 87' lang='lat' dir='ltr'><strong>qui</strong></span> <span class='ocrx_word' id='word_1_68' title='bbox 1218 983 1606 1049; x_wconf 79' lang='lat' dir='ltr'><strong>consolaretur,</strong></span> <span class='ocrx_word' id='word_1_69' title='bbox 1643 993 1694 1040; x_wconf 87' lang='lat' dir='ltr'><strong>et</strong></span> <span class='ocrx_word' id='word_1_70' title='bbox 1725 1001 1832 1040; x_wconf 91' lang='lat' dir='ltr'><strong>non</strong></span> 
     </span>
    </p>
   </div>
   <div class='ocr_carea' id='block_1_11' title="bbox 247 1071 1831 1133">
    <p class='ocr_par' dir='ltr' id='par_1_11' title="bbox 247 1071 1831 1133">
     <span class='ocr_line' id='line_1_11' title="bbox 247 1071 1831 1133; baseline 0.005 -8"><span class='ocrx_word' id='word_1_71' title='bbox 247 1071 454 1126; x_wconf 81' lang='lat' dir='ltr'><strong>inveni.</strong></span> <span class='ocrx_word' id='word_1_72' title='bbox 496 1071 567 1126; x_wconf 84' lang='lat' dir='ltr'><strong>Et</strong></span> <span class='ocrx_word' id='word_1_73' title='bbox 608 1071 871 1127; x_wconf 90' lang='lat' dir='ltr'><strong>dederunt</strong></span> <span class='ocrx_word' id='word_1_74' title='bbox 892 1072 948 1126; x_wconf 91' lang='lat' dir='ltr'><strong>in</strong></span> <span class='ocrx_word' id='word_1_75' title='bbox 993 1086 1175 1127; x_wconf 87' lang='lat' dir='ltr'><strong>escam</strong></span> <span class='ocrx_word' id='word_1_76' title='bbox 1215 1088 1392 1128; x_wconf 87' lang='lat' dir='ltr'><strong>meam</strong></span> <span class='ocrx_word' id='word_1_77' title='bbox 1436 1073 1506 1129; x_wconf 90' lang='lat' dir='ltr'><strong>fel</strong></span> <span class='ocrx_word' id='word_1_78' title='bbox 1534 1093 1547 1129; x_wconf 91' lang='lat'>:</span> <span class='ocrx_word' id='word_1_79' title='bbox 1575 1083 1628 1130; x_wconf 90' lang='lat' dir='ltr'><strong>et</strong></span> <span class='ocrx_word' id='word_1_80' title='bbox 1657 1077 1711 1132; x_wconf 92' lang='lat' dir='ltr'><strong>in</strong></span> <span class='ocrx_word' id='word_1_81' title='bbox 1743 1079 1831 1133; x_wconf 87' lang='lat' dir='ltr'><strong>siti</strong></span> 
     </span>
    </p>
   </div>
   <div class='ocr_carea' id='block_1_12' title="bbox 244 1162 1830 1234">
    <p class='ocr_par' dir='ltr' id='par_1_12' title="bbox 244 1162 1830 1234">
     <span class='ocr_line' id='line_1_12' title="bbox 244 1162 1830 1234; baseline 0.003 -16"><span class='ocrx_word' id='word_1_82' title='bbox 244 1177 367 1218; x_wconf 85' lang='lat' dir='ltr'><strong>mea</strong></span> <span class='ocrx_word' id='word_1_83' title='bbox 391 1168 720 1234; x_wconf 78' lang='lat' dir='ltr'><strong>putaverunt</strong></span> <span class='ocrx_word' id='word_1_84' title='bbox 742 1177 830 1217; x_wconf 89' lang='lat' dir='ltr'><strong>me</strong></span> <span class='ocrx_word' id='word_1_85' title='bbox 855 1168 1028 1217; x_wconf 86' lang='lat' dir='ltr'><strong>aceto.</strong></span> <span class='ocrx_word' id='word_1_86' title='bbox 1061 1162 1184 1217; x_wconf 87' lang='lat' dir='ltr'><strong>Fiat</strong></span> <span class='ocrx_word' id='word_1_87' title='bbox 1212 1179 1398 1219; x_wconf 89' lang='lat' dir='ltr'><strong>mensa</strong></span> <span class='ocrx_word' id='word_1_88' title='bbox 1427 1181 1613 1222; x_wconf 90' lang='lat' dir='ltr'><strong>eorum</strong></span> <span class='ocrx_word' id='word_1_89' title='bbox 1644 1182 1830 1224; x_wconf 89' lang='lat' dir='ltr'><strong>coram</strong></span> 
     </span>
    </p>
   </div>
   <div class='ocr_carea' id='block_1_13' title="bbox 242 1252 1830 1322">
    <p class='ocr_par' dir='ltr' id='par_1_13' title="bbox 242 1252 1830 1322">
     <span class='ocr_line' id='line_1_13' title="bbox 242 1252 1830 1322; baseline 0.004 -16"><span class='ocrx_word' id='word_1_90' title='bbox 242 1252 377 1321; x_wconf 84' lang='lat' dir='ltr'><strong>ipsis</strong></span> <span class='ocrx_word' id='word_1_91' title='bbox 408 1253 464 1306; x_wconf 92' lang='lat' dir='ltr'><strong>in</strong></span> <span class='ocrx_word' id='word_1_92' title='bbox 489 1252 746 1322; x_wconf 88' lang='lat' dir='ltr'><strong>laqueum</strong></span> <span class='ocrx_word' id='word_1_93' title='bbox 771 1267 785 1307; x_wconf 89' lang='lat'><strong>:</strong></span> <span class='ocrx_word' id='word_1_94' title='bbox 812 1259 869 1307; x_wconf 91' lang='lat' dir='ltr'><strong>et</strong></span> <span class='ocrx_word' id='word_1_95' title='bbox 892 1252 946 1307; x_wconf 92' lang='lat' dir='ltr'><strong>in</strong></span> <span class='ocrx_word' id='word_1_96' title='bbox 975 1252 1361 1311; x_wconf 84' lang='lat' dir='ltr'><strong>retributiones</strong></span> <span class='ocrx_word' id='word_1_97' title='bbox 1403 1264 1458 1311; x_wconf 92' lang='lat' dir='ltr'><strong>et</strong></span> <span class='ocrx_word' id='word_1_98' title='bbox 1499 1257 1554 1312; x_wconf 90' lang='lat' dir='ltr'><strong>in</strong></span> <span class='ocrx_word' id='word_1_99' title='bbox 1598 1259 1830 1313; x_wconf 87' lang='lat' dir='ltr'><strong>scanda-</strong></span> 
     </span>
    </p>
   </div>
   <div class='ocr_carea' id='block_1_14' title="bbox 243 1341 1831 1412">
    <p class='ocr_par' dir='ltr' id='par_1_14' title="bbox 243 1341 1831 1412">
     <span class='ocr_line' id='line_1_14' title="bbox 243 1341 1831 1412; baseline 0.004 -14"><span class='ocrx_word' id='word_1_100' title='bbox 243 1342 377 1399; x_wconf 80' lang='lat' dir='ltr'><strong>lum.</strong></span> <span class='ocrx_word' id='word_1_101' title='bbox 425 1341 799 1400; x_wconf 86' lang='lat' dir='ltr'><strong>Obscurentur</strong></span> <span class='ocrx_word' id='word_1_102' title='bbox 836 1342 977 1399; x_wconf 90' lang='lat' dir='ltr'><strong>oculi</strong></span> <span class='ocrx_word' id='word_1_103' title='bbox 1021 1359 1232 1410; x_wconf 87' lang='lat' dir='ltr'><strong>eorum,</strong></span> <span class='ocrx_word' id='word_1_104' title='bbox 1262 1360 1331 1400; x_wconf 87' lang='lat' dir='ltr'><strong>ne</strong></span> <span class='ocrx_word' id='word_1_105' title='bbox 1352 1347 1590 1412; x_wconf 81' lang='lat' dir='ltr'><strong>videant,</strong></span> <span class='ocrx_word' id='word_1_106' title='bbox 1624 1357 1676 1403; x_wconf 89' lang='lat' dir='ltr'><strong>et</strong></span> <span class='ocrx_word' id='word_1_107' title='bbox 1706 1349 1831 1404; x_wconf 92' lang='lat' dir='ltr'><strong>dor-</strong></span> 
     </span>
    </p>
   </div>
   <div class='ocr_carea' id='block_1_15' title="bbox 238 1434 1827 1508">
    <p class='ocr_par' dir='ltr' id='par_1_15' title="bbox 238 1434 1827 1508">
     <span class='ocr_line' id='line_1_15' title="bbox 238 1434 1827 1508; baseline 0.004 -18"><span class='ocrx_word' id='word_1_108' title='bbox 238 1450 359 1490; x_wconf 93' lang='lat' dir='ltr'><strong>sum</strong></span> <span class='ocrx_word' id='word_1_109' title='bbox 391 1449 583 1490; x_wconf 89' lang='lat' dir='ltr'><strong>eorum</strong></span> <span class='ocrx_word' id='word_1_110' title='bbox 611 1449 824 1505; x_wconf 85' lang='lat' dir='ltr'><strong>semper</strong></span> <span class='ocrx_word' id='word_1_111' title='bbox 853 1435 1094 1490; x_wconf 89' lang='lat' dir='ltr'><strong>incurva.</strong></span> <span class='ocrx_word' id='word_1_112' title='bbox 1127 1434 1355 1493; x_wconf 85' lang='lat' dir='ltr'><strong>Effunde</strong></span> <span class='ocrx_word' id='word_1_113' title='bbox 1381 1453 1543 1508; x_wconf 85' lang='lat' dir='ltr'><strong>super</strong></span> <span class='ocrx_word' id='word_1_114' title='bbox 1569 1454 1664 1494; x_wconf 91' lang='lat' dir='ltr'><strong>eos</strong></span> <span class='ocrx_word' id='word_1_115' title='bbox 1689 1441 1827 1496; x_wconf 89' lang='lat' dir='ltr'><strong>iram</strong></span> 
     </span>
    </p>
   </div>
   <div class='ocr_carea' id='block_1_16' title="bbox 236 1522 1827 1598">
    <p class='ocr_par' dir='ltr' id='par_1_16' title="bbox 236 1522 1827 1598">
     <span class='ocr_line' id='line_1_16' title="bbox 236 1522 1827 1598; baseline 0.006 -20"><span class='ocrx_word' id='word_1_116' title='bbox 236 1535 394 1579; x_wconf 82' lang='lat' dir='ltr'><strong>tuam</strong></span> <span class='ocrx_word' id='word_1_117' title='bbox 425 1539 442 1578; x_wconf 89' lang='lat'><strong>:</strong></span> <span class='ocrx_word' id='word_1_118' title='bbox 472 1531 529 1580; x_wconf 88' lang='lat' dir='ltr'><strong>et</strong></span> <span class='ocrx_word' id='word_1_119' title='bbox 567 1522 720 1585; x_wconf 84' lang='lat' dir='ltr'><strong>furor</strong></span> <span class='ocrx_word' id='word_1_120' title='bbox 766 1524 862 1581; x_wconf 79' lang='lat' dir='ltr'><strong>irae</strong></span> <span class='ocrx_word' id='word_1_121' title='bbox 918 1533 1025 1581; x_wconf 73' lang='lat' dir='ltr'><strong>tua:</strong></span> <span class='ocrx_word' id='word_1_122' title='bbox 1081 1529 1504 1598; x_wconf 89' lang='lat' dir='ltr'><strong>comprehendat</strong></span> <span class='ocrx_word' id='word_1_123' title='bbox 1545 1545 1656 1587; x_wconf 89' lang='lat' dir='ltr'><strong>eos.</strong></span> <span class='ocrx_word' id='word_1_124' title='bbox 1707 1533 1827 1587; x_wconf 84' lang='lat' dir='ltr'><strong>Fiat</strong></span> 
     </span>
    </p>
   </div>
   <div class='ocr_carea' id='block_1_17' title="bbox 232 1615 1823 1682">
    <p class='ocr_par' dir='ltr' id='par_1_17' title="bbox 232 1615 1823 1682">
     <span class='ocr_line' id='line_1_17' title="bbox 232 1615 1823 1682; baseline 0.006 -11"><span class='ocrx_word' id='word_1_125' title='bbox 232 1615 510 1673; x_wconf 81' lang='lat' dir='ltr'><strong>habitatio</strong></span> <span class='ocrx_word' id='word_1_126' title='bbox 539 1633 727 1674; x_wconf 90' lang='lat' dir='ltr'><strong>eorum</strong></span> <span class='ocrx_word' id='word_1_127' title='bbox 755 1618 971 1675; x_wconf 89' lang='lat' dir='ltr'><strong>deserta</strong></span> <span class='ocrx_word' id='word_1_128' title='bbox 1003 1639 1016 1675; x_wconf 91' lang='lat'><strong>:</strong></span> <span class='ocrx_word' id='word_1_129' title='bbox 1047 1629 1102 1676; x_wconf 88' lang='lat' dir='ltr'><strong>et</strong></span> <span class='ocrx_word' id='word_1_130' title='bbox 1148 1621 1202 1676; x_wconf 92' lang='lat' dir='ltr'><strong>in</strong></span> <span class='ocrx_word' id='word_1_131' title='bbox 1245 1623 1608 1680; x_wconf 86' lang='lat' dir='ltr'><strong>tabernaculis</strong></span> <span class='ocrx_word' id='word_1_132' title='bbox 1636 1641 1823 1682; x_wconf 88' lang='lat' dir='ltr'><strong>eorum</strong></span> 
     </span>
    </p>
   </div>
   <div class='ocr_carea' id='block_1_18' title="bbox 233 1708 2141 1798">
    <p class='ocr_par' dir='ltr' id='par_1_18' title="bbox 233 1708 2141 1798">
     <span class='ocr_line' id='line_1_18' title="bbox 233 1708 2141 1798; baseline 0.01 -38"><span class='ocrx_word' id='word_1_133' title='bbox 233 1721 345 1761; x_wconf 85' lang='lat' dir='ltr'><strong>non</strong></span> <span class='ocrx_word' id='word_1_134' title='bbox 390 1708 483 1774; x_wconf 85' lang='lat' dir='ltr'><strong>sit,</strong></span> <span class='ocrx_word' id='word_1_135' title='bbox 540 1709 632 1779; x_wconf 88' lang='lat' dir='ltr'><strong>qui</strong></span> <span class='ocrx_word' id='word_1_136' title='bbox 678 1709 959 1768; x_wconf 87' lang='lat' dir='ltr'><strong>inhabitet.</strong></span> <span class='ocrx_word' id='word_1_137' title='bbox 1006 1710 1271 1779; x_wconf 84' lang='lat' dir='ltr'><strong>Quoniam</strong></span> <span class='ocrx_word' id='word_1_138' title='bbox 1313 1729 1475 1783; x_wconf 89' lang='lat' dir='ltr'><strong>quem</strong></span> <span class='ocrx_word' id='word_1_139' title='bbox 1510 1726 1565 1770; x_wconf 91' lang='lat' dir='ltr'><strong>tu</strong></span> <span class='ocrx_word' id='word_1_140' title='bbox 1594 1733 1818 1788; x_wconf 90' lang='lat' dir='ltr'><strong>percus-</strong></span> <span class='ocrx_word' id='word_1_141' title='bbox 1851 1781 1898 1798; x_wconf 76' lang='lat'>_</span> <span class='ocrx_word' id='word_1_142' title='bbox 1922 1739 2141 1798; x_wconf 62' lang='lat' dir='ltr'><strong>bram&quot;,</strong></span> 
     </span>
    </p>
   </div>
   <div class='ocr_carea' id='block_1_19' title="bbox 229 1781 1900 1878">
    <p class='ocr_par' dir='ltr' id='par_1_19' title="bbox 229 1781 1900 1878">
     <span class='ocr_line' id='line_1_19' title="bbox 229 1781 1900 1878; baseline 0.008 -24"><span class='ocrx_word' id='word_1_143' title='bbox 229 1799 382 1866; x_wconf 85' lang='lat' dir='ltr'><strong>sisti,</strong></span> <span class='ocrx_word' id='word_1_144' title='bbox 429 1803 697 1872; x_wconf 87' lang='lat' dir='ltr'><strong>persecuti</strong></span> <span class='ocrx_word' id='word_1_145' title='bbox 742 1813 907 1860; x_wconf 90' lang='lat' dir='ltr'><strong>sunt:</strong></span> <span class='ocrx_word' id='word_1_146' title='bbox 938 1813 994 1861; x_wconf 92' lang='lat' dir='ltr'><strong>et</strong></span> <span class='ocrx_word' id='word_1_147' title='bbox 1035 1821 1200 1878; x_wconf 84' lang='lat' dir='ltr'><strong>super</strong></span> <span class='ocrx_word' id='word_1_148' title='bbox 1246 1781 1485 1865; x_wconf 78' lang='lat' dir='ltr'><strong>dolorem</strong></span> <span class='ocrx_word' id='word_1_149' title='bbox 1535 1781 1820 1866; x_wconf 72' lang='lat' dir='ltr'><strong>vulnerum</strong></span> <span class='ocrx_word' id='word_1_150' title='bbox 1851 1781 1900 1843; x_wconf 64' lang='grc' dir='ltr'><strong>Β</strong></span> 
     </span>
    </p>
   </div>
   <div class='ocr_carea' id='block_1_20' title="bbox 226 1894 1823 1972">
    <p class='ocr_par' dir='ltr' id='par_1_20' title="bbox 226 1894 1823 1972">
     <span class='ocr_line' id='line_1_20' title="bbox 226 1894 1823 1972; baseline 0.008 -26"><span class='ocrx_word' id='word_1_151' title='bbox 226 1905 488 1948; x_wconf 78' lang='lat' dir='ltr'><strong>meorum</strong></span> <span class='ocrx_word' id='word_1_152' title='bbox 530 1894 867 1951; x_wconf 89' lang='lat' dir='ltr'><strong>addiderunt.</strong></span> <span class='ocrx_word' id='word_1_153' title='bbox 911 1895 1134 1968; x_wconf 85' lang='lat' dir='ltr'><strong>Appone</strong></span> <span class='ocrx_word' id='word_1_154' title='bbox 1176 1898 1512 1970; x_wconf 86' lang='lat' dir='ltr'><strong>iniquitatem</strong></span> <span class='ocrx_word' id='word_1_155' title='bbox 1535 1917 1698 1972; x_wconf 85' lang='lat' dir='ltr'><strong>super</strong></span> <span class='ocrx_word' id='word_1_156' title='bbox 1722 1903 1823 1959; x_wconf 91' lang='lat' dir='ltr'><strong>ini-</strong></span> 
     </span>
    </p>
   </div>
   <div class='ocr_carea' id='block_1_21' title="bbox 227 1983 1816 2065">
    <p class='ocr_par' dir='ltr' id='par_1_21' title="bbox 227 1983 1816 2065">
     <span class='ocr_line' id='line_1_21' title="bbox 227 1983 1816 2065; baseline 0.008 -27"><span class='ocrx_word' id='word_1_157' title='bbox 227 1983 504 2053; x_wconf 76' lang='lat' dir='ltr'><strong>quitatem</strong></span> <span class='ocrx_word' id='word_1_158' title='bbox 537 2001 722 2042; x_wconf 89' lang='lat' dir='ltr'><strong>eorum</strong></span> <span class='ocrx_word' id='word_1_159' title='bbox 749 2006 762 2042; x_wconf 90' lang='lat'><strong>:</strong></span> <span class='ocrx_word' id='word_1_160' title='bbox 790 1997 844 2044; x_wconf 92' lang='lat' dir='ltr'><strong>et</strong></span> <span class='ocrx_word' id='word_1_161' title='bbox 884 2004 992 2044; x_wconf 89' lang='lat' dir='ltr'><strong>non</strong></span> <span class='ocrx_word' id='word_1_162' title='bbox 1039 1991 1242 2048; x_wconf 86' lang='lat' dir='ltr'><strong>intrent</strong></span> <span class='ocrx_word' id='word_1_163' title='bbox 1277 1993 1330 2048; x_wconf 93' lang='lat' dir='ltr'><strong>in</strong></span> <span class='ocrx_word' id='word_1_164' title='bbox 1355 1995 1616 2065; x_wconf 86' lang='lat' dir='ltr'><strong>justitiam</strong></span> <span class='ocrx_word' id='word_1_165' title='bbox 1651 2005 1816 2051; x_wconf 90' lang='lat' dir='ltr'><strong>tuam.</strong></span> 
     </span>
    </p>
   </div>
   <div class='ocr_carea' id='block_1_22' title="bbox 228 2076 1820 2157">
    <p class='ocr_par' dir='ltr' id='par_1_22' title="bbox 228 2076 1820 2157">
     <span class='ocr_line' id='line_1_22' title="bbox 228 2076 1820 2157; baseline 0.008 -26"><span class='ocrx_word' id='word_1_166' title='bbox 228 2076 531 2133; x_wconf 83' lang='lat' dir='ltr'><strong>Deleantur</strong></span> <span class='ocrx_word' id='word_1_167' title='bbox 579 2079 645 2134; x_wconf 89' lang='lat' dir='ltr'><strong>de</strong></span> <span class='ocrx_word' id='word_1_168' title='bbox 689 2078 829 2136; x_wconf 89' lang='lat' dir='ltr'><strong>libro</strong></span> <span class='ocrx_word' id='word_1_169' title='bbox 873 2081 1167 2137; x_wconf 81' lang='lat' dir='ltr'><strong>viventium</strong></span> <span class='ocrx_word' id='word_1_170' title='bbox 1199 2101 1212 2138; x_wconf 90' lang='lat'><strong>:</strong></span> <span class='ocrx_word' id='word_1_171' title='bbox 1241 2092 1295 2140; x_wconf 86' lang='lat' dir='ltr'><strong>et</strong></span> <span class='ocrx_word' id='word_1_172' title='bbox 1338 2101 1459 2139; x_wconf 88' lang='lat' dir='ltr'><strong>cum</strong></span> <span class='ocrx_word' id='word_1_173' title='bbox 1503 2086 1664 2157; x_wconf 90' lang='lat' dir='ltr'><strong>justis</strong></span> <span class='ocrx_word' id='word_1_174' title='bbox 1711 2104 1820 2143; x_wconf 90' lang='lat' dir='ltr'><strong>non</strong></span> 
     </span>
    </p>
   </div>
   <div class='ocr_carea' id='block_1_23' title="bbox 226 2169 1819 2244">
    <p class='ocr_par' dir='ltr' id='par_1_23' title="bbox 226 2169 1819 2244">
     <span class='ocr_line' id='line_1_23' title="bbox 226 2169 1819 2244; baseline 0.006 -20"><span class='ocrx_word' id='word_1_175' title='bbox 226 2169 564 2224; x_wconf 81' lang='lat' dir='ltr'><strong>scribantur.</strong></span> <span class='ocrx_word' id='word_1_176' title='bbox 607 2170 721 2242; x_wconf 84' lang='lat' dir='ltr'><strong>Ego</strong></span> <span class='ocrx_word' id='word_1_177' title='bbox 771 2187 891 2227; x_wconf 88' lang='lat' dir='ltr'><strong>sum</strong></span> <span class='ocrx_word' id='word_1_178' title='bbox 936 2188 1144 2244; x_wconf 89' lang='lat' dir='ltr'><strong>pauper</strong></span> <span class='ocrx_word' id='word_1_179' title='bbox 1187 2183 1242 2231; x_wconf 87' lang='lat' dir='ltr'><strong>et</strong></span> <span class='ocrx_word' id='word_1_180' title='bbox 1286 2175 1513 2231; x_wconf 88' lang='lat' dir='ltr'><strong>dolens:</strong></span> <span class='ocrx_word' id='word_1_181' title='bbox 1547 2179 1693 2234; x_wconf 91' lang='lat' dir='ltr'><strong>salus</strong></span> <span class='ocrx_word' id='word_1_182' title='bbox 1730 2189 1819 2234; x_wconf 90' lang='lat' dir='ltr'><strong>tua</strong></span> 
     </span>
    </p>
   </div>
   <div class='ocr_carea' id='block_1_24' title="bbox 224 2259 1816 2331">
    <p class='ocr_par' dir='ltr' id='par_1_24' title="bbox 224 2259 1816 2331">
     <span class='ocr_line' id='line_1_24' title="bbox 224 2259 1816 2331; baseline 0.006 -16"><span class='ocrx_word' id='word_1_183' title='bbox 224 2259 375 2316; x_wconf 82' lang='lat' dir='ltr'><strong>Deus</strong></span> <span class='ocrx_word' id='word_1_184' title='bbox 416 2262 655 2331; x_wconf 84' lang='lat' dir='ltr'><strong>suscepit</strong></span> <span class='ocrx_word' id='word_1_185' title='bbox 698 2277 804 2317; x_wconf 85' lang='lat' dir='ltr'><strong>me.</strong></span> <span class='ocrx_word' id='word_1_186' title='bbox 850 2261 1105 2320; x_wconf 84' lang='lat' dir='ltr'><strong>Laudabo</strong></span> <span class='ocrx_word' id='word_1_187' title='bbox 1149 2281 1343 2321; x_wconf 86' lang='lat' dir='ltr'><strong>nomen</strong></span> <span class='ocrx_word' id='word_1_188' title='bbox 1382 2267 1477 2321; x_wconf 87' lang='lat' dir='ltr'><strong>Dei</strong></span> <span class='ocrx_word' id='word_1_189' title='bbox 1514 2283 1636 2324; x_wconf 89' lang='lat' dir='ltr'><strong>cum</strong></span> <span class='ocrx_word' id='word_1_190' title='bbox 1685 2285 1816 2325; x_wconf 78' lang='lat' dir='ltr'><strong>can-</strong></span> 
     </span>
    </p>
   </div>
   <div class='ocr_carea' id='block_1_25' title="bbox 223 2349 1818 2427">
    <p class='ocr_par' dir='ltr' id='par_1_25' title="bbox 223 2349 1818 2427">
     <span class='ocr_line' id='line_1_25' title="bbox 223 2349 1818 2427; baseline 0.007 -25"><span class='ocrx_word' id='word_1_191' title='bbox 223 2349 336 2404; x_wconf 82' lang='lat' dir='ltr'><strong>tico</strong></span> <span class='ocrx_word' id='word_1_192' title='bbox 365 2368 384 2403; x_wconf 86' lang='lat'><strong>:</strong></span> <span class='ocrx_word' id='word_1_193' title='bbox 409 2357 464 2405; x_wconf 85' lang='lat' dir='ltr'><strong>et</strong></span> <span class='ocrx_word' id='word_1_194' title='bbox 492 2350 853 2422; x_wconf 82' lang='lat' dir='ltr'><strong>magnificabo</strong></span> <span class='ocrx_word' id='word_1_195' title='bbox 893 2368 1018 2408; x_wconf 90' lang='lat' dir='ltr'><strong>eum</strong></span> <span class='ocrx_word' id='word_1_196' title='bbox 1047 2354 1100 2408; x_wconf 93' lang='lat' dir='ltr'><strong>in</strong></span> <span class='ocrx_word' id='word_1_197' title='bbox 1129 2353 1305 2410; x_wconf 84' lang='lat' dir='ltr'><strong>laude.</strong></span> <span class='ocrx_word' id='word_1_198' title='bbox 1349 2355 1416 2410; x_wconf 86' lang='lat' dir='ltr'><strong>Et</strong></span> <span class='ocrx_word' id='word_1_199' title='bbox 1443 2356 1678 2427; x_wconf 87' lang='lat' dir='ltr'><strong>placebit</strong></span> <span class='ocrx_word' id='word_1_200' title='bbox 1709 2357 1818 2414; x_wconf 90' lang='lat' dir='ltr'><strong>Dco</strong></span> 
     </span>
    </p>
   </div>
   <div class='ocr_carea' id='block_1_26' title="bbox 223 2442 1818 2517">
    <p class='ocr_par' dir='ltr' id='par_1_26' title="bbox 223 2442 1818 2517">
     <span class='ocr_line' id='line_1_26' title="bbox 223 2442 1818 2517; baseline 0.006 -23"><span class='ocrx_word' id='word_1_201' title='bbox 223 2456 399 2512; x_wconf 82' lang='lat' dir='ltr'><strong>super</strong></span> <span class='ocrx_word' id='word_1_202' title='bbox 423 2442 648 2497; x_wconf 88' lang='lat' dir='ltr'><strong>vitulum</strong></span> <span class='ocrx_word' id='word_1_203' title='bbox 677 2443 964 2509; x_wconf 84' lang='lat' dir='ltr'><strong>novellum,</strong></span> <span class='ocrx_word' id='word_1_204' title='bbox 1007 2460 1208 2500; x_wconf 87' lang='lat' dir='ltr'><strong>cornua</strong></span> <span class='ocrx_word' id='word_1_205' title='bbox 1230 2447 1612 2517; x_wconf 88' lang='lat' dir='ltr'><strong>producentem</strong></span> <span class='ocrx_word' id='word_1_206' title='bbox 1640 2458 1694 2504; x_wconf 90' lang='lat' dir='ltr'><strong>et</strong></span> <span class='ocrx_word' id='word_1_207' title='bbox 1718 2466 1818 2504; x_wconf 91' lang='lat' dir='ltr'><strong>un-</strong></span> 
     </span>
    </p>
   </div>
   <div class='ocr_carea' id='block_1_27' title="bbox 223 2532 1811 2609">
    <p class='ocr_par' dir='ltr' id='par_1_27' title="bbox 223 2532 1811 2609">
     <span class='ocr_line' id='line_1_27' title="bbox 223 2532 1811 2609; baseline 0.004 -22"><span class='ocrx_word' id='word_1_208' title='bbox 223 2533 402 2602; x_wconf 85' lang='lat' dir='ltr'><strong>gulas.</strong></span> <span class='ocrx_word' id='word_1_209' title='bbox 429 2532 662 2588; x_wconf 82' lang='lat' dir='ltr'><strong>Videant</strong></span> <span class='ocrx_word' id='word_1_210' title='bbox 679 2549 946 2606; x_wconf 88' lang='lat' dir='ltr'><strong>pauperes</strong></span> <span class='ocrx_word' id='word_1_211' title='bbox 972 2544 1028 2591; x_wconf 90' lang='lat' dir='ltr'><strong>et</strong></span> <span class='ocrx_word' id='word_1_212' title='bbox 1054 2535 1301 2592; x_wconf 69' lang='lat' dir='ltr'><strong>laetentur</strong></span> <span class='ocrx_word' id='word_1_213' title='bbox 1325 2557 1336 2591; x_wconf 93' lang='lat'>:</span> <span class='ocrx_word' id='word_1_214' title='bbox 1367 2540 1593 2609; x_wconf 63' lang='lat' dir='ltr'><strong>quaerite</strong></span> <span class='ocrx_word' id='word_1_215' title='bbox 1620 2540 1811 2607; x_wconf 91' lang='lat' dir='ltr'><strong>Deum,</strong></span> 
     </span>
    </p>
   </div>
   <div class='ocr_carea' id='block_1_28' title="bbox 221 2623 1816 2700">
    <p class='ocr_par' dir='ltr' id='par_1_28' title="bbox 221 2623 1816 2700">
     <span class='ocr_line' id='line_1_28' title="bbox 221 2623 1816 2700; baseline 0.006 -23"><span class='ocrx_word' id='word_1_216' title='bbox 221 2632 274 2677; x_wconf 85' lang='lat' dir='ltr'><strong>et</strong></span> <span class='ocrx_word' id='word_1_217' title='bbox 294 2623 454 2678; x_wconf 82' lang='lat' dir='ltr'><strong>vivet</strong></span> <span class='ocrx_word' id='word_1_218' title='bbox 476 2624 657 2678; x_wconf 88' lang='lat' dir='ltr'><strong>anima</strong></span> <span class='ocrx_word' id='word_1_219' title='bbox 690 2632 891 2680; x_wconf 89' lang='lat' dir='ltr'><strong>vestra.</strong></span> <span class='ocrx_word' id='word_1_220' title='bbox 929 2625 1195 2693; x_wconf 85' lang='lat' dir='ltr'><strong>Quoniam</strong></span> <span class='ocrx_word' id='word_1_221' title='bbox 1239 2629 1516 2683; x_wconf 85' lang='lat' dir='ltr'><strong>exaudivit</strong></span> <span class='ocrx_word' id='word_1_222' title='bbox 1551 2645 1816 2700; x_wconf 86' lang='lat' dir='ltr'><strong>pauperes</strong></span> 
     </span>
    </p>
   </div>
   <div class='ocr_carea' id='block_1_29' title="bbox 221 2711 1816 2788">
    <p class='ocr_par' dir='ltr' id='par_1_29' title="bbox 221 2711 1816 2788">
     <span class='ocr_line' id='line_1_29' title="bbox 221 2711 1816 2788; baseline 0.006 -20"><span class='ocrx_word' id='word_1_223' title='bbox 221 2711 537 2769; x_wconf 77' lang='lat' dir='ltr'><strong>Dominus:</strong></span> <span class='ocrx_word' id='word_1_224' title='bbox 566 2722 620 2770; x_wconf 89' lang='lat' dir='ltr'><strong>et</strong></span> <span class='ocrx_word' id='word_1_225' title='bbox 665 2715 877 2771; x_wconf 91' lang='lat' dir='ltr'><strong>vinctos</strong></span> <span class='ocrx_word' id='word_1_226' title='bbox 930 2732 1059 2772; x_wconf 89' lang='lat' dir='ltr'><strong>suos</strong></span> <span class='ocrx_word' id='word_1_227' title='bbox 1103 2732 1211 2772; x_wconf 84' lang='lat' dir='ltr'><strong>non</strong></span> <span class='ocrx_word' id='word_1_228' title='bbox 1258 2719 1520 2788; x_wconf 79' lang='lat' dir='ltr'><strong>despexit.</strong></span> <span class='ocrx_word' id='word_1_229' title='bbox 1571 2719 1816 2777; x_wconf 86' lang='lat' dir='ltr'><strong>Laudent</strong></span> 
     </span>
    </p>
   </div>
   <div class='ocr_carea' id='block_1_30' title="bbox 217 2803 1809 2879">
    <p class='ocr_par' dir='ltr' id='par_1_30' title="bbox 217 2803 1809 2879">
     <span class='ocr_line' id='line_1_30' title="bbox 217 2803 1809 2879; baseline 0.005 -21"><span class='ocrx_word' id='word_1_230' title='bbox 217 2803 383 2859; x_wconf 78' lang='lat' dir='ltr'><strong>illum</strong></span> <span class='ocrx_word' id='word_1_231' title='bbox 428 2803 549 2860; x_wconf 75' lang='grc' dir='ltr'><strong>οωιί</strong></span> <span class='ocrx_word' id='word_1_232' title='bbox 577 2811 631 2859; x_wconf 93' lang='lat' dir='ltr'><strong>et</strong></span> <span class='ocrx_word' id='word_1_233' title='bbox 656 2813 800 2861; x_wconf 88' lang='lat' dir='ltr'><strong>terra</strong></span> <span class='ocrx_word' id='word_1_234' title='bbox 826 2823 840 2860; x_wconf 92' lang='lat'><strong>:</strong></span> <span class='ocrx_word' id='word_1_235' title='bbox 871 2822 1042 2872; x_wconf 90' lang='lat' dir='ltr'><strong>mare,</strong></span> <span class='ocrx_word' id='word_1_236' title='bbox 1083 2815 1138 2861; x_wconf 93' lang='lat' dir='ltr'><strong>et</strong></span> <span class='ocrx_word' id='word_1_237' title='bbox 1173 2809 1352 2863; x_wconf 90' lang='lat' dir='ltr'><strong>omnia</strong></span> <span class='ocrx_word' id='word_1_238' title='bbox 1383 2809 1595 2879; x_wconf 89' lang='lat' dir='ltr'><strong>reptilia</strong></span> <span class='ocrx_word' id='word_1_239' title='bbox 1625 2811 1678 2864; x_wconf 90' lang='lat' dir='ltr'><strong>in</strong></span> <span class='ocrx_word' id='word_1_240' title='bbox 1711 2812 1809 2867; x_wconf 88' lang='lat' dir='ltr'><strong>eis.</strong></span> 
     </span>
    </p>
   </div>
   <div class='ocr_carea' id='block_1_31' title="bbox 217 2892 1814 2962">
    <p class='ocr_par' dir='ltr' id='par_1_31' title="bbox 217 2892 1814 2962">
     <span class='ocr_line' id='line_1_31' title="bbox 217 2892 1814 2962; baseline 0.005 -15"><span class='ocrx_word' id='word_1_241' title='bbox 217 2892 495 2962; x_wconf 83' lang='lat' dir='ltr'><strong>Quoniam</strong></span> <span class='ocrx_word' id='word_1_242' title='bbox 523 2895 667 2950; x_wconf 89' lang='lat' dir='ltr'><strong>Deus</strong></span> <span class='ocrx_word' id='word_1_243' title='bbox 694 2895 894 2951; x_wconf 86' lang='lat' dir='ltr'><strong>salvam</strong></span> <span class='ocrx_word' id='word_1_244' title='bbox 928 2895 1091 2953; x_wconf 81' lang='lat' dir='ltr'><strong>faciet</strong></span> <span class='ocrx_word' id='word_1_245' title='bbox 1118 2897 1250 2953; x_wconf 89' lang='lat' dir='ltr'><strong>Sion</strong></span> <span class='ocrx_word' id='word_1_246' title='bbox 1272 2913 1287 2952; x_wconf 87' lang='lat'><strong>:</strong></span> <span class='ocrx_word' id='word_1_247' title='bbox 1309 2905 1364 2953; x_wconf 92' lang='lat' dir='ltr'><strong>et</strong></span> <span class='ocrx_word' id='word_1_248' title='bbox 1402 2898 1814 2955; x_wconf 76' lang='lat' dir='ltr'><strong>:edilicabuntur</strong></span> 
     </span>
    </p>
   </div>
   <div class='ocr_carea' id='block_1_32' title="bbox 214 2984 1810 3054">
    <p class='ocr_par' dir='ltr' id='par_1_32' title="bbox 214 2984 1810 3054">
     <span class='ocr_line' id='line_1_32' title="bbox 214 2984 1810 3054; baseline 0.004 -15"><span class='ocrx_word' id='word_1_249' title='bbox 214 2985 482 3041; x_wconf 80' lang='lat' dir='ltr'><strong>civitates</strong></span> <span class='ocrx_word' id='word_1_250' title='bbox 519 2984 688 3042; x_wconf 70' lang='lat' dir='ltr'><strong>Iudae.</strong></span> <span class='ocrx_word' id='word_1_251' title='bbox 731 2987 800 3041; x_wconf 86' lang='lat' dir='ltr'><strong>Et</strong></span> <span class='ocrx_word' id='word_1_252' title='bbox 837 2987 1212 3043; x_wconf 87' lang='lat' dir='ltr'><strong>inhabitabunt</strong></span> <span class='ocrx_word' id='word_1_253' title='bbox 1255 2989 1353 3054; x_wconf 86' lang='lat' dir='ltr'><strong>ibi,</strong></span> <span class='ocrx_word' id='word_1_254' title='bbox 1395 2997 1450 3044; x_wconf 86' lang='lat' dir='ltr'><strong>et</strong></span> <span class='ocrx_word' id='word_1_255' title='bbox 1498 2989 1810 3045; x_wconf 69' lang='lat' dir='ltr'><strong>haereditate</strong></span> 
     </span>
    </p>
   </div>
   <div class='ocr_carea' id='block_1_33' title="bbox 215 3075 1808 3149">
    <p class='ocr_par' dir='ltr' id='par_1_33' title="bbox 215 3075 1808 3149">
     <span class='ocr_line' id='line_1_33' title="bbox 215 3075 1808 3149; baseline 0.004 -21"><span class='ocrx_word' id='word_1_256' title='bbox 215 3075 514 3145; x_wconf 69' lang='lat' dir='ltr'><strong>acquinont</strong></span> <span class='ocrx_word' id='word_1_257' title='bbox 554 3091 696 3130; x_wconf 88' lang='lat' dir='ltr'><strong>eam.</strong></span> <span class='ocrx_word' id='word_1_258' title='bbox 742 3076 809 3130; x_wconf 84' lang='lat' dir='ltr'><strong>Et</strong></span> <span class='ocrx_word' id='word_1_259' title='bbox 848 3091 1033 3132; x_wconf 84' lang='lat' dir='ltr'><strong>semen</strong></span> <span class='ocrx_word' id='word_1_260' title='bbox 1077 3091 1357 3132; x_wconf 89' lang='lat' dir='ltr'><strong>servorum</strong></span> <span class='ocrx_word' id='word_1_261' title='bbox 1409 3077 1525 3147; x_wconf 83' lang='lat' dir='ltr'><strong>ejus</strong></span> <span class='ocrx_word' id='word_1_262' title='bbox 1567 3077 1808 3149; x_wconf 55' lang='lat' dir='ltr'><strong>possides</strong></span> 
     </span>
    </p>
   </div>
   <div class='ocr_carea' id='block_1_34' title="bbox 213 3163 1807 3239">
    <p class='ocr_par' dir='ltr' id='par_1_34' title="bbox 213 3163 1807 3239">
     <span class='ocr_line' id='line_1_34' title="bbox 213 3163 1807 3239; baseline 0.003 -21"><span class='ocrx_word' id='word_1_263' title='bbox 213 3164 292 3218; x_wconf 90' lang='lat' dir='ltr'><strong>bit</strong></span> <span class='ocrx_word' id='word_1_264' title='bbox 343 3179 495 3230; x_wconf 85' lang='lat' dir='ltr'><strong>eam,</strong></span> <span class='ocrx_word' id='word_1_265' title='bbox 547 3172 602 3221; x_wconf 92' lang='lat' dir='ltr'><strong>et</strong></span> <span class='ocrx_word' id='word_1_266' title='bbox 640 3166 732 3236; x_wconf 91' lang='lat' dir='ltr'><strong>qui</strong></span> <span class='ocrx_word' id='word_1_267' title='bbox 757 3163 766 3165; x_wconf 25' lang='grc' dir='ltr'><strong>θλ</strong></span> <span class='ocrx_word' id='word_1_268' title='bbox 781 3165 1008 3239; x_wconf 88' lang='lat' dir='ltr'><strong>diligunt</strong></span> <span class='ocrx_word' id='word_1_269' title='bbox 1055 3181 1252 3223; x_wconf 82' lang='lat' dir='ltr'><strong>nomen</strong></span> <span class='ocrx_word' id='word_1_270' title='bbox 1295 3166 1434 3236; x_wconf 87' lang='lat' dir='ltr'><strong>ejus,</strong></span> <span class='ocrx_word' id='word_1_271' title='bbox 1485 3168 1807 3226; x_wconf 81' lang='lat' dir='ltr'><strong>habitabant</strong></span> 
     </span>
    </p>
   </div>
   <div class='ocr_carea' id='block_1_35' title="bbox 215 3256 407 3312">
    <p class='ocr_par' dir='ltr' id='par_1_35' title="bbox 215 3256 407 3312">
     <span class='ocr_line' id='line_1_35' title="bbox 215 3256 407 3312; baseline 0.005 -2"><span class='ocrx_word' id='word_1_272' title='bbox 215 3256 269 3311; x_wconf 89' lang='lat' dir='ltr'><strong>in</strong></span> <span class='ocrx_word' id='word_1_273' title='bbox 297 3272 407 3312; x_wconf 77' lang='lat' dir='ltr'><strong>ea.</strong></span> 
     </span>
    </p>
   </div>
   <div class='ocr_carea' id='block_1_36' title="bbox 283 3345 1811 3419">
    <p class='ocr_par' dir='ltr' id='par_1_36' title="bbox 283 3345 1811 3419">
     <span class='ocr_line' id='line_1_36' title="bbox 283 3345 1811 3419; baseline 0.007 -19"><span class='ocrx_word' id='word_1_274' title='bbox 283 3345 376 3401; x_wconf 75' lang='lat' dir='ltr'><strong>Ut</strong></span> <span class='ocrx_word' id='word_1_275' title='bbox 412 3365 589 3418; x_wconf 80' lang='lat' dir='ltr'><strong>supra.</strong></span> <span class='ocrx_word' id='word_1_276' title='bbox 629 3348 689 3404; x_wconf 85' lang='lat' dir='ltr'><strong>In</strong></span> <span class='ocrx_word' id='word_1_277' title='bbox 728 3350 1070 3407; x_wconf 88' lang='lat' dir='ltr'><strong>tribulatione</strong></span> <span class='ocrx_word' id='word_1_278' title='bbox 1118 3352 1362 3409; x_wconf 83' lang='lat' dir='ltr'><strong>invocavi</strong></span> <span class='ocrx_word' id='word_1_279' title='bbox 1406 3353 1712 3419; x_wconf 88' lang='lat' dir='ltr'><strong>Dominum,</strong></span> <span class='ocrx_word' id='word_1_280' title='bbox 1755 3363 1811 3412; x_wconf 90' lang='lat' dir='ltr'><strong>et</strong></span> 
     </span>
    </p>
   </div>
   <div class='ocr_carea' id='block_1_37' title="bbox 213 3437 1809 3516">
    <p class='ocr_par' dir='ltr' id='par_1_37' title="bbox 213 3437 1809 3516">
     <span class='ocr_line' id='line_1_37' title="bbox 213 3437 1809 3516; baseline 0.006 -25"><span class='ocrx_word' id='word_1_281' title='bbox 213 3438 278 3491; x_wconf 87' lang='lat' dir='ltr'><strong>ad</strong></span> <span class='ocrx_word' id='word_1_282' title='bbox 313 3437 501 3492; x_wconf 87' lang='lat' dir='ltr'><strong>Deum</strong></span> <span class='ocrx_word' id='word_1_283' title='bbox 536 3454 714 3494; x_wconf 91' lang='lat' dir='ltr'><strong>meum</strong></span> <span class='ocrx_word' id='word_1_284' title='bbox 761 3440 1013 3495; x_wconf 88' lang='lat' dir='ltr'><strong>clamavi.</strong></span> <span class='ocrx_word' id='word_1_285' title='bbox 1065 3442 1132 3497; x_wconf 88' lang='lat' dir='ltr'><strong>Et</strong></span> <span class='ocrx_word' id='word_1_286' title='bbox 1177 3444 1454 3498; x_wconf 77' lang='lat' dir='ltr'><strong>exaudivit</strong></span> <span class='ocrx_word' id='word_1_287' title='bbox 1497 3445 1564 3500; x_wconf 91' lang='lat' dir='ltr'><strong>de</strong></span> <span class='ocrx_word' id='word_1_288' title='bbox 1609 3445 1809 3516; x_wconf 85' lang='lat' dir='ltr'><strong>templo</strong></span> 
     </span>
    </p>
   </div>
   <div class='ocr_carea' id='block_1_38' title="bbox 209 3533 1811 3597">
    <p class='ocr_par' dir='ltr' id='par_1_38' title="bbox 209 3533 1811 3597">
     <span class='ocr_line' id='line_1_38' title="bbox 209 3533 1811 3597; baseline 0.007 -15"><span class='ocrx_word' id='word_1_289' title='bbox 209 3535 423 3583; x_wconf 77' lang='lat' dir='ltr'><strong>sancto</strong></span> <span class='ocrx_word' id='word_1_290' title='bbox 447 3544 542 3584; x_wconf 87' lang='lat' dir='ltr'><strong>suo</strong></span> <span class='ocrx_word' id='word_1_291' title='bbox 570 3544 758 3585; x_wconf 84' lang='lat' dir='ltr'><strong>vocem</strong></span> <span class='ocrx_word' id='word_1_292' title='bbox 798 3547 998 3597; x_wconf 89' lang='lat' dir='ltr'><strong>meam,</strong></span> <span class='ocrx_word' id='word_1_293' title='bbox 1048 3539 1103 3588; x_wconf 92' lang='lat' dir='ltr'><strong>et</strong></span> <span class='ocrx_word' id='word_1_294' title='bbox 1142 3533 1348 3588; x_wconf 86' lang='lat' dir='ltr'><strong>clamor</strong></span> <span class='ocrx_word' id='word_1_295' title='bbox 1391 3548 1546 3592; x_wconf 89' lang='lat' dir='ltr'><strong>meus</strong></span> <span class='ocrx_word' id='word_1_296' title='bbox 1589 3537 1642 3591; x_wconf 89' lang='lat' dir='ltr'><strong>in</strong></span> <span class='ocrx_word' id='word_1_297' title='bbox 1681 3551 1811 3592; x_wconf 92' lang='lat' dir='ltr'><strong>con-</strong></span> 
     </span>
    </p>
   </div>
   <div class='ocr_carea' id='block_1_39' title="bbox 213 3621 1809 3696">
    <p class='ocr_par' dir='ltr' id='par_1_39' title="bbox 213 3621 1809 3696">
     <span class='ocr_line' id='line_1_39' title="bbox 213 3621 1809 3696; baseline 0.006 -21"><span class='ocrx_word' id='word_1_298' title='bbox 213 3626 423 3690; x_wconf 71' lang='lat' dir='ltr'><strong>spectu</strong></span> <span class='ocrx_word' id='word_1_299' title='bbox 444 3621 558 3690; x_wconf 88' lang='lat' dir='ltr'><strong>ejus</strong></span> <span class='ocrx_word' id='word_1_300' title='bbox 582 3621 826 3678; x_wconf 88' lang='lat' dir='ltr'><strong>introibit</strong></span> <span class='ocrx_word' id='word_1_301' title='bbox 847 3623 902 3677; x_wconf 92' lang='lat' dir='ltr'><strong>in</strong></span> <span class='ocrx_word' id='word_1_302' title='bbox 930 3639 1092 3680; x_wconf 88' lang='lat' dir='ltr'><strong>aures</strong></span> <span class='ocrx_word' id='word_1_303' title='bbox 1117 3626 1253 3696; x_wconf 88' lang='lat' dir='ltr'><strong>ejus.</strong></span> <span class='ocrx_word' id='word_1_304' title='bbox 1281 3627 1422 3683; x_wconf 91' lang='lat' dir='ltr'><strong>Deus</strong></span> <span class='ocrx_word' id='word_1_305' title='bbox 1447 3636 1634 3684; x_wconf 88' lang='lat' dir='ltr'><strong>noster</strong></span> <span class='ocrx_word' id='word_1_306' title='bbox 1658 3628 1809 3684; x_wconf 90' lang='lat' dir='ltr'><strong>refu-</strong></span> 
     </span>
    </p>
   </div>
   <div class='ocr_carea' id='block_1_40' title="bbox 210 3713 1812 3790">
    <p class='ocr_par' dir='ltr' id='par_1_40' title="bbox 210 3713 1812 3790">
     <span class='ocr_line' id='line_1_40' title="bbox 210 3713 1812 3790; baseline 0.006 -26"><span class='ocrx_word' id='word_1_307' title='bbox 210 3713 386 3783; x_wconf 81' lang='lat' dir='ltr'><strong>gium</strong></span> <span class='ocrx_word' id='word_1_308' title='bbox 423 3719 480 3766; x_wconf 84' lang='lat' dir='ltr'><strong>et</strong></span> <span class='ocrx_word' id='word_1_309' title='bbox 513 3713 728 3768; x_wconf 84' lang='lat' dir='ltr'><strong>virtus:</strong></span> <span class='ocrx_word' id='word_1_310' title='bbox 762 3714 980 3784; x_wconf 78' lang='lat' dir='ltr'><strong>adiutor</strong></span> <span class='ocrx_word' id='word_1_311' title='bbox 1005 3715 1059 3770; x_wconf 92' lang='lat' dir='ltr'><strong>in</strong></span> <span class='ocrx_word' id='word_1_312' title='bbox 1084 3715 1543 3785; x_wconf 85' lang='lat' dir='ltr'><strong>tribulationibus,</strong></span> <span class='ocrx_word' id='word_1_313' title='bbox 1589 3734 1708 3790; x_wconf 72' lang='lat' dir='ltr'><strong>qute</strong></span> <span class='ocrx_word' id='word_1_314' title='bbox 1729 3719 1812 3774; x_wconf 89' lang='lat' dir='ltr'><strong>iu-</strong></span> 
     </span>
    </p>
   </div>
   <div class='ocr_carea' id='block_1_41' title="bbox 212 3805 1795 3861">
    <p class='ocr_par' dir='ltr' id='par_1_41' title="bbox 212 3805 1795 3861">
     <span class='ocr_line' id='line_1_41' title="bbox 212 3805 1795 3861; baseline 0.006 -4"><span class='ocrx_word' id='word_1_315' title='bbox 212 3811 502 3860; x_wconf 74' lang='lat' dir='ltr'><strong>rauerunt</strong></span> <span class='ocrx_word' id='word_1_316' title='bbox 529 3819 630 3860; x_wconf 87' lang='lat' dir='ltr'><strong>nos</strong></span> <span class='ocrx_word' id='word_1_317' title='bbox 655 3805 835 3861; x_wconf 90' lang='lat' dir='ltr'><strong>nimis.</strong></span> <span class='ocrx_word' id='word_1_318' title='bbox 1793 3829 1795 3836; x_wconf 92' lang='grc'>·</span> 
     </span>
    </p>
   </div>
   <div class='ocr_carea' id='block_1_42' title="bbox 283 3892 1811 3967">
    <p class='ocr_par' dir='ltr' id='par_1_42' title="bbox 283 3892 1811 3967">
     <span class='ocr_line' id='line_1_42' title="bbox 283 3892 1811 3967; baseline 0.007 -19"><span class='ocrx_word' id='word_1_319' title='bbox 283 3892 514 3948; x_wconf 78' lang='lat' dir='ltr'><strong>Oratio.</strong></span> <span class='ocrx_word' id='word_1_320' title='bbox 556 3893 946 3967; x_wconf 85' lang='lat' dir='ltr'><strong>Benignissime</strong></span> <span class='ocrx_word' id='word_1_321' title='bbox 989 3899 1218 3953; x_wconf 82' lang='lat' dir='ltr'><strong>Domine</strong></span> <span class='ocrx_word' id='word_1_322' title='bbox 1251 3900 1449 3954; x_wconf 80' lang='lat' dir='ltr'><strong>exaudi</strong></span> <span class='ocrx_word' id='word_1_323' title='bbox 1487 3913 1586 3955; x_wconf 91' lang='lat' dir='ltr'><strong>nos</strong></span> <span class='ocrx_word' id='word_1_324' title='bbox 1636 3901 1692 3957; x_wconf 90' lang='lat' dir='ltr'><strong>in</strong></span> <span class='ocrx_word' id='word_1_325' title='bbox 1717 3916 1811 3958; x_wconf 86' lang='lat' dir='ltr'><strong>ve-</strong></span> 
     </span>
    </p>
   </div>
   <div class='ocr_carea' id='block_1_43' title="bbox 213 3987 1811 4062">
    <p class='ocr_par' dir='ltr' id='par_1_43' title="bbox 213 3987 1811 4062">
     <span class='ocr_line' id='line_1_43' title="bbox 213 3987 1811 4062; baseline 0.003 -19"><span class='ocrx_word' id='word_1_326' title='bbox 213 3989 400 4043; x_wconf 71' lang='lat' dir='ltr'><strong>ritate</strong></span> <span class='ocrx_word' id='word_1_327' title='bbox 436 3987 622 4043; x_wconf 88' lang='lat' dir='ltr'><strong>salutis</strong></span> <span class='ocrx_word' id='word_1_328' title='bbox 665 3996 792 4055; x_wconf 84' lang='lat' dir='ltr'><strong>tuae,</strong></span> <span class='ocrx_word' id='word_1_329' title='bbox 838 3996 898 4043; x_wconf 91' lang='lat' dir='ltr'><strong>ut</strong></span> <span class='ocrx_word' id='word_1_330' title='bbox 923 3989 1063 4044; x_wconf 89' lang='lat' dir='ltr'><strong>eruti</strong></span> <span class='ocrx_word' id='word_1_331' title='bbox 1088 3989 1158 4044; x_wconf 92' lang='lat' dir='ltr'><strong>ab</strong></span> <span class='ocrx_word' id='word_1_332' title='bbox 1183 3990 1435 4062; x_wconf 87' lang='lat' dir='ltr'><strong>squalore</strong></span> <span class='ocrx_word' id='word_1_333' title='bbox 1463 3991 1670 4061; x_wconf 89' lang='lat' dir='ltr'><strong>peccati</strong></span> <span class='ocrx_word' id='word_1_334' title='bbox 1698 4007 1811 4047; x_wconf 91' lang='lat' dir='ltr'><strong>me-</strong></span> 
     </span>
    </p>
   </div>
   <div class='ocr_carea' id='block_1_44' title="bbox 214 4078 1735 4154">
    <p class='ocr_par' dir='ltr' id='par_1_44' title="bbox 214 4078 1735 4154">
     <span class='ocr_line' id='line_1_44' title="bbox 214 4078 1735 4154; baseline 0.004 -20"><span class='ocrx_word' id='word_1_335' title='bbox 214 4092 459 4134; x_wconf 79' lang='lat' dir='ltr'><strong>reamur</strong></span> <span class='ocrx_word' id='word_1_336' title='bbox 481 4078 531 4134; x_wconf 91' lang='lat' dir='ltr'><strong>in</strong></span> <span class='ocrx_word' id='word_1_337' title='bbox 559 4079 698 4135; x_wconf 88' lang='lat' dir='ltr'><strong>libro</strong></span> <span class='ocrx_word' id='word_1_338' title='bbox 721 4080 845 4135; x_wconf 68' lang='lat' dir='ltr'><strong>vita:</strong></span> <span class='ocrx_word' id='word_1_339' title='bbox 868 4080 1036 4154; x_wconf 89' lang='lat' dir='ltr'><strong>digito</strong></span> <span class='ocrx_word' id='word_1_340' title='bbox 1062 4083 1268 4138; x_wconf 86' lang='lat' dir='ltr'><strong>caelesti</strong></span> <span class='ocrx_word' id='word_1_341' title='bbox 1298 4083 1585 4138; x_wconf 80' lang='lat' dir='ltr'><strong>conscribi.</strong></span> <span class='ocrx_word' id='word_1_342' title='bbox 1613 4082 1735 4140; x_wconf 87' lang='lat' dir='ltr'><strong>Per.</strong></span> 
     </span>
    </p>
   </div>
   <div class='ocr_carea' id='block_1_45' title="bbox 287 4171 1810 4252">
    <p class='ocr_par' dir='ltr' id='par_1_45' title="bbox 287 4171 1810 4252">
     <span class='ocr_line' id='line_1_45' title="bbox 287 4171 1810 4252; baseline 0.006 -26"><span class='ocrx_word' id='word_1_343' title='bbox 287 4171 514 4227; x_wconf 81' lang='lat' dir='ltr'><strong>Eduees</strong></span> <span class='ocrx_word' id='word_1_344' title='bbox 540 4173 608 4228; x_wconf 92' lang='lat' dir='ltr'><strong>de</strong></span> <span class='ocrx_word' id='word_1_345' title='bbox 637 4172 983 4229; x_wconf 88' lang='lat' dir='ltr'><strong>tribulatione</strong></span> <span class='ocrx_word' id='word_1_346' title='bbox 1023 4175 1258 4230; x_wconf 88' lang='lat' dir='ltr'><strong>animam</strong></span> <span class='ocrx_word' id='word_1_347' title='bbox 1287 4191 1482 4231; x_wconf 92' lang='lat' dir='ltr'><strong>meam.</strong></span> <span class='ocrx_word' id='word_1_348' title='bbox 1526 4177 1592 4232; x_wconf 86' lang='lat' dir='ltr'><strong>Et</strong></span> <span class='ocrx_word' id='word_1_349' title='bbox 1612 4179 1810 4252; x_wconf 87' lang='lat' dir='ltr'><strong>perdes</strong></span> 
     </span>
    </p>
   </div>
   <div class='ocr_carea' id='block_1_46' title="bbox 212 4262 1809 4333">
    <p class='ocr_par' dir='ltr' id='par_1_46' title="bbox 212 4262 1809 4333">
     <span class='ocr_line' id='line_1_46' title="bbox 212 4262 1809 4333; baseline 0.003 -13"><span class='ocrx_word' id='word_1_350' title='bbox 212 4277 448 4327; x_wconf 68' lang='lat' dir='ltr'><strong>annos,</strong></span> <span class='ocrx_word' id='word_1_351' title='bbox 491 4263 584 4333; x_wconf 90' lang='lat' dir='ltr'><strong>qui</strong></span> <span class='ocrx_word' id='word_1_352' title='bbox 630 4262 892 4318; x_wconf 88' lang='lat' dir='ltr'><strong>tribulant</strong></span> <span class='ocrx_word' id='word_1_353' title='bbox 931 4264 1166 4319; x_wconf 85' lang='lat' dir='ltr'><strong>animam</strong></span> <span class='ocrx_word' id='word_1_354' title='bbox 1199 4281 1395 4322; x_wconf 84' lang='lat' dir='ltr'><strong>meam.</strong></span> <span class='ocrx_word' id='word_1_355' title='bbox 1428 4267 1636 4324; x_wconf 79' lang='lat' dir='ltr'><strong>Exaudi</strong></span> <span class='ocrx_word' id='word_1_356' title='bbox 1665 4269 1809 4326; x_wconf 87' lang='lat' dir='ltr'><strong>Deus</strong></span> 
     </span>
    </p>
   </div>
   <div class='ocr_carea' id='block_1_47' title="bbox 211 4355 1220 4427">
    <p class='ocr_par' dir='ltr' id='par_1_47' title="bbox 211 4355 1220 4427">
     <span class='ocr_line' id='line_1_47' title="bbox 211 4355 1220 4427; baseline -0.001 -15"><span class='ocrx_word' id='word_1_357' title='bbox 211 4355 530 4412; x_wconf 76' lang='lat' dir='ltr'><strong>oralionem</strong></span> <span class='ocrx_word' id='word_1_358' title='bbox 557 4370 754 4422; x_wconf 85' lang='lat' dir='ltr'><strong>meam,</strong></span> <span class='ocrx_word' id='word_1_359' title='bbox 787 4371 912 4412; x_wconf 88' lang='lat' dir='ltr'><strong>cum</strong></span> <span class='ocrx_word' id='word_1_360' title='bbox 937 4356 1220 4427; x_wconf 85' lang='lat' dir='ltr'><strong>deprecor.</strong></span> 
     </span>
    </p>
   </div>
   <div class='ocr_carea' id='block_1_48' title="bbox 558 4483 1476 4544">
    <p class='ocr_par' dir='ltr' id='par_1_48' title="bbox 558 4483 1476 4544">
     <span class='ocr_line' id='line_1_48' title="bbox 558 4483 1476 4544; baseline 0 -2"><span class='ocrx_word' id='word_1_361' title='bbox 558 4483 814 4542; x_wconf 82' lang='lat' dir='ltr'><strong>ORATIO</strong></span> <span class='ocrx_word' id='word_1_362' title='bbox 852 4483 1096 4541; x_wconf 82' lang='lat' dir='ltr'><strong>SANCTI</strong></span> <span class='ocrx_word' id='word_1_363' title='bbox 1132 4484 1476 4544; x_wconf 83' lang='lat' dir='ltr'><strong>AMBROSII.</strong></span> 
     </span>
    </p>
   </div>
   <div class='ocr_carea' id='block_1_49' title="bbox 289 4618 1810 4680">
    <p class='ocr_par' dir='ltr' id='par_1_49' title="bbox 289 4618 1810 4680">
     <span class='ocr_line' id='line_1_49' title="bbox 289 4618 1810 4680; baseline 0.002 -4"><span class='ocrx_word' id='word_1_364' title='bbox 289 4618 522 4676; x_wconf 79' lang='lat' dir='ltr'><strong>Christe</strong></span> <span class='ocrx_word' id='word_1_365' title='bbox 561 4634 771 4674; x_wconf 85' lang='lat' dir='ltr'><strong>summa</strong></span> <span class='ocrx_word' id='word_1_366' title='bbox 799 4619 894 4674; x_wconf 87' lang='lat' dir='ltr'><strong>Dei</strong></span> <span class='ocrx_word' id='word_1_367' title='bbox 921 4618 1112 4680; x_wconf 87' lang='lat' dir='ltr'><strong>virtus,</strong></span> <span class='ocrx_word' id='word_1_368' title='bbox 1155 4633 1264 4673; x_wconf 89' lang='lat' dir='ltr'><strong>una</strong></span> <span class='ocrx_word' id='word_1_369' title='bbox 1285 4625 1342 4675; x_wconf 87' lang='lat' dir='ltr'><strong>et</strong></span> <span class='ocrx_word' id='word_1_370' title='bbox 1377 4619 1667 4678; x_wconf 83' lang='lat' dir='ltr'><strong>indiscreta</strong></span> <span class='ocrx_word' id='word_1_371' title='bbox 1691 4637 1810 4678; x_wconf 81' lang='lat' dir='ltr'><strong>ms-</strong></span> 
     </span>
    </p>
   </div>
   <div class='ocr_carea' id='block_1_50' title="bbox 207 4712 1808 4784">
    <p class='ocr_par' dir='ltr' id='par_1_50' title="bbox 207 4712 1808 4784">
     <span class='ocr_line' id='line_1_50' title="bbox 207 4712 1808 4784; baseline 0 -14"><span class='ocrx_word' id='word_1_372' title='bbox 207 4714 426 4784; x_wconf 67' lang='lat' dir='ltr'><strong>jrstas,</strong></span> <span class='ocrx_word' id='word_1_373' title='bbox 453 4713 709 4768; x_wconf 88' lang='lat' dir='ltr'><strong>orationis</strong></span> <span class='ocrx_word' id='word_1_374' title='bbox 736 4728 872 4769; x_wconf 62' lang='lat' dir='ltr'><strong>mea:</strong></span> <span class='ocrx_word' id='word_1_375' title='bbox 891 4719 1005 4767; x_wconf 90' lang='lat' dir='ltr'><strong>tota</strong></span> <span class='ocrx_word' id='word_1_376' title='bbox 1041 4712 1366 4779; x_wconf 86' lang='lat' dir='ltr'><strong>substantia,</strong></span> <span class='ocrx_word' id='word_1_377' title='bbox 1397 4712 1589 4768; x_wconf 90' lang='lat' dir='ltr'><strong>invoco</strong></span> <span class='ocrx_word' id='word_1_378' title='bbox 1612 4729 1808 4770; x_wconf 86' lang='lat' dir='ltr'><strong>nomen</strong></span> 
     </span>
    </p>
   </div>
   <div class='ocr_carea' id='block_1_51' title="bbox 213 4805 1810 4864">
    <p class='ocr_par' dir='ltr' id='par_1_51' title="bbox 213 4805 1810 4864">
     <span class='ocr_line' id='line_1_51' title="bbox 213 4805 1810 4864; baseline -0.002 -1"><span class='ocrx_word' id='word_1_379' title='bbox 213 4814 482 4864; x_wconf 78' lang='lat' dir='ltr'><strong>sanctum</strong></span> <span class='ocrx_word' id='word_1_380' title='bbox 518 4813 668 4861; x_wconf 84' lang='lat' dir='ltr'><strong>tuum</strong></span> <span class='ocrx_word' id='word_1_381' title='bbox 692 4820 708 4860; x_wconf 88' lang='lat'><strong>:</strong></span> <span class='ocrx_word' id='word_1_382' title='bbox 735 4805 929 4861; x_wconf 80' lang='lat' dir='ltr'><strong>exaudi</strong></span> <span class='ocrx_word' id='word_1_383' title='bbox 978 4819 1068 4859; x_wconf 87' lang='lat' dir='ltr'><strong>me</strong></span> <span class='ocrx_word' id='word_1_384' title='bbox 1107 4819 1229 4860; x_wconf 90' lang='lat' dir='ltr'><strong>meo</strong></span> <span class='ocrx_word' id='word_1_385' title='bbox 1275 4819 1484 4861; x_wconf 89' lang='lat' dir='ltr'><strong>mecum</strong></span> <span class='ocrx_word' id='word_1_386' title='bbox 1517 4806 1682 4860; x_wconf 86' lang='lat' dir='ltr'><strong>corde</strong></span> <span class='ocrx_word' id='word_1_387' title='bbox 1727 4806 1810 4861; x_wconf 87' lang='lat' dir='ltr'><strong>lu-</strong></span> 
     </span>
    </p>
   </div>
   <div class='ocr_carea' id='block_1_52' title="bbox 212 4894 1811 4970">
    <p class='ocr_par' dir='ltr' id='par_1_52' title="bbox 212 4894 1811 4970">
     <span class='ocr_line' id='line_1_52' title="bbox 212 4894 1811 4970; baseline -0.002 -15"><span class='ocrx_word' id='word_1_388' title='bbox 212 4907 492 4962; x_wconf 69' lang='lat' dir='ltr'><strong>dantem,</strong></span> <span class='ocrx_word' id='word_1_389' title='bbox 520 4905 899 4970; x_wconf 73' lang='lat' dir='ltr'><strong>agnoscentem</strong></span> <span class='ocrx_word' id='word_1_390' title='bbox 922 4905 1147 4965; x_wconf 75' lang='lat' dir='ltr'><strong>peccata</strong></span> <span class='ocrx_word' id='word_1_391' title='bbox 1183 4894 1507 4961; x_wconf 77' lang='lat' dir='ltr'><strong>facinorum,</strong></span> <span class='ocrx_word' id='word_1_392' title='bbox 1536 4904 1593 4951; x_wconf 91' lang='lat' dir='ltr'><strong>et</strong></span> <span class='ocrx_word' id='word_1_393' title='bbox 1612 4897 1811 4968; x_wconf 82' lang='lat' dir='ltr'><strong>cogita-</strong></span> 
     </span>
    </p>
   </div>
   <div class='ocr_carea' id='block_1_53' title="bbox 211 4986 1804 5057">
    <p class='ocr_par' dir='ltr' id='par_1_53' title="bbox 211 4986 1804 5057">
     <span class='ocr_line' id='line_1_53' title="bbox 211 4986 1804 5057; baseline -0.004 -8"><span class='ocrx_word' id='word_1_394' title='bbox 211 4996 439 5049; x_wconf 73' lang='lat' dir='ltr'><strong>tionum</strong></span> <span class='ocrx_word' id='word_1_395' title='bbox 485 4991 709 5045; x_wconf 87' lang='lat' dir='ltr'><strong>crimina</strong></span> <span class='ocrx_word' id='word_1_396' title='bbox 743 4987 1111 5045; x_wconf 84' lang='lat' dir='ltr'><strong>confitentem.</strong></span> <span class='ocrx_word' id='word_1_397' title='bbox 1156 4987 1267 5057; x_wconf 68' lang='lat'><strong>82</strong></span> <span class='ocrx_word' id='word_1_398' title='bbox 1298 4986 1529 5057; x_wconf 79' lang='lat' dir='ltr'><strong>Frange,</strong></span> <span class='ocrx_word' id='word_1_399' title='bbox 1559 4987 1804 5053; x_wconf 85' lang='lat' dir='ltr'><strong>Domine,</strong></span> 
     </span>
    </p>
   </div>
   <div class='ocr_carea' id='block_1_54' title="bbox 210 5079 1804 5153">
    <p class='ocr_par' dir='ltr' id='par_1_54' title="bbox 210 5079 1804 5153">
     <span class='ocr_line' id='line_1_54' title="bbox 210 5079 1804 5153; baseline -0.004 -13"><span class='ocrx_word' id='word_1_400' title='bbox 210 5096 382 5140; x_wconf 81' lang='lat' dir='ltr'><strong>artes</strong></span> <span class='ocrx_word' id='word_1_401' title='bbox 422 5082 650 5148; x_wconf 83' lang='lat' dir='ltr'><strong>diaboli;</strong></span> <span class='ocrx_word' id='word_1_402' title='bbox 691 5081 846 5153; x_wconf 81' lang='lat' dir='ltr'><strong>ﬁngit</strong></span> <span class='ocrx_word' id='word_1_403' title='bbox 891 5081 1038 5136; x_wconf 89' lang='lat' dir='ltr'><strong>enim</strong></span> <span class='ocrx_word' id='word_1_404' title='bbox 1074 5079 1232 5135; x_wconf 79' lang='lat' dir='ltr'><strong>labiis</strong></span> <span class='ocrx_word' id='word_1_405' title='bbox 1267 5079 1411 5132; x_wconf 86' lang='lat' dir='ltr'><strong>aliud</strong></span> <span class='ocrx_word' id='word_1_406' title='bbox 1448 5080 1804 5149; x_wconf 87' lang='lat' dir='ltr'><strong>suggerendo,</strong></span> 
     </span>
    </p>
   </div>
   <div class='ocr_carea' id='block_1_55' title="bbox 213 5168 1802 5247">
    <p class='ocr_par' dir='ltr' id='par_1_55' title="bbox 213 5168 1802 5247">
     <span class='ocr_line' id='line_1_55' title="bbox 213 5168 1802 5247; baseline -0.007 -14"><span class='ocrx_word' id='word_1_407' title='bbox 213 5180 514 5247; x_wconf 79' lang='lat' dir='ltr'><strong>ipsamque</strong></span> <span class='ocrx_word' id='word_1_408' title='bbox 561 5174 864 5230; x_wconf 74' lang='lat' dir='ltr'><strong>cntionem</strong></span> <span class='ocrx_word' id='word_1_409' title='bbox 923 5171 1179 5242; x_wconf 85' lang='lat' dir='ltr'><strong>captivat.</strong></span> <span class='ocrx_word' id='word_1_410' title='bbox 1231 5169 1457 5239; x_wconf 79' lang='lat' dir='ltr'><strong>BeSpice</strong></span> <span class='ocrx_word' id='word_1_411' title='bbox 1477 5207 1492 5233; x_wconf 94' lang='lat'><strong>,</strong></span> <span class='ocrx_word' id='word_1_412' title='bbox 1544 5168 1802 5234; x_wconf 83' lang='lat' dir='ltr'><strong>Domine,</strong></span> 
     </span>
    </p>
   </div>
   <div class='ocr_carea' id='block_1_56' title="bbox 208 5258 1801 5337">
    <p class='ocr_par' dir='ltr' id='par_1_56' title="bbox 208 5258 1801 5337">
     <span class='ocr_line' id='line_1_56' title="bbox 208 5258 1801 5337; baseline -0.007 -14"><span class='ocrx_word' id='word_1_413' title='bbox 208 5267 340 5323; x_wconf 79' lang='lat' dir='ltr'><strong>inci</strong></span> <span class='ocrx_word' id='word_1_414' title='bbox 385 5266 640 5337; x_wconf 82' lang='lat' dir='ltr'><strong>supplicis</strong></span> <span class='ocrx_word' id='word_1_415' title='bbox 683 5264 986 5335; x_wconf 84' lang='lat' dir='ltr'><strong>lacrymas;</strong></span> <span class='ocrx_word' id='word_1_416' title='bbox 1014 5271 1072 5316; x_wconf 90' lang='lat' dir='ltr'><strong>et</strong></span> <span class='ocrx_word' id='word_1_417' title='bbox 1105 5275 1230 5316; x_wconf 88' lang='lat' dir='ltr'><strong>eum</strong></span> <span class='ocrx_word' id='word_1_418' title='bbox 1254 5259 1504 5330; x_wconf 69' lang='lat' dir='ltr'><strong>lacryma:</strong></span> <span class='ocrx_word' id='word_1_419' title='bbox 1532 5273 1638 5313; x_wconf 89' lang='lat' dir='ltr'><strong>non</strong></span> <span class='ocrx_word' id='word_1_420' title='bbox 1672 5258 1801 5323; x_wconf 86' lang='lat' dir='ltr'><strong>sint,</strong></span> 
     </span>
    </p>
   </div>
   <div class='ocr_carea' id='block_1_57' title="bbox 211 5350 1807 5430">
    <p class='ocr_par' dir='ltr' id='par_1_57' title="bbox 211 5350 1807 5430">
     <span class='ocr_line' id='line_1_57' title="bbox 211 5350 1807 5430; baseline -0.006 -16"><span class='ocrx_word' id='word_1_421' title='bbox 211 5359 574 5430; x_wconf 64' lang='lat' dir='ltr'><strong>indulgentiae</strong></span> <span class='ocrx_word' id='word_1_422' title='bbox 619 5366 727 5413; x_wconf 65' lang='lat' dir='ltr'><strong>mm</strong></span> <span class='ocrx_word' id='word_1_423' title='bbox 764 5357 1019 5426; x_wconf 87' lang='lat' dir='ltr'><strong>pietatem</strong></span> <span class='ocrx_word' id='word_1_424' title='bbox 1065 5351 1306 5408; x_wconf 88' lang='lat' dir='ltr'><strong>infunde.</strong></span> <span class='ocrx_word' id='word_1_425' title='bbox 1357 5350 1579 5429; x_wconf 86' lang='lat' dir='ltr'><strong>Custodi</strong></span> <span class='ocrx_word' id='word_1_426' title='bbox 1620 5350 1673 5404; x_wconf 92' lang='lat' dir='ltr'><strong>in</strong></span> <span class='ocrx_word' id='word_1_427' title='bbox 1719 5364 1807 5404; x_wconf 88' lang='lat' dir='ltr'><strong>me</strong></span> 
     </span>
    </p>
   </div>
   <div class='ocr_carea' id='block_1_58' title="bbox 213 5444 1810 5518">
    <p class='ocr_par' dir='ltr' id='par_1_58' title="bbox 213 5444 1810 5518">
     <span class='ocr_line' id='line_1_58' title="bbox 213 5444 1810 5518; baseline -0.004 -13"><span class='ocrx_word' id='word_1_428' title='bbox 213 5449 633 5505; x_wconf 73' lang='lat' dir='ltr'><strong>immaculatum</strong></span> <span class='ocrx_word' id='word_1_429' title='bbox 667 5448 857 5516; x_wconf 78' lang='lat' dir='ltr'><strong>tidem,</strong></span> <span class='ocrx_word' id='word_1_430' title='bbox 902 5463 1096 5518; x_wconf 82' lang='lat' dir='ltr'><strong>meque</strong></span> <span class='ocrx_word' id='word_1_431' title='bbox 1135 5461 1259 5502; x_wconf 89' lang='lat' dir='ltr'><strong>cum</strong></span> <span class='ocrx_word' id='word_1_432' title='bbox 1299 5444 1558 5515; x_wconf 82' lang='lat' dir='ltr'><strong>proximis</strong></span> <span class='ocrx_word' id='word_1_433' title='bbox 1594 5457 1810 5512; x_wconf 87' lang='lat' dir='ltr'><strong>semper</strong></span> 
     </span>
    </p>
   </div>
   <div class='ocr_carea' id='block_1_59' title="bbox 214 5533 1910 5610">
    <p class='ocr_par' dir='ltr' id='par_1_59' title="bbox 214 5533 1910 5610">
     <span class='ocr_line' id='line_1_59' title="bbox 214 5533 1910 5610; baseline -0.004 -14"><span class='ocrx_word' id='word_1_434' title='bbox 214 5542 279 5596; x_wconf 86' lang='lat' dir='ltr'><strong>in</strong></span> <span class='ocrx_word' id='word_1_435' title='bbox 334 5555 469 5610; x_wconf 83' lang='lat' dir='ltr'><strong>pace</strong></span> <span class='ocrx_word' id='word_1_436' title='bbox 514 5541 824 5596; x_wconf 86' lang='lat' dir='ltr'><strong>reconcilia.</strong></span> <span class='ocrx_word' id='word_1_437' title='bbox 876 5539 1144 5594; x_wconf 82' lang='lat' dir='ltr'><strong>Fructuos</strong></span> <span class='ocrx_word' id='word_1_438' title='bbox 1186 5535 1302 5610; x_wconf 87' lang='lat' dir='ltr'><strong>[F.,</strong></span> <span class='ocrx_word' id='word_1_439' title='bbox 1334 5551 1396 5591; x_wconf 89' lang='lat' dir='ltr'><strong>os</strong></span> <span class='ocrx_word' id='word_1_440' title='bbox 1419 5533 1648 5606; x_wconf 86' lang='lat' dir='ltr'><strong>fructus]</strong></span> <span class='ocrx_word' id='word_1_441' title='bbox 1687 5543 1809 5590; x_wconf 88' lang='lat' dir='ltr'><strong>tuos</strong></span> <span class='ocrx_word' id='word_1_442' title='bbox 1902 5593 1910 5602; x_wconf 67' lang='grc'><em>,</em></span> 
     </span>
    </p>
   </div>
   <div class='ocr_carea' id='block_1_60' title="bbox 214 5627 1806 5703">
    <p class='ocr_par' dir='ltr' id='par_1_60' title="bbox 214 5627 1806 5703">
     <span class='ocr_line' id='line_1_60' title="bbox 214 5627 1806 5703; baseline -0.003 -17"><span class='ocrx_word' id='word_1_443' title='bbox 214 5633 404 5703; x_wconf 78' lang='lat' dir='ltr'><strong>panis.</strong></span> <span class='ocrx_word' id='word_1_444' title='bbox 435 5671 450 5686; x_wconf 92' lang='lat'><strong>.</strong></span> <span class='ocrx_word' id='word_1_445' title='bbox 477 5673 492 5686; x_wconf 97' lang='lat'><strong>.</strong></span> <span class='ocrx_word' id='word_1_446' title='bbox 516 5672 531 5686; x_wconf 95' lang='lat'><strong>.</strong></span> <span class='ocrx_word' id='word_1_447' title='bbox 557 5673 573 5688; x_wconf 95' lang='lat'><strong>.</strong></span> <span class='ocrx_word' id='word_1_448' title='bbox 600 5633 818 5703; x_wconf 86' lang='lat' dir='ltr'><strong>propria</strong></span> <span class='ocrx_word' id='word_1_449' title='bbox 855 5632 1106 5702; x_wconf 72' lang='lat' dir='ltr'><strong>largitate</strong></span> <span class='ocrx_word' id='word_1_450' title='bbox 1146 5631 1425 5686; x_wconf 85' lang='lat' dir='ltr'><strong>distribue.</strong></span> <span class='ocrx_word' id='word_1_451' title='bbox 1457 5627 1576 5682; x_wconf 88' lang='lat' dir='ltr'><strong>Tibi</strong></span> <span class='ocrx_word' id='word_1_452' title='bbox 1606 5627 1806 5682; x_wconf 80' lang='lat' dir='ltr'><strong>inclina</strong></span> 
     </span>
    </p>
   </div>
   <div class='ocr_carea' id='block_1_61' title="bbox 217 5719 1802 5796">
    <p class='ocr_par' dir='ltr' id='par_1_61' title="bbox 217 5719 1802 5796">
     <span class='ocr_line' id='line_1_61' title="bbox 217 5719 1802 5796; baseline -0.003 -18"><span class='ocrx_word' id='word_1_453' title='bbox 217 5723 518 5779; x_wconf 72' lang='lat' dir='ltr'><strong>cervicem.</strong></span> <span class='ocrx_word' id='word_1_454' title='bbox 576 5723 697 5778; x_wconf 83' lang='lat' dir='ltr'><strong>Tibi</strong></span> <span class='ocrx_word' id='word_1_455' title='bbox 745 5738 917 5796; x_wconf 86' lang='lat' dir='ltr'><strong>genua</strong></span> <span class='ocrx_word' id='word_1_456' title='bbox 948 5721 1124 5779; x_wconf 77' lang='lat' dir='ltr'><strong>ﬂecto.</strong></span> <span class='ocrx_word' id='word_1_457' title='bbox 1168 5720 1244 5777; x_wconf 89' lang='lat' dir='ltr'><strong>Te</strong></span> <span class='ocrx_word' id='word_1_458' title='bbox 1285 5720 1567 5777; x_wconf 86' lang='lat' dir='ltr'><strong>Dominum</strong></span> <span class='ocrx_word' id='word_1_459' title='bbox 1611 5719 1802 5787; x_wconf 90' lang='lat' dir='ltr'><strong>Deum,</strong></span> 
     </span>
    </p>
   </div>
   <div class='ocr_carea' id='block_1_62' title="bbox 1937 519 3519 596">
    <p class='ocr_par' dir='ltr' id='par_1_62' title="bbox 1937 519 3519 596">
     <span class='ocr_line' id='line_1_62' title="bbox 1937 519 3519 596; baseline 0.011 -24"><span class='ocrx_word' id='word_1_460' title='bbox 1937 519 2184 585; x_wconf 90' lang='lat' dir='ltr'><strong>Domine,</strong></span> <span class='ocrx_word' id='word_1_461' title='bbox 2230 528 2420 575; x_wconf 90' lang='lat' dir='ltr'><strong>contra</strong></span> <span class='ocrx_word' id='word_1_462' title='bbox 2470 537 2560 576; x_wconf 85' lang='lat' dir='ltr'><strong>me</strong></span> <span class='ocrx_word' id='word_1_463' title='bbox 2612 521 2957 582; x_wconf 85' lang='lat' dir='ltr'><strong>inimicorum</strong></span> <span class='ocrx_word' id='word_1_464' title='bbox 3007 535 3337 596; x_wconf 78' lang='lat' dir='ltr'><strong>potestates,</strong></span> <span class='ocrx_word' id='word_1_465' title='bbox 3386 547 3519 590; x_wconf 80' lang='lat' dir='ltr'><strong>eme</strong></span> 
     </span>
    </p>
   </div>
   <div class='ocr_carea' id='block_1_63' title="bbox 1937 610 3519 686">
    <p class='ocr_par' dir='ltr' id='par_1_63' title="bbox 1937 610 3519 686">
     <span class='ocr_line' id='line_1_63' title="bbox 1937 610 3519 686; baseline 0.009 -22"><span class='ocrx_word' id='word_1_466' title='bbox 1937 625 2025 665; x_wconf 92' lang='lat' dir='ltr'><strong>me</strong></span> <span class='ocrx_word' id='word_1_467' title='bbox 2050 610 2117 666; x_wconf 90' lang='lat' dir='ltr'><strong>de</strong></span> <span class='ocrx_word' id='word_1_468' title='bbox 2144 611 2414 680; x_wconf 85' lang='lat' dir='ltr'><strong>periculis,</strong></span> <span class='ocrx_word' id='word_1_469' title='bbox 2452 620 2606 668; x_wconf 88' lang='lat' dir='ltr'><strong>tuere</strong></span> <span class='ocrx_word' id='word_1_470' title='bbox 2646 629 2734 670; x_wconf 90' lang='lat' dir='ltr'><strong>me</strong></span> <span class='ocrx_word' id='word_1_471' title='bbox 2771 615 2827 670; x_wconf 90' lang='lat' dir='ltr'><strong>in</strong></span> <span class='ocrx_word' id='word_1_472' title='bbox 2871 619 3125 675; x_wconf 89' lang='lat' dir='ltr'><strong>omnibus</strong></span> <span class='ocrx_word' id='word_1_473' title='bbox 3150 621 3348 686; x_wconf 86' lang='lat' dir='ltr'><strong>causis,</strong></span> <span class='ocrx_word' id='word_1_474' title='bbox 3377 630 3436 677; x_wconf 88' lang='lat' dir='ltr'><strong>et</strong></span> <span class='ocrx_word' id='word_1_475' title='bbox 3462 624 3519 680; x_wconf 87' lang='lat' dir='ltr'><strong>in</strong></span> 
     </span>
    </p>
   </div>
   <div class='ocr_carea' id='block_1_64' title="bbox 1935 698 3518 780">
    <p class='ocr_par' dir='ltr' id='par_1_64' title="bbox 1935 698 3518 780">
     <span class='ocr_line' id='line_1_64' title="bbox 1935 698 3518 780; baseline 0.011 -27"><span class='ocrx_word' id='word_1_476' title='bbox 1935 698 2312 756; x_wconf 88' lang='lat' dir='ltr'><strong>criminatione</strong></span> <span class='ocrx_word' id='word_1_477' title='bbox 2362 699 2610 757; x_wconf 89' lang='lat' dir='ltr'><strong>defende.</strong></span> <span class='ocrx_word' id='word_1_478' title='bbox 2658 703 2829 776; x_wconf 66' lang='lat' dir='ltr'><strong>1Egro</strong></span> <span class='ocrx_word' id='word_1_479' title='bbox 2874 722 2962 762; x_wconf 91' lang='lat' dir='ltr'><strong>me</strong></span> <span class='ocrx_word' id='word_1_480' title='bbox 2999 706 3258 777; x_wconf 83' lang='lat' dir='ltr'><strong>jacente,</strong></span> <span class='ocrx_word' id='word_1_481' title='bbox 3305 721 3361 767; x_wconf 91' lang='lat' dir='ltr'><strong>et</strong></span> <span class='ocrx_word' id='word_1_482' title='bbox 3413 727 3518 780; x_wconf 84' lang='lat' dir='ltr'><strong>ea,</strong></span> 
     </span>
    </p>
   </div>
   <div class='ocr_carea' id='block_1_65' title="bbox 1935 790 3501 876">
    <p class='ocr_par' dir='ltr' id='par_1_65' title="bbox 1935 790 3501 876">
     <span class='ocr_line' id='line_1_65' title="bbox 1935 790 3501 876; baseline 0.017 -35"><span class='ocrx_word' id='word_1_483' title='bbox 1935 803 2055 857; x_wconf 83' lang='lat' dir='ltr'><strong>quae</strong></span> <span class='ocrx_word' id='word_1_484' title='bbox 2084 790 2304 860; x_wconf 81' lang='lat' dir='ltr'><strong>explere</strong></span> <span class='ocrx_word' id='word_1_485' title='bbox 2349 807 2458 848; x_wconf 91' lang='lat' dir='ltr'><strong>non</strong></span> <span class='ocrx_word' id='word_1_486' title='bbox 2495 808 2714 865; x_wconf 89' lang='lat' dir='ltr'><strong>possum</strong></span> <span class='ocrx_word' id='word_1_487' title='bbox 2745 835 2760 862; x_wconf 93' lang='lat'><strong>,</strong></span> <span class='ocrx_word' id='word_1_488' title='bbox 2798 801 2954 868; x_wconf 82' lang='lat' dir='ltr'><strong>quasi</strong></span> <span class='ocrx_word' id='word_1_489' title='bbox 2989 801 3100 858; x_wconf 86' lang='lat' dir='ltr'><strong>sint</strong></span> <span class='ocrx_word' id='word_1_490' title='bbox 3137 805 3352 876; x_wconf 81' lang='lat' dir='ltr'><strong>expleta</strong></span> <span class='ocrx_word' id='word_1_491' title='bbox 3382 824 3501 866; x_wconf 81' lang='lat' dir='ltr'><strong>con-</strong></span> 
     </span>
    </p>
   </div>
   <div class='ocr_carea' id='block_1_66' title="bbox 1933 879 2083 935">
    <p class='ocr_par' dir='ltr' id='par_1_66' title="bbox 1933 879 2083 935">
     <span class='ocr_line' id='line_1_66' title="bbox 1933 879 2083 935; baseline -0.007 0"><span class='ocrx_word' id='word_1_492' title='bbox 1933 879 2083 935; x_wconf 90' lang='lat' dir='ltr'><strong>cede.</strong></span> 
     </span>
    </p>
   </div>
   <div class='ocr_carea' id='block_1_67' title="bbox 2620 1017 2838 1060">
    <p class='ocr_par' dir='ltr' id='par_1_67' title="bbox 2620 1017 2838 1060">
     <span class='ocr_line' id='line_1_67' title="bbox 2620 1017 2838 1060; baseline 0.009 -2"><span class='ocrx_word' id='word_1_493' title='bbox 2620 1017 2838 1060; x_wconf 76' lang='lat' dir='ltr'><strong>ORATIO.</strong></span> 
     </span>
    </p>
   </div>
   <div class='ocr_carea' id='block_1_68' title="bbox 1933 1102 3513 1196">
    <p class='ocr_par' dir='ltr' id='par_1_68' title="bbox 1933 1102 3513 1196">
     <span class='ocr_line' id='line_1_68' title="bbox 1933 1102 3513 1196; baseline 0.017 -39"><span class='ocrx_word' id='word_1_494' title='bbox 1933 1102 2042 1158; x_wconf 87' lang='lat' dir='ltr'><strong>Pro</strong></span> <span class='ocrx_word' id='word_1_495' title='bbox 2077 1105 2427 1175; x_wconf 80' lang='lat' dir='ltr'><strong>familiaribus</strong></span> <span class='ocrx_word' id='word_1_496' title='bbox 2454 1113 2643 1167; x_wconf 77' lang='lat' dir='ltr'><strong>nostris</strong></span> <span class='ocrx_word' id='word_1_497' title='bbox 2665 1125 2712 1168; x_wconf 87' lang='lat' dir='ltr'><strong>et</strong></span> <span class='ocrx_word' id='word_1_498' title='bbox 2738 1117 2935 1172; x_wconf 81' lang='lat' dir='ltr'><strong>cunctis</strong></span> <span class='ocrx_word' id='word_1_499' title='bbox 2966 1120 3209 1188; x_wconf 77' lang='lat' dir='ltr'><strong>ﬁdelibus</strong></span> <span class='ocrx_word' id='word_1_500' title='bbox 3233 1124 3513 1196; x_wconf 77' lang='lat' dir='ltr'><strong>defunctis.</strong></span> 
     </span>
    </p>
   </div>
   <div class='ocr_carea' id='block_1_69' title="bbox 2001 1191 3514 1282">
    <p class='ocr_par' dir='ltr' id='par_1_69' title="bbox 2001 1191 3514 1282">
     <span class='ocr_line' id='line_1_69' title="bbox 2001 1191 3514 1282; baseline 0.017 -36"><span class='ocrx_word' id='word_1_501' title='bbox 2001 1191 2095 1260; x_wconf 89' lang='lat' dir='ltr'><strong>Te,</strong></span> <span class='ocrx_word' id='word_1_502' title='bbox 2121 1193 2347 1250; x_wconf 90' lang='lat' dir='ltr'><strong>Domine</strong></span> <span class='ocrx_word' id='word_1_503' title='bbox 2373 1206 2559 1254; x_wconf 88' lang='lat' dir='ltr'><strong>sancte</strong></span> <span class='ocrx_word' id='word_1_504' title='bbox 2588 1199 2750 1257; x_wconf 84' lang='lat' dir='ltr'><strong>Pater</strong></span> <span class='ocrx_word' id='word_1_505' title='bbox 2772 1205 3111 1277; x_wconf 89' lang='lat' dir='ltr'><strong>omnipotens</strong></span> <span class='ocrx_word' id='word_1_506' title='bbox 3132 1191 3330 1268; x_wconf 67' lang='lat' dir='ltr'><strong>mterne</strong></span> <span class='ocrx_word' id='word_1_507' title='bbox 3348 1214 3514 1282; x_wconf 91' lang='lat' dir='ltr'><strong>Deus,</strong></span> 
     </span>
    </p>
   </div>
   <div class='ocr_carea' id='block_1_70' title="bbox 1929 1285 3519 1365">
    <p class='ocr_par' dir='ltr' id='par_1_70' title="bbox 1929 1285 3519 1365">
     <span class='ocr_line' id='line_1_70' title="bbox 1929 1285 3519 1365; baseline 0.014 -28"><span class='ocrx_word' id='word_1_508' title='bbox 1929 1285 2198 1354; x_wconf 84' lang='lat' dir='ltr'><strong>supplices</strong></span> <span class='ocrx_word' id='word_1_509' title='bbox 2237 1287 2591 1358; x_wconf 90' lang='lat' dir='ltr'><strong>deprecamur</strong></span> <span class='ocrx_word' id='word_1_510' title='bbox 2629 1307 2726 1362; x_wconf 91' lang='lat' dir='ltr'><strong>pro</strong></span> <span class='ocrx_word' id='word_1_511' title='bbox 2773 1295 3054 1365; x_wconf 87' lang='lat' dir='ltr'><strong>spiritibus</strong></span> <span class='ocrx_word' id='word_1_512' title='bbox 3094 1299 3416 1359; x_wconf 88' lang='lat' dir='ltr'><strong>famulorum</strong></span> <span class='ocrx_word' id='word_1_513' title='bbox 3461 1316 3519 1362; x_wconf 88' lang='lat' dir='ltr'><strong>et</strong></span> 
     </span>
    </p>
   </div>
   <div class='ocr_carea' id='block_1_71' title="bbox 1928 1373 3515 1464">
    <p class='ocr_par' dir='ltr' id='par_1_71' title="bbox 1928 1373 3515 1464">
     <span class='ocr_line' id='line_1_71' title="bbox 1928 1373 3515 1464; baseline 0.015 -36"><span class='ocrx_word' id='word_1_514' title='bbox 1928 1373 2248 1432; x_wconf 88' lang='lat' dir='ltr'><strong>famularum</strong></span> <span class='ocrx_word' id='word_1_515' title='bbox 2282 1387 2516 1448; x_wconf 89' lang='lat' dir='ltr'><strong>tuarum,</strong></span> <span class='ocrx_word' id='word_1_516' title='bbox 2543 1397 2680 1452; x_wconf 91' lang='lat' dir='ltr'><strong>quos</strong></span> <span class='ocrx_word' id='word_1_517' title='bbox 2717 1385 2784 1439; x_wconf 90' lang='lat' dir='ltr'><strong>ab</strong></span> <span class='ocrx_word' id='word_1_518' title='bbox 2811 1388 3019 1458; x_wconf 83' lang='lat' dir='ltr'><strong>origine</strong></span> <span class='ocrx_word' id='word_1_519' title='bbox 3049 1392 3226 1446; x_wconf 58' lang='lat' dir='ltr'><strong>saeculi</strong></span> <span class='ocrx_word' id='word_1_520' title='bbox 3256 1393 3414 1464; x_wconf 90' lang='lat' dir='ltr'><strong>hujus</strong></span> <span class='ocrx_word' id='word_1_521' title='bbox 3445 1397 3515 1452; x_wconf 91' lang='lat' dir='ltr'><strong>ad</strong></span> 
     </span>
    </p>
   </div>
   <div class='ocr_carea' id='block_1_72' title="bbox 1929 1471 3514 1554">
    <p class='ocr_par' dir='ltr' id='par_1_72' title="bbox 1929 1471 3514 1554">
     <span class='ocr_line' id='line_1_72' title="bbox 1929 1471 3514 1554; baseline 0.015 -33"><span class='ocrx_word' id='word_1_522' title='bbox 1929 1474 1980 1522; x_wconf 90' lang='lat' dir='ltr'><strong>te</strong></span> <span class='ocrx_word' id='word_1_523' title='bbox 2019 1471 2288 1525; x_wconf 88' lang='lat' dir='ltr'><strong>accersire</strong></span> <span class='ocrx_word' id='word_1_524' title='bbox 2324 1475 2654 1544; x_wconf 66' lang='lat' dir='ltr'><strong>praecepisti;</strong></span> <span class='ocrx_word' id='word_1_525' title='bbox 2696 1487 2756 1531; x_wconf 89' lang='lat' dir='ltr'><strong>ut</strong></span> <span class='ocrx_word' id='word_1_526' title='bbox 2795 1479 3063 1550; x_wconf 81' lang='lat' dir='ltr'><strong>digneris,</strong></span> <span class='ocrx_word' id='word_1_527' title='bbox 3093 1483 3348 1554; x_wconf 90' lang='lat' dir='ltr'><strong>Domine,</strong></span> <span class='ocrx_word' id='word_1_528' title='bbox 3382 1490 3514 1546; x_wconf 90' lang='lat' dir='ltr'><strong>dare</strong></span> 
     </span>
    </p>
   </div>
   <div class='ocr_carea' id='block_1_73' title="bbox 1925 1559 3515 1646">
    <p class='ocr_par' dir='ltr' id='par_1_73' title="bbox 1925 1559 3515 1646">
     <span class='ocr_line' id='line_1_73' title="bbox 1925 1559 3515 1646; baseline 0.014 -32"><span class='ocrx_word' id='word_1_529' title='bbox 1925 1559 2004 1614; x_wconf 90' lang='lat' dir='ltr'><strong>eis</strong></span> <span class='ocrx_word' id='word_1_530' title='bbox 2027 1559 2203 1615; x_wconf 90' lang='lat' dir='ltr'><strong>locum</strong></span> <span class='ocrx_word' id='word_1_531' title='bbox 2233 1561 2492 1631; x_wconf 88' lang='lat' dir='ltr'><strong>lucidum,</strong></span> <span class='ocrx_word' id='word_1_532' title='bbox 2521 1565 2698 1622; x_wconf 91' lang='lat' dir='ltr'><strong>locum</strong></span> <span class='ocrx_word' id='word_1_533' title='bbox 2730 1569 3000 1641; x_wconf 82' lang='lat' dir='ltr'><strong>refrigerii</strong></span> <span class='ocrx_word' id='word_1_534' title='bbox 3027 1583 3082 1628; x_wconf 91' lang='lat' dir='ltr'><strong>et</strong></span> <span class='ocrx_word' id='word_1_535' title='bbox 3106 1575 3333 1646; x_wconf 89' lang='lat' dir='ltr'><strong>quietis;</strong></span> <span class='ocrx_word' id='word_1_536' title='bbox 3365 1589 3421 1634; x_wconf 91' lang='lat' dir='ltr'><strong>et</strong></span> <span class='ocrx_word' id='word_1_537' title='bbox 3451 1589 3515 1636; x_wconf 90' lang='lat' dir='ltr'><strong>ut</strong></span> 
     </span>
    </p>
   </div>
   <div class='ocr_carea' id='block_1_74' title="bbox 1924 1649 3516 1729">
    <p class='ocr_par' dir='ltr' id='par_1_74' title="bbox 1924 1649 3516 1729">
     <span class='ocr_line' id='line_1_74' title="bbox 1924 1649 3516 1729; baseline 0.016 -25"><span class='ocrx_word' id='word_1_538' title='bbox 1924 1649 2084 1706; x_wconf 90' lang='lat' dir='ltr'><strong>liceat</strong></span> <span class='ocrx_word' id='word_1_539' title='bbox 2120 1653 2200 1707; x_wconf 88' lang='lat' dir='ltr'><strong>eis</strong></span> <span class='ocrx_word' id='word_1_540' title='bbox 2232 1655 2461 1711; x_wconf 88' lang='lat' dir='ltr'><strong>transire</strong></span> <span class='ocrx_word' id='word_1_541' title='bbox 2495 1665 2679 1726; x_wconf 90' lang='lat' dir='ltr'><strong>portas</strong></span> <span class='ocrx_word' id='word_1_542' title='bbox 2719 1660 3089 1729; x_wconf 81' lang='lat' dir='ltr'><strong>infernorum,</strong></span> <span class='ocrx_word' id='word_1_543' title='bbox 3119 1675 3174 1719; x_wconf 91' lang='lat' dir='ltr'><strong>et</strong></span> <span class='ocrx_word' id='word_1_544' title='bbox 3209 1669 3325 1724; x_wconf 86' lang='lat' dir='ltr'><strong>vias</strong></span> <span class='ocrx_word' id='word_1_545' title='bbox 3364 1679 3516 1729; x_wconf 86' lang='lat' dir='ltr'><strong>tene-</strong></span> 
     </span>
    </p>
   </div>
   <div class='ocr_carea' id='block_1_75' title="bbox 2161 1751 3516 1829">
    <p class='ocr_par' dir='ltr' id='par_1_75' title="bbox 2161 1751 3516 1829">
     <span class='ocr_line' id='line_1_75' title="bbox 2161 1751 3516 1829; baseline 0.016 -31"><span class='ocrx_word' id='word_1_546' title='bbox 2161 1785 2174 1810; x_wconf 94' lang='lat'><strong>,</strong></span> <span class='ocrx_word' id='word_1_547' title='bbox 2201 1755 2564 1818; x_wconf 89' lang='lat' dir='ltr'><strong>maneantque</strong></span> <span class='ocrx_word' id='word_1_548' title='bbox 2590 1751 2644 1804; x_wconf 92' lang='lat' dir='ltr'><strong>in</strong></span> <span class='ocrx_word' id='word_1_549' title='bbox 2669 1753 3042 1810; x_wconf 89' lang='lat' dir='ltr'><strong>mansionibus</strong></span> <span class='ocrx_word' id='word_1_550' title='bbox 3071 1768 3383 1816; x_wconf 87' lang='lat' dir='ltr'><strong>sanctorum</strong></span> <span class='ocrx_word' id='word_1_551' title='bbox 3407 1804 3422 1829; x_wconf 94' lang='lat'><strong>,</strong></span> <span class='ocrx_word' id='word_1_552' title='bbox 3456 1755 3516 1820; x_wconf 86' lang='lat' dir='ltr'><strong>et</strong></span> 
     </span>
    </p>
   </div>
   <div class='ocr_carea' id='block_1_76' title="bbox 1923 1835 3512 1919">
    <p class='ocr_par' dir='ltr' id='par_1_76' title="bbox 1923 1835 3512 1919">
     <span class='ocr_line' id='line_1_76' title="bbox 1923 1835 3512 1919; baseline 0.013 -29"><span class='ocrx_word' id='word_1_553' title='bbox 1923 1835 1978 1891; x_wconf 90' lang='lat' dir='ltr'><strong>in</strong></span> <span class='ocrx_word' id='word_1_554' title='bbox 2006 1836 2125 1893; x_wconf 90' lang='lat' dir='ltr'><strong>luce</strong></span> <span class='ocrx_word' id='word_1_555' title='bbox 2151 1847 2337 1893; x_wconf 86' lang='lat' dir='ltr'><strong>sancta</strong></span> <span class='ocrx_word' id='word_1_556' title='bbox 2357 1881 2371 1905; x_wconf 97' lang='lat'><strong>,</strong></span> <span class='ocrx_word' id='word_1_557' title='bbox 2400 1856 2562 1912; x_wconf 90' lang='lat' dir='ltr'><strong>quam</strong></span> <span class='ocrx_word' id='word_1_558' title='bbox 2595 1843 2720 1898; x_wconf 91' lang='lat' dir='ltr'><strong>olim</strong></span> <span class='ocrx_word' id='word_1_559' title='bbox 2747 1844 2978 1902; x_wconf 72' lang='lat' dir='ltr'><strong>Abrahae</strong></span> <span class='ocrx_word' id='word_1_560' title='bbox 3014 1846 3308 1919; x_wconf 87' lang='lat' dir='ltr'><strong>promisisti</strong></span> <span class='ocrx_word' id='word_1_561' title='bbox 3339 1863 3395 1908; x_wconf 91' lang='lat' dir='ltr'><strong>et</strong></span> <span class='ocrx_word' id='word_1_562' title='bbox 3422 1871 3512 1912; x_wconf 88' lang='lat' dir='ltr'><strong>se-</strong></span> 
     </span>
    </p>
   </div>
   <div class='ocr_carea' id='block_1_77' title="bbox 1919 1926 3512 2016">
    <p class='ocr_par' dir='ltr' id='par_1_77' title="bbox 1919 1926 3512 2016">
     <span class='ocr_line' id='line_1_77' title="bbox 1919 1926 3512 2016; baseline 0.015 -36"><span class='ocrx_word' id='word_1_563' title='bbox 1919 1927 2052 1981; x_wconf 89' lang='lat' dir='ltr'><strong>mini</strong></span> <span class='ocrx_word' id='word_1_564' title='bbox 2087 1926 2223 1996; x_wconf 91' lang='lat' dir='ltr'><strong>ejus.</strong></span> <span class='ocrx_word' id='word_1_565' title='bbox 2264 1928 2476 1985; x_wconf 84' lang='lat' dir='ltr'><strong>Nullam</strong></span> <span class='ocrx_word' id='word_1_566' title='bbox 2526 1933 2800 1990; x_wconf 64' lang='lat' dir='ltr'><strong>laesionem</strong></span> <span class='ocrx_word' id='word_1_567' title='bbox 2835 1939 3140 1995; x_wconf 87' lang='lat' dir='ltr'><strong>sustineant</strong></span> <span class='ocrx_word' id='word_1_568' title='bbox 3180 1944 3372 2016; x_wconf 68' lang='lat' dir='ltr'><strong>animae</strong></span> <span class='ocrx_word' id='word_1_569' title='bbox 3417 1962 3512 2003; x_wconf 89' lang='lat' dir='ltr'><strong>eo-</strong></span> 
     </span>
    </p>
   </div>
   <div class='ocr_carea' id='block_1_78' title="bbox 1919 2023 3513 2098">
    <p class='ocr_par' dir='ltr' id='par_1_78' title="bbox 1919 2023 3513 2098">
     <span class='ocr_line' id='line_1_78' title="bbox 1919 2023 3513 2098; baseline 0.014 -23"><span class='ocrx_word' id='word_1_570' title='bbox 1919 2035 2060 2086; x_wconf 88' lang='lat' dir='ltr'><strong>rum,</strong></span> <span class='ocrx_word' id='word_1_571' title='bbox 2090 2023 2183 2078; x_wconf 88' lang='lat' dir='ltr'><strong>sed</strong></span> <span class='ocrx_word' id='word_1_572' title='bbox 2213 2038 2334 2078; x_wconf 91' lang='lat' dir='ltr'><strong>cum</strong></span> <span class='ocrx_word' id='word_1_573' title='bbox 2369 2041 2596 2095; x_wconf 78' lang='lat' dir='ltr'><strong>magnus</strong></span> <span class='ocrx_word' id='word_1_574' title='bbox 2630 2028 2718 2084; x_wconf 89' lang='lat' dir='ltr'><strong>ille</strong></span> <span class='ocrx_word' id='word_1_575' title='bbox 2744 2029 2859 2086; x_wconf 89' lang='lat' dir='ltr'><strong>dies</strong></span> <span class='ocrx_word' id='word_1_576' title='bbox 2895 2037 3307 2093; x_wconf 84' lang='lat' dir='ltr'><strong>resurrectionis</strong></span> <span class='ocrx_word' id='word_1_577' title='bbox 3335 2055 3400 2096; x_wconf 92' lang='lat' dir='ltr'><strong>ac</strong></span> <span class='ocrx_word' id='word_1_578' title='bbox 3428 2058 3513 2098; x_wconf 86' lang='lat' dir='ltr'><strong>re-</strong></span> 
     </span>
    </p>
   </div>
   <div class='ocr_carea' id='block_1_79' title="bbox 1919 2113 3513 2198">
    <p class='ocr_par' dir='ltr' id='par_1_79' title="bbox 1919 2113 3513 2198">
     <span class='ocr_line' id='line_1_79' title="bbox 1919 2113 3513 2198; baseline 0.014 -32"><span class='ocrx_word' id='word_1_579' title='bbox 1919 2113 2308 2169; x_wconf 86' lang='lat' dir='ltr'><strong>munerationis</strong></span> <span class='ocrx_word' id='word_1_580' title='bbox 2336 2117 2634 2185; x_wconf 87' lang='lat' dir='ltr'><strong>advenerit,</strong></span> <span class='ocrx_word' id='word_1_581' title='bbox 2664 2122 2991 2180; x_wconf 88' lang='lat' dir='ltr'><strong>resuscitare</strong></span> <span class='ocrx_word' id='word_1_582' title='bbox 3015 2139 3108 2180; x_wconf 89' lang='lat' dir='ltr'><strong>eos</strong></span> <span class='ocrx_word' id='word_1_583' title='bbox 3138 2125 3375 2198; x_wconf 83' lang='lat' dir='ltr'><strong>digneris</strong></span> <span class='ocrx_word' id='word_1_584' title='bbox 3408 2132 3513 2188; x_wconf 91' lang='lat' dir='ltr'><strong>Do-</strong></span> 
     </span>
    </p>
   </div>
   <div class='ocr_carea' id='block_1_80' title="bbox 1918 2201 3509 2294">
    <p class='ocr_par' dir='ltr' id='par_1_80' title="bbox 1918 2201 3509 2294">
     <span class='ocr_line' id='line_1_80' title="bbox 1918 2201 3509 2294; baseline 0.016 -41"><span class='ocrx_word' id='word_1_585' title='bbox 1918 2201 2094 2267; x_wconf 90' lang='lat' dir='ltr'><strong>mine,</strong></span> <span class='ocrx_word' id='word_1_586' title='bbox 2118 2219 2222 2258; x_wconf 92' lang='lat' dir='ltr'><strong>una</strong></span> <span class='ocrx_word' id='word_1_587' title='bbox 2255 2221 2377 2260; x_wconf 92' lang='lat' dir='ltr'><strong>cum</strong></span> <span class='ocrx_word' id='word_1_588' title='bbox 2413 2208 2616 2263; x_wconf 91' lang='lat' dir='ltr'><strong>sanctis</strong></span> <span class='ocrx_word' id='word_1_589' title='bbox 2661 2217 2717 2264; x_wconf 93' lang='lat' dir='ltr'><strong>ct</strong></span> <span class='ocrx_word' id='word_1_590' title='bbox 2749 2211 2936 2267; x_wconf 88' lang='lat' dir='ltr'><strong>electis</strong></span> <span class='ocrx_word' id='word_1_591' title='bbox 2973 2215 3082 2271; x_wconf 88' lang='lat' dir='ltr'><strong>tuis</strong></span> <span class='ocrx_word' id='word_1_592' title='bbox 3110 2231 3124 2270; x_wconf 91' lang='lat'>:</span> <span class='ocrx_word' id='word_1_593' title='bbox 3149 2225 3204 2272; x_wconf 89' lang='lat' dir='ltr'><strong>et</strong></span> <span class='ocrx_word' id='word_1_594' title='bbox 3237 2228 3295 2274; x_wconf 93' lang='lat' dir='ltr'><strong>ut</strong></span> <span class='ocrx_word' id='word_1_595' title='bbox 3327 2222 3509 2294; x_wconf 83' lang='lat' dir='ltr'><strong>deleas</strong></span> 
     </span>
    </p>
   </div>
   <div class='ocr_carea' id='block_1_81' title="bbox 1917 2295 3506 2375">
    <p class='ocr_par' dir='ltr' id='par_1_81' title="bbox 1917 2295 3506 2375">
     <span class='ocr_line' id='line_1_81' title="bbox 1917 2295 3506 2375; baseline 0.015 -30"><span class='ocrx_word' id='word_1_596' title='bbox 1917 2306 2103 2348; x_wconf 88' lang='lat' dir='ltr'><strong>eorum</strong></span> <span class='ocrx_word' id='word_1_597' title='bbox 2149 2295 2345 2352; x_wconf 84' lang='lat' dir='ltr'><strong>delicta</strong></span> <span class='ocrx_word' id='word_1_598' title='bbox 2381 2306 2544 2369; x_wconf 86' lang='lat' dir='ltr'><strong>atque</strong></span> <span class='ocrx_word' id='word_1_599' title='bbox 2568 2309 2788 2371; x_wconf 87' lang='lat' dir='ltr'><strong>peccata</strong></span> <span class='ocrx_word' id='word_1_600' title='bbox 2808 2344 2822 2369; x_wconf 90' lang='lat'><strong>,</strong></span> <span class='ocrx_word' id='word_1_601' title='bbox 2859 2321 3030 2375; x_wconf 86' lang='lat' dir='ltr'><strong>usque</strong></span> <span class='ocrx_word' id='word_1_602' title='bbox 3054 2309 3120 2362; x_wconf 88' lang='lat' dir='ltr'><strong>ad</strong></span> <span class='ocrx_word' id='word_1_603' title='bbox 3151 2311 3506 2368; x_wconf 85' lang='lat' dir='ltr'><strong>novissimum</strong></span> 
     </span>
    </p>
   </div>
   <div class='ocr_carea' id='block_1_82' title="bbox 1916 2383 3506 2458">
    <p class='ocr_par' dir='ltr' id='par_1_82' title="bbox 1916 2383 3506 2458">
     <span class='ocr_line' id='line_1_82' title="bbox 1916 2383 3506 2458; baseline 0.014 -24"><span class='ocrx_word' id='word_1_604' title='bbox 1916 2383 2301 2450; x_wconf 89' lang='lat' dir='ltr'><strong>quadrantem,</strong></span> <span class='ocrx_word' id='word_1_605' title='bbox 2339 2393 2622 2458; x_wconf 88' lang='lat' dir='ltr'><strong>tecumque</strong></span> <span class='ocrx_word' id='word_1_606' title='bbox 2656 2389 3078 2450; x_wconf 88' lang='lat' dir='ltr'><strong>immortalitatis</strong></span> <span class='ocrx_word' id='word_1_607' title='bbox 3116 2396 3282 2453; x_wconf 86' lang='lat' dir='ltr'><strong>vitam</strong></span> <span class='ocrx_word' id='word_1_608' title='bbox 3322 2407 3378 2454; x_wconf 92' lang='lat' dir='ltr'><strong>et</strong></span> <span class='ocrx_word' id='word_1_609' title='bbox 3420 2417 3506 2456; x_wconf 88' lang='lat' dir='ltr'><strong>re-</strong></span> 
     </span>
    </p>
   </div>
   <div class='ocr_carea' id='block_1_83' title="bbox 1915 2487 2814 2546">
    <p class='ocr_par' dir='ltr' id='par_1_83' title="bbox 1915 2487 2814 2546">
     <span class='ocr_line' id='line_1_83' title="bbox 1915 2487 2814 2546; baseline 0.013 -21"><span class='ocrx_word' id='word_1_610' title='bbox 1915 2488 2076 2543; x_wconf 81' lang='lat' dir='ltr'><strong>gnum</strong></span> <span class='ocrx_word' id='word_1_611' title='bbox 2107 2487 2510 2546; x_wconf 87' lang='lat' dir='ltr'><strong>consequantur</strong></span> <span class='ocrx_word' id='word_1_612' title='bbox 2532 2488 2814 2537; x_wconf 75' lang='lat' dir='ltr'><strong>tet-eruum.</strong></span> 
     </span>
    </p>
   </div>
   <div class='ocr_carea' id='block_1_84' title="bbox 1988 2562 3503 2648">
    <p class='ocr_par' dir='ltr' id='par_1_84' title="bbox 1988 2562 3503 2648">
     <span class='ocr_line' id='line_1_84' title="bbox 1988 2562 3503 2648; baseline 0.015 -31"><span class='ocrx_word' id='word_1_613' title='bbox 1988 2562 2056 2618; x_wconf 85' lang='lat' dir='ltr'><strong>Ut</strong></span> <span class='ocrx_word' id='word_1_614' title='bbox 2096 2583 2276 2637; x_wconf 81' lang='lat' dir='ltr'><strong>supra.</strong></span> <span class='ocrx_word' id='word_1_615' title='bbox 2314 2567 2391 2624; x_wconf 86' lang='lat' dir='ltr'><strong>Ne</strong></span> <span class='ocrx_word' id='word_1_616' title='bbox 2428 2572 2612 2627; x_wconf 89' lang='lat' dir='ltr'><strong>tradas</strong></span> <span class='ocrx_word' id='word_1_617' title='bbox 2654 2573 2867 2630; x_wconf 88' lang='lat' dir='ltr'><strong>bestiis.</strong></span> <span class='ocrx_word' id='word_1_618' title='bbox 2915 2575 3176 2648; x_wconf 82' lang='lat' dir='ltr'><strong>Requiem</strong></span> <span class='ocrx_word' id='word_1_619' title='bbox 3219 2591 3503 2640; x_wconf 61' lang='lat' dir='ltr'><strong>eternam.</strong></span> 
     </span>
    </p>
   </div>
   <div class='ocr_carea' id='block_1_85' title="bbox 1913 2652 2430 2714">
    <p class='ocr_par' dir='ltr' id='par_1_85' title="bbox 1913 2652 2430 2714">
     <span class='ocr_line' id='line_1_85' title="bbox 1913 2652 2430 2714; baseline 0.01 -5"><span class='ocrx_word' id='word_1_620' title='bbox 1913 2652 2191 2712; x_wconf 84' lang='lat' dir='ltr'><strong>Justorum</strong></span> <span class='ocrx_word' id='word_1_621' title='bbox 2214 2657 2430 2714; x_wconf 62' lang='lat' dir='ltr'><strong>animae.</strong></span> 
     </span>
    </p>
   </div>
   <div class='ocr_carea' id='block_1_86' title="bbox 2545 2791 2888 2852">
    <p class='ocr_par' dir='ltr' id='par_1_86' title="bbox 2545 2791 2888 2852">
     <span class='ocr_line' id='line_1_86' title="bbox 2545 2791 2888 2852; baseline 0.009 -5"><span class='ocrx_word' id='word_1_622' title='bbox 2545 2791 2888 2852; x_wconf 80' lang='lat' dir='ltr'><strong>PSALMUS.</strong></span> 
     </span>
    </p>
   </div>
   <div class='ocr_carea' id='block_1_87' title="bbox 1982 2885 3492 2969">
    <p class='ocr_par' dir='ltr' id='par_1_87' title="bbox 1982 2885 3492 2969">
     <span class='ocr_line' id='line_1_87' title="bbox 1982 2885 3492 2969; baseline 0.011 -28"><span class='ocrx_word' id='word_1_623' title='bbox 1982 2885 2171 2958; x_wconf 74' lang='lat' dir='ltr'><strong>(PSAL.</strong></span> <span class='ocrx_word' id='word_1_624' title='bbox 2203 2889 2290 2960; x_wconf 89' lang='lat' dir='ltr'><strong>v.)</strong></span> <span class='ocrx_word' id='word_1_625' title='bbox 2329 2891 2504 2946; x_wconf 80' lang='lat' dir='ltr'><strong>Verba</strong></span> <span class='ocrx_word' id='word_1_626' title='bbox 2539 2909 2661 2948; x_wconf 87' lang='lat' dir='ltr'><strong>mea</strong></span> <span class='ocrx_word' id='word_1_627' title='bbox 2695 2896 2916 2951; x_wconf 89' lang='lat' dir='ltr'><strong>auribus</strong></span> <span class='ocrx_word' id='word_1_628' title='bbox 2949 2899 3188 2969; x_wconf 89' lang='lat' dir='ltr'><strong>percipe,</strong></span> <span class='ocrx_word' id='word_1_629' title='bbox 3220 2901 3446 2960; x_wconf 89' lang='lat' dir='ltr'><strong>Domine</strong></span> <span class='ocrx_word' id='word_1_630' title='bbox 3477 2920 3492 2958; x_wconf 90' lang='lat'>:</span> 
     </span>
    </p>
   </div>
   <div class='ocr_carea' id='block_1_88' title="bbox 1912 2976 3499 3063">
    <p class='ocr_par' dir='ltr' id='par_1_88' title="bbox 1912 2976 3499 3063">
     <span class='ocr_line' id='line_1_88' title="bbox 1912 2976 3499 3063; baseline 0.014 -33"><span class='ocrx_word' id='word_1_631' title='bbox 1912 2976 2152 3049; x_wconf 89' lang='lat' dir='ltr'><strong>intellige</strong></span> <span class='ocrx_word' id='word_1_632' title='bbox 2163 2980 2459 3037; x_wconf 88' lang='lat' dir='ltr'><strong>clamorem</strong></span> <span class='ocrx_word' id='word_1_633' title='bbox 2473 2998 2674 3039; x_wconf 88' lang='lat' dir='ltr'><strong>meum.</strong></span> <span class='ocrx_word' id='word_1_634' title='bbox 2690 2986 2914 3044; x_wconf 84' lang='lat' dir='ltr'><strong>Intende</strong></span> <span class='ocrx_word' id='word_1_635' title='bbox 2935 2991 3053 3046; x_wconf 90' lang='lat' dir='ltr'><strong>voci</strong></span> <span class='ocrx_word' id='word_1_636' title='bbox 3066 2994 3329 3050; x_wconf 87' lang='lat' dir='ltr'><strong>orationis</strong></span> <span class='ocrx_word' id='word_1_637' title='bbox 3344 3011 3499 3063; x_wconf 64' lang='lat' dir='ltr'><strong>mete,</strong></span> 
     </span>
    </p>
   </div>
   <div class='ocr_carea' id='block_1_89' title="bbox 1909 3064 3502 3151">
    <p class='ocr_par' dir='ltr' id='par_1_89' title="bbox 1909 3064 3502 3151">
     <span class='ocr_line' id='line_1_89' title="bbox 1909 3064 3502 3151; baseline 0.015 -33"><span class='ocrx_word' id='word_1_638' title='bbox 1909 3064 2027 3120; x_wconf 79' lang='lat' dir='ltr'><strong>Rex</strong></span> <span class='ocrx_word' id='word_1_639' title='bbox 2041 3083 2196 3123; x_wconf 83' lang='lat' dir='ltr'><strong>meus</strong></span> <span class='ocrx_word' id='word_1_640' title='bbox 2222 3078 2278 3124; x_wconf 89' lang='lat' dir='ltr'><strong>et</strong></span> <span class='ocrx_word' id='word_1_641' title='bbox 2302 3070 2445 3126; x_wconf 92' lang='lat' dir='ltr'><strong>Deus</strong></span> <span class='ocrx_word' id='word_1_642' title='bbox 2466 3087 2638 3128; x_wconf 91' lang='lat' dir='ltr'><strong>mens.</strong></span> <span class='ocrx_word' id='word_1_643' title='bbox 2661 3074 2927 3141; x_wconf 88' lang='lat' dir='ltr'><strong>Quoniam</strong></span> <span class='ocrx_word' id='word_1_644' title='bbox 2947 3080 3015 3134; x_wconf 90' lang='lat' dir='ltr'><strong>ad</strong></span> <span class='ocrx_word' id='word_1_645' title='bbox 3042 3089 3095 3135; x_wconf 91' lang='lat' dir='ltr'><strong>te</strong></span> <span class='ocrx_word' id='word_1_646' title='bbox 3116 3083 3372 3151; x_wconf 87' lang='lat' dir='ltr'><strong>adorabo,</strong></span> <span class='ocrx_word' id='word_1_647' title='bbox 3395 3085 3502 3142; x_wconf 90' lang='lat' dir='ltr'><strong>Do-</strong></span> 
     </span>
    </p>
   </div>
   <div class='ocr_carea' id='block_1_90' title="bbox 1909 3158 3502 3233">
    <p class='ocr_par' dir='ltr' id='par_1_90' title="bbox 1909 3158 3502 3233">
     <span class='ocr_line' id='line_1_90' title="bbox 1909 3158 3502 3233; baseline 0.014 -21"><span class='ocrx_word' id='word_1_648' title='bbox 1909 3158 2056 3214; x_wconf 87' lang='lat' dir='ltr'><strong>mine</strong></span> <span class='ocrx_word' id='word_1_649' title='bbox 2097 3177 2110 3212; x_wconf 92' lang='lat'><strong>:</strong></span> <span class='ocrx_word' id='word_1_650' title='bbox 2151 3176 2310 3216; x_wconf 89' lang='lat' dir='ltr'><strong>mane</strong></span> <span class='ocrx_word' id='word_1_651' title='bbox 2352 3164 2612 3231; x_wconf 81' lang='lat' dir='ltr'><strong>exaudies</strong></span> <span class='ocrx_word' id='word_1_652' title='bbox 2652 3180 2843 3223; x_wconf 85' lang='lat' dir='ltr'><strong>vocem</strong></span> <span class='ocrx_word' id='word_1_653' title='bbox 2881 3185 3078 3226; x_wconf 86' lang='lat' dir='ltr'><strong>meam.</strong></span> <span class='ocrx_word' id='word_1_654' title='bbox 3120 3172 3275 3228; x_wconf 83' lang='lat' dir='ltr'><strong>Mane</strong></span> <span class='ocrx_word' id='word_1_655' title='bbox 3311 3178 3502 3233; x_wconf 87' lang='lat' dir='ltr'><strong>astabo</strong></span> 
     </span>
    </p>
   </div>
   <div class='ocr_carea' id='block_1_91' title="bbox 1911 3247 3499 3332">
    <p class='ocr_par' dir='ltr' id='par_1_91' title="bbox 1911 3247 3499 3332">
     <span class='ocr_line' id='line_1_91' title="bbox 1911 3247 3499 3332; baseline 0.011 -29"><span class='ocrx_word' id='word_1_656' title='bbox 1911 3247 2010 3303; x_wconf 89' lang='lat' dir='ltr'><strong>tibi</strong></span> <span class='ocrx_word' id='word_1_657' title='bbox 2032 3256 2089 3304; x_wconf 92' lang='lat' dir='ltr'><strong>et</strong></span> <span class='ocrx_word' id='word_1_658' title='bbox 2113 3249 2310 3306; x_wconf 89' lang='lat' dir='ltr'><strong>videbo</strong></span> <span class='ocrx_word' id='word_1_659' title='bbox 2337 3271 2348 3306; x_wconf 88' lang='lat'><strong>:</strong></span> <span class='ocrx_word' id='word_1_660' title='bbox 2374 3253 2633 3322; x_wconf 89' lang='lat' dir='ltr'><strong>quoniam</strong></span> <span class='ocrx_word' id='word_1_661' title='bbox 2651 3270 2761 3310; x_wconf 88' lang='lat' dir='ltr'><strong>non</strong></span> <span class='ocrx_word' id='word_1_662' title='bbox 2786 3255 2930 3314; x_wconf 89' lang='lat' dir='ltr'><strong>Deus</strong></span> <span class='ocrx_word' id='word_1_663' title='bbox 2950 3259 3137 3316; x_wconf 88' lang='lat' dir='ltr'><strong>volens</strong></span> <span class='ocrx_word' id='word_1_664' title='bbox 3156 3261 3499 3332; x_wconf 85' lang='lat' dir='ltr'><strong>iniquitatem</strong></span> 
     </span>
    </p>
   </div>
   <div class='ocr_carea' id='block_1_92' title="bbox 1909 3340 3503 3426">
    <p class='ocr_par' dir='ltr' id='par_1_92' title="bbox 1909 3340 3503 3426">
     <span class='ocr_line' id='line_1_92' title="bbox 1909 3340 3503 3426; baseline 0.011 -32"><span class='ocrx_word' id='word_1_665' title='bbox 1909 3347 1974 3394; x_wconf 90' lang='lat' dir='ltr'><strong>tu</strong></span> <span class='ocrx_word' id='word_1_666' title='bbox 1994 3355 2073 3397; x_wconf 88' lang='lat' dir='ltr'><strong>es.</strong></span> <span class='ocrx_word' id='word_1_667' title='bbox 2098 3340 2283 3411; x_wconf 90' lang='lat' dir='ltr'><strong>Neque</strong></span> <span class='ocrx_word' id='word_1_668' title='bbox 2303 3343 2573 3400; x_wconf 86' lang='lat' dir='ltr'><strong>habitabit</strong></span> <span class='ocrx_word' id='word_1_669' title='bbox 2587 3343 2744 3414; x_wconf 83' lang='lat' dir='ltr'><strong>juxta</strong></span> <span class='ocrx_word' id='word_1_670' title='bbox 2767 3354 2820 3402; x_wconf 88' lang='lat' dir='ltr'><strong>te</strong></span> <span class='ocrx_word' id='word_1_671' title='bbox 2847 3349 3114 3421; x_wconf 84' lang='lat' dir='ltr'><strong>malignus</strong></span> <span class='ocrx_word' id='word_1_672' title='bbox 3142 3370 3155 3406; x_wconf 89' lang='lat'>:</span> <span class='ocrx_word' id='word_1_673' title='bbox 3187 3369 3361 3424; x_wconf 86' lang='lat' dir='ltr'><strong>neque</strong></span> <span class='ocrx_word' id='word_1_674' title='bbox 3379 3371 3503 3426; x_wconf 82' lang='lat' dir='ltr'><strong>per-</strong></span> 
     </span>
    </p>
   </div>
   <div class='ocr_carea' id='block_1_93' title="bbox 1909 3431 3499 3517">
    <p class='ocr_par' dir='ltr' id='par_1_93' title="bbox 1909 3431 3499 3517">
     <span class='ocr_line' id='line_1_93' title="bbox 1909 3431 3499 3517; baseline 0.011 -32"><span class='ocrx_word' id='word_1_675' title='bbox 1909 3431 2205 3486; x_wconf 88' lang='lat' dir='ltr'><strong>manebunt</strong></span> <span class='ocrx_word' id='word_1_676' title='bbox 2231 3433 2417 3504; x_wconf 89' lang='lat' dir='ltr'><strong>injusti</strong></span> <span class='ocrx_word' id='word_1_677' title='bbox 2442 3444 2569 3492; x_wconf 88' lang='lat' dir='ltr'><strong>ante</strong></span> <span class='ocrx_word' id='word_1_678' title='bbox 2587 3437 2774 3495; x_wconf 90' lang='lat' dir='ltr'><strong>oculos</strong></span> <span class='ocrx_word' id='word_1_679' title='bbox 2804 3447 2947 3495; x_wconf 91' lang='lat' dir='ltr'><strong>tuos.</strong></span> <span class='ocrx_word' id='word_1_680' title='bbox 2976 3441 3150 3498; x_wconf 87' lang='lat' dir='ltr'><strong>Odisti</strong></span> <span class='ocrx_word' id='word_1_681' title='bbox 3187 3459 3378 3501; x_wconf 87' lang='lat' dir='ltr'><strong>omnes</strong></span> <span class='ocrx_word' id='word_1_682' title='bbox 3405 3446 3499 3517; x_wconf 89' lang='lat' dir='ltr'><strong>qui</strong></span> 
     </span>
    </p>
   </div>
   <div class='ocr_carea' id='block_1_94' title="bbox 1908 3525 3500 3606">
    <p class='ocr_par' dir='ltr' id='par_1_94' title="bbox 1908 3525 3500 3606">
     <span class='ocr_line' id='line_1_94' title="bbox 1908 3525 3500 3606; baseline 0.009 -29"><span class='ocrx_word' id='word_1_683' title='bbox 1908 3531 2199 3592; x_wconf 88' lang='lat' dir='ltr'><strong>operantur</strong></span> <span class='ocrx_word' id='word_1_684' title='bbox 2223 3525 2563 3595; x_wconf 87' lang='lat' dir='ltr'><strong>iniquitatem</strong></span> <span class='ocrx_word' id='word_1_685' title='bbox 2603 3546 2616 3583; x_wconf 88' lang='lat'><strong>:</strong></span> <span class='ocrx_word' id='word_1_686' title='bbox 2651 3529 2850 3598; x_wconf 86' lang='lat' dir='ltr'><strong>perdes</strong></span> <span class='ocrx_word' id='word_1_687' title='bbox 2874 3545 3066 3588; x_wconf 81' lang='lat' dir='ltr'><strong>omnes</strong></span> <span class='ocrx_word' id='word_1_688' title='bbox 3094 3533 3185 3603; x_wconf 87' lang='lat' dir='ltr'><strong>qui</strong></span> <span class='ocrx_word' id='word_1_689' title='bbox 3207 3534 3500 3606; x_wconf 89' lang='lat' dir='ltr'><strong>loquuntur</strong></span> 
     </span>
    </p>
   </div>
   <div class='ocr_carea' id='block_1_95' title="bbox 1908 3615 3502 3694">
    <p class='ocr_par' dir='ltr' id='par_1_95' title="bbox 1908 3615 3502 3694">
     <span class='ocr_line' id='line_1_95' title="bbox 1908 3615 3502 3694; baseline 0.011 -24"><span class='ocrx_word' id='word_1_690' title='bbox 1908 3615 2273 3672; x_wconf 88' lang='lat' dir='ltr'><strong>mendacium.</strong></span> <span class='ocrx_word' id='word_1_691' title='bbox 2299 3619 2486 3675; x_wconf 82' lang='lat' dir='ltr'><strong>Virum</strong></span> <span class='ocrx_word' id='word_1_692' title='bbox 2517 3623 2840 3694; x_wconf 88' lang='lat' dir='ltr'><strong>sanguinum</strong></span> <span class='ocrx_word' id='word_1_693' title='bbox 2867 3632 2922 3679; x_wconf 84' lang='lat' dir='ltr'><strong>et</strong></span> <span class='ocrx_word' id='word_1_694' title='bbox 2953 3625 3197 3683; x_wconf 79' lang='lat' dir='ltr'><strong>dolosam</strong></span> <span class='ocrx_word' id='word_1_695' title='bbox 3221 3629 3502 3687; x_wconf 85' lang='lat' dir='ltr'><strong>abomina-</strong></span> 
     </span>
    </p>
   </div>
   <div class='ocr_carea' id='block_1_96' title="bbox 1905 3701 3501 3779">
    <p class='ocr_par' dir='ltr' id='par_1_96' title="bbox 1905 3701 3501 3779">
     <span class='ocr_line' id='line_1_96' title="bbox 1905 3701 3501 3779; baseline 0.01 -21"><span class='ocrx_word' id='word_1_696' title='bbox 1905 3701 2056 3758; x_wconf 89' lang='lat' dir='ltr'><strong>bitur</strong></span> <span class='ocrx_word' id='word_1_697' title='bbox 2081 3704 2363 3762; x_wconf 86' lang='lat' dir='ltr'><strong>Dominus.</strong></span> <span class='ocrx_word' id='word_1_698' title='bbox 2387 3708 2499 3779; x_wconf 89' lang='lat' dir='ltr'><strong>Ego</strong></span> <span class='ocrx_word' id='word_1_699' title='bbox 2525 3719 2708 3765; x_wconf 88' lang='lat' dir='ltr'><strong>autem</strong></span> <span class='ocrx_word' id='word_1_700' title='bbox 2737 3713 2793 3766; x_wconf 91' lang='lat' dir='ltr'><strong>in</strong></span> <span class='ocrx_word' id='word_1_701' title='bbox 2824 3713 3170 3771; x_wconf 90' lang='lat' dir='ltr'><strong>multitudine</strong></span> <span class='ocrx_word' id='word_1_702' title='bbox 3194 3717 3501 3774; x_wconf 61' lang='lat' dir='ltr'><strong>misericor.</strong></span> 
     </span>
    </p>
   </div>
   <div class='ocr_carea' id='block_1_97' title="bbox 1909 3793 3500 3864">
    <p class='ocr_par' dir='ltr' id='par_1_97' title="bbox 1909 3793 3500 3864">
     <span class='ocr_line' id='line_1_97' title="bbox 1909 3793 3500 3864; baseline 0.009 -14"><span class='ocrx_word' id='word_1_703' title='bbox 1909 3793 2013 3850; x_wconf 72' lang='lat' dir='ltr'><strong>dia:</strong></span> <span class='ocrx_word' id='word_1_704' title='bbox 2046 3803 2153 3850; x_wconf 72' lang='lat' dir='ltr'><strong>tua:</strong></span> <span class='ocrx_word' id='word_1_705' title='bbox 2179 3796 2416 3852; x_wconf 90' lang='lat' dir='ltr'><strong>introiho</strong></span> <span class='ocrx_word' id='word_1_706' title='bbox 2443 3799 2499 3853; x_wconf 91' lang='lat' dir='ltr'><strong>in</strong></span> <span class='ocrx_word' id='word_1_707' title='bbox 2532 3800 2751 3857; x_wconf 91' lang='lat' dir='ltr'><strong>domum</strong></span> <span class='ocrx_word' id='word_1_708' title='bbox 2777 3810 2924 3860; x_wconf 88' lang='lat' dir='ltr'><strong>tuam</strong></span> <span class='ocrx_word' id='word_1_709' title='bbox 2954 3823 2969 3858; x_wconf 90' lang='lat'><strong>:</strong></span> <span class='ocrx_word' id='word_1_710' title='bbox 3000 3806 3236 3862; x_wconf 90' lang='lat' dir='ltr'><strong>adorabo</strong></span> <span class='ocrx_word' id='word_1_711' title='bbox 3260 3809 3326 3863; x_wconf 89' lang='lat' dir='ltr'><strong>ad</strong></span> <span class='ocrx_word' id='word_1_712' title='bbox 3361 3818 3500 3864; x_wconf 83' lang='lat' dir='ltr'><strong>tem-</strong></span> 
     </span>
    </p>
   </div>
   <div class='ocr_carea' id='block_1_98' title="bbox 1905 3887 3498 3958">
    <p class='ocr_par' dir='ltr' id='par_1_98' title="bbox 1905 3887 3498 3958">
     <span class='ocr_line' id='line_1_98' title="bbox 1905 3887 3498 3958; baseline 0.011 -17"><span class='ocrx_word' id='word_1_713' title='bbox 1905 3887 2056 3958; x_wconf 90' lang='lat' dir='ltr'><strong>plum</strong></span> <span class='ocrx_word' id='word_1_714' title='bbox 2077 3897 2322 3944; x_wconf 84' lang='lat' dir='ltr'><strong>sanctum</strong></span> <span class='ocrx_word' id='word_1_715' title='bbox 2346 3897 2496 3944; x_wconf 90' lang='lat' dir='ltr'><strong>tuum</strong></span> <span class='ocrx_word' id='word_1_716' title='bbox 2525 3891 2581 3944; x_wconf 91' lang='lat' dir='ltr'><strong>in</strong></span> <span class='ocrx_word' id='word_1_717' title='bbox 2602 3894 2796 3948; x_wconf 89' lang='lat' dir='ltr'><strong>timore</strong></span> <span class='ocrx_word' id='word_1_718' title='bbox 2817 3902 2929 3949; x_wconf 86' lang='lat' dir='ltr'><strong>tuo.</strong></span> <span class='ocrx_word' id='word_1_719' title='bbox 2962 3896 3188 3954; x_wconf 87' lang='lat' dir='ltr'><strong>Domine</strong></span> <span class='ocrx_word' id='word_1_720' title='bbox 3216 3899 3389 3956; x_wconf 88' lang='lat' dir='ltr'><strong>deduc</strong></span> <span class='ocrx_word' id='word_1_721' title='bbox 3408 3915 3498 3958; x_wconf 82' lang='lat' dir='ltr'><strong>me</strong></span> 
     </span>
    </p>
   </div>
   <div class='ocr_carea' id='block_1_99' title="bbox 1910 3977 3498 4059">
    <p class='ocr_par' dir='ltr' id='par_1_99' title="bbox 1910 3977 3498 4059">
     <span class='ocr_line' id='line_1_99' title="bbox 1910 3977 3498 4059; baseline 0.009 -26"><span class='ocrx_word' id='word_1_722' title='bbox 1910 3977 1967 4034; x_wconf 92' lang='lat' dir='ltr'><strong>in</strong></span> <span class='ocrx_word' id='word_1_723' title='bbox 1984 3979 2197 4050; x_wconf 86' lang='lat' dir='ltr'><strong>justitia</strong></span> <span class='ocrx_word' id='word_1_724' title='bbox 2220 3994 2310 4034; x_wconf 86' lang='lat' dir='ltr'><strong>tua</strong></span> <span class='ocrx_word' id='word_1_725' title='bbox 2348 3999 2362 4034; x_wconf 86' lang='lat'><strong>:</strong></span> <span class='ocrx_word' id='word_1_726' title='bbox 2389 3988 2610 4050; x_wconf 89' lang='lat' dir='ltr'><strong>propter</strong></span> <span class='ocrx_word' id='word_1_727' title='bbox 2631 3982 2884 4040; x_wconf 90' lang='lat' dir='ltr'><strong>inimicos</strong></span> <span class='ocrx_word' id='word_1_728' title='bbox 2910 4001 3059 4042; x_wconf 90' lang='lat' dir='ltr'><strong>meos</strong></span> <span class='ocrx_word' id='word_1_729' title='bbox 3085 3989 3258 4059; x_wconf 77' lang='lat' dir='ltr'><strong>dirige</strong></span> <span class='ocrx_word' id='word_1_730' title='bbox 3285 3991 3340 4045; x_wconf 91' lang='lat' dir='ltr'><strong>in</strong></span> <span class='ocrx_word' id='word_1_731' title='bbox 3370 4007 3498 4049; x_wconf 88' lang='lat' dir='ltr'><strong>con-</strong></span> 
     </span>
    </p>
   </div>
   <div class='ocr_carea' id='block_1_100' title="bbox 1909 4073 3495 4142">
    <p class='ocr_par' dir='ltr' id='par_1_100' title="bbox 1909 4073 3495 4142">
     <span class='ocr_line' id='line_1_100' title="bbox 1909 4073 3495 4142; baseline 0.008 -15"><span class='ocrx_word' id='word_1_732' title='bbox 1909 4081 2096 4142; x_wconf 82' lang='lat' dir='ltr'><strong>spectu</strong></span> <span class='ocrx_word' id='word_1_733' title='bbox 2123 4083 2215 4128; x_wconf 90' lang='lat' dir='ltr'><strong>tuo</strong></span> <span class='ocrx_word' id='word_1_734' title='bbox 2253 4073 2396 4127; x_wconf 89' lang='lat' dir='ltr'><strong>viam</strong></span> <span class='ocrx_word' id='word_1_735' title='bbox 2426 4088 2622 4129; x_wconf 89' lang='lat' dir='ltr'><strong>meam.</strong></span> <span class='ocrx_word' id='word_1_736' title='bbox 2661 4073 2926 4142; x_wconf 87' lang='lat' dir='ltr'><strong>Quoniam</strong></span> <span class='ocrx_word' id='word_1_737' title='bbox 2965 4094 3070 4134; x_wconf 91' lang='lat' dir='ltr'><strong>non</strong></span> <span class='ocrx_word' id='word_1_738' title='bbox 3097 4087 3182 4135; x_wconf 91' lang='lat' dir='ltr'><strong>est</strong></span> <span class='ocrx_word' id='word_1_739' title='bbox 3207 4081 3261 4136; x_wconf 90' lang='lat' dir='ltr'><strong>in</strong></span> <span class='ocrx_word' id='word_1_740' title='bbox 3287 4097 3383 4139; x_wconf 90' lang='lat' dir='ltr'><strong>ore</strong></span> <span class='ocrx_word' id='word_1_741' title='bbox 3408 4100 3495 4140; x_wconf 91' lang='lat' dir='ltr'><strong>eo-</strong></span> 
     </span>
    </p>
   </div>
   <div class='ocr_carea' id='block_1_101' title="bbox 1908 4164 3492 4243">
    <p class='ocr_par' dir='ltr' id='par_1_101' title="bbox 1908 4164 3492 4243">
     <span class='ocr_line' id='line_1_101' title="bbox 1908 4164 3492 4243; baseline 0.007 -24"><span class='ocrx_word' id='word_1_742' title='bbox 1908 4179 2030 4219; x_wconf 91' lang='lat' dir='ltr'><strong>rum</strong></span> <span class='ocrx_word' id='word_1_743' title='bbox 2059 4164 2263 4220; x_wconf 88' lang='lat' dir='ltr'><strong>veritas</strong></span> <span class='ocrx_word' id='word_1_744' title='bbox 2289 4182 2302 4219; x_wconf 88' lang='lat'>:</span> <span class='ocrx_word' id='word_1_745' title='bbox 2328 4179 2424 4219; x_wconf 91' lang='lat' dir='ltr'><strong>cor</strong></span> <span class='ocrx_word' id='word_1_746' title='bbox 2461 4179 2647 4220; x_wconf 90' lang='lat' dir='ltr'><strong>eorum</strong></span> <span class='ocrx_word' id='word_1_747' title='bbox 2677 4181 2874 4222; x_wconf 85' lang='lat' dir='ltr'><strong>vanum</strong></span> <span class='ocrx_word' id='word_1_748' title='bbox 2908 4176 3010 4224; x_wconf 89' lang='lat' dir='ltr'><strong>est.</strong></span> <span class='ocrx_word' id='word_1_749' title='bbox 3044 4167 3362 4239; x_wconf 74' lang='lat' dir='ltr'><strong>Sepulcrum</strong></span> <span class='ocrx_word' id='word_1_750' title='bbox 3400 4189 3492 4243; x_wconf 87' lang='lat' dir='ltr'><strong>pa-</strong></span> 
     </span>
    </p>
   </div>
   <div class='ocr_carea' id='block_1_102' title="bbox 1909 4255 3492 4333">
    <p class='ocr_par' dir='ltr' id='par_1_102' title="bbox 1909 4255 3492 4333">
     <span class='ocr_line' id='line_1_102' title="bbox 1909 4255 3492 4333; baseline 0.008 -26"><span class='ocrx_word' id='word_1_751' title='bbox 1909 4260 2032 4308; x_wconf 90' lang='lat' dir='ltr'><strong>tens</strong></span> <span class='ocrx_word' id='word_1_752' title='bbox 2059 4261 2145 4308; x_wconf 91' lang='lat' dir='ltr'><strong>est</strong></span> <span class='ocrx_word' id='word_1_753' title='bbox 2171 4261 2355 4324; x_wconf 79' lang='lat' dir='ltr'><strong>guttur</strong></span> <span class='ocrx_word' id='word_1_754' title='bbox 2379 4268 2564 4309; x_wconf 89' lang='lat' dir='ltr'><strong>eorum</strong></span> <span class='ocrx_word' id='word_1_755' title='bbox 2598 4274 2612 4310; x_wconf 89' lang='lat'>:</span> <span class='ocrx_word' id='word_1_756' title='bbox 2647 4255 2845 4327; x_wconf 91' lang='lat' dir='ltr'><strong>linguis</strong></span> <span class='ocrx_word' id='word_1_757' title='bbox 2876 4259 2990 4314; x_wconf 89' lang='lat' dir='ltr'><strong>suis</strong></span> <span class='ocrx_word' id='word_1_758' title='bbox 3019 4259 3204 4318; x_wconf 90' lang='lat' dir='ltr'><strong>dolose</strong></span> <span class='ocrx_word' id='word_1_759' title='bbox 3239 4264 3492 4333; x_wconf 86' lang='lat' dir='ltr'><strong>agebant,</strong></span> 
     </span>
    </p>
   </div>
   <div class='ocr_carea' id='block_1_103' title="bbox 1901 4341 3489 4422">
    <p class='ocr_par' dir='ltr' id='par_1_103' title="bbox 1901 4341 3489 4422">
     <span class='ocr_line' id='line_1_103' title="bbox 1901 4341 3489 4422; baseline 0.008 -24"><span class='ocrx_word' id='word_1_760' title='bbox 1901 4341 2084 4412; x_wconf 90' lang='lat' dir='ltr'><strong>judica</strong></span> <span class='ocrx_word' id='word_1_761' title='bbox 2125 4343 2246 4399; x_wconf 90' lang='lat' dir='ltr'><strong>illos</strong></span> <span class='ocrx_word' id='word_1_762' title='bbox 2283 4343 2448 4400; x_wconf 91' lang='lat' dir='ltr'><strong>Deus.</strong></span> <span class='ocrx_word' id='word_1_763' title='bbox 2497 4343 2757 4402; x_wconf 90' lang='lat' dir='ltr'><strong>Decidant</strong></span> <span class='ocrx_word' id='word_1_764' title='bbox 2809 4362 2840 4402; x_wconf 90' lang='lat' dir='ltr'><strong>a</strong></span> <span class='ocrx_word' id='word_1_765' title='bbox 2882 4349 3300 4419; x_wconf 86' lang='lat' dir='ltr'><strong>cogitationibus</strong></span> <span class='ocrx_word' id='word_1_766' title='bbox 3345 4355 3489 4422; x_wconf 86' lang='lat' dir='ltr'><strong>suis,</strong></span> 
     </span>
    </p>
   </div>
   <div class='ocr_carea' id='block_1_104' title="bbox 1830 4435 3492 4534">
    <p class='ocr_par' dir='ltr' id='par_1_104' title="bbox 1830 4435 3492 4534">
     <span class='ocr_line' id='line_1_104' title="bbox 1830 4435 3492 4534; baseline 0.007 -44"><span class='ocrx_word' id='word_1_767' title='bbox 1830 4471 1885 4534; x_wconf 67' lang='grc' dir='ltr'>ο</span> <span class='ocrx_word' id='word_1_768' title='bbox 1910 4435 2204 4491; x_wconf 89' lang='lat' dir='ltr'><strong>secundum</strong></span> <span class='ocrx_word' id='word_1_769' title='bbox 2241 4436 2638 4493; x_wconf 87' lang='lat' dir='ltr'><strong>multitudinem</strong></span> <span class='ocrx_word' id='word_1_770' title='bbox 2683 4438 3023 4510; x_wconf 87' lang='lat' dir='ltr'><strong>impietatum</strong></span> <span class='ocrx_word' id='word_1_771' title='bbox 3060 4457 3246 4498; x_wconf 90' lang='lat' dir='ltr'><strong>eorum</strong></span> <span class='ocrx_word' id='word_1_772' title='bbox 3281 4445 3492 4514; x_wconf 80' lang='lat' dir='ltr'><strong>expelle</strong></span> 
     </span>
    </p>
   </div>
   <div class='ocr_carea' id='block_1_105' title="bbox 1909 4529 3493 4599">
    <p class='ocr_par' dir='ltr' id='par_1_105' title="bbox 1909 4529 3493 4599">
     <span class='ocr_line' id='line_1_105' title="bbox 1909 4529 3493 4599; baseline 0.005 -14"><span class='ocrx_word' id='word_1_773' title='bbox 1909 4543 2032 4595; x_wconf 86' lang='lat' dir='ltr'><strong>eos,</strong></span> <span class='ocrx_word' id='word_1_774' title='bbox 2073 4529 2328 4599; x_wconf 87' lang='lat' dir='ltr'><strong>quoniam</strong></span> <span class='ocrx_word' id='word_1_775' title='bbox 2367 4530 2718 4588; x_wconf 86' lang='lat' dir='ltr'><strong>irritaverunt</strong></span> <span class='ocrx_word' id='word_1_776' title='bbox 2756 4539 2808 4587; x_wconf 94' lang='lat' dir='ltr'><strong>te</strong></span> <span class='ocrx_word' id='word_1_777' title='bbox 2851 4531 3096 4590; x_wconf 89' lang='lat' dir='ltr'><strong>Domine.</strong></span> <span class='ocrx_word' id='word_1_778' title='bbox 3138 4535 3208 4590; x_wconf 90' lang='lat' dir='ltr'><strong>Et</strong></span> <span class='ocrx_word' id='word_1_779' title='bbox 3241 4535 3493 4593; x_wconf 57' lang='lat' dir='ltr'><strong>laetentur</strong></span> 
     </span>
    </p>
   </div>
   <div class='ocr_carea' id='block_1_106' title="bbox 1907 4621 3492 4692">
    <p class='ocr_par' dir='ltr' id='par_1_106' title="bbox 1907 4621 3492 4692">
     <span class='ocr_line' id='line_1_106' title="bbox 1907 4621 3492 4692; baseline 0.006 -17"><span class='ocrx_word' id='word_1_780' title='bbox 1907 4635 2119 4686; x_wconf 88' lang='lat' dir='ltr'><strong>omnes,</strong></span> <span class='ocrx_word' id='word_1_781' title='bbox 2137 4621 2229 4692; x_wconf 89' lang='lat' dir='ltr'><strong>qui</strong></span> <span class='ocrx_word' id='word_1_782' title='bbox 2245 4629 2470 4692; x_wconf 87' lang='lat' dir='ltr'><strong>sperant</strong></span> <span class='ocrx_word' id='word_1_783' title='bbox 2487 4623 2544 4678; x_wconf 89' lang='lat' dir='ltr'><strong>in</strong></span> <span class='ocrx_word' id='word_1_784' title='bbox 2573 4631 2628 4677; x_wconf 90' lang='lat' dir='ltr'><strong>te</strong></span> <span class='ocrx_word' id='word_1_785' title='bbox 2661 4641 2674 4677; x_wconf 90' lang='lat'><strong>:</strong></span> <span class='ocrx_word' id='word_1_786' title='bbox 2704 4623 2759 4678; x_wconf 91' lang='lat' dir='ltr'><strong>in</strong></span> <span class='ocrx_word' id='word_1_787' title='bbox 2789 4631 3049 4679; x_wconf 65' lang='lat' dir='ltr'><strong>aeternum</strong></span> <span class='ocrx_word' id='word_1_788' title='bbox 3069 4625 3416 4684; x_wconf 81' lang='lat' dir='ltr'><strong>exsultabunt</strong></span> <span class='ocrx_word' id='word_1_789' title='bbox 3433 4638 3492 4686; x_wconf 89' lang='lat' dir='ltr'><strong>et</strong></span> 
     </span>
    </p>
   </div>
   <div class='ocr_carea' id='block_1_107' title="bbox 1907 4711 3491 4788">
    <p class='ocr_par' dir='ltr' id='par_1_107' title="bbox 1907 4711 3491 4788">
     <span class='ocr_line' id='line_1_107' title="bbox 1907 4711 3491 4788; baseline 0.004 -20"><span class='ocrx_word' id='word_1_790' title='bbox 1907 4711 2181 4768; x_wconf 88' lang='lat' dir='ltr'><strong>babitabis</strong></span> <span class='ocrx_word' id='word_1_791' title='bbox 2209 4713 2264 4768; x_wconf 90' lang='lat' dir='ltr'><strong>in</strong></span> <span class='ocrx_word' id='word_1_792' title='bbox 2293 4713 2393 4768; x_wconf 89' lang='lat' dir='ltr'><strong>eis.</strong></span> <span class='ocrx_word' id='word_1_793' title='bbox 2418 4713 2487 4767; x_wconf 90' lang='lat' dir='ltr'><strong>Et</strong></span> <span class='ocrx_word' id='word_1_794' title='bbox 2505 4713 2874 4784; x_wconf 87' lang='lat' dir='ltr'><strong>gloriabuntur</strong></span> <span class='ocrx_word' id='word_1_795' title='bbox 2893 4713 2950 4768; x_wconf 91' lang='lat' dir='ltr'><strong>in</strong></span> <span class='ocrx_word' id='word_1_796' title='bbox 2975 4721 3031 4769; x_wconf 91' lang='lat' dir='ltr'><strong>te</strong></span> <span class='ocrx_word' id='word_1_797' title='bbox 3054 4729 3266 4783; x_wconf 88' lang='lat' dir='ltr'><strong>omnes,</strong></span> <span class='ocrx_word' id='word_1_798' title='bbox 3287 4719 3382 4788; x_wconf 90' lang='lat' dir='ltr'><strong>qui</strong></span> <span class='ocrx_word' id='word_1_799' title='bbox 3411 4719 3491 4775; x_wconf 90' lang='lat' dir='ltr'><strong>di-</strong></span> 
     </span>
    </p>
   </div>
   <div class='ocr_carea' id='block_1_108' title="bbox 1908 4801 3486 4876">
    <p class='ocr_par' dir='ltr' id='par_1_108' title="bbox 1908 4801 3486 4876">
     <span class='ocr_line' id='line_1_108' title="bbox 1908 4801 3486 4876; baseline 0.004 -18"><span class='ocrx_word' id='word_1_800' title='bbox 1908 4804 2081 4875; x_wconf 89' lang='lat' dir='ltr'><strong>ligunt</strong></span> <span class='ocrx_word' id='word_1_801' title='bbox 2107 4819 2303 4863; x_wconf 87' lang='lat' dir='ltr'><strong>nomen</strong></span> <span class='ocrx_word' id='word_1_802' title='bbox 2346 4812 2497 4857; x_wconf 92' lang='lat' dir='ltr'><strong>tuum</strong></span> <span class='ocrx_word' id='word_1_803' title='bbox 2536 4820 2550 4856; x_wconf 90' lang='lat'><strong>:</strong></span> <span class='ocrx_word' id='word_1_804' title='bbox 2588 4801 2848 4871; x_wconf 86' lang='lat' dir='ltr'><strong>quoniam</strong></span> <span class='ocrx_word' id='word_1_805' title='bbox 2894 4810 2953 4858; x_wconf 92' lang='lat' dir='ltr'><strong>tu</strong></span> <span class='ocrx_word' id='word_1_806' title='bbox 2996 4805 3288 4863; x_wconf 86' lang='lat' dir='ltr'><strong>benedices</strong></span> <span class='ocrx_word' id='word_1_807' title='bbox 3317 4807 3486 4876; x_wconf 87' lang='lat' dir='ltr'><strong>justo.</strong></span> 
     </span>
    </p>
   </div>
   <div class='ocr_carea' id='block_1_109' title="bbox 1907 4891 3485 4954">
    <p class='ocr_par' dir='ltr' id='par_1_109' title="bbox 1907 4891 3485 4954">
     <span class='ocr_line' id='line_1_109' title="bbox 1907 4891 3485 4954; baseline 0.003 -5"><span class='ocrx_word' id='word_1_808' title='bbox 1907 4895 2135 4950; x_wconf 90' lang='lat' dir='ltr'><strong>Domine</strong></span> <span class='ocrx_word' id='word_1_809' title='bbox 2170 4904 2231 4948; x_wconf 92' lang='lat' dir='ltr'><strong>ut</strong></span> <span class='ocrx_word' id='word_1_810' title='bbox 2261 4900 2416 4948; x_wconf 88' lang='lat' dir='ltr'><strong>scuto</strong></span> <span class='ocrx_word' id='word_1_811' title='bbox 2442 4893 2598 4946; x_wconf 64' lang='lat' dir='ltr'><strong>bona”:</strong></span> <span class='ocrx_word' id='word_1_812' title='bbox 2616 4891 2912 4949; x_wconf 87' lang='lat' dir='ltr'><strong>voluntatis</strong></span> <span class='ocrx_word' id='word_1_813' title='bbox 2942 4901 3045 4950; x_wconf 68' lang='lat' dir='ltr'><strong>tua:</strong></span> <span class='ocrx_word' id='word_1_814' title='bbox 3064 4899 3336 4954; x_wconf 85' lang='lat' dir='ltr'><strong>coronasti</strong></span> <span class='ocrx_word' id='word_1_815' title='bbox 3367 4915 3485 4954; x_wconf 91' lang='lat' dir='ltr'><strong>nos.</strong></span> 
     </span>
    </p>
   </div>
   <div class='ocr_carea' id='block_1_110' title="bbox 1981 4981 3488 5059">
    <p class='ocr_par' dir='ltr' id='par_1_110' title="bbox 1981 4981 3488 5059">
     <span class='ocr_line' id='line_1_110' title="bbox 1981 4981 3488 5059; baseline 0.004 -20"><span class='ocrx_word' id='word_1_816' title='bbox 1981 4985 2051 5040; x_wconf 87' lang='lat' dir='ltr'><strong>Ut</strong></span> <span class='ocrx_word' id='word_1_817' title='bbox 2075 5000 2253 5056; x_wconf 82' lang='lat' dir='ltr'><strong>supra.</strong></span> <span class='ocrx_word' id='word_1_818' title='bbox 2282 4983 2328 5037; x_wconf 78' lang='grc' dir='ltr'><strong>Δ</strong></span> <span class='ocrx_word' id='word_1_819' title='bbox 2353 4990 2511 5052; x_wconf 90' lang='lat' dir='ltr'><strong>porta</strong></span> <span class='ocrx_word' id='word_1_820' title='bbox 2540 4981 2984 5044; x_wconf 80' lang='lat' dir='ltr'><strong>inferi.Pretiosa</strong></span> <span class='ocrx_word' id='word_1_821' title='bbox 3005 4993 3092 5044; x_wconf 88' lang='lat' dir='ltr'><strong>est</strong></span> <span class='ocrx_word' id='word_1_822' title='bbox 3111 4987 3167 5042; x_wconf 90' lang='lat' dir='ltr'><strong>in</strong></span> <span class='ocrx_word' id='word_1_823' title='bbox 3196 5000 3488 5059; x_wconf 88' lang='lat' dir='ltr'><strong>conspectu</strong></span> 
     </span>
    </p>
   </div>
   <div class='ocr_carea' id='block_1_111' title="bbox 1910 5072 2143 5128">
    <p class='ocr_par' dir='ltr' id='par_1_111' title="bbox 1910 5072 2143 5128">
     <span class='ocr_line' id='line_1_111' title="bbox 1910 5072 2143 5128; baseline -0.004 0"><span class='ocrx_word' id='word_1_824' title='bbox 1910 5072 2143 5128; x_wconf 90' lang='lat' dir='ltr'><strong>Domini.</strong></span> 
     </span>
    </p>
   </div>
   <div class='ocr_carea' id='block_1_112' title="bbox 1981 5161 3484 5236">
    <p class='ocr_par' dir='ltr' id='par_1_112' title="bbox 1981 5161 3484 5236">
     <span class='ocr_line' id='line_1_112' title="bbox 1981 5161 3484 5236; baseline 0.005 -18"><span class='ocrx_word' id='word_1_825' title='bbox 1981 5163 2183 5218; x_wconf 82' lang='lat' dir='ltr'><strong>Oratio.</strong></span> <span class='ocrx_word' id='word_1_826' title='bbox 2217 5163 2312 5217; x_wconf 86' lang='lat' dir='ltr'><strong>Pie</strong></span> <span class='ocrx_word' id='word_1_827' title='bbox 2346 5161 2607 5230; x_wconf 89' lang='lat' dir='ltr'><strong>Domine,</strong></span> <span class='ocrx_word' id='word_1_828' title='bbox 2646 5164 2737 5235; x_wconf 89' lang='lat' dir='ltr'><strong>qui</strong></span> <span class='ocrx_word' id='word_1_829' title='bbox 2773 5166 2945 5222; x_wconf 90' lang='lat' dir='ltr'><strong>attriti</strong></span> <span class='ocrx_word' id='word_1_830' title='bbox 2985 5167 3164 5222; x_wconf 87' lang='lat' dir='ltr'><strong>cordis</strong></span> <span class='ocrx_word' id='word_1_831' title='bbox 3202 5169 3484 5236; x_wconf 76' lang='lat' dir='ltr'><strong>gemitum,</strong></span> 
     </span>
    </p>
   </div>
   <div class='ocr_carea' id='block_1_113' title="bbox 1907 5252 3483 5331">
    <p class='ocr_par' dir='ltr' id='par_1_113' title="bbox 1907 5252 3483 5331">
     <span class='ocr_line' id='line_1_113' title="bbox 1907 5252 3483 5331; baseline 0.006 -24"><span class='ocrx_word' id='word_1_832' title='bbox 1907 5254 2222 5324; x_wconf 88' lang='lat' dir='ltr'><strong>priusquam</strong></span> <span class='ocrx_word' id='word_1_833' title='bbox 2245 5252 2552 5323; x_wconf 87' lang='lat' dir='ltr'><strong>proferatur</strong></span> <span class='ocrx_word' id='word_1_834' title='bbox 2569 5295 2584 5320; x_wconf 91' lang='lat'><strong>,</strong></span> <span class='ocrx_word' id='word_1_835' title='bbox 2613 5254 2872 5327; x_wconf 88' lang='lat' dir='ltr'><strong>intelligis</strong></span> <span class='ocrx_word' id='word_1_836' title='bbox 2889 5297 2904 5322; x_wconf 94' lang='lat'><strong>,</strong></span> <span class='ocrx_word' id='word_1_837' title='bbox 2933 5255 3082 5314; x_wconf 78' lang='lat' dir='ltr'><strong>eﬂice</strong></span> <span class='ocrx_word' id='word_1_838' title='bbox 3115 5272 3217 5314; x_wconf 89' lang='lat' dir='ltr'><strong>nos</strong></span> <span class='ocrx_word' id='word_1_839' title='bbox 3234 5298 3250 5325; x_wconf 97' lang='lat'><strong>,</strong></span> <span class='ocrx_word' id='word_1_840' title='bbox 3281 5275 3483 5331; x_wconf 70' lang='lat' dir='ltr'><strong>quaeso,</strong></span> 
     </span>
    </p>
   </div>
   <div class='ocr_carea' id='block_1_114' title="bbox 1908 5344 3488 5417">
    <p class='ocr_par' dir='ltr' id='par_1_114' title="bbox 1908 5344 3488 5417">
     <span class='ocr_line' id='line_1_114' title="bbox 1908 5344 3488 5417; baseline 0.004 -14"><span class='ocrx_word' id='word_1_841' title='bbox 1908 5347 2166 5417; x_wconf 88' lang='lat' dir='ltr'><strong>templum</strong></span> <span class='ocrx_word' id='word_1_842' title='bbox 2193 5344 2448 5402; x_wconf 87' lang='lat' dir='ltr'><strong>Paracliti</strong></span> <span class='ocrx_word' id='word_1_843' title='bbox 2467 5387 2481 5412; x_wconf 88' lang='lat'><strong>,</strong></span> <span class='ocrx_word' id='word_1_844' title='bbox 2512 5356 2575 5402; x_wconf 92' lang='lat' dir='ltr'><strong>ut</strong></span> <span class='ocrx_word' id='word_1_845' title='bbox 2601 5363 2909 5404; x_wconf 88' lang='lat' dir='ltr'><strong>mereamur</strong></span> <span class='ocrx_word' id='word_1_846' title='bbox 2945 5357 3100 5406; x_wconf 90' lang='lat' dir='ltr'><strong>scuto</strong></span> <span class='ocrx_word' id='word_1_847' title='bbox 3127 5349 3368 5408; x_wconf 63' lang='lat' dir='ltr'><strong>calestis</strong></span> <span class='ocrx_word' id='word_1_848' title='bbox 3399 5353 3488 5409; x_wconf 88' lang='lat' dir='ltr'><strong>be-</strong></span> 
     </span>
    </p>
   </div>
   <div class='ocr_carea' id='block_1_115' title="bbox 1907 5437 2668 5495">
    <p class='ocr_par' dir='ltr' id='par_1_115' title="bbox 1907 5437 2668 5495">
     <span class='ocr_line' id='line_1_115' title="bbox 1907 5437 2668 5495; baseline -0.005 -1"><span class='ocrx_word' id='word_1_849' title='bbox 1907 5438 2226 5495; x_wconf 66' lang='lat' dir='ltr'><strong>nevolentiae</strong></span> <span class='ocrx_word' id='word_1_850' title='bbox 2251 5439 2523 5494; x_wconf 88' lang='lat' dir='ltr'><strong>coronari.</strong></span> <span class='ocrx_word' id='word_1_851' title='bbox 2544 5437 2668 5494; x_wconf 85' lang='lat' dir='ltr'><strong>Per.</strong></span> 
     </span>
    </p>
   </div>
   <div class='ocr_carea' id='block_1_116' title="bbox 1977 5527 3488 5601">
    <p class='ocr_par' dir='ltr' id='par_1_116' title="bbox 1977 5527 3488 5601">
     <span class='ocr_line' id='line_1_116' title="bbox 1977 5527 3488 5601; baseline 0.001 -16"><span class='ocrx_word' id='word_1_852' title='bbox 1977 5531 2096 5586; x_wconf 79' lang='lat' dir='ltr'><strong>Alia</strong></span> <span class='ocrx_word' id='word_1_853' title='bbox 2115 5530 2302 5585; x_wconf 84' lang='lat' dir='ltr'><strong>oratio.</strong></span> <span class='ocrx_word' id='word_1_854' title='bbox 2330 5527 2825 5599; x_wconf 87' lang='lat' dir='ltr'><strong>Supplicationibus</strong></span> <span class='ocrx_word' id='word_1_855' title='bbox 2849 5528 3104 5586; x_wconf 89' lang='lat' dir='ltr'><strong>clamoris</strong></span> <span class='ocrx_word' id='word_1_856' title='bbox 3128 5529 3320 5594; x_wconf 87' lang='lat' dir='ltr'><strong>nostri,</strong></span> <span class='ocrx_word' id='word_1_857' title='bbox 3342 5545 3488 5601; x_wconf 60' lang='lat' dir='ltr'><strong>quai-</strong></span> 
     </span>
    </p>
   </div>
   <div class='ocr_carea' id='block_1_117' title="bbox 1906 5619 3486 5690">
    <p class='ocr_par' dir='ltr' id='par_1_117' title="bbox 1906 5619 3486 5690">
     <span class='ocr_line' id='line_1_117' title="bbox 1906 5619 3486 5690; baseline -0.001 -11"><span class='ocrx_word' id='word_1_858' title='bbox 1906 5638 2113 5688; x_wconf 89' lang='lat' dir='ltr'><strong>sumus,</strong></span> <span class='ocrx_word' id='word_1_859' title='bbox 2135 5621 2559 5687; x_wconf 89' lang='lat' dir='ltr'><strong>Domine,aures</strong></span> <span class='ocrx_word' id='word_1_860' title='bbox 2589 5629 2693 5674; x_wconf 67' lang='lat' dir='ltr'><strong>tum</strong></span> <span class='ocrx_word' id='word_1_861' title='bbox 2713 5621 2932 5690; x_wconf 89' lang='lat' dir='ltr'><strong>pietatis</strong></span> <span class='ocrx_word' id='word_1_862' title='bbox 2960 5619 3253 5679; x_wconf 88' lang='lat' dir='ltr'><strong>clementer</strong></span> <span class='ocrx_word' id='word_1_863' title='bbox 3272 5638 3486 5678; x_wconf 85' lang='lat' dir='ltr'><strong>accom-</strong></span> 
     </span>
    </p>
   </div>
   <div class='ocr_carea' id='block_1_118' title="bbox 1905 5711 3480 5785">
    <p class='ocr_par' dir='ltr' id='par_1_118' title="bbox 1905 5711 3480 5785">
     <span class='ocr_line' id='line_1_118' title="bbox 1905 5711 3480 5785; baseline -0.003 -13"><span class='ocrx_word' id='word_1_864' title='bbox 1905 5715 2060 5772; x_wconf 86' lang='lat' dir='ltr'><strong>moda</strong></span> <span class='ocrx_word' id='word_1_865' title='bbox 2094 5733 2106 5769; x_wconf 93' lang='lat'>:</span> <span class='ocrx_word' id='word_1_866' title='bbox 2139 5713 2415 5771; x_wconf 66' lang='lat' dir='ltr'><strong>utanimz</strong></span> <span class='ocrx_word' id='word_1_867' title='bbox 2443 5711 2763 5769; x_wconf 86' lang='lat' dir='ltr'><strong>famulorum</strong></span> <span class='ocrx_word' id='word_1_868' title='bbox 2793 5711 3223 5785; x_wconf 81' lang='lat' dir='ltr'><strong>famularumque</strong></span> <span class='ocrx_word' id='word_1_869' title='bbox 3248 5724 3480 5777; x_wconf 80' lang='lat' dir='ltr'><strong>tuarum,</strong></span> 
     </span>
    </p>
   </div>
  </div>
