3894 6182
411 321 508 374 551

1252 308 1309 361 Β.
1350 306 1411 361 F.
1453 303 1677 360 ALBINI
1715 303 1846 360 SEU
1883 299 2157 359 ALCUINI
2207 296 2491 356 OPERUM
2529 294 2706 351 PARS
2744 291 2821 350 IV.

3558 293 3658 349 5353

411 430 649 490 omnium
683 425 1106 482 christianorum
1128 461 1143 486 ,
1172 422 1239 475 ab
1267 419 1414 474 omni
1443 417 1636 474 mortis
1661 425 1838 471 extitre
1864 431 1993 470 con-
2022 431 2068 486 Α
2098 411 2241 466 mine
2285 412 2353 466 ad
2390 381 2750 481 adjuvandurn
2792 421 2879 461 me
2907 406 3132 478 respice.
3162 404 3574 477 Confundantur
3610 421 3663 466 et

412 525 576 595 tagio,
599 518 814 575 cmlesti
840 514 1045 586 perfrui
1072 527 1240 582 regno
1266 517 1594 566 mereantur.
1627 507 1729 561 Per
1753 517 1804 559 te
1833 505 1989 561 Chri-

412 623 496 671 ste
517 613 648 668 Iesu
672 609 765 678 qui
788 607 924 662 vivis
952 613 1010 661 et
1033 617 1247 674 regnas.

1033 765 1378 822 PSALIIUS.

487 893 667 965 (Psu..
709 889 808 960 vr.)
848 889 1073 944 Domine
1113 902 1179 941 ne
1222 887 1276 941 in
1313 887 1496 941 furore
1519 894 1612 940 tuo
1639 899 1837 954 arguas
1866 896 1990 937 me:

419 1000 592 1055 neque
621 985 673 1038 in
706 984 783 1036 ira
831 991 922 1036 tua
963 980 1228 1049 corripias
1273 993 1378 1034 me.
1437 978 1694 1032 Miserere
1740 976 1844 1031 mei
1894 975 1998 1029 Do-

419 1077 598 1141 mine,
647 1073 902 1145 quoniam
949 1072 1196 1128 infirmus
1227 1086 1386 1127 sum:
1436 1085 1568 1126 sana
1614 1083 1701 1124 me
1749 1066 1995 1127 Domine.

419 1166 673 1236 quoniam
706 1163 1023 1218 conturbata
1067 1169 1193 1216 sunt
1232 1175 1355 1215 ossa
1395 1174 1536 1214 mea.
1568 1157 1635 1212 Et
1675 1157 1853 1212 anima
1879 1167 2000 1208 mea

422 1256 637 1310 turbata
679 1261 765 1308 est
809 1251 1002 1306 valde:
1034 1248 1129 1305 sed
1162 1257 1218 1304 tu
1253 1247 1480 1303 Domine
1513 1244 1831 1315 usquequo?
1865 1241 2000 1299 Cons

420 1352 638 1398 vertere
683 1341 925 1407 Domine,
979 1349 1035 1396 et
1074 1339 1224 1410 eripe
1269 1339 1504 1394 animam
1544 1351 1742 1400 meam,
1791 1333 2000 1388 salvum

423 1451 513 1490 me
555 1433 640 1489 fac
673 1441 896 1504 propter
931 1431 1359 1486 misericordiam
1403 1439 1574 1485 tuam.
1601 1423 1866 1496 Quoniam
1893 1441 2001 1480 non

423 1533 509 1580 est
533 1527 586 1580 in
619 1535 812 1589 morte,
851 1523 942 1595 qui
980 1539 1187 1579 memor
1217 1524 1286 1579 sit
1319 1523 1433 1577 tui:
1466 1523 1518 1576 in
1564 1521 1776 1576 inferno
1821 1527 2002 1574 autem

425 1616 547 1685 quis
583 1614 931 1684 confitebitur
966 1614 1098 1669 tibi?
1135 1613 1400 1669 Laboravi
1429 1613 1482 1669 in
1509 1614 1709 1686 gemitu
1737 1626 1882 1677 meo,
1920 1609 2002 1662 la-

425 1707 562 1762 vabo
587 1722 684 1776 per
710 1706 946 1778 singulas
990 1714 1177 1762 noctes
1211 1706 1319 1778 83
1350 1707 1551 1762 lectum
1583 1720 1762 1760 meum
1788 1723 1801 1758 :
1830 1703 2004 1774 lacry-

428 1800 531 1853 mis
581 1800 715 1854 meis
759 1808 989 1854 stratum
1037 1815 1218 1854 meum
1260 1800 1466 1872 rigabo.
1523 1797 1794 1852 Turbatus
1837 1803 1923 1850 est
1970 1809 2001 1848 a
2032 1777 2076 1838 Β
2104 1771 2196 1872 Ἷξξί
2229 1769 2366 1827 “Vis

428 1890 608 1946 furore
636 1891 823 1946 oculus
849 1906 1002 1946 meus
1031 1910 1043 1946 :
1078 1890 1372 1946 inveteravi
1407 1892 1549 1945 inter
1587 1902 1777 1944 omnes
1825 1885 2006 1941 inimi-

428 1997 522 2036 cos
563 1997 730 2035 meos.
780 1979 1050 2036 Discedite
1083 1996 1113 2035 a
1146 1997 1254 2046 me,
1305 1996 1496 2036 omnes
1559 1980 1652 2050 qui
1705 1977 2005 2049 operamini

431 2074 770 2144 iniquitatem
813 2091 826 2127 :
872 2072 1128 2145 quoniam
1178 2071 1454 2127 exaudivit
1497 2069 1756 2125 Dominus
1819 2083 2006 2125 vocem

428 2163 585 2220 ﬂetus
606 2165 730 2220 mei.
749 2164 1038 2219 Exaudivit
1061 2163 1320 2218 Dominus
1339 2162 1773 2234 deprecationem
1797 2175 2003 2216 meam:

428 2253 688 2310 Dominus
711 2254 1014 2308 orationem
1045 2268 1221 2308 meam
1265 2253 1520 2322 suscepit.
1579 2252 1915 2308 Erubescant
1953 2259 2009 2307 et

430 2343 821 2399 conturbentur
860 2343 1212 2399 vehementer
1236 2357 1424 2398 omnes
1457 2343 1662 2400 inimici
1696 2343 1801 2398 mei
1834 2361 1847 2397 :
1885 2357 2008 2397 con-

430 2441 712 2488 vertantur
742 2442 799 2489 et
818 2433 1142 2487 erubescant
1166 2432 1322 2488 valde
1346 2431 1623 2488 velociter.

500 2521 568 2576 Ut
593 2539 773 2593 supra.
799 2522 856 2577 In
885 2523 1146 2578 memoria
1183 2531 1385 2577 aeterna
1404 2523 1510 2578 erit
1551 2521 1752 2592 justus.
1799 2521 2008 2576 Animae

429 2626 617 2664 eorum
648 2611 700 2664 in
721 2611 879 2666 bonis
909 2611 1349 2666 demorabuntur.

500 2701 705 2755 Oratio.
741 2701 812 2756 Ut
841 2716 908 2755 ne
932 2702 987 2755 in
1019 2700 1202 2756 furore
1240 2709 1295 2756 et
1333 2701 1412 2756 ira
1455 2711 1545 2756 tua
1576 2702 1786 2756 animas
1835 2701 2010 2756 famu-

427 2791 604 2846 lorum
651 2799 886 2853 tuorum,
933 2790 1176 2853 Domine,
1223 2806 1438 2862 arguas,
1487 2792 2008 2861 deprecamur:sed

427 2889 625 2938 cuncta
669 2881 1041 2951 peccaminum
1088 2881 1208 2936 labe
1258 2883 1568 2946 mandatos,
1633 2891 1740 2938 tua:
1791 2884 2010 2954 pietatis

429 2973 571 3030 dono
597 2973 862 3045 refrigerii
887 2973 1061 3028 locum
1085 2973 1342 3029 concede.
1385 2973 1489 3028 Per
1518 2974 1824 3028 Dominum.

1051 3129 1393 3186 PSALMUS.

503 3270 682 3342 (Ps.u..
729 3267 943 3340 χχχιχ.)
984 3268 1317 3338 Exspectans
1335 3269 1643 3338 exspectavi
1678 3267 2006 3326 Dominum:

431 3371 484 3416 et
507 3361 738 3415 intendit
758 3360 911 3414 mihi.
939 3358 1007 3412 Et
1026 3360 1302 3414 exaudivit
1325 3374 1514 3427 preces
1544 3373 1710 3422 meas,
1747 3366 1802 3412 et
1829 3359 2014 3414 eduxit

431 3467 519 3505 me
545 3451 611 3504 de
633 3451 754 3504 lacu
777 3449 1030 3513 miseriae,
1059 3449 1198 3502 etde
1220 3449 1332 3503 luto
1353 3449 1520 3502 faecis.
1544 3450 1610 3503 Et
1629 3450 1821 3504 statuit
1849 3465 2011 3519 supra

429 3548 639 3609 petram
665 3538 828 3608 pedes
855 3552 1021 3602 meos,
1047 3545 1102 3592 et
1121 3536 1319 3592 direxit
1349 3553 1564 3608 gressus
1611 3553 1782 3592 meos.
1811 3538 1878 3592 Et
1908 3540 2010 3593 im-

427 3630 582 3684 misit
622 3629 678 3683 in
722 3643 783 3682 os
825 3643 1005 3682 meum
1059 3629 1330 3683 canticum
1359 3643 1593 3694 novum,
1643 3644 1864 3685 carmen
1902 3631 2012 3686 Deo

429 3730 638 3778 nostro.
665 3721 934 3778 Videbunt
959 3721 1110 3775 multi
1138 3730 1193 3775 et
1214 3721 1481 3777 timebunt
1507 3740 1521 3776 :
1549 3730 1604 3778 et
1623 3721 1918 3791 sperabunt
1958 3723 2011 3778 in

431 3813 680 3868 Domino.
708 3811 908 3867 Beatus
935 3812 1038 3876 vir,
1067 3810 1222 3880 cujus
1268 3820 1350 3866 est
1392 3826 1588 3867 nomen
1630 3811 1842 3868 Domini
1891 3827 2014 3884 spes

428 3902 548 3972 ejus
580 3919 593 3954 :
625 3910 682 3957 et
708 3916 814 3956 non
837 3901 1074 3971 respexit
1093 3901 1147 3955 in
1173 3901 1460 3966 vanitates,
1485 3910 1542 3957 et
1562 3901 1805 3957 insanias
1825 3902 2011 3959 falsas.

433 3993 597 4048 Multa
647 3992 822 4048 fecisti
857 4001 914 4047 tu
945 3993 1170 4048 Domine
1223 3992 1366 4048 Deus
1415 4007 1567 4048 meus
1592 3993 1872 4063 mirabilia
1899 4003 2012 4059 tua,

431 4097 491 4141 et
537 4086 948 4157 cogitationibus
997 4085 1103 4140 tuis
1141 4100 1248 4139 non
1297 4093 1400 4150 est,
1445 4085 1537 4154 qui
1572 4085 1765 4140 similis
1792 4086 1864 4140 sit
1891 4086 2011 4140 tibi.

432 4175 760 4231 Aununtiavi
798 4185 854 4230 et
871 4175 1085 4230 locutus
1116 4189 1236 4230 sum
1269 4192 1281 4228 :
1313 4173 1656 4244 multiplicati
1685 4184 1811 4230 sunt
1855 4189 2016 4246 super

431 4281 737 4321 numerum.
784 4264 1120 4320 Sacriﬁcium
1150 4273 1205 4321 et
1246 4265 1577 4320 oblationem
1623 4261 1840 4320 noluisti
1875 4285 1888 4320 :
1921 4282 2016 4320 au-

433 4371 524 4412 res
552 4364 731 4411 autem
766 4354 1039 4424 perfecisti
1062 4355 1212 4411 mihi.
1241 4355 1622 4411 Holocaustum
1667 4365 1722 4412 et
1762 4372 1864 4428 pro
1891 4373 2017 4427 pec-

431 4457 559 4502 cato
583 4462 689 4501 non
717 4445 995 4515 postulasti
1021 4463 1033 4499 :
1069 4454 1196 4500 tunc
1217 4447 1347 4510 dixi,
1379 4461 1506 4502 ecce
1529 4448 1707 4501 venio.
1749 4447 1806 4502 In
1835 4449 2012 4517 capite

429 4538 558 4594 libri
602 4538 862 4606 scriptum
913 4545 996 4591 est
1023 4536 1090 4591 de
1142 4550 1250 4602 me,
1299 4544 1360 4590 ut
1404 4534 1638 4591 facerem
1681 4537 2011 4592 voluntatem

435 4638 604 4693 tuam,
639 4629 781 4684 Deus
799 4643 952 4684 meus
969 4627 1132 4693 volui,
1161 4639 1218 4684 et
1244 4627 1414 4699 legem
1437 4635 1583 4681 tuam
1603 4627 1660 4681 in
1695 4628 1875 4682 medio
1891 4642 2014 4683 cor-

435 4723 520 4778 dis
571 4723 698 4777 mei.
725 4722 1050 4777 Annuntiavi
1076 4720 1344 4793 justitiam
1371 4728 1520 4775 tuam
1543 4721 1598 4774 in
1630 4720 1871 4776 Ecclesia
1898 4737 2015 4776 ma-

435 4826 540 4882 gna
561 4829 573 4864 :
597 4827 724 4867 ecce
745 4812 886 4868 labia
915 4827 1035 4867 mea
1057 4827 1164 4868 non
1183 4811 1500 4883 prohibebo,
1518 4811 1741 4867 Domine
1759 4819 1815 4866 tu
1837 4811 2011 4867 scisti.

435 4904 710 4960 Justitiam
755 4911 905 4959 tuam
939 4919 1045 4959 non
1075 4905 1328 4960 abscondi
1359 4905 1415 4960 in
1441 4904 1604 4959 corde
1628 4917 1749 4958 meo
1774 4922 1785 4956 :
1813 4903 2014 4958 verita-

336 5063 341 5068 _
437 5007 546 5053 tem
571 5006 717 5052 tuam
754 5005 810 5051 et
830 4995 1064 5051 salutare
1089 5004 1238 5050 tuum
1269 4996 1400 5050 dixi.
1428 4995 1546 5050 Non
1570 4995 1824 5051 abscondi
1852 4994 2014 5049 mise—

439 5088 732 5143 ricordiam
764 5094 911 5141 tuam
938 5094 995 5140 et
1014 5086 1295 5140 veritatem
1319 5096 1466 5140 tuam
1508 5101 1537 5140 a
1571 5086 1799 5142 consilio
1819 5086 2014 5143 multo.

441 5180 519 5235 'I'u
549 5188 726 5234 autem
757 5178 981 5233 Domine
1007 5191 1076 5231 ne
1109 5176 1266 5246 longe
1288 5175 1457 5230 facias
1485 5177 1863 5233 miserationes
1891 5184 2014 5232 tuas

440 5288 473 5328 a
507 5286 614 5337 me,
653 5267 1018 5326 misericordia
1048 5275 1140 5322 tua
1174 5275 1229 5321 et
1254 5267 1455 5322 veritas
1479 5274 1571 5321 tua
1596 5281 1810 5338 semper
1831 5282 2015 5322 susce—

441 5371 635 5432 perunt
659 5377 763 5418 me.
795 5360 1059 5430 Quoniam
1082 5359 1549 5416 circumdederunt
1571 5374 1660 5414 me
1697 5357 1859 5422 mala,
1881 5373 2015 5427 quos

444 5471 564 5510 tum
592 5473 694 5512 non
715 5466 798 5513 est
835 5470 1123 5512 numerus:
1159 5452 1682 5525 comprehenderunt
1707 5466 1796 5506 me
1821 5450 2017 5520 iniqui-

446 5558 586 5606 tates
631 5565 785 5615 meae,
824 5559 877 5605 et
907 5565 1012 5606 non
1056 5549 1208 5619 potui
1237 5558 1297 5602 ut
1345 5546 1606 5603 viderem.
1651 5541 2018 5615 Multiplicata:

447 5650 573 5695 sunt
598 5656 760 5711 super
781 5641 1003 5710 capillos
1024 5641 1216 5710 capitis
1242 5639 1346 5694 mei
1372 5658 1384 5692 :
1412 5646 1467 5693 et
1490 5651 1587 5692 eor
1609 5649 1788 5690 meum
1825 5632 2018 5690 dereli—
2087 5679 2093 5686 .

447 5732 563 5804 quit
591 5745 695 5785 me.
726 5731 1062 5801 Complaccat
1085 5732 1181 5787 tibi
1211 5730 1434 5784 Domine
1485 5737 1544 5783 ut
1581 5741 1741 5782 eruas
1762 5740 1849 5780 me
1873 5740 1888 5780 :
1914 5725 2020 5780 Do-

2093 510 2438 557 revereantur
2459 499 2620 555 simul
2644 516 2659 553 :
2683 499 2775 568 qui
2821 506 3070 568 qumrunt
3109 498 3344 553 animam
3383 513 3580 566 meam,
3610 512 3664 570 ut

2092 592 2337 647 auferant
2355 605 2497 646 eam.
2511 590 2909 644 Convertantur
2922 596 3218 644 retrorsum
3231 598 3284 644 et
3300 601 3664 662 revereantur,

2095 683 2186 754 qui
2212 681 2395 737 volunt
2416 680 2550 735 mihi
2577 679 2738 734 mala.
2765 677 2965 734 Ferant
2989 678 3272 735 confestim
3299 680 3665 740 confusionem

2096 789 2272 841 suam,
2294 772 2385 844 qui
2407 772 2593 829 dicunt
2615 771 2747 828 mihi
2771 789 2784 825 :
2815 771 2984 842 Euge,
3010 786 3167 843 euge.
3201 772 3488 830 Exsultent
3509 784 3568 832 et
3587 775 3670 834 la:—

2097 876 2278 923 tentur
2322 880 2484 935 super
2512 873 2561 919 te
2585 879 2774 920 omnes
2795 875 3101 934 qumrentes
3147 875 3220 932 te,
3248 876 3304 921 et
3323 867 3507 932 dicant
3540 885 3674 926 sem-

2097 970 2236 1026 per:
2278 952 2650 1023 Magniﬁcetur
2695 952 2977 1018 Dominus,
3031 953 3126 1022 qui
3176 953 3405 1025 diligunt
3441 948 3696 1016 salutare.

2098 1053 2271 1101 tuum.
2303 1043 2416 1114 Ego
2441 1051 2622 1097 autem
2661 1041 2941 1098 mendicus
2973 1056 3096 1097 sum
3123 1050 3180 1096 et
3229 1058 3434 1113 pauper
3456 1062 3470 1098 :
3493 1046 3694 1105 Domi.,

2099 1151 2205 1192 nus
2245 1134 2508 1191 sollicitus
2554 1142 2639 1189 est
2683 1134 2812 1190 mei.
2863 1131 3093 1202 Adjutor
3133 1148 3286 1191 meus
3309 1145 3365 1190 et
3403 1148 3677 1209 protector

2100 1239 2254 1279 meus
2273 1234 2329 1278 tu
2359 1239 2419 1279 es
2447 1241 2460 1276 :
2493 1223 2634 1277 Deus
2660 1236 2812 1277 meus
2832 1236 2899 1275 ne
2930 1221 3250 1277 tardaveris.
3692 1219 3706 1277 ἑ

2173 1313 2242 1369 Ut
2283 1330 2466 1384 supra.
2513 1305 2786 1384 Exsurge,
2829 1309 3077 1378 Domine,
3121 1311 3177 1366 in
3228 1312 3469 1384 requiem
3508 1325 3675 1373 tuam.

2101 1403 2129 1462 J
2135 1406 2239 1460 usti
2263 1405 2316 1459 in
2344 1412 2665 1476 perpetuum
2697 1404 2899 1458 vivent.

2177 1497 2382 1554 Oratio.
2433 1498 2650 1552 Partem
2704 1497 2876 1554 beatae
2930 1497 3346 1554 resurrectionis
3381 1501 3674 1570 obtineant,

2103 1587 2346 1651 Domine,
2397 1587 2591 1642 anima:
2641 1601 2922 1642 servorum
2968 1595 3207 1652 tuorum,
3232 1588 3508 1660 vitamque
3533 1601 3662 1644 teter

2106 1695 2232 1734 nam
2261 1679 2460 1737 habere
2482 1685 2794 1734 mereantur
2819 1677 2874 1732 in
2893 1676 3065 1744 caelis,
3100 1693 3197 1749 per
3226 1686 3278 1732 te
3304 1677 3518 1734 Christe
3537 1678 3680 1750 Jesu,

2410 1778 2466 1825 et
2513 1782 2705 1841 regnas
2732 1784 2856 1826 cum
2887 1767 2997 1824 Deo
3022 1769 3183 1825 Patre
3227 1770 3280 1825 in
3313 1771 3521 1827 unitate
3573 1772 3682 1844 Spi-

2111 1861 2247 1915 ritus
2300 1859 2516 1926 sancti,
2580 1875 2680 1932 per
2736 1860 3062 1922 immortalia
3101 1861 3296 1918 saecula
3346 1863 3678 1920 saeculorum.

2107 1951 2301 2007 Amen.

2180 2041 2298 2097 Alia
2327 2045 2517 2097 oratio.
2557 2043 2904 2114 Exspectatio
2925 2055 3140 2105 tuorum
3155 2049 3316 2112 unica
3342 2049 3660 2108 famulorum

2110 2133 2271 2199 Deus,
2293 2149 2453 2206 quem
2478 2145 2768 2193 venturum
2805 2137 2861 2192 in
2913 2139 3172 2195 mundum
3201 2149 3360 2213 caput
3388 2142 3514 2197 libri
3543 2144 3683 2215 prin-

2109 2229 2298 2298 cipalis
2325 2230 2582 2285 edocuit:
2631 2231 2831 2299 insere,
2873 2249 3179 2305 precamur,
3222 2235 3394 2307 legem
3436 2247 3586 2294 tuam
3633 2240 3671 2296 it

2110 2318 2290 2374 medio
2327 2320 2507 2375 cordis
2544 2322 2746 2386 nostri,
2771 2331 2832 2377 ut
2867 2332 3104 2380 tuas.....
3153 2326 3469 2382 nuntiantes
3487 2326 3559 2383 ab
3597 2329 3678 2384 im-

2110 2411 2440 2468 minentibus
2465 2412 2722 2482 periculis
2745 2429 3023 2476 eruantur.
3055 2415 3177 2472 Per.

2183 2500 2365 2556 Oratio
2391 2519 2486 2573 pro
2506 2503 2856 2576 qualicunque
2894 2507 3102 2563 homine
3123 2509 3391 2579 defuncto.
3435 2511 3692 2582 Omnipo-

2111 2603 2230 2652 tens
2257 2602 2311 2651 et
2328 2595 2637 2652 misericors
2671 2597 2835 2664 Deus,
2873 2607 3017 2655 tuam
3055 2601 3407 2672 deprecamur
3450 2604 3692 2662 clemeno

2113 2687 2268 2753 tiam,
2313 2688 2439 2758 quia
2484 2688 2688 2760 judicio
2717 2698 2811 2747 tuo
2846 2700 2900 2745 et
2930 2692 3204 2748 nascimur
3229 2703 3284 2748 et
3318 2694 3536 2752 ﬁnimur
3575 2715 3590 2750 :
3639 2709 3694 2753 ut

2113 2777 2348 2832 animam
2377 2778 2562 2835 fratris
2583 2782 2774 2846 nostri,
2808 2797 2968 2852 quem
3015 2792 3104 2838 tua
3136 2785 3311 2856 pietas
3335 2787 3403 2843 de
3453 2787 3692 2844 incolatu

2111 2866 2275 2939 hujus
2305 2870 2491 2926 mundi
2513 2872 2747 2926 transire
2775 2874 3050 2945 praecepit,
3085 2875 3136 2930 in
3169 2878 3406 2946 requiem
3432 2886 3695 2934 teternam

2111 2963 2396 3036 suscipias,
2426 2975 2482 3020 et
2505 2965 2559 3021 in
2591 2970 2865 3025 consortio
2885 2969 3182 3026 electorum
3205 2978 3419 3026 tuorum
3443 2971 3502 3026 in
3521 2987 3698 3029 resun

2112 3055 2356 3114 rectione
2379 3057 2574 3114 sociari
2602 3061 2906 3130 permittas,
2940 3071 3003 3117 ut
3043 3062 3096 3117 in
3121 3070 3323 3118 aeterna
3359 3062 3698 3120 beatitudine

2036 3143 2085 3208 C
2116 3164 2223 3204 una
2243 3164 2366 3206 etim
2391 3150 2498 3206 illis
2523 3150 2640 3207 sine
2662 3151 2768 3208 tino
2785 3163 3118 3223 permaneat.
3145 3153 3269 3210 Per.

2183 3237 2456 3303 Animam,
2496 3255 2658 3309 quam
2704 3241 3000 3307 redemisti,
3041 3244 3252 3312 suscipe
3297 3243 3552 3313 Domine,
3578 3262 3698 3303 cum

2113 3330 2288 3384 servis
2317 3330 2453 3396 tuis;
2484 3339 2541 3385 et
2567 3332 2661 3400 qui
2684 3339 2735 3388 te
2760 3331 3040 3390 confessus
3064 3343 3148 3390 est
3177 3335 3230 3390 in
3257 3336 3365 3391 vita
3393 3341 3698 3406 communi,

2114 3420 2413 3475 conatituas
2433 3436 2555 3476 eum
2580 3421 2634 3476 in
2655 3422 2765 3478 vita
2787 3426 3032 3494 perenni.

2183 3507 2304 3562 Alia
2321 3511 2514 3566 oratio.
2541 3511 2735 3568 Libera
2755 3552 2771 3579 ,
2802 3515 3044 3582 Domine,
3067 3519 3302 3575 animam
3333 3522 3474 3576 servi
3523 3523 3608 3576 tui
3637 3523 3701 3577 de

2112 3597 2370 3667 periculis
2399 3599 2750 3670 infernarum,
2789 3613 2844 3660 et
2874 3606 2941 3662 de
2965 3608 3219 3677 periculis
3243 3611 3625 3677 tenebrarum,
3648 3624 3702 3667 et

2114 3691 2183 3748 de
2211 3693 2680 3762 persecutionibus
2701 3696 2902 3763 multis,
2941 3707 2998 3754 et
3021 3700 3088 3755 de
3111 3698 3448 3757 ﬂammarum
3484 3705 3701 3772 genere

2115 3797 2198 3836 na:
2220 3783 2450 3853 ignibus.
2478 3784 2690 3851 Libera,
2721 3787 2966 3853 Domine,
2997 3789 3233 3850 animam
3259 3792 3399 3848 servi
3429 3795 3540 3858 tui,
3567 3795 3707 3849 sicut

2114 3875 2360 3932 liberasti
2393 3879 2667 3936 Abraham
2693 3879 2806 3952 ει
2827 3881 2895 3936 de
2929 3881 3004 3937 Ur
3041 3882 3435 3940 Chaldmorum.
3475 3885 3704 3946 Libera.

2116 3965 2361 4034 Domine,
2391 3969 2626 4024 animam
2678 3973 2825 4027 servi
2861 3974 2959 4038 tui,
2989 3975 3132 4030 sicut
3177 3976 3419 4032 liberasti
3447 3976 3599 4034 Loth
3643 3979 3710 4034 de

2116 4058 2335 4114 civitate
2360 4060 2736 4117 Sodomorum.
2769 4062 2990 4130 Libera,
3014 4065 3256 4131 Domine,
3293 4068 3541 4123 animam
3564 4073 3710 4125 servi

2116 4149 2224 4216 tui,
2249 4151 2390 4206 sicut
2410 4151 2649 4207 liberasti
2670 4154 2925 4224 populum
2951 4156 3115 4212 Israel
3143 4159 3210 4214 de
3231 4173 3390 4214 manu
3411 4158 3710 4234 Egyptio-

2115 4256 2255 4296 rum.
2287 4240 2503 4309 Libera,
2533 4242 2780 4310 Domine,
2810 4246 3046 4302 animam
3073 4248 3215 4303 servi
3243 4250 3342 4315 tui,
3373 4250 3522 4305 sicut
3574 4252 3710 4308 Iibe-

2117 4333 2248 4387 rasti
2280 4333 2516 4404 Moysem
2560 4335 2626 4390 de
2656 4351 2817 4392 manu
2845 4337 3166 4405 Pharaonis,
3212 4342 3305 4413 qui
3343 4343 3711 4400 antecedebat

2115 4425 2367 4495 populum
2394 4427 2558 4484 Israel
2578 4428 2632 4482 in
2655 4428 2888 4485 deserto.
2913 4430 3104 4487 Libera
3121 4472 3135 4498 ,
3166 4431 3412 4497 Domine,
3459 4435 3706 4490 animam

2044 4504 2092 4565 υ
2116 4520 2255 4576 servi
2291 4522 2392 4586 tui,
2417 4522 2556 4576 sicut
2603 4522 2844 4580 liberasti
2871 4523 3040 4580 David
3069 4527 3135 4581 de
3188 4542 3347 4581 manu
3391 4526 3606 4593 Saulis,
3656 4539 3710 4584 et

2112 4614 2183 4668 de
2225 4629 2388 4669 manu
2411 4613 2581 4670 Golian
2625 4617 2878 4688 gigantis.
2925 4619 3149 4684 Libera,
3181 4617 3426 4686 Domine,
3457 4621 3708 4676 animam

2113 4709 2256 4763 servi
2282 4709 2382 4774 tui,
2413 4710 2554 4765 sicut
2579 4711 2823 4767 liberasti
2849 4712 3018 4768 Eliam
3040 4721 3097 4768 et
3119 4712 3304 4768 Enocb
3332 4712 3400 4768 de
3420 4713 3531 4770 hoc
3553 4730 3715 4769 mun-

2114 4800 2204 4857 do.
2231 4801 2446 4865 Libera,
2471 4801 2719 4868 Domine,
2741 4805 2974 4858 animam
2995 4805 3138 4859 servi
3166 4803 3266 4868 tui,
3291 4804 3434 4860 sicut
3453 4804 3710 4860 liberasti

2116 4901 2230 4948 tres
2243 4907 2440 4962 pueros
2453 4893 2521 4949 de
2541 4895 2756 4950 camino
2772 4894 2910 4966 ignis
2929 4894 3186 4951 ardentis.
3210 4895 3425 4961 Libera,
3442 4895 3708 4958 Domine,

2119 4985 2356 5040 animam
2384 4987 2526 5040 servi
2556 4985 2656 5050 tui,
2679 4986 2822 5041 sicut
2847 4985 3083 5041 liberasti
3114 4987 3414 5042 Susannam
3436 4985 3512 5042 de
3537 5002 3710 5042 manu

2119 5076 2443 5146 principum.
2474 5077 2668 5133 Libera
2699 5076 2942 5142 Domine,
2977 5077 3211 5132 animam
3245 5078 3388 5132 servi
3413 5077 3514 5143 tui,
3561 5079 3715 5134 sicut

2118 5166 2364 5222 liberasti
2409 5167 2592 5222 Daniel
2649 5168 2716 5222 de
2761 5167 2882 5222 lacu
2931 5165 3168 5222 leonum.
3218 5166 3370 5222 Sicut
3414 5166 3674 5223 liberasti
3697 5207 3712 5231 ,

2119 5257 2366 5322 Domine,
2406 5256 2598 5314 Ionam
2637 5259 2704 5313 de
2733 5269 2921 5313 ventre
2948 5258 3075 5320 ceti,
3125 5258 3206 5313 sic
3238 5257 3475 5312 animam
3505 5257 3717 5312 fratris

2117 5350 2292 5404 nostri
2339 5351 2409 5408 ab
2458 5349 2709 5405 omnibus
2742 5347 2996 5418 periculis
3026 5361 3310 5417 prenarum
3355 5347 3602 5403 liberare
3635 5348 3718 5404 di-

2119 5442 2320 5510 gneris,
2349 5451 2404 5496 et
2430 5443 2586 5497 bonis
2621 5442 2841 5498 aeternis
2865 5456 2989 5497 cum
3005 5442 3197 5497 electis
3215 5441 3324 5497 tuis
3343 5454 3462 5496 eam
3482 5437 3716 5510 perfrui

2113 5531 2324 5602 iubeas.
2347 5534 2472 5588 Per.

2189 5624 2247 5678 In
2283 5627 2541 5681 memoria
2583 5637 2801 5683 :cterna.
2831 5627 3092 5698 chuiem
3128 5635 3404 5685 aeternam.
3457 5623 3718 5696 Requic»

2121 5729 2274 5775 scatit
2301 5719 2354 5774 in
2373 5732 2526 5788 pace.
