3894 6182
206 387 298 445 553
1175 382 1568 444 LITURGICA.
1607 415 1681 430 -
1715 385 1801 442 OF
1807 382 1845 437 F
1852 383 1983 440 lClA
2021 381 2158 437 PER
2196 379 2464 435 FERIAS.

753 516 1051 595 FERIA
1108 519 1200 595 ν.

293 668 629 717 coaressm
674 671 1093 715 paccnonuu
1140 669 1292 712 rosr
1338 637 1664 712 saetarum
1705 685 1708 687 λ

823 749 1131 802 QUIETEM.

271 864 295 894 ι
337 849 615 908 Conﬁteor
673 849 792 918 tibi,
839 851 1097 917 Domine,
1134 852 1317 907 omnia
1361 856 1583 921 peccata
1632 862 1772 912 mea,

206 959 531 1016 quaecunque
549 942 650 999 feci
667 983 683 1010 ,
709 952 769 998 et
795 944 904 1014 egi,
934 953 989 999 et
1011 944 1155 1015 gessi
1181 943 1431 999 omnibus
1452 943 1638 1000 diebus
1655 939 1778 994 vitae

205 1058 349 1099 mea.
372 1041 540 1106 Deus,
565 1040 658 1110 qui
679 1041 878 1096 creasti
898 1041 1100 1105 omnia,
1132 1047 1190 1093 tu
1214 1038 1353 1094 nosti
1373 1044 1596 1108 peccata
1618 1049 1737 1090 mea
1761 1052 1773 1086 :

207 1131 412 1201 indulge
438 1138 495 1185 et
522 1129 781 1185 miserere
826 1129 956 1193 mei,
985 1129 1111 1198 quia
1134 1127 1358 1182 nimium
1402 1125 1620 1197 peccavi
1658 1122 1778 1187 tibi,

207 1222 444 1287 Domine,
498 1221 759 1276 miserere
781 1220 906 1274 mei.
931 1219 1036 1274 Per
1072 1218 1513 1278 intercessionem
1541 1215 1781 1270 omnium

206 1311 513 1382 angelorum
564 1319 728 1378 atque
781 1307 1266 1377 archangelorum,
1322 1306 1585 1359 miserere
1650 1302 1777 1357 mei.

205 1400 305 1456 Per
345 1399 794 1454 intercessionem
836 1398 1267 1466 patriarcharum
1307 1402 1363 1451 et
1400 1395 1782 1466 prophetarum

206 1495 462 1550 miserere
484 1493 612 1548 mei.
638 1492 740 1547 Per
762 1491 1202 1547 intercessionem
1229 1488 1616 1560 apostolorum,
1639 1500 1784 1540 mar-

208 1595 407 1655 tyrum,
434 1581 806 1638 confessorum
833 1589 888 1636 et
931 1580 1201 1652 virginum
1227 1589 1286 1634 te
1313 1579 1592 1648 deprecor,
1631 1575 1787 1630 mise-

205 1689 328 1730 rere
380 1673 509 1729 mei.
562 1672 811 1736 Domine,
837 1673 885 1726 si
910 1671 965 1724 in
992 1678 1044 1724 te
1086 1669 1324 1739 peccavi,
1367 1676 1548 1722 tamen
1577 1675 1630 1721 te
1677 1679 1785 1720 non

201 1764 486 1834 dereliqui,
531 1765 664 1820 deos
709 1761 916 1816 alienos
937 1775 1046 1815 non
1071 1758 1291 1814 adoravi
1320 1775 1332 1810 :
1370 1757 1632 1812 miserere
1656 1753 1783 1817 mei,

1796 504 1849 563 Α
1875 506 1980 551 tur.
2047 493 2384 565 Magniﬁcate
2415 492 2698 546 Dominum
2731 469 2939 547 meeum
2982 512 2995 547 :

3338 387 3443 443 554

3051 505 3103 550 et
3148 497 3451 555 exaltemus

1873 603 2070 645 nomen
2099 587 2215 658 ejus
2245 589 2296 641 in
2325 587 2578 656 idipsum.
2608 586 2884 655 Exquisivi
2917 586 3223 655 Dominum,
3254 590 3365 662 85
3392 601 3450 648 et

1873 679 2151 736 exaudivit
2195 695 2279 734 me
2308 697 2320 731 :
2351 688 2406 732 et
2445 694 2512 733 ex
2549 679 2800 732 omnibus
2837 679 3274 738 tribulationibus
3315 685 3454 741 meis

1874 769 2073 840 eripuit
2117 783 2224 824 me.
2255 769 2508 824 Accedite
2539 769 2606 824 ad
2653 782 2807 834 eum,
2851 777 2906 825 et
2933 770 3310 829 illuminamini
3346 794 3359 829 :
3400 785 3458 832 et

1876 856 2043 914 facies
2069 866 2263 913 vestra:
2289 873 2398 913 non
2429 857 2843 918 confundentur.
2881 860 2986 914 Iste
3027 877 3232 933 pauper
3255 865 3456 922 clama-

1877 950 1975 1014 vit,
2002 959 2056 1004 et
2085 949 2345 1005 Dominus
2381 949 2659 1004 exaudivit
2686 964 2809 1005 eum
2839 968 2852 1000 :
2893 959 2948 1005 et
2976 967 3044 1006 ex
3085 954 3338 1010 omnibus
3365 957 3460 1011 tri-

1877 1036 2243 1094 bulationibus
2292 1036 2410 1106 ejus
2453 1037 2680 1094 salvavit
2725 1054 2868 1094 eum.
2920 1039 3180 1096 Immittet
3236 1045 3461 1116 angelus

1880 1130 2094 1186 Domini
2117 1131 2176 1185 in
2202 1129 2433 1185 circuitu
2472 1129 2775 1185 timentium
2801 1146 2924 1186 eum
2963 1149 2974 1184 :
3013 1141 3070 1188 et
3107 1135 3300 1203 eripiet
3343 1153 3459 1193 eos.

1881 1221 2107 1277 Gustate
2154 1229 2210 1275 et
2253 1221 2452 1287 videte,
2499 1222 2753 1290 quoniam
2811 1223 2992 1278 suavis
3041 1233 3126 1280 est
3156 1227 3458 1283 Dominus:

1881 1309 2072 1365 beatus
2089 1310 2171 1364 vir
2188 1310 2280 1380 qui
2308 1318 2490 1379 sperat
2512 1311 2567 1364 in
2588 1324 2673 1365 eo.
2707 1311 2920 1367 Timete
2943 1313 3228 1369 Dominum
3273 1331 3466 1372 omnes

1884 1401 2057 1457 sancti
2102 1398 2220 1468 eius
2260 1420 2274 1456 :
2317 1402 2574 1470 quoniam
2627 1417 2736 1457 non
2787 1411 2871 1457 est
2922 1403 3101 1474 inopia
3150 1407 3466 1463 timentibus

1884 1508 2027 1548 eum.
2070 1493 2276 1548 Divites
2323 1500 2588 1564 eguerunt
2629 1500 2687 1547 et
2705 1492 3011 1548 esurierunt
3060 1512 3075 1548 :
3131 1495 3470 1565 inquirentes

1885 1593 2062 1639 autem
2090 1583 2374 1640 Dominum
2409 1599 2515 1639 non
2542 1583 2855 1638 minuentur
2890 1584 3040 1638 omni
3065 1585 3226 1639 bono.
3251 1583 3468 1652 Venite,

1887 1674 2003 1738 lilii,
2025 1673 2207 1728 audite
2245 1688 2369 1727 me:
2405 1673 2658 1728 timorem
2683 1672 2896 1730 Domini
2927 1673 3132 1729 docebo
3173 1690 3292 1730 vos.
3339 1674 3474 1742 Quis

1886 1773 1972 1819 est
1993 1764 2176 1830 homo,
2207 1762 2300 1832 qui
2332 1762 2448 1817 vult
2469 1762 2635 1817 vitam
2664 1781 2676 1816 :
2707 1762 2882 1833 diligit
2909 1763 3026 1818 dies
3045 1763 3229 1819 videre
3270 1763 3475 1820 bonos?

206 1857 457 1924 Domine,
493 1857 704 1913 veniam
737 1863 862 1925 peto
891 1868 923 1907 a
943 1860 1116 1923 tepro
1153 1850 1405 1908 omnibus
1423 1846 1596 1918 culpis
1626 1845 1783 1901 meis.

1911 1856 2126 1911 Prohibe
2175 1855 2411 1924 linguam
2459 1863 2610 1909 tuam
2646 1870 2678 1910 a
2715 1855 2879 1922 malo,
2931 1863 2986 1910 et
3009 1854 3148 1910 labia
3177 1864 3269 1910 tua
3293 1871 3362 1912 ne
3395 1857 3475 1912 lo-

207 1951 339 2006 Pius
362 1951 524 2016 Deus,
556 1949 653 2005 tibi
681 1946 944 2002 conﬁteor
967 1951 1187 2015 peccata
1222 1955 1365 2007 mea,
1391 1940 1519 2010 quia
1558 1937 1787 1993 crimina

205 2058 450 2115 agnosco
487 2044 540 2098 in
565 2057 672 2098 me.
703 2041 846 2096 Deus
890 2039 1156 2109 propitius
1184 2043 1303 2091 esto
1337 2033 1470 2088 mihi
1516 2029 1789 2102 peccatori

207 2152 369 2192 servo
418 2143 510 2191 tuo
541 2152 554 2188 :
587 2149 695 2188 non
744 2147 833 2188 me
885 2132 1120 2191 deseras,
1172 2142 1280 2182 non
1310 2140 1396 2180 me
1424 2122 1790 2192 derelinquas,

208 2230 351 2286 Deus
399 2242 574 2282 meus.
619 2225 749 2280 Pius
776 2223 940 2288 Deus,
968 2228 1188 2276 sanctus
1245 2217 1427 2278 fortis,
1477 2221 1698 2270 sanctus
1737 2219 1793 2266 et

214 2317 540 2375 immortalis
579 2335 595 2370 :
625 2315 938 2371 misericors
959 2311 1104 2366 Deus
1131 2307 1568 2370 clementissime,
1599 2303 1792 2375 adiuva

213 2427 298 2468 me
324 2417 672 2481 peccatorem
719 2404 976 2460 famulum
1001 2411 1173 2458 tuum.
1223 2400 1302 2454 Da
1340 2399 1475 2454 mihi
1499 2412 1614 2463 cor,
1649 2395 1796 2467 quod

215 2501 401 2557 timeat
452 2507 539 2564 te,
573 2511 789 2552 sensum
827 2494 921 2564 qui
971 2500 1026 2546 te
1056 2491 1341 2562 intelligat,
1391 2487 1576 2545 oculos
1617 2487 1711 2556 qui
1743 2493 1797 2542 te

216 2590 453 2654 videant,
486 2603 646 2643 aures
673 2601 794 2657 quae
818 2593 869 2640 te
900 2584 1138 2648 audiant,
1173 2595 1334 2637 nares
1363 2579 1458 2650 qui
1497 2587 1550 2635 te
1573 2579 1794 2634 odorem

217 2681 534 2751 suscipiant.
565 2678 810 2743 Domine,
861 2673 1114 2732 molliiica
1151 2687 1248 2729 cor
1275 2685 1456 2727 meum
1496 2670 1691 2726 durum
1743 2676 1800 2723 et

221 2773 503 2845 lapideum,
528 2771 620 2841 qui
641 2784 760 2825 sum
784 2767 922 2824 cinis
940 2775 1210 2822 mortuus.
1233 2763 1395 2819 Salva
1417 2775 1526 2828 me,
1550 2759 1795 2824 Domine,

221 2863 554 2935 vigilantem,
585 2859 794 2916 custodi
822 2873 908 2913 me
933 2853 1317 2919 dormientem;
1351 2861 1414 2907 ut
1429 2851 1697 2908 dormiam
1740 2849 1797 2905 in

219 2970 367 3025 pace,
415 2962 472 3009 et
510 2953 728 3022 vigilem
773 2952 830 3006 in
863 2950 1098 3006 Christo.
1159 2948 1351 3004 Amen.
1404 2946 1674 3015 Deprecor
1722 2950 1800 3008 te,

224 3046 473 3110 Domine,
499 3052 560 3099 ut
574 3056 786 3108 omnes,
808 3040 900 3111 qui
925 3039 1058 3094 mihi
1084 3039 1226 3098 bona
1248 3037 1434 3093 volunt
1455 3043 1548 3090 aut
1571 3033 1804 3102 faciunt,

1888 1953 2126 2017 quantur
2144 1945 2345 2002 dolum.
2373 1945 2592 2001 Diverte
2618 1960 2650 2000 a
2669 1946 2816 2001 malo
2831 1953 2888 2000 et
2911 1943 2998 2000 fac
3018 1946 3236 2010 bonum,
3263 1946 3410 2016 inqui
3418 1961 3478 2001 re

1889 2054 2103 2110 pacem,
2151 2047 2208 2094 et
2254 2054 2586 2110 persequere
2609 2054 2750 2095 eam.
2779 2038 2933 2095 Oculi
2957 2039 3170 2096 Domini
3201 2055 3364 2111 super
3381 2039 3475 2109 ju-

1889 2141 2036 2190 stos:
2069 2141 2128 2188 et
2153 2146 2315 2187 aures
2357 2130 2474 2200 eius
2511 2132 2568 2186 in
2591 2146 2781 2202 preces
2823 2146 3032 2186 eorum.
3074 2131 3267 2187 Vultus
3296 2140 3480 2188 autem

1890 2223 2103 2280 Domini
2154 2237 2318 2293 super
2353 2221 2616 2278 facientes
2661 2222 2806 2276 mala
2844 2240 2857 2276 :
2891 2230 2951 2277 ut
3003 2222 3197 2292 perdat
3220 2223 3289 2277 de
3331 2231 3478 2277 terra

1891 2314 2212 2371 memoriam
2261 2329 2474 2371 eorum.
2502 2313 2885 2371 Clamaverunt
2905 2313 3066 2384 justi,
3119 2322 3176 2368 et
3221 2314 3482 2370 Dominus

1894 2405 2170 2461 exaudivit
2187 2419 2282 2460 eos
2308 2423 2320 2459 :
2353 2413 2412 2460 et
2445 2420 2515 2461 ex
2549 2405 2802 2461 omnibus
2825 2405 3266 2460 tribulationibus
3285 2421 3478 2461 eorum

1894 2495 2147 2552 liberavit
2171 2510 2287 2552 eos.
2337 2495 2499 2551 Juxta
2525 2503 2609 2550 est
2637 2496 2901 2551 Dominus
2936 2495 3044 2560 his,
3084 2496 3179 2564 qui
3225 2495 3482 2550 tribulato

1897 2594 2027 2644 sunt
2053 2585 2258 2642 corde:
2293 2593 2348 2641 et
2374 2585 2604 2641 humiles
2638 2586 2832 2654 spiritu
2875 2585 3128 2640 salvabit.
3167 2585 3346 2642 Multae
3387 2586 3486 2640 tri—

1897 2675 2202 2732 bulationes
2219 2673 2491 2744 iustorum
2517 2693 2530 2728 :
2561 2683 2618 2730 et
2635 2675 2702 2730 de
2721 2674 2974 2730 omnibus
2995 2674 3084 2730 his
3107 2674 3357 2730 liberavit
3391 2688 3488 2731 eos

1899 2767 2182 2851 Dominus.
2237 2765 2485 2823 Custodit
2537 2764 2800 2820 Dominus
2846 2764 3026 2820 omnia
3073 2778 3197 2820 ossa
3243 2779 3433 2820 eorum
3469 2785 3480 2818 :

1901 2875 2071 2918 unum
2101 2876 2170 2917 ex
2202 2859 2290 2916 his
2315 2874 2425 2915 non
2459 2864 2790 2914 conteretur.
2829 2856 2972 2912 Mors
2996 2865 3340 2928 peccatorum
3359 2872 3488 2928 pes.

1903 2951 2042 3008 sima
2067 2969 2082 3005 :
2122 2957 2178 3007 et
2206 2950 2302 3021 qui
2366 2949 2600 3007 oderunt
2617 2946 2846 3017 justum,
2876 2946 3206 3016 delinquent.
3237 2946 3491 3002 Redimet

1904 3039 2166 3096 Dominus
2213 3039 2424 3094 animas
2477 3053 2760 3093 servorum
2794 3051 3012 3093 suorum
3046 3055 3058 3090 :
3090 3044 3280 3092 etnon
3316 3035 3491 3093 delin-

223 3136 384 3191 redde
414 3134 523 3189 illis
548 3133 605 3188 in
627 3139 928 3187 aeternum:
961 3138 1018 3186 et
1043 3129 1090 3184 si
1131 3129 1226 3198 qui
1272 3127 1407 3182 mihi
1449 3125 1590 3182 mala
1619 3125 1806 3182 Volunt
1841 3194 1877 3204 _
1906 3140 2074 3204 quem
2092 3146 2299 3195 omnes,
2326 3131 2418 3201 qui
2441 3139 2660 3200 sperant
2681 3130 2736 3185 in
2768 3144 2853 3185 eo.

224 3237 310 3284 aut
349 3227 580 3292 faciunt,
619 3225 688 3279 da
723 3223 830 3280 illis
865 3194 1268 3295 indulgentiam.
1305 3220 1614 3276 Misericors
1638 3219 1800 3284 Deus,
1833 3194 1880 3257 ο
1924 3194 1943 3204 ⁸
1983 3221 2051 3277 Ut
2102 3238 2284 3293 supra.
2330 3194 2622 3277 Drotexisti
2663 3233 2751 3275 me
2800 3236 2832 3274 a
2879 3228 3145 3275 conventu
3184 3218 3486 3291 malignan-

225 3317 288 3372 da
335 3317 475 3374 mihi
518 3313 722 3370 famulo
767 3321 860 3370 tuo
908 3312 1282 3368 remissionem
1335 3317 1704 3381 peccatorum,
1751 3317 1808 3364 et

222 3409 388 3464 ﬁnem
417 3405 750 3478 perfectum;
783 3403 986 3476 perduc
1005 3417 1091 3457 me
1113 3403 1181 3458 ad
1211 3402 1354 3456 viam
1383 3400 1591 3457 salutis.

293 3498 422 3552 Alia
443 3498 636 3551 oratio.
677 3494 798 3549 Fiat
823 3493 956 3548 mihi
979 3507 1179 3564 quaeso,
1211 3492 1460 3558 Domine,
1489 3490 1623 3553 ﬁdes
1651 3491 1808 3548 ﬁrma

1915 3315 2072 3372 tium.

1982 3404 2188 3460 Oratio.
2223 3402 2554 3474 Angelorum
2579 3409 2638 3457 et
2659 3400 2824 3457 totius
2858 3409 3125 3457 creaturae
3156 3401 3497 3472 dispensator

1913 3496 2088 3561 Deus,
2119 3494 2311 3550 emitte
2350 3490 2601 3564 angelum
2630 3500 2779 3547 tuum
2809 3490 2865 3546 in
2893 3491 3126 3548 circuitu
3153 3500 3364 3558 nostro,
3405 3507 3502 3550 cu-

217 3591 284 3645 in
311 3588 499 3652 corde,
531 3586 684 3658 galea
711 3585 900 3641 salutis
929 3585 983 3639 in
1023 3583 1222 3653 capite,
1257 3584 1472 3655 signum
1517 3582 1722 3639 Christi
1756 3584 1813 3640 in
1907 3586 1999 3657 jus
2022 3587 2315 3646 ambitione
2341 3587 2555 3652 muniti,
2578 3601 2885 3666 mereamur
2903 3601 2934 3640 a
2952 3594 3298 3657 peccatorum
3323 3595 3500 3643 morte

221 3682 433 3744 fronte,
480 3681 705 3735 verbum
749 3677 998 3734 veritatis
1053 3677 1108 3731 in
1136 3689 1251 3739 ore,
1289 3673 1540 3730 voluntas
1585 3676 1727 3732 bona
1758 3675 1813 3730 in
1916 3678 2149 3747 pessima
2178 3677 2417 3732 liberari.
2444 3676 2548 3731 Per
2569 3676 2875 3730 Dominum.

217 3783 439 3836 mente,
482 3771 699 3827 dilectio
724 3770 819 3825 Dei
857 3769 910 3824 in
939 3775 1177 3838 pectore,
1208 3767 1522 3836 prazcinctio
1548 3767 1816 3826 castitatis

1989 3768 2110 3821 Alia
2154 3765 2361 3820 Oratio.
2410 3765 2747 3834 lnquirentes
2797 3775 2871 3828 te,
2924 3765 3170 3829 Domine,
3219 3766 3506 3836 dignanter

219 3874 289 3928 in
341 3870 597 3934 circuitu,
625 3868 879 3922 honestas
915 3865 970 3920 in
1021 3863 1252 3929 actione,
1305 3861 1573 3917 sobrietas
1602 3861 1659 3916 in
1684 3876 1816 3917 con-
1920 3857 2138 3922 exaudi,
2171 3861 2314 3910 etut
2357 3853 2742 3908 benedicamur
2769 3860 2881 3910 tam
2927 3853 2981 3906 in
3032 3853 3294 3917 adversis,
3339 3868 3501 3922 quam

217 3962 488 4026 scientia,
515 3959 792 4015 humilitas
819 3958 873 4012 in
898 3955 1275 4026 prosperitate,
1315 3951 1578 4024 patientia
1623 3950 1680 4005 in
1723 3950 1822 4005 tri-
1922 3956 1976 4001 et
2014 3948 2068 4001 in
2097 3941 2392 4015 prosperis,
2417 3941 2682 4012 benignus
2721 3939 2938 4009 indulge
2975 3959 2987 3993 :
3031 3951 3195 4012 atque
3233 3949 3300 3997 -.u,t
3353 3941 3410 3998 in
3454 3951 3508 3998 te

219 4053 534 4115 bulationc,
566 4064 690 4120 spes
715 4049 769 4103 in
795 4047 1070 4111 Creatore,
1115 4043 1519 4116 perseverantia
1549 4056 1721 4112 usque
1765 4041 1820 4095 in
1924 4035 2174 4090 laudetur
2211 4032 2389 4088 anima
2432 4038 2631 4094 nostra,
2671 4029 2938 4100 propitius
2982 4030 3218 4086 indultor
3267 4031 3502 4102 imperti.

222 4146 432 4208 ﬁnem,
463 4158 615 4198 amor
639 4142 762 4196 vitae
789 4147 1021 4194 aeternae.
1055 4138 1352 4193 Prmstante
1391 4135 1640 4190 Domino.

643 4269 844 4310 ORATIO
867 4267 1052 4308 SANCTI
1084 4266 1392 4307 BENEDICTL

311 4347 563 4417 Digneris
583 4347 715 4401 mihi
743 4346 963 4411 donare,
988 4346 1147 4400 Pater
1166 4345 1252 4416 pie
1285 4353 1341 4400 et
1363 4352 1568 4410 sancte,
1612 4343 1825 4400 intelle-

225 4450 420 4504 ctum,
451 4438 539 4507 qui
567 4447 618 4493 te
645 4437 926 4508 intelligat,
971 4451 1189 4491 sensum
1233 4435 1323 4506 qui
1355 4443 1410 4490 te
1450 4435 1671 4501 sentiat,
1713 4433 1830 4488 ani-

225 4547 397 4588 mum
449 4531 536 4600 qui
562 4538 616 4584 te
642 4529 834 4598 sapiat,
867 4528 1198 4596 diligentiam
1231 4542 1349 4596 quae
1380 4532 1435 4581 te
1461 4532 1687 4596 quaerat,
1736 4540 1828 4580 sa.
1857 4552 1910 4613 ι)

225 4620 509 4694 pientiam
539 4635 657 4690 quae
687 4629 738 4673 te
760 4619 1016 4684 inveniat,
1044 4619 1282 4673 animum
1304 4618 1396 4688 qui
1429 4625 1481 4672 te
1512 4628 1821 4689 cognoscat,

233 4715 463 4770 viscera
495 4727 614 4781 qua:
633 4721 687 4766 te
707 4719 905 4774 ament,
954 4725 1050 4765 cor
1095 4710 1239 4779 quod
1284 4718 1338 4764 te
1383 4710 1600 4780 cogitet,
1646 4717 1826 4765 actum

235 4809 337 4879 qui
365 4815 429 4862 te
456 4814 668 4875 augeat,
702 4805 940 4859 auditum
967 4804 1059 4873 qui
1098 4811 1152 4858 te
1175 4802 1380 4868 audiat,
1409 4803 1596 4857 oculos
1643 4801 1733 4871 qui
1779 4810 1832 4855 te

237 4900 494 4962 videant,
539 4897 773 4968 linguam
817 4909 936 4964 qua:
964 4903 1016 4949 te
1041 4893 1314 4964 praedicet,
1368 4892 1832 4949 conversationem

239 5007 373 5062 qua:
407 4988 502 5043 tibi
526 4988 754 5058 placeat,
776 4985 1088 5056 patientiam
1110 5000 1230 5056 qua:
1254 4993 1304 5040 te
1336 4984 1620 5049 sustineat,
1653 4997 1838 5053 perse-

241 5079 558 5138 verantiam
587 5093 706 5148 qua:
733 5087 788 5133 te
815 5083 1111 5147 exspectet,
1139 5075 1304 5131 tinem
1351 5073 1670 5146 perfectum,
1702 5087 1839 5144 pra:—

245 5173 494 5228 sentiam
525 5178 672 5224 tuam
710 5177 974 5235 sanctam,
1031 5167 1480 5226 resurrectionem
1506 5167 1724 5230 bonam,
1757 5179 1841 5218 re-

247 5262 632 5327 tributionem,
662 5260 829 5315 vitam
853 5268 1128 5315 mternam.
1157 5259 1349 5315 Amen.

882 5372 1221 5430 PSALMUS.

333 5493 524 5565 (Psuu
552 5491 773 5563 xxxiii.)
805 5489 1127 5545 Benedicam
1153 5487 1438 5543 Dominum
1462 5485 1515 5539 in
1547 5482 1693 5540 omni
1717 5491 1850 5538 tem-

1925 4127 1992 4180 Et
2020 4125 2146 4195 quia
2187 4123 2342 4194 juxta
2377 4136 2436 4176 es
2466 4119 2568 4184 his,
2596 4120 2688 4190 qui
2720 4118 2977 4174 tribulato
3022 4127 3146 4174 sunt
3180 4121 3360 4188 corde,
3411 4138 3508 4176 au-

1929 4231 2042 4271 rem
2079 4224 2224 4270 tuam
2263 4212 2330 4268 ad
2357 4212 2702 4274 contritionis
2752 4219 2951 4266 nostra:
2989 4211 3212 4280 spiritus
3239 4213 3417 4282 aperi;
3457 4222 3515 4266 ct

1928 4323 2114 4380 pacem
2137 4315 2305 4372 tuam,
2336 4319 2456 4377 quae
2495 4310 2784 4374 exsuperat
2823 4318 3038 4359 omnem
3084 4317 3301 4358 sensum
3345 4302 3509 4375 [Add.

1933 4401 2186 4464 concede,
2210 4400 2290 4456 vel
2325 4397 2540 4471 simile],
2579 4406 2634 4454 et
2666 4413 2895 4470 corpora
2926 4407 3110 4454 nostra
3136 4406 3190 4452 et
3221 4398 3384 4453 corda
3415 4413 3517 4468 pu-

1936 4493 2125 4549 rificet.
2160 4491 2282 4548 Per.
3054 4497 3061 4507 ‘

2555 4623 2896 4681 PSALMUS.

2008 4745 2187 4818 (PSAL.
2235 4743 2438 4814 cxuv.)
2475 4739 2740 4795 Exaltabo
2772 4745 2845 4802 te,
2896 4737 3039 4791 Deus
3095 4753 3246 4792 meus
3281 4753 3374 4792 rex
3417 4755 3431 4791 :
3464 4745 3524 4792 et

1937 4839 2252 4895 benedicam
2296 4833 2500 4890 nomini
2551 4839 2644 4886 tuo
2690 4832 2744 4885 in
2783 4830 3059 4895 mulum,
3091 4838 3145 4885 et
3183 4831 3237 4884 in
3265 4831 3521 4886 smculum

1943 4929 2142 4986 seaculi.
2173 4927 2277 4982 Per
2303 4924 2541 4994 singulos
2566 4923 2681 4978 dies
2710 4922 3025 4977 benedicam
3049 4922 3147 4976 tibi
3175 4929 3264 4976 :et
3288 4921 3522 4976 laudabo

1941 5040 2137 5081 nomen
2164 5031 2312 5080 tuum
2341 5023 2393 5078 in
2423 5020 2696 5085 smculum,
2729 5029 2782 5075 et
2820 5020 2875 5074 in
2899 5019 3148 5074 saeculum
3173 5017 3374 5072 saeculi.
3410 5017 3522 5071 Ma‘

1942 5131 2078 5188 gnus
2104 5113 2364 5169 Dominus
2391 5121 2445 5167 et
2473 5110 2757 5166 laudabilis
2798 5110 2982 5176 nimis,
3037 5118 3092 5165 et
3137 5107 3528 5178 magnitudinis

1946 5207 2062 5276 ejus
2102 5221 2208 5260 non
2249 5211 2332 5259 est
2380 5203 2522 5258 finis.
2563 5201 2854 5259 Generatlo
2883 5210 2938 5258 et
2981 5201 3258 5273 generatio
3285 5199 3528 5256 laudabit

1947 5320 2114 5377 opera
2161 5313 2251 5358 tua
2289 5321 2300 5357 :
2341 5311 2393 5358 et
2419 5301 2714 5373 potentiam
2747 5309 2894 5355 tuam
2922 5297 3364 5368 pronuntiabunt.
3413 5294 3528 5348 Ma-

1952 5394 2316 5466 gniﬁcentiam
2365 5393 2547 5464 glorize
2607 5389 2914 5447 sanctitatis
2958 5397 3063 5442 tua:
3111 5387 3398 5457 loquentur
3433 5405 3446 5440 :
3476 5396 3532 5441 et

1955 5485 2224 5540 mirabilia
2268 5490 2357 5538 tua
2417 5482 2733 5544 narrabunt.
2792 5480 2860 5534 Et
2907 5479 3162 5534 virtutem
3211 5474 3532 5534 terribilium

265 5602 427 5657 pore,
489 5597 706 5655 semper
755 5582 872 5637 laus
929 5578 1045 5649 eius
1099 5579 1155 5634 in
1212 5592 1310 5633 ore
1361 5590 1502 5632 meo.
1532 5574 1591 5630 in
1621 5573 1851 5630 Domino
1955 5583 2170 5630 tuorum
2213 5572 2392 5628 dicent
2425 5591 2437 5626 :
2468 5579 2522 5626 ct
2564 5570 2986 5643 magnitudinem
3026 5577 3173 5624 tuam
3211 5568 3530 5624 narrabant.

269 5674 581 5734 laudabitur
626 5674 806 5729 anima
840 5687 961 5727 mea
990 5690 1002 5725 :
1035 5671 1256 5727 audiant
1291 5667 1556 5725 mansueti
1589 5674 1644 5724 et
1667 5666 1854 5722 laeten-

1960 5664 2272 5720 Memoriam
2315 5661 2656 5718 abundantize
2705 5659 2985 5717 suavitatis
3013 5668 3118 5715 tuac
3166 5657 3529 5716 eructabunt:

342 5805 370 5834 ι
401 5789 619 5847 Initium
650 5789 713 5843 in
731 5786 912 5843 libello
938 5786 1119 5844 Caroli
1166 5783 1337 5854 Calvi,
1384 5800 1508 5856 pag.
1537 5783 1656 5839 H5.
1684 5810 1755 5823 -
1777 5778 1886 5836 Pro
1923 5794 2024 5835 usu
2049 5779 2301 5851 septimo,
2332 5791 2514 5846 supra,
2541 5773 2643 5831 col.
2671 5771 2794 5828 467.

595 5887 870 5947 PATBOL.
917 5883 1016 5946 CI.

3029 5868 3104 5928 18
