3894 6182
413 414 519 471 555

1284 403 1343 457 Β.
1383 401 1443 455 F.
1481 396 1708 454 ALBlNl
1743 394 1873 451 SEU
1916 389 2194 449 ALCUINI
2230 386 2511 446 OPERUM
2550 383 2730 440 PARS
2770 379 2856 437 Π.

3571 371 3684 428 556

407 543 464 591 et
486 533 542 586 in
561 525 769 598 iustitia
797 530 886 576 tua
912 516 1274 572 exsultabunt.
1306 515 1587 570 Miserator
1605 519 1661 567 et
1680 509 1991 566 misericors
2020 509 2069 567 Δ
2095 504 2349 575 repellas;
2388 519 2418 556 a
2471 501 2683 557 cunctis
2728 512 2832 560 me,
2864 510 2985 565 quae
3012 499 3320 563 supersunt,
3373 488 3689 545 tribulatio-

411 622 687 681 Dominus.
715 613 926 685 patiens
950 616 1006 664 et
1028 607 1260 663 multum
1298 604 1631 660 misericors.
1656 600 1852 657 Suavis
1879 598 1990 654 Do~

408 715 587 772 minus
607 704 913 766 universis:
944 709 1000 757 et
1036 698 1415 755 miserationes
1459 693 1576 763 ejus
1600 707 1766 763 super
1809 689 1993 746 omnia

409 819 575 877 opera
613 800 751 872 ejus.
783 792 1157 852 Conﬁteantur
1198 788 1321 855 tibi,
1338 786 1591 851 Domine,
1610 783 1791 840 omnia
1828 795 1995 852 opera

410 873 502 955 tua
532 914 549 952 :
573 902 627 951 et
647 890 820 949 sancti
855 888 933 943 tui
975 882 1301 942 benedicant
1328 879 1445 936 tibi.
1472 877 1715 935 Gloriam
1742 874 1894 946 regni
1917 873 1995 927 tui

411 990 592 1046 dicent
619 1003 633 1038 :
677 989 731 1038 et
749 978 1047 1051 potentiam
1072 982 1219 1030 tuam
1248 972 1560 1043 loquentur.
1593 968 1666 1025 Ut
1690 974 1873 1022 notam
1917 963 1998 1018 fa-

411 1079 558 1135 ciant
580 1075 704 1129 filiis
726 1058 1007 1127 hominum
1030 1064 1333 1138 potentiam
1364 1070 1513 1118 tuam
1531 1069 1590 1117 et
1614 1058 1840 1132 gloriam
1884 1071 1999 1111 ma-

413 1168 735 1242 gnificentia:
760 1162 912 1233 regni
944 1159 1042 1215 tui.
1064 1159 1309 1229 Regnum
1328 1163 1482 1210 tuum
1509 1167 1732 1224 regnum
1755 1149 1997 1204 omnium

413 1240 732 1316 szeculorum
763 1273 776 1310 :
806 1261 861 1309 et
883 1249 1179 1307 dominatio
1204 1256 1296 1302 tua
1319 1247 1375 1300 in
1397 1243 1545 1300 omni
1568 1240 1919 1313 generatione
1946 1244 2001 1292 et

413 1349 840 1421 generationem.
892 1340 1095 1397 Fidelis
1137 1337 1398 1393 Dominus
1429 1336 1485 1389 in
1535 1332 1788 1389 omnibus
1820 1328 2002 1383 verbis

418 1418 567 1497 suis:
601 1447 658 1495 et
688 1442 910 1492 sanctus
950 1433 1004 1487 in
1031 1428 1282 1485 omnibus
1329 1425 1586 1497 operibus
1613 1421 1747 1478 suis.
1796 1418 2003 1473 Allevat

416 1529 676 1586 Dominus
701 1539 910 1587 omnes,
932 1522 1027 1591 qui
1048 1524 1328 1581 corruunt,
1353 1523 1410 1571 et
1427 1514 1593 1585 erigit
1609 1525 1800 1568 omnes
1818 1509 1999 1565 elisos.

414 1621 570 1681 Oculi
583 1618 824 1675 omnium
841 1615 896 1669 in
917 1623 970 1668 te
989 1616 1228 1683 sperant,
1250 1606 1476 1662 Domine
1502 1618 1518 1657 :
1540 1611 1599 1659 et
1624 1611 1683 1657 tu
1705 1601 1803 1657 das
1823 1612 2005 1656 eseam

415 1714 630 1769 illorum
681 1710 735 1764 in
792 1717 1033 1775 tempore
1077 1706 1401 1772 opportuno.
1443 1695 1639 1766 Aperis
1677 1701 1734 1748 tu
1784 1705 2004 1747 manum

423 1815 571 1859 tuam
600 1820 614 1855 :
655 1809 710 1854 et
742 1797 933 1867 imples
955 1807 1117 1851 omne
1154 1788 1353 1846 animal
1395 1784 1791 1843 benedictione.
1817 1782 2005 1839 Justus

419 1890 678 1945 Dominus
721 1888 775 1942 in
804 1884 1056 1942 omnibus
1092 1881 1196 1937 viis
1224 1878 1339 1935 suis
1363 1895 1377 1932 :
1412 1885 1469 1933 et
1491 1882 1713 1932 sanctus
1741 1874 1797 1929 in
1824 1871 1999 1928 omni-
2027 1869 2077 1929 B

416 1982 520 2037 bus
538 1980 794 2050 operibus
821 1976 953 2032 suis.
983 1973 1158 2043 Prope
1179 1978 1265 2027 est
1291 1969 1552 2026 Dominus
1573 1965 1827 2023 omnibus
1861 1965 2007 2020 invo-

421 2071 674 2127 cantibus
689 2084 815 2126 eum
834 2086 849 2122 :
867 2066 1120 2123 omnibus
1142 2061 1520 2119 invocantibus
1537 2074 1662 2115 eum
1677 2059 1734 2125 in
1756 2057 2002 2113 veritate.

426 2164 773 2220 Voluntatem
825 2157 1133 2215 timentium
1176 2168 1238 2210 se
1265 2153 1447 2219 faciet,
1472 2160 1530 2208 et
1572 2150 2006 2221 deprecationem

416 2268 609 2313 eorum
636 2251 927 2308 exaudiet:
950 2255 1008 2305 et
1033 2245 1213 2303 salvos
1239 2243 1405 2300 faciet
1422 2257 1535 2299 eos.
1566 2239 1815 2297 Custodit
1832 2238 2009 2294 Domi-

417 2360 524 2402 nus
550 2356 741 2400 omnes
789 2339 1189 2412 diligentesse:
1225 2341 1283 2391 et
1316 2346 1508 2389 omnes
1534 2340 1852 2402 peccatores
1896 2328 2008 2384 dis-

416 2435 627 2508 perdet.
652 2431 1043 2490 Laudationem
1072 2425 1284 2483 Domini
1324 2424 1575 2495 loquetur
1621 2437 1685 2477 os
1708 2435 1920 2476 meum:
1951 2428 2008 2476 et

422 2525 707 2583 benedicat
724 2522 902 2579 omnis
922 2534 1051 2577 caro
1070 2515 1276 2575 nomini
1302 2523 1492 2571 sancto
1506 2513 1624 2583 ejus
1651 2513 1706 2568 in
1727 2511 2004 2577 saaculum,

427 2630 483 2672 et
506 2619 561 2673 in
589 2615 846 2672 sreculum
878 2612 1080 2669 saeculi.

494 2706 566 2762 Ut
591 2722 774 2776 supra.
803 2703 949 2759 Misit
972 2702 1041 2758 de
1062 2713 1295 2767 summo,
1323 2707 1379 2753 et
1400 2697 1611 2768 accepit
1629 2711 1717 2752 me
1746 2712 1760 2749 :
1802 2709 2011 2751 assum-

419 2799 530 2870 psit
559 2813 645 2853 me
670 2796 736 2851 de
757 2795 915 2865 aquis
938 2793 1144 2850 multis.
1167 2790 1380 2862 Eripuit
1402 2803 1488 2844 me
1513 2788 1584 2844 de
1613 2788 1851 2844 inimicis
1871 2785 2010 2843 meis

419 2885 756 2952 fortissimis,
814 2893 871 2941 et
924 2885 995 2941 ab
1047 2883 1134 2939 his
1186 2882 1280 2953 qui
1323 2881 1552 2937 oderunt
1602 2892 1707 2943 me,
1751 2878 2008 2950 quoniam

422 2980 537 3052 83
560 2974 852 3033 confortati
888 2981 1018 3030 sunt
1063 2986 1226 3043 super
1261 2983 1370 3026 me.
1409 2968 1792 3024 Prmvenerunt
1819 2981 1908 3022 me
1950 2964 2009 3021 in

421 3071 512 3127 die
532 3066 835 3124 afllictionis
863 3078 1018 3129 meae,
1050 3071 1106 3118 et
1140 3060 1314 3118 factus
1337 3068 1423 3116 est
1446 3059 1707 3115 Dominus
1736 3064 2013 3127 protwtor

428 3175 601 3217 meus.

496 3249 702 3306 Oratio.
764 3248 1037 3319 Regnator
1090 3244 1333 3301 omnium
1389 3228 1731 3308 muluium,
1760 3239 2006 3305 Domine,
2038 3252 2085 3316 ρ

424 3342 518 3412 qui
538 3339 872 3410 spiritualem
910 3337 1089 3393 cibum
1114 3334 1261 3391 omni
1287 3332 1481 3388 animae
1504 3338 1807 3402 opportuno
1853 3329 2013 3385 mini-

425 3440 570 3487 stras
596 3430 651 3483 in
675 3438 913 3497 tempore
939 3444 951 3479 :
980 3423 1217 3481 concede
1241 3422 1397 3477 nobis
1436 3429 1494 3477 te
1516 3419 1903 3492 perpetualiter
1922 3421 2013 3475 be-

426 3522 698 3586 nedicere,
755 3528 1009 3587 tuamque
1057 3514 1356 3586 potentiam
1406 3527 1532 3568 cum
1580 3512 1769 3568 electis
1811 3512 1920 3568 tuis
1947 3512 2013 3567 ﬁ-

427 3611 715 3670 ducialiter
752 3611 1013 3668 exaltare.
1056 3608 1179 3693 Per,
1204 3606 1491 3661 Dominum
1540 3613 1786 3661 nostrum
1827 3603 2013 3662 Iesum

431 3707 732 3765 Christum.

499 3800 823 3873 Capitulum.
846 3799 1112 3855 Liberasti
1145 3812 1262 3862 nos,
1288 3795 1536 3861 Domine,
1565 3808 1632 3849 ex
1654 3792 2013 3866 aﬂligentibus

428 3908 550 3959 nos,
579 3899 637 3948 et
669 3905 783 3954 eos,
815 3889 910 3960 qui
943 3903 1043 3944 nos
1073 3887 1323 3953 oderunt,
1372 3884 1683 3942 renfudisti.
1710 3884 1852 3939 Laus
1890 3884 2007 3948 tibi,

426 3982 657 4042 Domine
683 3981 802 4038 Rex
821 3988 1039 4037 aeternae
1063 3976 1269 4051 gloriae.

960 4105 1272 4150 ςκλτιιιωι
1306 4103 1485 4145 Αςτιο.

499 4209 618 4268 Tibi
645 4224 748 4281 ago
762 4207 948 4264 laudes
967 4212 1025 4261 et
1041 4202 1265 4277 gratias,
1287 4200 1432 4258 Deus
1446 4214 1617 4266 meus,
1640 4197 2013 4256 misericordia

429 4318 571 4370 mea,
595 4303 687 4373 qui
713 4315 802 4357 me
830 4300 899 4354 ad
921 4305 1073 4354 tuam
1099 4292 1462 4367 cognitionem
1482 4291 1799 4363 perducere,
1826 4298 1885 4346 et
1917 4304 2014 4361 per

428 4393 575 4451 sacri
623 4406 710 4447 me
748 4384 1089 4460 baptismatis
1125 4382 1454 4439 ablutionem
1507 4381 1649 4438 inter
1704 4379 2014 4452 adoptionis

429 4497 537 4543 tute
561 4485 701 4542 ﬁlios
735 4493 1028 4552 aggregare
1053 4477 1305 4547 dignatus
1331 4489 1411 4530 es.
1455 4473 1577 4529 Tibi
1602 4488 1704 4544 ago
1750 4472 1937 4529 laudes
1961 4480 2017 4529 et

430 4579 652 4650 gratias,
681 4575 774 4647 qui
800 4587 888 4629 me
912 4572 981 4627 ab
1010 4569 1142 4641 ipsis
1186 4566 1511 4622 rudimentis
1552 4563 1796 4620 infantiae
1841 4580 2015 4635 usque

430 4669 502 4724 ad
528 4668 671 4724 hanc
698 4666 885 4720 horam
904 4668 1003 4733 per
1023 4658 1191 4714 multa
1217 4655 1539 4712 deﬂuentem
1562 4652 1714 4719 vitia,
1738 4666 2014 4709 immensae

428 4758 690 4815 bonitatis
729 4763 836 4813 tuze
858 4751 1121 4825 patientia
1145 4748 1216 4806 ad
1248 4746 1684 4807 emendationem
1711 4754 2015 4816 exspectas.

429 4848 509 4906 Te
538 4847 696 4904 laudo
742 4854 797 4903 et
816 4843 1083 4917 gloriﬁeo,
1106 4841 1202 4913 qui
1249 4853 1340 4896 me
1381 4836 1680 4909 saepissime
1724 4835 1793 4893 de
1833 4834 2025 4893 multis

429 4935 874 4995 tribulationibus
896 4940 954 4989 et
985 4930 1274 5003 angustiis,
1301 4924 1709 4986 calamitatibus
1756 4933 1813 4982 et
1857 4924 2019 4982 mise-

430 5034 531 5089 riis
556 5026 819 5092 liberasti,
849 5024 942 5096 qui
968 5038 1055 5078 me
1082 5023 1342 5079 hactenus
1377 5021 1446 5077 de
1481 5019 1700 5076 aeternis
1720 5017 2017 5090 suppliciis,

436 5125 504 5181 de
536 5118 779 5193 corporis
799 5114 959 5188 hujus
979 5110 1313 5170 cruciatibus
1345 5109 1616 5167 exemisti.
1644 5107 1723 5164 Te
1768 5106 1932 5164 laudo
1964 5116 2022 5164 et

432 5211 698 5286 gloriﬁco,
728 5208 824 5281 qui
844 5204 979 5264 mihi
1001 5201 1321 5273 sospitatem
1339 5199 1732 5266 membrorum,
1764 5198 2023 5270 tranquil-

433 5307 642 5363 litatem
670 5312 999 5375 temporum,
1020 5304 1076 5353 et
1117 5295 1400 5360 honorem,
1428 5291 1678 5350 affectum
1702 5300 1759 5346 et
1783 5290 2022 5347 charita-

435 5405 584 5453 tem:
624 5396 672 5452 si
698 5408 807 5466 qua
851 5390 1017 5447 etiam
1059 5387 1199 5443 dona
1228 5391 1356 5441 sunt
1399 5382 1455 5438 in
1492 5397 1580 5439 me
1629 5388 1733 5437 tute
1773 5380 2014 5452 pietatis,

436 5485 683 5543 wnferre
703 5483 954 5555 dignatus
974 5494 1054 5536 es.
1079 5477 1292 5547 Quaeso,
1334 5473 1563 5531 Domine
1607 5471 1773 5540 Deus,
1822 5470 2022 5526 inaesti-

435 5574 692 5631 mabilem
739 5570 1024 5629 suavitatis
1084 5575 1192 5625 tum
1245 5563 1620 5630 clementiam;
1674 5568 1734 5618 ut
1766 5560 2020 5619 inchoata

433 5664 494 5721 in
518 5678 606 5721 me
634 5665 775 5721 bona
800 5661 1071 5734 perﬁcies.
1100 5657 1373 5726 Quilisuid
1402 5657 1458 5712 in
1494 5672 1582 5714 me
1608 5655 1701 5712 tibi
1755 5653 2018 5725 displicet,

508 5811 540 5845 ι
563 5795 819 5869 Martem,
844 5796 949 5852 loc.
976 5794 1095 5861 cit.,
1125 5805 1249 5862 pag.
1274 5791 1401 5846 624.

2094 596 2273 661 nibus,
2320 591 2695 663 iniquitatibus
2721 604 2788 643 ac
2813 585 3041 641 diversis
3080 582 3236 638 malis
3256 580 3477 651 eripias.
3518 579 3691 652 Cogi-

2096 686 2327 743 tationes
2372 697 2545 748 meas,
2593 677 2895 735 locutiones
2942 675 3149 746 pariter
3200 680 3257 728 et
3294 680 3447 727 actus
3495 671 3551 726 in
3583 681 3686 727 tua

2095 778 2372 834 voluntate
2400 775 2643 844 dirigas;
2674 779 2820 827 etne
2847 767 3067 824 auferas
3099 765 3336 821 animam
3385 778 3565 818 meam
3613 762 3695 819 de

2097 872 2202 926 hoc
2253 869 2474 932 mundo,
2524 866 2840 936 priusquam
2885 859 3162 917 emendari
3216 856 3430 914 studeat
3485 856 3538 911 in
3590 863 3693 911 tua

2100 961 2393 1017 voluntate.
2426 957 2574 1012 Inter
2599 956 2829 1011 adversa
2856 967 2945 1009 me
2967 959 3022 1007 et
3045 963 3310 1022 prospera
3335 948 3687 1020 gradiean

2099 1065 2316 1121 semper
2341 1056 2397 1104 et
2420 1047 2621 1118 ubique
2639 1044 2916 1102 custodias
2942 1057 2958 1097 :
2989 1049 3047 1097 et
3070 1041 3141 1095 ad
3187 1051 3293 1097 tuae
3331 1053 3420 1095 me
3455 1038 3695 1094 visionis

2100 1144 2297 1199 iterata
2325 1140 2520 1210 gaudia
2544 1138 2868 1208 quandoque
2893 1134 3182 1204 perducas.
3205 1131 3398 1187 Amen.

2102 1272 2360 1332 ORATIO
2413 1270 2662 1328 [SIDORI
2714 1266 2851 1324 PRO
2896 1262 3202 1323 OMNIBUS
3228 1262 3688 1320 CHRISTIANTS.

2172 1390 2270 1446 Pie
2294 1385 2618 1444 exaudibilis
2639 1382 2887 1448 Domine,
2910 1380 3053 1437 Deus
3077 1386 3265 1436 noster
3286 1377 3415 1434 Iesu
3443 1376 3693 1443 Christe,

2104 1481 2451 1540 clementiam
2491 1485 2639 1532 tuam
2667 1489 2793 1531 cum
2837 1473 2986 1528 omni
3018 1471 3415 1543 supplicatione
3441 1470 3698 1539 deposci—

2105 1589 2251 1639 mus,
2284 1579 2349 1643 ut
2370 1585 2470 1641 per
2507 1568 2873 1623 interventum
2902 1572 2960 1619 et
2990 1566 3247 1620 meritum
3272 1564 3446 1619 beatae
3473 1572 3530 1617 et
3569 1562 3695 1632 glo-

2104 1666 2264 1722 riosa:
2284 1677 2502 1733 semper
2526 1659 2754 1731 virginis
2777 1657 2981 1723 Mariae,
3005 1657 3355 1726 omniumque
3375 1664 3698 1711 sanctorum

2109 1756 2459 1829 angelorum,
2506 1750 2984 1822 archangelerum,
3038 1736 3507 1818 patriarcharum,
3562 1761 3697 1817 pro-

2105 1849 2411 1919 phetarum,
2449 1840 2840 1913 apostolorum,
2870 1846 3197 1909 martyrum,
3240 1836 3531 1908 virginum,
3568 1850 3703 1892 ωη-

2105 1937 2395 1999 fossorum,
2439 1933 2832 1989 monachorum
2850 1969 2867 1995 ,
2902 1936 2961 1984 et
2985 1927 3229 1983 omnium
3254 1926 3453 1981 civium
3498 1940 3700 1997 super-

2104 2042 2319 2093 norum,
2349 2024 2607 2083 Ecclesiae
2621 2030 2729 2078 tua:
2755 2028 2961 2077 sanctas
2980 2019 3265 2076 catholicae
3285 2018 3447 2074 ﬁdem
3469 2032 3701 2086 augeas,

2105 2132 2296 2189 pacem
2318 2115 2530 2172 tribuas
2565 2112 2872 2170 rectoribus
2890 2110 3114 2176 nostris,
3138 2117 3194 2165 et
3223 2109 3382 2165 nobis
3409 2107 3703 2179 indulgen-

2106 2210 2242 2265 tiam
2265 2215 2324 2262 et
2351 2205 2726 2263 remissionem
2754 2210 3105 2273 peccatorum
3133 2199 3439 2258 concedas:
3463 2198 3706 2254 inﬁrmis

2107 2299 2357 2363 salutem,
2389 2295 2557 2365 lapsis
2577 2293 2996 2365 reparationem,
3026 2307 3215 2349 aerum
3229 2290 3701 2353 commoditatem,

2107 2391 2488 2463 navigantibus
2508 2397 2673 2460 atque
2694 2386 3074 2444 itinerantibus
3095 2383 3346 2440 ﬁdelibus
3373 2398 3705 2454 prosperum

2108 2483 2215 2539 iter
2240 2497 2306 2537 ac
2340 2480 2532 2538 salutis
2567 2487 2807 2550 portum,
2838 2475 3225 2534 tribulantibus
3254 2473 3365 2547 [L.,
3396 2472 3706 2547 tribulatis]

2108 2571 2684 2648 gaudium,'oppressis
2729 2568 3137 2633 relevationem,
3183 2564 3424 2637 captivis,
3470 2564 3714 2629 vinctis,

2107 2674 2165 2722 et
2185 2663 2487 2737 peregrinis
2507 2661 2906 2726 remissionem,
2929 2658 3346 2724 absolutionem,
3370 2657 3437 2713 ad
3456 2657 3715 2729 patriam

2110 2757 2496 2822 reversionem,
2517 2762 2764 2810 mutuam
2786 2752 3223 2808 discordantibus
3251 2751 3598 2814 charitatem,
3620 2748 3717 2805 in-

2110 2847 2359 2905 ﬁdelibus
2377 2861 2565 2904 veram
2586 2844 2767 2909 ﬁdem,
2794 2850 2852 2900 et
2866 2842 3139 2899 defunctis
3163 2841 3410 2898 ﬁdelibus
3426 2839 3709 2911 requiem.

2102 2937 2374 3012 Angelum
2403 2947 2555 2994 tuum
2590 2943 2844 2994 sanctum
2879 2934 3040 2991 nobis
3066 2935 3155 2990 hic
3178 2942 3235 2990 et
3278 2933 3483 3003 ubique
3516 2939 3717 2988 custo-

2110 3031 2237 3091 dem
2259 3040 2318 3089 et
2365 3030 2708 3087 defensorem
2747 3028 3016 3100 propitius
3040 3027 3245 3084 donare
3290 3024 3556 3097 digneris,
3602 3024 3715 3095 qui

2106 3137 2236 3182 cum
2263 3122 2425 3178 Patre
2442 3129 2500 3179 et
2522 3121 2728 3193 Spiritu
2760 3128 2951 3176 sancto
2982 3119 3120 3175 vivis
3145 3126 3201 3174 et
3221 3133 3417 3189 regnas
3436 3116 3583 3173 Deus
3603 3130 3720 3185 per

2114 3212 2297 3269 omnia
2320 3211 2516 3269 saecula
2543 3211 2886 3270 saeculorum.
2916 3210 3108 3267 Amen.

2181 3345 2471 3404 HYMNUS
2501 3345 2753 3404 SANCTI
2773 3342 3103 3403 AMBROSII
3130 3344 3269 3401 PRO
3296 3343 3632 3402 lNFlRMIS.

2182 3473 2206 3502 α
2229 3461 2445 3519 Christe
2472 3461 2731 3528 caelestis,
2757 3462 3027 3519 medicina
3054 3460 3257 3527 Patris,

2182 3549 2357 3609 Verus
2384 3553 2636 3609 humanae
2666 3552 2909 3611 Medicus
2930 3553 3123 3612 salutis
3149 3571 3163 3609 :

2181 3642 2427 3698 Provida:
2448 3642 2591 3715 plebi
2617 3644 2869 3715 precibus
2881 3653 3134 3716 potenter

2468 3732 2651 3792 Pande
2677 3734 2940 3793 favorem.

2181 3821 2261 3878 En
2282 3823 2352 3880 ob
2375 3824 2619 3883 infirmos
2643 3835 2748 3883 tua:
2774 3825 3053 3900 [Martem
3085 3825 3208 3900 tibi]
3234 3825 3642 3898 supplicamus.

2183 3912 2329 3980 Quos
2356 3928 2558 3971 nocens
2579 3915 2751 3988 pestis
2773 3917 3025 3974 valetudo
3049 3928 3273 3989 quassat
3296 3936 3309 3972 ε

2185 4001 2255 4058 Ut
2285 4002 2409 4073 pius
2432 4005 2683 4061 morbum
2714 4005 2923 4063 releves
2944 4006 3237 4079 iacentem.

2467 4092 2585 4162 Quo
2619 4095 2922 4165 patiuntur.

2183 4184 2287 4253 Qui
2310 4194 2580 4258 potestate
2609 4189 2932 4247 manifestus
2955 4201 3197 4261 exstans,

2186 4275 2306 4332 Mox
2330 4277 2477 4333 Petri
2504 4293 2720 4335 socrum
2749 4279 2994 4338 febribus
3008 4282 3302 4354 iacentem,

2183 4367 2374 4440 Reguli
2408 4369 2638 4439 prolem,
2663 4386 2997 4444 puerumque
3014 4374 3201 4437 salvas

2478 4465 2845 4522 Centurionis.

2187 4555 2349 4611 Ferte
2376 4554 2656 4629 [Harten.,
2688 4555 2851 4631 festo]
2886 4556 3163 4630 languenti
3204 4559 3403 4632 populo
3434 4561 3727 4634 vigorem,

2191 4646 2359 4702 Emue
2387 4646 2591 4719 largam
2616 4648 2813 4719 populo
2836 4650 3098 4704 salutem:

2193 4736 2444 4792 Pristinis
2465 4751 2615 4792 more
2652 4737 2812 4794 solito
2836 4736 3138 4794 reformans

2444 4906 2449 4909 Δ
2479 4826 2693 4885 Viribus
2711 4840 2903 4900 aegros.

2191 4922 2493 4993 Corporum
2521 4922 2762 4988 morbos,
2797 4922 3145 4996 animumque
3185 4923 3464 4997 [Marten.,
3488 4925 3734 4984 animae-

3310 5017 3439 5093 que]
3477 5032 3643 5076 sana.

2194 5104 2485 5161 Vulnerum
2515 5105 2694 5161 causis
2724 5105 2921 5162 adhibe
2948 5107 3234 5175 medelam,

2194 5195 2272 5250 Ne
2292 5195 2414 5253 sine
2435 5195 2613 5252 fructu
2647 5196 2919 5252 cruciatus
2943 5207 3068 5253 urat

2477 5283 2715 5355 Corpora
2746 5294 2952 5342 nostra.

2191 5375 2379 5433 Omnis
2397 5375 2659 5448 impulsus
2676 5377 2950 5447 perimens
2978 5378 3220 5449 recedat,

2192 5467 2381 5524 Omnis
2408 5467 2659 5529 incursus
2678 5469 2930 5529 crucians
2957 5469 3243 5542 liquescat,

2199 5560 2362 5631 Vigor
2376 5567 2577 5629 optatae
2599 5559 2775 5616 foveat
2803 5561 2995 5621 salutis

2474 5651 2717 5709 Membra
2746 5651 2993 5713 dolentis.
