3894 6182
239 427 316 485 83⁸1

288 544 372 622 87
395 540 504 606 Iam
531 538 677 592 Deus
696 540 883 590 noster
901 531 1156 586 miserate
1181 527 1337 582 fletus
1355 565 1369 592 ,

289 620 360 696 Sic
379 632 562 706 quibus
584 637 645 683 te
673 641 818 682 nunc
844 623 1080 694 petimus
1112 620 1348 682 medere,

289 731 346 790 Ut
365 739 498 784 tuam
520 721 700 778 omnis
729 718 996 774 reeubans
1020 713 1286 770 medelam

403 818 608 876 Sentiat
633 829 792 886 aeger.

284 916 381 983 Quo
399 929 490 983 per
511 909 658 964 illata
683 905 824 961 mala
850 903 980 958 dum
1005 906 1253 956 teruntur
1269 939 1282 963 ,

285 1006 602 1063 Eruditorum
631 1013 858 1056 numero
877 995 1081 1060 decori,

283 1098 546 1168 Compotes
574 1094 780 1147 intrent
807 1087 1052 1143 sociante
1082 1083 1260 1138 fructu

403 1186 583 1256 Regna
621 1182 890 1253 polorum.

279 1278 439 1333 Gloria
463 1274 634 1338 Patri,
655 1271 958 1343 genimque
979 1268 1143 1332 Proli,

278 1372 339 1425 Et
365 1368 426 1422 ibi
453 1379 677 1435 compar
702 1362 986 1430 utriusque
1016 1371 1230 1427 semper

279 1460 495 1530 Spiritus
525 1456 688 1520 alme,
719 1453 863 1508 Deus
890 1466 1034 1505 unus
1061 1451 1210 1504 omni

405 1549 671 1616 Tempore
692 1543 839 1599 secli.

274 1642 444 1699 Gloria
471 1639 668 1711 psallat
691 1637 912 1701 chorus,
943 1643 998 1691 et
1025 1633 1271 1697 resultet,

276 1735 503 1791 Gloriam
550 1732 721 1799 dicat,
770 1735 936 1785 canat
991 1735 1046 1783 et
1082 1725 1340 1790 resolvat,
1394 1723 1647 1796 [Martem
1695 1738 1783 1776 re-

1565 1813 1712 1867 volat
1736 1812 1778 1884 ],

273 1919 499 1991 Spiritus
524 1917 685 1981 alme,
711 1913 858 1971 Deus
875 1927 1017 1968 unus
1040 1911 1188 1968 omni

411 2009 675 2079 Tempore
694 2005 845 2062 secli.

595 2134 699 2175 PRO
731 2129 1111 2173 FAIILIARIBUS
1147 2127 1367 2168 ORATIO.

269 2232 463 2291 Libera
488 2243 612 2297 nos,
643 2242 974 2301 qumsumus,
1004 2225 1234 2280 Domine
1261 2230 1450 2278 sancte
1479 2220 1642 2275 Pater
1669 2234 1784 2274 om-

212 2329 465 2396 nipotens,
488 2329 692 2376 azteme
721 2319 883 2384 Deus,
915 2316 984 2371 ab
1009 2315 1261 2371 omnibus
1283 2313 1429 2368 vitiis
1473 2317 1529 2368 et
1553 2312 1620 2367 de
1649 2308 1782 2366 insi-

209 2419 301 2474 diis
331 2412 556 2470 inimici.
584 2407 814 2481 Protege
840 2423 941 2464 nos
969 2405 1038 2461 ab
1069 2406 1216 2460 omni
1249 2403 1594 2458 tribulatione
1615 2411 1670 2456 et
1693 2415 1787 2472 po-

211 2515 394 2564 testate
423 2505 645 2574 iniqua,
676 2509 736 2555 ut
772 2498 1152 2570 magniﬁcetur
1179 2509 1377 2550 nomen
1404 2501 1556 2548 tuum
1589 2501 1644 2548 et
1673 2508 1788 2546 ma-

208 2601 366 2670 iestas
387 2605 483 2652 tua
508 2614 522 2649 :
564 2608 632 2649 ne
672 2593 860 2649 dicant
882 2598 1073 2661 gentes
1093 2630 1108 2656 ,
1142 2587 1241 2644 Ubi
1271 2595 1356 2641 est
1385 2585 1528 2640 Deus
1557 2583 1789 2640 eorum?

208 2691 340 2746 Deus
375 2696 566 2743 autem
601 2693 791 2740 noster
819 2682 873 2735 in
903 2679 1062 2745 coelo,
1097 2678 1280 2734 omnia
1318 2691 1656 2748 quaecunque
1688 2691 1788 2730 vo—

209 2758 314 2846 init,
338 2779 491 2835 fecit.
524 2775 747 2832 Custodi
785 2786 906 2839 nos,
947 2771 1204 2835 Domine,
1246 2776 1308 2823 ut
1330 2767 1587 2838 pupillam
1627 2765 1788 2833 oculi,

207 2875 298 2930 sub
330 2871 532 2927 umbra
563 2868 772 2922 alarum
810 2875 1024 2921 tuarum
1055 2857 1276 2934 protége
1306 2876 1409 2916 nos
1432 2877 1446 2917 :
1472 2873 1543 2914 ne
1565 2859 1672 2912 ulla
1697 2872 1793 2928 po-

208 2975 369 3021 testas
388 2964 636 3018 humana
674 2960 860 3028 iniqua
892 2957 1047 3011 nobis
1067 2968 1264 3009 nocere
1293 2952 1470 3007 valeat
1499 2951 1554 3005 in
1587 2951 1790 3016 anima,

207 3060 254 3112 in
279 3071 542 3127 corpore,
566 3054 620 3108 in
649 3059 850 3116 mente,
896 3050 950 3104 in
984 3045 1328 3109 ambulando,
1361 3044 1414 3098 in
1454 3039 1790 3107 dormiendo,

207 3152 255 3206 in
279 3151 504 3215 stando,
539 3148 594 3202 in
623 3143 880 3209 sedendo,
917 3142 973 3196 in
1001 3140 1121 3195 visu
1142 3179 1156 3204 ,
1187 3139 1244 3193 in
1275 3136 1461 3190 auditu
1479 3176 1495 3200 ,
1538 3133 1593 3188 in
1622 3137 1791 3197 tactu,

1142 405 1535 465 LITURGICA.
1578 433 1644 444 —-
1685 399 1953 457 OFFICIA
1991 397 2130 454 PER
2169 392 2440 451 FERIAS.

1793 533 1836 591 Α
1865 531 1966 587 gue
1998 515 2108 569 ﬁat.
2139 511 2364 567 Tribuat
2393 507 2486 562 tibi
2529 504 2824 560 scentulum
2865 519 2958 558 cor
2989 512 3137 558 tuum
3164 523 3174 558 :
3207 513 3263 560 et
3291 522 3451 562 omne

1865 603 2152 658 consilium
2203 608 2353 654 tuum
2407 596 2709 652 continuet.
2753 593 3077 648 Laetabimur
3122 595 3174 649 in
3226 595 3452 651 salutari

1869 703 1961 748 tuo
1993 710 2005 746 :
2036 701 2092 747 et
2145 691 2198 745 in
2233 705 2452 744 nonuue
2496 688 2589 742 Dei
2627 687 2800 742 nostri
2834 685 3318 758 magniﬁcabimur.
3351 687 3454 740 lm-

1868 784 2011 852 pleat
2032 782 2294 837 Dominus
2328 793 2517 834 omnes
2540 777 2829 848 petitiones
2873 785 3024 831 tuas:
3055 791 3198 831 nunc
3226 777 3455 846 cognovi

1867 871 2126 939 quoniam
2177 868 2386 924 salvum
2449 866 2576 922 fecit
2632 865 2892 920 Dominus
2939 864 3210 920 Christum
3272 879 3452 920 suum.

1873 959 2140 1015 Exaudiet
2176 959 2323 1014 illum
2354 959 2419 1015 de
2446 957 2583 1014 cmlo
2621 965 2811 1012 sancto
2855 972 2954 1012 suo
2997 957 3051 1010 in
3092 953 3457 1026 potentatibus

1873 1050 2020 1106 salus
2048 1049 2285 1105 dexterae
2332 1046 2468 1118 ejus.
2497 1047 2562 1102 Hi
2593 1047 2647 1101 in
2675 1045 2952 1114 curribus,
2997 1053 3054 1099 et
3085 1045 3140 1099 bi
3177 1044 3229 1098 in
3260 1043 3413 1114 cquis
3439 1059 3454 1097 :

3341 389 3447 446 558

1877 1156 1974 1196 nos
2002 1149 2182 1195 autem
2221 1140 2276 1193 in
2315 1139 2532 1194 nomine
2579 1137 2790 1192 Domini
2830 1137 2925 1191 Dei
2962 1136 3136 1191 nostri
3185 1133 3460 1190 invocabi-

1877 1247 2016 1286 mus.
2075 1230 2180 1300 ipsi
2227 1229 2446 1300 obligati
2493 1236 2621 1284 sunt
2661 1235 2717 1284 et
2743 1227 3094 1283 ceciderunt:
3128 1240 3227 1280 nos
3277 1232 3459 1282 autem

1877 1321 2215 1378 surreximus
2243 1329 2300 1375 et
2336 1320 2505 1374 erecti
2528 1334 2734 1374 sumus.
2759 1318 3005 1382 Domine,
3027 1317 3234 1372 salvum
3262 1315 3348 1371 fac
3375 1329 3461 1370 re-

1879 1428 1996 1484 gem
2029 1430 2040 1466 :
2069 1419 2124 1466 et
2152 1411 2346 1466 exaudi
2375 1425 2474 1464 nos
2503 1409 2560 1462 in
2585 1409 2692 1475 die,
2723 1423 2830 1479 qua
2853 1407 3284 1463 invocaverimus
3316 1415 3388 1461 te.

1951 1503 2020 1556 Ut
2036 1519 2212 1573 supra.
2231 1501 2353 1556 Fiat
2376 1500 2752 1555 misericordia
2770 1507 2879 1566 tua,
2899 1499 3144 1565 Domine,
3162 1513 3326 1567 super
3340 1512 3460 1552 nos.

1953 1593 2158 1648 Oratio.
2199 1592 2382 1662 Imple,
2414 1591 2662 1656 Domine,
2685 1591 2975 1660 petitiones
2996 1598 3234 1656 nostras,
3262 1597 3318 1643 et
3346 1596 3466 1643 tau-

1882 1699 2047 1756 quam
2096 1682 2513 1754 pinguissimum
2560 1697 2661 1736 nos
2705 1682 3081 1736 holocaustum
3127 1696 3365 1746 assume,
3409 1689 3468 1734 ut

1883 1776 2226 1829 inimicorum
2272 1774 2521 1829 curribus
2551 1773 2829 1843 obligatis,
2860 1772 3113 1828 salutaris
3142 1774 3219 1828 tui
3241 1770 3470 1842 opitula-

1808 1883 1856 1946 Β
1881 1865 2028 1920 tione
2049 1864 2310 1919 laetemur.
2334 1862 2456 1918 Per.

1952 1955 2074 2009 Alia
2095 1954 2303 2010 Oratio.
2328 1953 2512 2024 imple,
2556 1953 2801 2020 Domine,
2829 1954 3117 2024 petitiones
3146 1963 3387 2020 nostras,
3416 1963 3472 2009 et

1885 2044 2039 2100 mitte
2077 2044 2234 2099 nobis
2263 2044 2522 2098 auxilium
2563 2045 2630 2100 de
2661 2053 2891 2100 sancto:
2923 2059 3135 2100 memor
3160 2054 3279 2101 esto
3305 2047 3471 2101 sacri-

1887 2134 1996 2190 ﬁcii
2042 2133 2244 2202 nostri,
2274 2134 2420 2204 quod
2467 2133 2560 2189 tibi
2609 2150 2718 2190 non
2750 2134 2926 2190 solum
2971 2135 3243 2194 oblatione
3269 2151 3325 2195 et
3353 2154 3474 2196 ora-

1889 2223 2035 2281 tione
2077 2222 2324 2292 offertur,
2353 2240 2418 2280 ac
2443 2239 2635 2296 preces
2681 2234 2930 2293 nostras,
2976 2243 3113 2298 quas
3150 2229 3205 2284 in
3235 2248 3474 2301 quacun-

1887 2331 1994 2388 que
2034 2316 2121 2372 die
2159 2315 2255 2371 tibi
2280 2323 2392 2370 tam
2431 2330 2597 2370 manu
2643 2315 2860 2386 linguis,
2907 2331 3070 2386 quam
3115 2334 3257 2390 genu
3295 2321 3474 2376 cordis

1888 2407 2187 2476 offerimus,
2217 2408 2484 2480 propitius
2504 2407 2691 2464 audire
2714 2407 2958 2478 dignare.
2981 2407 3106 2464 Per.

2435 2563 2552 2635 ss
2588 2561 2924 2621 PSALMUS.

1961 2683 2159 2758 (PSAL.
2191 2681 2318 2755 ιι..)
2357 2682 2558 2738 Beatus
2597 2680 2713 2748 vir,
2754 2680 2848 2750 qui
2883 2679 3137 2752 intelligit
3167 2696 3332 2753 super
3361 2698 3480 2755 ege-

1893 2791 2023 2832 num
2049 2782 2107 2831 et
2137 2787 2434 2846 pauperem
2459 2791 2472 2827 :
2499 2773 2556 2828 in
2575 2772 2664 2828 die
2691 2771 2831 2826 mala
2856 2771 3110 2826 liberabit
3141 2787 3265 2827 eum
3301 2773 3482 2831 Domi-

1894 2885 2017 2925 nus.
2056 2867 2319 2925 Dominus
2375 2873 2665 2923 conservet
2704 2879 2849 2931 eum,
2879 2872 2936 2918 et
2962 2863 3200 2920 viviﬂcet
3243 2881 3387 2934 eum,
3428 2878 3486 2924 et

1893 2961 2114 3018 beatum
2159 2960 2326 3016 faciat
2364 2974 2490 3016 eum
2518 2959 2573 3014 in
2606 2967 2753 3014 terra
2783 2977 2796 3013 :
2827 2965 2884 3014 et
2920 2973 3028 3015 non
3058 2960 3238 3018 tradat
3274 2977 3397 3017 cum
3429 2963 3484 3016 in

1895 3053 2134 3108 animam
2175 3051 2518 3108 inimicorum
2559 3049 2696 3120 eius.
2727 3051 2990 3110 Dominus
3031 3070 3190 3125 opem
3230 3053 3368 3108 ferat
3411 3054 3486 3108 illi

1897 3161 2060 3218 super
2087 3145 2288 3202 lectum
2323 3145 2527 3201 doloris
2571 3145 2689 3216 ejus
2722 3162 2735 3200 :
2763 3146 3076 3203 universum
3105 3154 3337 3203 stratum
3368 3144 3492 3215 ejus

205 3243 254 3296 in
280 3242 544 3306 odoratu,
589 3239 645 3293 in
684 3244 864 3308 gustu,
897 3233 952 3288 in
981 3239 1130 3302 potu,
1157 3229 1211 3283 in
1246 3244 1369 3292 usu,
1412 3227 1468 3281 in
1497 3240 1706 3297 gressu,
1737 3223 1794 3278 in
1823 3233 1871 3298 α
1900 3237 2131 3293 versas“
2152 3237 2209 3291 ίιι
2224 3234 2541 3292 inﬁrmitate
2557 3234 2694 3305 ejus.
2721 3235 2835 3308 Ego
2862 3237 2974 3293 dixi
3003 3253 3018 3292 :
3043 3238 3290 3305 nomine,
3320 3239 3487 3292 misc-

203 3331 458 3397 lectione,
489 3330 545 3384 in
570 3323 848 3389 oratiOne,
879 3323 934 3377 in
964 3335 1158 3386 sensu,
1190 3318 1244 3373 in
1275 3316 1576 3383 locutione,
1610 3315 1664 3370 in
1703 3329 1796 3370 co-

203 3424 493 3500 gitatione,
524 3420 580 3474 in
621 3415 994 3486 separatione,
1035 3412 1090 3465 in
1130 3407 1570 3480 congregatione,
1611 3405 1666 3459 in
1708 3403 1798 3458 iti-

205 3497 363 3581 nere,
390 3515 451 3569 in
486 3509 848 3580 navigatione.
887 3505 1085 3560 Libera
1114 3517 1234 3568 nos,
1265 3501 1504 3557 clemens
1532 3497 1793 3561 Trinitas,

204 3608 274 3664 ab
294 3605 453 3662 omni
491 3601 636 3657 malo
659 3596 954 3670 praeterito,
1001 3593 1276 3665 praesenti,
1305 3599 1362 3646 et
1401 3589 1582 3643 futuro
1614 3601 1628 3641 :
1658 3587 1800 3642 siem

202 3697 458 3756 liberasti
488 3707 679 3750 servos
706 3697 828 3746 tuos
854 3688 922 3743 ab
950 3687 1105 3742 initio
1131 3683 1354 3747 mundi,
1381 3679 1494 3736 Noe
1520 3694 1551 3732 a
1576 3677 1796 3740 diluvio,

196 3789 492 3845 Abraham
519 3785 588 3839 de
625 3782 702 3839 Ur
737 3780 1130 3839 Chaldaeorum,
1168 3773 1271 3828 Lot
1294 3772 1362 3826 de
1387 3769 1605 3825 civitate
1629 3767 1801 3822 Sodo-

198 3893 448 3941 morum,
481 3875 699 3945 Moysen
726 3880 782 3927 et
807 3867 1060 3940 populum
1085 3861 1252 3919 israel
1279 3861 1347 3916 de
1375 3859 1513 3915 mari
1536 3857 1721 3912 Rubro
1748 3864 1804 3909 et

197 3972 274 4026 de
295 3966 560 4024 manibus
585 3963 907 4025 Pharaonis,
932 3957 1102 4012 David
1134 3957 1202 4011 de
1227 3969 1395 4010 manu
1417 3950 1596 4008 Sau‘lis
1615 3957 1670 4005 et
1693 3947 1802 4004 Go-

201 4062 313 4126 liae,
363 4059 541 4113 Eliam
578 4063 634 4111 et
669 4055 854 4108 Euoch
880 4052 949 4106 de
975 4051 1076 4105 hoc
1111 4047 1333 4111 mundo,
1364 4043 1588 4100 Tobiam
1615 4041 1680 4095 de
1709 4040 1805 4094 do-

199 4154 326 4208 lore
351 4149 657 4212 oculorum,
688 4154 802 4200 tres
825 4156 1022 4214 pueros
1044 4141 1111 4195 de
1136 4137 1350 4194 camino
1374 4135 1514 4206 ignis
1539 4130 1799 4193 ardentis,

197 4246 532 4300 Susannam
562 4240 630 4294 de
667 4253 831 4293 manu
867 4234 1194 4306 principum,
1224 4229 1416 4284 Daniel
1442 4228 1508 4282 de
1542 4225 1662 4280 lacu
1693 4223 1804 4278 leo-

194 4349 372 4396 num,
404 4330 598 4384 Ionam
639 4327 707 4382 de
748 4333 941 4381 ventre
983 4323 1107 4387 ceti,
1148 4319 1438 4374 Ezechiam
1479 4315 1546 4370 de
1578 4312 1804 4367 inﬁrmi-

197 4433 349 4486 tate,
389 4419 631 4474 Naaman
662 4417 858 4488 Syrum
883 4415 950 4469 de
977 4411 1311 4484 mgritudine,
1343 4415 1398 4463 et
1421 4405 1607 4462 Jesum
1635 4403 1804 4457 ﬁlium

193 4514 334 4571 Non
387 4513 456 4568 de
489 4511 688 4582 praeliis
726 4509 1175 4570 Chananacorum,
1220 4501 1470 4557 Ninivem
1518 4498 1585 4553 de
1628 4504 1805 4551 morte

1898 3345 2024 3386 rere
2071 3329 2180 3385 mei
2207 3347 2221 3384 :
2248 3343 2384 3385 sana
2414 3328 2654 3384 animam
2694 3343 2893 3396 meam,
2947 3330 3074 3401 quia
3103 3331 3323 3402 peccavi
3369 3330 3488 3384 tibi.

1896 3421 2105 3477 inimici
2148 3419 2254 3476 mei
2287 3420 2542 3476 dixerunt
2577 3418 2721 3475 mala
2762 3420 2894 3474 mihi
2927 3438 2940 3475 :
2971 3421 3190 3492 quando
3227 3421 3492 3477 morietur

1899 3522 1956 3568 et
1981 3513 2178 3584 peribit
2204 3526 2402 3568 nomen
2443 3510 2606 3582 eius?
2631 3511 2701 3566 Et
2728 3511 2775 3566 si
2803 3511 3226 3583 ingrediebatur,
3255 3521 3316 3566 ut
3337 3512 3490 3576 vide-

1899 3615 2005 3674 ret,
2037 3621 2175 3662 vana
2203 3605 2524 3677 loquebatur
2553 3619 2568 3659 :
2593 3619 2691 3661 cor
2713 3603 2832 3674 ejus
2855 3605 3204 3677 congregavit
3231 3605 3490 3676 iniquita-

1901 3711 2013 3758 tem
2059 3702 2180 3759 sibi.
2211 3700 2604 3773 Egrediebatur
2641 3698 2790 3757 foras
2824 3718 2837 3754 :
2869 3707 2926 3756 et
2950 3700 3273 3771 loquebatur
3313 3701 3366 3753 in
3410 3701 3494 3753 id-

1902 3797 2098 3866 ipsum.
2151 3793 2457 3850 Adversum
2509 3807 2598 3848 me
2647 3793 3009 3848 susurrabant
3052 3807 3242 3847 omnes
3287 3791 3492 3847 inimici

1903 3890 2050 3942 mei:
2081 3885 2370 3941 adversum
2417 3897 2505 3938 me
2537 3883 2849 3952 cogitabant
2888 3882 3030 3936 maia
3068 3883 3219 3936 mihi.
3253 3881 3493 3937 Verbum

1904 3981 2151 4051 iniquum
2179 3977 2583 4034 constituerunt
2630 3975 2918 4029 adversum
2947 3987 3072 4028 me:
3104 3971 3357 4043 Nunquid
3399 3976 3493 4042 qui

1906 4073 2125 4139 dormit,
2166 4086 2276 4127 non
2319 4067 2534 4139 adiiciet
2560 4075 2621 4122 ut
2643 4065 2932 4136 resurgat?
2959 4064 3172 4119 Etenim
3204 4064 3366 4119 homo
3396 4080 3492 4133 pa-

1905 4163 1986 4218 cis
2030 4175 2164 4216 mea:
2190 4161 2245 4214 in
2292 4173 2402 4230 quo
2448 4157 2664 4228 Speravi
2695 4156 2828 4228 :qui
2871 4155 3066 4211 edebat
3100 4171 3271 4227 panes
3317 4171 3492 4218 meos,

1906 4250 2286 4325 magniﬁcavit
2309 4265 2474 4320 super
2510 4263 2597 4303 me
2636 4245 3146 4319 supplantationem.
3180 4246 3260 4302 Tu
3290 4256 3493 4312 autem,

1907 4343 2153 4407 Domine,
2191 4342 2454 4397 miserere
2497 4339 2632 4405 mei,
2664 4348 2722 4394 et
2761 4340 3028 4396 resuscita
3070 4353 3202 4394 me:
3235 4347 3291 4394 et
3335 4340 3496 4392 retri-

1906 4437 2071 4492 buam
2115 4435 2215 4491 eis.
2260 4434 2320 4490 in
2363 4434 2466 4490 hoc
2501 4434 2750 4506 cognovi,
2798 4433 3054 4504 quoniam
3102 4432 3314 4488 voluisti
3365 4446 3490 4486 me:

1910 4525 2168 4598 quoniam
2197 4541 2308 4582 non
2334 4525 2589 4598 gaudebit
2616 4526 2865 4581 immicus
2884 4538 3036 4579 meus
3064 4538 3229 4593 super
3267 4537 3372 4576 me.
3406 4521 3496 4578 Me

192 4609 490 4670 minante,
528 4602 684 4658 lsaac
725 4602 791 4656 de
819 4599 995 4671 gladio
1019 4596 1188 4687 patris
1207 4593 1322 4687 sui,
1355 4590 1456 4647 Job
1483 4586 1802 4687 detribula-
1832 4583 1888 4642 D
1909 4583 2093 4672 iugem
2137 4583 2365 4687 prop“;
2408 4615 2778 4672 innocentiam
2817 4613 3101 4682 suscepisti
3131 4583 3156 4668 ’ζ
3191 4621 3246 4668 ω
3294 4612 3495 4668 comp

196 4699 463 4755 tionibus
495 4695 628 4760 suis,
657 4691 872 4748 Gedeon
905 4691 970 4744 de
1003 4686 1268 4752 barbaris,
1295 4684 1512 4739 Petrum
1543 4680 1609 4735 de
1637 4676 1811 4734 ﬂucti-

193 4795 312 4848 bus
345 4791 526 4846 maris
554 4797 610 4845 et
637 4788 703 4843 de
741 4802 983 4851 carcere,
1009 4783 1230 4838 Paulum
1261 4781 1327 4835 de
1366 4778 1548 4833 multis
1588 4774 1812 4831 tribula-

197 4883 466 4937 tionibus
513 4888 569 4935 et
612 4876 884 4949 periculis.
935 4875 1026 4930 Sic
1083 4878 1270 4927 sancta
1323 4867 1560 4923 Trinitas
1609 4873 1811 4920 (uterne

197 4975 396 5040 Dens,
437 4988 546 5028 nos
573 4970 802 5026 famulos
833 4977 955 5024 tuos
1000 4965 1070 5021 ab
1108 4961 1356 5019 omnibus
1396 4961 1448 5014 in
1479 4958 1584 5011 hoc
1611 4953 1812 5011 saaculo

196 5066 440 5123 insidiis
468 5063 668 5120 diaboli
705 5061 956 5123 liberare,
979 5065 1035 5113 et
1058 5057 1112 5110 in
1140 5063 1232 5109 tuo
1269 5058 1456 5107 sancto
1483 5059 1810 5103 conservare

194 5158 464 5230 digneris
494 5153 691 5210 illaesos
711 5150 933 5208 servitio
963 5168 975 5202 :
1005 5155 1064 5202 ut
1093 5148 1145 5201 in
1176 5145 1356 5200 futuro
1384 5151 1562 5197 tecum
1590 5137 1811 5208 praemia

189 5229 488 5317 consequi
527 5258 832 5299 mereamur
853 5249 1076 5304 (eterna,
1119 5237 1210 5307 qui
1254 5234 1390 5289 vivis
1427 5240 1483 5287 et
1521 5244 1714 5302 regnas
1757 5229 1811 5283 in

195 5339 420 5397 secula
454 5336 795 5394 seculorum.
828 5333 1020 5389 Amen.

853 5439 1193 5497 PSALMUS.

261 5560 498 5632 (PSAL.
528 5573 645 5612 xxx.
670 5555 690 5627 )
718 5553 988 5611 Exaudiat
1011 5561 1064 5606 te
1101 5549 1362 5605 Dominus
1391 5544 1446 5598 in
1478 5543 1565 5597 die
1596 5535 1817 5632 tribulaf

185 5630 384 5706 tionis
414 5667 428 5702 :
463 5653 718 5720 protegat
769 5653 826 5700 te
875 5658 1072 5699 nomen
1118 5640 1215 5696 Dei
1266 5633 1450 5693 Jacoh.
1504 5633 1681 5688 Mittat
1723 5630 1819 5685 tibi

1909 4707 2072 4761 masti
2099 4720 2186 4761 me
2213 4686 2268 4760 in
2313 4715 2609 4775 conspectu
2647 4713 2739 4758 tuo
2768 4704 2822 4758 in
2850 4711 3129 4757 aeternum.
3173 4686 3496 4758 Benedictus

1909 4794 2173 4851 Dominus
2194 4795 2339 4851 Deus
2365 4793 2536 4850 Israel
2559 4808 2593 4848 a
2619 4791 2818 4848 mulo
2845 4801 2902 4848 et
2927 4807 3099 4863 usque
3125 4793 3177 4846 in
3202 4792 3492 4848 saeculum:

1909 4888 2026 4955 ﬁat,
2056 4887 2168 4942 ﬁat.

1979 4976 2050 5033 Ut
2077 4993 2258 5048 supra.
2289 4977 2574 5047 Dispersit,
2600 4974 2751 5032 dedit
2768 4977 3116 5047 pauperibus.

1989 5066 2195 5122 Oratio.
2258 5066 2582 5123 Nostrorum
2631 5065 3006 5135 peccaminum
3055 5067 3201 5121 mitis
3239 5067 3493 5132 indultor,

1916 5172 2116 5219 aeterne
2141 5161 2304 5226 Deus,
2325 5159 2417 5229 qui
2447 5159 2545 5215 das
2573 5157 2809 5230 eﬂ'ugere
2833 5159 2975 5214 diem
3007 5159 3225 5226 malum,
3257 5161 3302 5215 si
3331 5163 3496 5218 mise-

1919 5256 2151 5313 ricordia
2179 5255 2538 5324 subsequatur
2555 5267 2785 5324 egenum
2815 5251 2932 5306 εἰθι-
2957 5267 3134 5323 opem,
3165 5269 3497 5323 quaesumus,

1919 5348 2195 5403 doloribus
2237 5348 2460 5415 nostris,
2501 5356 2564 5402 ut
2600 5348 2728 5402 dum
2757 5346 2998 5402 carnalia
3035 5347 3228 5403 delicta
3257 5348 3495 5404 clemen-

1920 5447 2003 5495 ter
2027 5441 2230 5511 arguis,
2264 5438 2718 5495 medicamentum
2764 5439 2958 5493 animre
3008 5437 3341 5508 placabiliter
3385 5439 3489 5495 lar-

1917 5531 2099 5604 giaris.
2125 5531 2230 5587 Per
2248 5529 2555 5586 Dominum.

1989 5624 2130 5678 Alia.
2154 5620 2429 5678 Conﬁrma
2467 5636 2568 5676 nos
2607 5621 2662 5676 in
2689 5631 2983 5692 conspectu
3016 5630 3128 5687 tuo,
3167 5621 3413 5687 Domine,
3446 5623 3502 5676 in

179 5710 493 5796 auxilium
524 5739 594 5792 de
627 5710 828 5791 sancto
859 5753 872 5786 :
898 5742 954 5789 et
993 5733 1059 5787 de
1090 5732 1218 5786 Sion
1251 5735 1464 5782 tueatur
1494 5733 1564 5778 te.
1615 5720 1821 5774 Memor
1920 5724 2214 5779 internum;
2243 5721 2303 5766 ut
2329 5710 2564 5766 deﬁxum
2593 5713 2700 5768 iter
2726 5722 2972 5770 nostrum
3001 5713 3147 5769 nullo
3184 5713 3359 5768 alieno
3387 5711 3496 5767 sul-

175 5833 259 5892 sit
291 5832 515 5890 omnis
560 5825 814 5884 sacrificii
854 5826 970 5881 tui:
1005 5833 1062 5879 et
1099 5823 1470 5880 holocaustum
1513 5827 1662 5872 tuum
1701 5812 1815 5885 pin-

1920 5807 2156 5864 licitetur
2180 5811 2415 5877 aspectu.
2447 5801 2571 5859 Per.
