3894 6182
364 430 469 487 559

989 532 1328 589 PSALBWS.

440 651 838 732 (Ρςλιηπέχγι.)
875 649 1018 704 Deus
1046 646 1369 701 misereatur
1399 639 1565 694 nostri
1600 655 1612 689 :
1642 643 1697 689 et
1727 631 1946 688 benedi-

481 747 639 804 nobis
671 763 684 799 :
715 721 980 800 illutninet
1006 737 1208 792 vultum
1237 747 1393 787 suum
1422 743 1584 799 super
1609 741 1727 789 nos,
1770 731 1825 779 et
1845 721 1946 776 mi-

365 849 616 899 sereatur
639 836 828 894 nostri.
855 833 920 889 Ut
948 839 1337 901 cognoscamus
1363 823 1416 876 in
1443 831 1592 876 terra
1603 819 1746 873 viam
1769 825 1946 871 tuam:
2025 863 2028 866 .

369 936 425 988 in
477 930 726 988 omnibus
771 925 1021 997 gentibus
1072 917 1308 974 salutare
1360 923 1530 969 tuum.
1581 909 1955 966 Conﬁteantur

308 1069 311 1072 .
362 1026 465 1080 tibi
510 1022 714 1094 populi,
753 1019 896 1072 Deus
929 1033 942 1068 :
974 1011 1332 1068 conﬁteantur
1376 1006 1467 1060 tibi
1513 1003 1693 1075 populi
1740 1015 1948 1055 omnes.

363 1093 646 1172 laetentur
675 1120 728 1166 et
769 1106 1042 1164 exsultent
1070 1110 1288 1175 gentes,
1336 1097 1590 1168 quoniam
1614 1093 1825 1162 judieas
1853 1106 1950 1160 po-

371 1204 526 1275 pulos
566 1202 621 1254 in
648 1198 924 1267 mquitate,
956 1202 1011 1248 et
1039 1200 1226 1262 gentes
1267 1190 1319 1244 in
1365 1195 1507 1241 terra
1547 1183 1752 1253 dirigis.
1776 1178 1955 1235 Conﬁ-

370 1270 592 1349 teantur
637 1289 734 1343 tibi
771 1285 975 1356 populi,
1008 1283 1182 1344 Deus,
1231 1279 1592 1334 conﬁteantur
1637 1273 1731 1327 tibi
1778 1270 1956 1342 populi

363 1397 580 1445 omnes,
638 1391 782 1434 terra
828 1375 975 1430 dedit
1027 1372 1260 1427 fructum
1307 1384 1484 1423 suum.
1525 1363 1816 1420 Beuedicat
1860 1375 1958 1414 nos

374 1474 540 1536 Deus,
571 1472 712 1525 Deus
744 1477 958 1532 noster,
990 1465 1276 1520 benedicat
1301 1476 1400 1516 nos
1425 1459 1567 1514 Deus
1587 1500 1600 1526 ,
1633 1464 1688 1512 et
1719 1461 1960 1510 metuant

374 1579 500 1618 eum
526 1577 718 1617 omnes
751 1560 888 1612 ﬁnes
911 1566 1090 1611 terrm.

448 1653 516 1708 Ut
561 1669 744 1722 supra.
804 1649 1142 1718 Adjutorium
1187 1653 1434 1700 nostrum
1483 1643 1537 1697 in
1585 1639 1804 1696 nomine
1857 1638 1960 1693 Do-

380 1761 532 1802 mnu.

451 1839 656 1894 Oratio.
710 1834 978 1899 lllumina,
1029 1831 1288 1894 Domine,
1340 1827 1544 1882 vultum
1600 1833 1750 1878 tuum
1800 1837 1964 1892 super
1995 1857 2040 1922 Β

379 1945 502 1995 nos,
529 1938 586 1984 et
607 1925 1034 1982 misericordiam
1061 1921 1217 1978 nobis
1243 1920 1485 1983 uberem,
1505 1913 1964 1972 benedictionem-

381 2038 490 2094 que
515 2021 731 2093 largire.
750 2018 879 2073 'Per.

452 2111 570 2164 Alia
623 2109 827 2163 Oratio.
871 2105 1272 2177 Cognoscentes
1314 2101 1366 2155 in
1412 2109 1556 2154 terra
1601 2098 1746 2152 viam
1796 2103 1964 2159 tuam,

383 2203 627 2269 Domine,
657 2202 710 2256 in
756 2199 1008 2254 omnibus
1037 2195 1286 2268 gentibus
1317 2192 1552 2247 salutare
1585 2198 1759 2254 tuum,
1805 2186 1966 2242 Chri-

385 2303 529 2348 stum
553 2291 863 2355 Dominum,
905 2296 960 2342 et
981 2287 1124 2340 viam
1153 2300 1274 2340 esse
1297 2281 1616 2338 conﬁtemur
1637 2286 1690 2334 et
1713 2276 1968 2347 patriam,

391 2398 490 2451 per
535 2396 697 2452 quem
745 2380 798 2433 in
829 2378 1092 2431 directum
1133 2373 1426 2444 gradimur,
1478 2379 1531 2426 et
1561 2369 1627 2424 ad
1668 2366 1971 2437 profectum

390 2473 760 2542 plenissimum
791 2468 1155 2539 pervenimus.
1193 2465 1314 2519 Per.

1011 2594 1351 2651 PSALMUS.

455 2712 895 2788 (Psar..-cxxx1.)
940 2710 1240 2773 Memento,
1285 2708 1527 2772 Domine,
1560 2707 1748 2772 David,
1777 2716 1835 2762 et
1859 2723 1974 2763 om-

387 2806 478 2864 nis
515 2799 943 2858 mansuetudinis
987 2798 1122 2867 ejus.
1169 2797 1318 2853 Sicut
1345 2798 1548 2868 iuravit
1589 2797 1836 2863 Domino,
1879 2813 1978 2853 vo-

391 2905 504 2952 tum
547 2894 698 2949 vovit
724 2892 836 2947 Deo
863 2890 1050 2948 Iacob.
1103 2888 1161 2944 Si
1202 2889 1465 2944 introiere
1493 2889 1545 2943 in
1574 2888 1977 2943 tabernaculum

393 2989 586 3044 domus
613 3000 766 3049 mete,
816 2985 863 3040 si
909 2981 1208 3039 ascendere
1232 2982 1286 3036 in
1317 2981 1511 3036 lectum
1556 2980 1712 3035 strati
1757 2981 1881 3034 mei.
1921 2979 1979 3034 Si

394 3079 594 3134 dedero
624 3093 873 3133 somnum
902 3075 1072 3132 oculis
1105 3075 1259 3140 meis,
1291 3083 1345 3130 et
1371 3074 1642 3145 palpebris
1681 3074 1816 3129 meis
1851 3073 1978 3128 dor—

1227 417 1284 471 B.
1323 414 1384 468 Ρ.
1419 405 1642 464 ALBlNl
1680 401 1811 459 SEU
1851 395 2124 456 ALCUlNl
2172 391 2453 451 OPERUM
2491 387 2671 444 PARS
2711 384 2795 438 ιγ.

1975 517 2354 577 Αηοειτοτιιιιι
2399 508 2639 567 lucerna,
2693 500 2942 555 Christus
2992 494 3250 550 Dominus
3297 497 3516 556 noster;
3570 497 3638 544 ut

3521 367 3632 430 560

2047 605 2160 658 haec
2201 618 2266 657 eo
2309 603 2681 670 praeparante,
2727 590 2903 646 fructu
2941 586 3165 657 iustitia:
3207 583 3512 654 repleamur
3559 583 3636 638 ad

2049 693 2295 764 gratiam,
2343 696 2398 744 ct
2437 685 2604 740 verbo
2653 683 2778 738 vita:
2828 678 3207 735 contineamur
3259 674 3327 727 ad
3376 671 3632 744 gloriam.

2048 784 2170 840 Per.

2673 862 3012 922 PSALMUS.

2125 987 2320 1058 (Psu..
2369 980 2607 1051 cxxxn.)
2647 980 2786 1034 Ecce
2829 990 2991 1046 quam
3027 974 3228 1027 bonum
3259 979 3314 1025 et
3353 985 3518 1040 quam
3547 967 3642 1036 ju-

2053 1079 2308 1138 cundum,
2359 1074 2607 1128 habitare
2639 1071 2837 1125 fratres
2874 1068 2926 1121 in
2961 1071 3148 1119 unum.
3199 1062 3353 1116 Sicut
3389 1075 3644 1132 unguen-

2056 1179 2167 1224 tum
2204 1169 2257 1222 in
2295 1167 2501 1235 capite,
2535 1162 2680 1232 quod
2707 1157 2987 1215 descendit
3023 1157 3079 1210 in
3116 1154 3369 1218 barbam,
3410 1151 3642 1206 barbam

2055 1261 2258 1314 Aaron.
2304 1256 2456 1324 Quod
2505 1251 2783 1308 descendit
2830 1249 2883 1303 in
2939 1261 3092 1301 oram
3130 1243 3435 1300 vestimenti
3477 1241 3640 1310 ejus:

2057 1352 2199 1406 sicut
2242 1366 2332 1404 ros
2376 1347 2634 1408 Hermon,
2671 1343 2761 1412 qui
2800 1339 3075 1396 descendit
3110 1337 3163 1390 in
3205 1343 3442 1389 montem
3481 1331 3642 1387 Sion.

2057 1441 2324 1508 Quoniam
2360 1438 2467 1493 illic
2497 1433 2774 1491 mandavit
2809 1428 3066 1484 Dominus
3103 1425 3552 1488 benedictionem,
3591 1429 3652 1476 et

2060 1535 2232 1588 vitam
2258 1545 2428 1600 usque
2458 1529 2511 1583 in
2546 1525 2821 1583 steculum.

2131 1623 2200 1678 Ut
2223 1639 2402 1694 supra.
2436 1620 2555 1674 Non
2582 1616 2779 1672 mortui
2803 1611 3101 1668 laudabunt
3125 1618 3198 1676 te,
3224 1608 3468 1664 Domine.

2133 1712 2600 1774 Oratianfunde,
2616 1707 2861 1770 Domine,
2891 1705 2944 1759 in
2969 1702 3267 1758 Eeclesiam
3291 1708 3438 1754 tuam
3466 1697 3654 1753 chari-

2065 1815 2231 1863 tatem
2246 1802 2605 1860 fraternitatis
2619 1808 2672 1856 et
2689 1799 2857 1868 pacis,
2882 1803 3079 1850 utrore
3105 1791 3364 1862 spiritalis
3386 1789 3654 1861 unguenti

2065 1897 2298 1969 aSpersi,
2323 1891 2714 1950 benedictionis
2742 1898 2847 1943 tuae
2881 1887 3052 1958 gratia
3073 1883 3452 1953 jucundcmur.
3487 1881 3612 1934 Per.

2135 1987 2276 2040 Alia.
2313 1983 2530 2039 Christe
2573 1979 2818 2043 Domine,
2849 1975 3001 2046 cujus
3041 1988 3256 2028 sacrum
3301 1985 3517 2035 nomen,
3547 1985 3657 2024 un-

2066 2082 2266 2148 guento
2309 2071 2506 2137 effuso,
2564 2067 2842 2138 sapientiae
2875 2064 3212 2134 comparavit
3254 2063 3506 2148 odorem;
3552 2060 3651 2125 da,

2068 2179 2397 2237 quaesumus,
2431 2169 2760 2234 unguentum
2792 2159 3010 2214 verticis
3042 2156 3117 2211 tui
3154 2156 3208 2209 in
3237 2137 3462 2208 barbam
3485 2152 3658 2208 deco-

2067 2257 2145 2312 ris
2190 2255 2370 2327 populi
2403 2254 2499 2318 tui,
2539 2261 2594 2306 te
2643 2249 3020 2322 profundente,
3081 2246 3432 2310 descendere,
3487 2258 3553 2299 ac
3602 2243 3660 2297 in

2070 2349 2189 2420 ipsa
2235 2345 2547 2402 vestimenti
2596 2359 2716 2407 ora,
2759 2357 2877 2412 qua:
2907 2338 3191 2410 praesentis
3238 2337 3360 2391 vitm
3393 2336 3659 2399 induitur,

2069 2439 2376 2511 pervenire.
2409 2436 2514 2491 Per
2538 2434 2841 2490 Dominum.

2691 2541 3032 2600 PSALMUS.

2146 2641 2339 2717 (.Psn.
2376 2635 2642 2708 cxxnn.)
2671 2637 2811 2692 Ecce
2837 2649 2981 2689 nunc
3003 2631 3302 2706 benedicite
3330 2628 3621 2684 Dominum
3647 2667 3667 2693 ,

2073 2751 2266 2792 omnes
2293 2734 2438 2789 servi
2462 2730 2696 2787 Domini.
2731 2729 2834 2796 Qui
2869 2727 3025 2784 statis
3051 2727 3103 2780 in
3139 2725 3298 2780 domo
3331 2722 3541 2777 Domini
3562 2762 3580 2786 ,
3608 2721 3670 2776 in

2077 2828 2232 2882 atriis
2259 2827 2452 2882 domus
2483 2823 2582 2878 Dei
2610 2822 2804 2878 nostri.
2845 2821 2903 2874 lu
2931 2817 3181 2874 noctibus
3203 2815 3439 2871 extollite
3466 2829 3672 2869 manus

2078 2926 2295 2976 vestras
2331 2916 2386 2971 in
2418 2921 2608 2970 sancta
2639 2928 2656 2966 :
2686 2919 2741 2967 et
2763 2910 3070 2965 benedicite
3095 2907 3402 2962 Dominum.
3431 2902 3674 2958 Benedic

2080 3018 2170 3066 cat
2200 3018 2254 3066 te
2282 3007 2542 3062 Dominus
2574 3021 2642 3060 ex
2667 3003 2798 3057 Sion
2824 3019 2839 3054 :
2879 3000 2971 3071 qui
2998 2999 3124 3054 fecit
3143 2997 3338 3054 omium
3360 3004 3416 3051 et
3441 3002 3670 3048 terram.

2153 3098 2222 3154 Ut
2284 3113 2465 3168 supra.
2531 3095 2758 3163 Propter
2818 3090 3015 3146 fratres
3067 3103 3219 3144 meos
3278 3095 3335 3142 et
3390 3083 3676 3154 proximos

394 3171 749 3226 mitationem.
767 3169 834 3224 Et
862 3167 1104 3238 requiem
1128 3166 1464 3236 temporibus
1486 3165 1623 3220 meis
1653 3179 1668 3218 :
1697 3165 1868 3220 donec
1896 3165 1980 3218 in-
2005 3213 2054 3279 Ο
2082 3205 2254 3247 αωοβ.

504 3265 515 3276 .
660 3263 672 3279 .
819 3278 828 3279 ,
1185 3258 1588 3279 μιημμλμμ
1634 3257 1740 3279 ,κη
1797 3256 1953 3279 .,,,ι

394 3265 608 3318 veniam
660 3263 840 3318 locum
887 3262 1134 3326 Domino,
1185 3258 1591 3314 tabernaculum
1634 3257 1746 3312 Deo
1791 3256 1976 3312 Iacob.

399 3355 536 3408 Ecce
567 3352 870 3406 audivimus
894 3365 1013 3405 eam
1045 3351 1098 3405 in
1125 3351 1364 3418 Ephrata
1394 3367 1408 3402 :
1442 3348 1747 3404 invenimus
1775 3363 1896 3402 eam
1926 3349 1982 3402 in

399 3443 606 3511 campis
654 3441 821 3496 silvae.
867 3440 1214 3495 lntroibimus
1263 3441 1317 3494 in
1370 3440 1772 3494 tabernaculum
1823 3441 1979 3510 ejus:

401 3531 753 3588 adorabimus
778 3528 991 3594 inloco,
1021 3529 1109 3584 ubi
1137 3537 1410 3584 steterunt
1435 3529 1602 3598 pedes
1619 3529 1756 3598 ejus.
1789 3528 1981 3599 Surge,

405 3622 652 3687 Domine,
684 3621 740 3674 in
771 3619 1013 3689 requiem
1044 3627 1192 3674 tuam
1223 3633 1237 3673 :
1275 3627 1329 3672 tu
1356 3627 1412 3672 et
1445 3633 1574 3672 arca
1603 3617 1989 3672 sanctiﬁcatio-

405 3720 490 3773 nis
550 3723 675 3770 tuae.
744 3713 1062 3769 Sacerdotes
1112 3713 1190 3776 tui
1245 3711 1542 3766 induantur
1587 3710 1856 3780 justitiam
1890 3729 1902 3762 :
1935 3717 1992 3765 et

407 3807 582 3863 sancti
607 3806 683 3860 tui
704 3803 989 3862 exsultent.
1007 3803 1234 3874 Propter
1253 3803 1422 3858 David
1444 3817 1661 3858 servum
1685 3811 1856 3866 tuum,
1879 3814 1991 3856 non

408 3907 623 3955 avertas
665 3897 856 3954 faciem
895 3896 1100 3952 Christi
1132 3896 1228 3950 tui.
1268 3895 1479 3951 Iuravit
1521 3893 1780 3950 Dominus
1823 3895 1992 3949 David

411 3991 715 4054 veritatem,
747 3996 804 4042 et
827 4001 934 4042 non
973 3984 1324 4051 frustrabitur
1355 3999 1476 4040 eam
1508 4001 1522 4040 :
1549 3983 1616 4040 de
1651 3982 1828 4039 fructu
1868 3999 1996 4040 ven-

409 4084 510 4139 tris
538 4082 614 4138 tui
645 4095 840 4152 ponam
885 4094 1049 4151 super
1095 4079 1283 4136 sedem
1321 4087 1487 4133 tuam.
1537 4077 1596 4133 Si
1639 4078 1999 4134 custodiet-int

413 4176 506 4230 ﬁlii
535 4175 612 4230 tui
645 4180 1027 4229 testamentum
1054 4186 1234 4227 meum
1261 4186 1276 4225 :
1302 4179 1358 4226 et
1378 4170 1693 4226 testimonia
1707 4185 1829 4226 mea
1859 4171 1993 4237 haec,

415 4282 534 4337 qua:
561 4265 766 4321 docebo
807 4279 920 4320 eos.
961 4263 1031 4318 Et
1055 4262 1150 4319 ﬁlii
1201 4277 1390 4318 eorum
1425 4277 1596 4332 usque
1634 4262 1690 4316 in
1718 4262 1995 4328 secutum,

417 4358 676 4414 sedebunt
701 4371 864 4425 super
897 4354 1082 4412 sedem
1120 4363 1287 4412 tuam.
1321 4355 1585 4422 Quoniam
1629 4356 1792 4426 elegit
1819 4355 2000 4411 Domi-

419 4467 518 4507 nus
547 4450 677 4506 Sion
713 4467 726 4502 :
757 4449 920 4520 elegit
946 4463 1067 4504 eam
1094 4449 1147 4502 in
1183 4448 1572 4504 habitationem
1600 4448 1726 4502 sibi.
1765 4447 1892 4503 [hec
1913 4463 2000 4502 re—

419 4543 570 4613 quies
605 4557 729 4598 mea
769 4541 826 4596 in
865 4539 1122 4595 seculnam
1155 4537 1336 4595 saeculi
1367 4557 1379 4592 :
1405 4539 1494 4593 hic
1534 4538 1808 4603 habitabo,
1858 4553 1996 4608 quo-

421 4636 566 4688 niam
595 4634 729 4704 elegi
755 4647 894 4688 eam.
929 4631 1042 4702 89
1066 4630 1293 4686 Viduam
1327 4627 1446 4697 eius
1481 4629 1806 4685 benedicens
1834 4630 2000 4684 bene-

421 4727 598 4780 dicam
629 4744 642 4779 :
671 4739 936 4796 pauperes
961 4722 1078 4792 ejus
1121 4722 1374 4780 saturabo
1400 4721 1648 4792 panibus.
1682 4719 2004 4777 Sacerdotes

425 4814 539 4884 ejus
552 4816 768 4871 induam
793 4814 1042 4870 salutari:
1059 4821 1114 4870 et
1135 4813 1309 4870 sancti
1343 4812 1420 4866 tui
1442 4811 1799 4866 exsultatione
1819 4811 2002 4865 exsul-

427 4905 635 4958 tabunt.
669 4902 795 4958 Illuc
834 4903 1131 4972 producam
1168 4916 1338 4956 cornu
1368 4901 1557 4966 David,
1600 4901 1793 4971 paravi
1831 4901 2007 4956 lucer-

427 5011 554 5052 nam
584 4994 799 5049 Christo
819 5007 958 5048 meo.
992 4992 1240 5048 Inimicos
1260 4990 1380 5061 ejus
1402 4992 1620 5047 induam
1644 4991 2000 5048 confusione:

430 5107 594 5162 super
622 5090 797 5160 ipsum
823 5096 1003 5142 autem
1025 5085 1287 5142 eﬁlorebit
1312 5084 1667 5141 sanctiﬁcatio
1693 5101 1832 5142 mea.

504 5179 574 5234 Ut
601 5195 781 5250 supra.
812 5175 1001 5232 Salvos
1023 5175 1108 5230 fac
1141 5189 1262 5239 nos,
1290 5173 1515 5230 Domine
1544 5174 1687 5231 Deus
1710 5183 1914 5231 noster.

506 5270 710 5326 Oratio.
738 5269 795 5324 ln
825 5268 971 5323 omni
995 5267 1237 5338 ingressu
1261 5273 1450 5321 nostro
1468 5281 1677 5321 memor
1697 5275 1817 5322 esto
1837 5265 2012 5330 nobis,

430 5363 777 5434 omnipotens
837 5368 1038 5416 aeterne
1090 5357 1269 5424 Deus;
1326 5356 1488 5414 indue
1543 5371 1644 5412 nos
1695 5355 2014 5412 sacerdotali

432 5454 665 5523 justitia,
694 5461 753 5508 ut
792 5453 972 5508 induci
1000 5465 1307 5506 mereamur
1345 5448 1401 5506 in
1440 5448 1784 5504 tabernacula
1819 5451 2019 5522 sempi-

437 5551 611 5600 terna.
647 5546 769 5600 Per.

511 5636 650 5690 Alia.
680 5638 946 5706 Exsurge,
976 5636 1222 5701 Domine,
1265 5643 1324 5690 et
1345 5635 1510 5692 corda
1539 5645 1728 5690 nostra
1760 5635 1854 5690 tibi
1879 5650 2017 5704 prte-

441 5734 702 5796 parentur
746 5727 801 5780 in
836 5727 1117 5794 requiem;
1153 5726 1331 5794 sitque
1371 5725 1428 5778 in
1461 5725 1688 5795 singulis
1734 5739 1878 5779 arcae
1911 5731 2017 5779 tuae

445 5817 820 5885 sanctiﬁcatio,
873 5817 1260 5886 meditatioque
1311 5818 1617 5871 sanctitatis
1642 5857 1656 5883 ,
1695 5825 1749 5870 et
1791 5831 2013 5884 operum

2157 3279 2360 3335 Oratio.
2392 3275 2781 3332 Benedieentes
2811 3282 2868 3328 te
2891 3286 3080 3328 omnes
3102 3270 3245 3326 servi
3280 3270 3380 3334 tui,
3409 3268 3674 3334 Domine,

2085 3375 2473 3442 deprecamur,
2529 3376 2590 3422 ut
2638 3383 2738 3424 nos
2767 3367 2952 3422 mundi
2991 3365 3148 3434 hujus
3197 3371 3357 3419 nocte
3390 3370 3684 3418 contectos

2085 3464 2391 3519 illuminare
2426 3461 2682 3531 digneris,
2733 3467 2999 3529 quatenus
3042 3458 3170 3512 dum
3215 3472 3406 3512 manus
3453 3463 3684 3510 nostras

2088 3554 2143 3609 in
2168 3553 2323 3608 bonis
2353 3551 2605 3622 operibus
2636 3549 2931 3615 elevamus,
2967 3547 3398 3604 benedictionem
3423 3561 3456 3598 a
3486 3552 3544 3600 te
3566 3544 3685 3599 lar-

2089 3646 2366 3719 gissimam
2395 3659 2812 3714 consequamur.
2844 3642 2964 3697 Per.

2163 3736 2284 3792 Alia
2313 3734 2519 3790 Oratio.
2542 3734 2768 3799 Praesta,
2807 3733 3052 3796 Domine,
3085 3739 3146 3786 ut
3179 3730 3390 3786 cunctis
3417 3728 3683 3800 gradibus

2091 3827 2438 3898 perfectionis
2465 3825 2708 3882 ascensis
2745 3825 2799 3878 in
2823 3824 3081 3878 virtutum
3103 3821 3366 3884 culmine,
3401 3827 3456 3874 te
3493 3819 3692 3874 laude-

2093 3933 2246 3984 mus;
2290 3927 2342 3972 ct
2390 3924 2598 3971 stantes
2641 3916 2694 3969 in
2741 3915 2901 3969 domo
2947 3921 3043 3968 tua
3087 3920 3248 3981 atque
3275 3912 3328 3966 in
3351 3909 3502 3966 atriis
3551 3909 3690 3973 tuis,

2095 4023 2290 4063 manus
2317 4015 2534 4062 nostras
2564 4005 2634 4060 ad
2659 4013 2713 4059 te
2742 4003 3167 4059 benedicendum
3195 4001 3385 4057 diebus
3411 4015 3476 4056 ac
3509 4001 3696 4055 nocti-

2095 4101 2196 4156 bus
2221 4099 2593 4162 extendamus,
2632 4096 3008 4152 benedictione
3030 4111 3061 4150 a
3086 4104 3139 4151 te
3164 4103 3437 4166 percepta,
3468 4091 3598 4149 coeli
3624 4107 3698 4148 ac

2099 4199 2258 4246 terra:
2279 4189 2507 4246 Domino
2536 4197 2590 4243 et
2617 4187 2916 4243 Saivatore.

2681 4318 3113 4375 DEPRECATIO

2104 4430 2278 4498 Quam
2312 4449 2453 4501 papa
2497 4429 2739 4485 Calatia:
2768 4449 2863 4502 pro
2901 4429 3184 4502 universali
3220 4429 3458 4484 Ecclesia
3487 4431 3700 4486 consti-

2610 4503 2708 4554 tuit
2735 4501 3025 4555 canendum
3051 4517 3180 4556 esse.

2029 4583 2080 4645 θ
2177 4616 2429 4671 Dicamus
2451 4631 2658 4682 omnes,
2688 4615 2934 4679 Domine,
2957 4616 3148 4671 exaudi
3177 4626 3231 4671 et
3252 4617 3535 4672 miserere.

2179 4710 2394 4766 Patrem
2429 4710 2711 4781 unigeniti,
2743 4720 2797 4766 et
2822 4710 2917 4766 Dei
2945 4709 3135 4764 Filium
3161 4709 3416 4782 genitoris
3442 4709 3704 4782 ingeniti,

2108 4813 2164 4860 et
2201 4810 2449 4857 sanctum
2494 4803 2662 4858 Deum
2709 4801 2968 4873 Spiritum
3009 4799 3252 4856 ﬁdelibus
3295 4799 3491 4855 animis
3541 4800 3705 4857 invo-

2110 4908 2312 4949 camus.

2181 4985 2288 5040 Pro
2332 4983 2674 5039 immaculata
2718 4982 2810 5037 Dei
2855 4983 2962 5037 vivi
2999 4981 3275 5047 Ecclesia,
3327 4979 3707 5037 sacerdotibus

2112 5090 2174 5130 ac
2217 5074 2500 5138 ministris,
2545 5073 2780 5127 divinam
2830 5073 3089 5128 bonitatis
3127 5071 3459 5142 opulentiam
3507 5071 3714 5142 depre-

2114 5184 2321 5224 camur.
3357 5173 3361 5178 ’

2185 5260 2294 5316 Pro
2334 5259 2540 5315 sanctis
2582 5258 2676 5313 Dci
2713 5259 2891 5329 magni
2923 5257 3290 5314 sacerdotibus
3325 5265 3382 5311 et
3411 5255 3710 5323 ministris,

2118 5350 2436 5419 cunctisque
2481 5350 2650 5403 Deum
2690 5363 2880 5401 verum
2921 5346 3221 5402 colentibus
3249 5345 3492 5418 populis,
3535 5345 3711 5400 Chri—

2123 5452 2267 5499 stum
2303 5443 2592 5498 Dominum
2628 5439 3019 5508 supplicamus.

2191 5535 2298 5593 Pro
2325 5535 2592 5591 universis
2624 5541 2770 5588 recte
2800 5532 3156 5588 tractantibus
3182 5532 3404 5587 verbum
3430 5529 3714 5597 veritatis,

2122 5627 2508 5683 multiformem
2542 5624 2703 5680 Verbi
2737 5624 2832 5679 Dei
2867 5625 3186 5694 sapientiam
3228 5623 3575 5694 peculiariter
3612 5621 3720 5678 ob-

2123 5737 2423 5778 secramus.

2192 5815 2297 5869 Pro
2337 5816 2440 5883 his,
2486 5814 2574 5883 qui
2623 5828 2683 5869 se
2727 5824 2906 5868 mente
2937 5819 2992 5870 et
3020 5826 3245 5881 corpore
3277 5819 3498 5882 propter
3545 5807 3717 5864 coelo-
