3894 6182
228 270 307 328 εει

1162 268 1562 326 munem.
1606 300 1670 321 -μ-
1710 232 1980 328 eandm
2021 271 2156 328 res
2186 269 2460 327 renus.

3365 269 3471 323 561

227 396 328 441 rum
356 391 524 449 regna
553 377 880 443 castificant,
914 386 972 434 et
1009 379 1367 450 spiritualium
1403 381 1592 439 labore
1628 382 1790 438 desu-
1820 386 1865 441 Α
1893 385 2249 451 orationibus,
2299 400 2401 439 nec
2449 400 2556 439 non
2608 399 2705 453 pro
2763 384 3015 439 omnibus
3054 391 3143 438 tua
3187 390 3481 451 pmstante

226 472 355 536 dant,
382 468 703 541 largitorem
733 470 1058 540 spiritalium
1096 487 1382 529 munerum
1416 472 1790 531 obsecramus.

279 561 376 617 Pro
426 559 699 632 religiosis
743 562 1098 633 principibus,
1158 565 1415 634 omnique
1464 565 1658 620 militia
1704 580 1798 623 ee-

222 666 345 718 τω,
370 651 468 722 qui
488 649 757 721 judicium
798 660 857 707 et
869 653 1139 724 iustitiam
1167 655 1428 727 diligunt,
1460 656 1673 713 Domini
1700 672 1798 728 po-

220 744 433 803 tentiam
451 744 829 800 obsecramus.
1056 794 1063 797 ι

277 835 380 892 Pro
408 835 755 906 iucunditate
784 845 841 891 et
867 839 1162 897 serenitate
1188 839 1402 917 pluviae,
1452 849 1618 910 atque
1636 855 1798 899 aura-

216 941 322 982 nnn
345 927 594 983 vitalium
639 926 1049 996 blandimentis,
1072 945 1144 987 ac
1164 945 1435 1002 prospero
1459 932 1797 990 diversorum

214 1031 429 1092 merum
472 1034 665 1087 cursu,
712 1028 983 1077 rectorem
1032 1023 1221 1083 mundi
1268 1022 1559 1081 Dominum
1604 1024 1797 1095 depre-

213 1122 414 1169 amur.

272 1200 374 1257 Pro
421 1201 530 1266 his,
564 1215 704 1270 quos
734 1202 910 1270 prima
950 1201 1249 1259 Christiani
1286 1204 1523 1260 nominis
1564 1202 1801 1260 initiavit

211 1290 431 1365 agnitio,
478 1306 619 1363 quos
655 1288 775 1359 jam
813 1291 1147 1348 desiderium
1191 1292 1303 1363 90
1336 1293 1526 1365 gratiae
1557 1292 1798 1349 celestis

211 1384 494 1451 accendit,
557 1383 950 1455 omnipotentis
999 1382 1096 1439 Dei
1149 1384 1585 1443 misericordiam
1641 1383 1799 1440 obse-

210 1496 445 1537 eramus.

271 1573 377 1628 Pro
428 1572 538 1638 his,
571 1588 710 1644 quos
749 1574 1003 1629 humanae
1048 1570 1378 1627 inﬁrmitatis
1422 1570 1708 1643 fragilitas,
1740 1577 1800 1627 et

207 1679 335 1734 quos
390 1664 649 1735 nequitia
683 1663 943 1734 spiritalis
987 1663 1208 1728 invidia,
1255 1662 1351 1719 vel,
1382 1663 1568 1719 varius
1610 1661 1797 1718 smculi

1896 476 2202 542 clementia,
2249 484 2469 545 propter
2494 489 2690 530 nomen
2720 482 2875 531 tuum
2895 474 3031 530 bene
3052 473 3209 529 nobis
3232 472 3480 528 facienti-

1895 568 2018 623 bus.
2048 567 2117 622 Et
2149 582 2248 647 pro
2280 568 2367 622 his
2397 567 2490 638 qui
2524 566 2753 638 spiritali
2791 566 3013 622 stimulo
3042 565 3349 636 eompuucti
3382 580 3483 622 sua

1897 659 2054 715 nobis
2085 659 2320 715 confessi
2351 666 2479 714 sunt
2501 667 2743 729 peccata.

1967 750 2078 806 Hos
2107 766 2254 823 ergo,
2292 749 2633 819 omnipotens
2664 750 2826 814 Deus,
2870 762 3081 814 omnes,
3119 762 3352 818 quorum
3393 747 3485 802 hic

1897 841 2118 896 nomina
2146 841 2347 908 scripta
2372 840 2661 907 habentur,
2698 839 2770 895 ab
2798 839 3048 895 omnibus
3072 840 3129 894 in
3149 840 3257 895 hoc
3287 837 3486 894 saeculo

1898 930 2107 986 insidiis
2139 930 2334 986 diaboli
2371 932 2426 986 in
2456 916 2557 1014 tuo.
2580 940 2770 989 sancto
2792 947 3121 988 conservare
3152 931 3392 1005 digneris
3421 931 3486 987 il-

1897 1020 2052 1078 lresos
2090 1023 2334 1088 servitio,
2368 1030 2427 1076 ut
2456 1023 2510 1078 in
2540 1021 2727 1081 future
2752 1032 2934 1080 tecum
2960 1023 3185 1094 praemia
3226 1015 3510 1092 conseqni'

1896 1119 2212 1167 mereantur
2231 1120 2452 1167 aeterna.
2738 1134 2743 1141 '

1969 1202 2160 1260 Salvos
2198 1201 2285 1259 fac
2322 1218 2509 1260 servos
2551 1211 2693 1261 tuos.
2723 1204 2878 1260 Mitte
2900 1204 3002 1266 eis,
3040 1204 3289 1269 Domine,
3326 1204 3485 1257 auxi-

1895 1293 2028 1348 lium
2075 1295 2140 1350 de
2168 1303 2375 1351 sancto.
2418 1295 2563 1350 Nihil
2589 1295 2842 1365 proﬁciat
2876 1294 3138 1350 inimicus
3167 1295 3225 1349 in
3251 1294 3349 1349 eis.
3382 1292 3487 1347 Per

1897 1387 2110 1454 merita,
2162 1388 2409 1455 Domine,
2464 1397 2522 1443 et
2564 1390 2841 1444 orationes
2886 1396 3199 1442 sanctorum
3245 1385 3486 1439 omnium

1894 1477 2087 1545 libera,
2133 1481 2366 1546 custodi,
2414 1479 2697 1546 confirma,
2736 1478 2983 1549 paciﬁca,
3026 1476 3274 1549 puriﬁca,
3309 1482 3367 1530 et
3401 1475 3488 1530 di-

1896 1572 2051 1627 mitte
2075 1572 2155 1628 eis
2194 1573 2390 1629 delicta
2433 1588 2645 1639 eorum,
2675 1578 2733 1628 et
2772 1582 3036 1627 conserva
3063 1585 3160 1626 eos
3184 1569 3243 1623 in
3273 1568 3491 1622 nomine

1897 1673 2012 1730 tuo,
2051 1665 2194 1721 sicut
2233 1666 2318 1721 vis
2355 1674 2410 1720 et
2438 1665 2579 1721 sicut
2609 1664 2749 1730 scis,
2790 1663 3033 1719 Domine.
3073 1659 3410 1725 Benedictio,
3438 1666 3491 1715 et

207 1758 402 1812 horror
442 1755 687 1822 involvit,
737 1755 1115 1825 Redemptoris
1149 1754 1324 1811 nostri
1369 1753 1799 1813 misericordiam
1829 1743 1877 1803 Β
1901 1759 2145 1824 claritas,
2188 1766 2247 1815 et
2269 1758 2560 1829 sapientia,
2594 1765 2650 1812 et
2681 1757 2980 1828 gratiarum
3020 1753 3186 1819 actio,
3215 1761 3273 1808 et
3295 1752 3489 1815 honor,

206 1849 583 1919 imploramus.

271 1939 385 1997 Pro
414 1941 521 2007 his,
552 1956 691 2014 «pios
716 1938 1172 2012 peregrinationis
1204 1937 1534 2002 necessitas,
1575 1944 1671 1991 aut
1699 1936 1801 1991 ini-

208 2047 322 2102 qua!
355 2032 652 2104 potestatis
692 2031 966 2102 impietas,
992 2028 1081 2085 vel
1101 2028 1312 2091 hostilis
1336 2034 1501 2085 vexat
1532 2039 1799 2090 aerumna,

207 2122 547 2182 Salvatorem
574 2125 865 2181 Dominum
886 2120 1271 2193 supplicamus.

268 2214 381 2275 Pro
396 2216 624 2284 judaica
666 2213 937 2282 falsitate,
970 2220 1067 2269 aut
1108 2211 1365 2267 hmretica
1410 2208 1679 2280 pravitate
1711 2206 1805 2265 de-

207 2314 395 2384 ceptis,
420 2310 507 2367 vel
538 2308 817 2380 gentilium
844 2303 1231 2377 superstitione
1251 2299 1506 2372 perfusis,
1555 2297 1806 2354 veritatis

211 2405 504 2460 Dominum
533 2399 911 2469 deprecamur.

271 2497 383 2553 Pro
422 2493 694 2567 operariis
730 2490 970 2562 pietatis,
1022 2497 1079 2545 et
1122 2487 1212 2544 his
1257 2487 1348 2557 qui
1388 2481 1806 2541 necessitatibus

207 2591 552 2646 laborantum
577 2584 820 2639 fraterna
841 2580 1110 2639 charitate
1132 2577 1473 2641 subveniunt,
1502 2572 1810 2633 misericor-

205 2681 425 2736 diarurn
456 2675 749 2732 Dominum
775 2673 1152 2742 deprecamur.
1230 2740 1237 2745 .

268 2773 381 2829 Pro
404 2769 664 2827 omnibus
688 2763 1021 2823 intrantibus
1040 2761 1097 2817 in
1122 2762 1240 2816 haec
1264 2763 1465 2815 saneta:
1495 2758 1688 2812 domus
1708 2753 1812 2809 Dei

204 2863 343 2919 atria
382 2858 649 2930 religioso
694 2853 878 2920 corde,
926 2859 983 2909 et
1026 2849 1255 2923 supplici
1299 2848 1583 2904 devotione
1611 2859 1809 2903 conve—

204 2955 431 3012 nienter
456 2949 753 3007 Dominum
773 2945 960 3018 gloria:
984 2944 1358 3015 deprecamur.

267 3046 385 3102 Pro
407 3039 794 3101 emundatione
832 3037 1141 3095 animarum
1166 3043 1563 3104 corporumque
1592 3033 1807 3085 nostro-

206 3154 324 3194 rum
348 3135 629 3200 omnium,
656 3146 723 3187 ac
746 3128 903 3195 venia
932 3132 1302 3200 peccatorum,
1329 3119 1810 3192 clementissimum
1832 3091 1882 3156 θ

208 3231 505 3288 Dominum
539 3223 925 3296 supplicamus.

271 3322 389 3378 Pro
422 3315 708 3388 refrigerio
738 3311 979 3369 ﬁdelium
1021 3309 1347 3371 animarum,
1376 3302 1646 3375 praecipue
1682 3314 1812 3356 san-

207 3424 431 3474 dornm
470 3407 689 3467 Domini
715 3404 1082 3468 sacerdotum,
1108 3399 1201 3472 qui
1227 3398 1354 3455 huic
1383 3393 1640 3451 Ecclesia:
1669 3405 1812 3463 prte—

209 3505 441 3562 t‘uerunt
461 3498 763 3564 catholicae,
794 3494 1082 3552 Dominum
1119 3490 1426 3561 spirituum,
1463 3493 1520 3541 et
1542 3484 1817 3540 universae

212 3595 401 3651 carnis
427 3590 667 3662 iudicem
697 3587 1071 3656 deprecamur.

283 3660 678 3740 Mortiﬁcatam
711 3675 860 3731 vitiis
887 3685 1141 3737 carnem,
1167 3675 1222 3724 et
1254 3667 1528 3761 viventem
1563 3662 1667 3717 fide
1700 3660 1820 3717 ani—

215 3791 362 3830 mam
397 3777 627 3844 praesta,
648 3765 896 3830 Domine,
926 3768 1144 3835 priests.

285 3864 523 3921 Castam
564 3859 840 3922 timorem,
886 3862 944 3911 et
987 3866 1173 3908 veram
1213 3846 1557 3906 dilectionem
1596 3847 1819 3913 praesta,

216 3962 483 4027 Domine,
511 3961 730 4028 praesta.

286 4026 532 4109 Gratum
559 4046 685 4103 vitm
705 4040 974 4108 ordinem,
996 4044 1054 4094 et
1078 4032 1416 4107 probabilem
1446 4026 1654 4084 exitum
1682 4038 1823 4096 prte-

214 4152 325 4210 sta,
353 4139 614 4202 Domine,
641 4138 863 4207 praesta.

288 4203 571 4303 Angelum
598 4203 752 4296 pacis
772 4261 788 4288 ,
820 4227 877 4276 et
899 4217 1093 4275 solatia
1124 4220 1436 4272 sanctorum
1471 4215 1692 4280 praesta,
1721 4203 1830 4260 Do—

214 4325 407 4389 mine,
443 4325 655 4391 priesta.

1900 1858 1956 1905 et
1978 1849 2176 1914 virtus,
2223 1857 2279 1904 et
2308 1847 2567 1904 fortitudo
2594 1848 2707 1903 Deo
2732 1855 2927 1903 nostro
2950 1845 3007 1901 in
3032 1844 3229 1902 saecula
3265 1842 3491 1900 saeculo-

1901 1956 2043 1995 rum.
2073 1941 2266 1997 Amen.
3294 1950 3297 1955 ‘

2448 2088 2749 2164 FEBIA
2800 2087 2941 2166 VI.

1909 2267 1969 2309 ΠΝ
2034 2264 2389 2309 Μιωοιιιλι
2444 2264 2981 2316 ιΝαΔιιΝΑΤιοΝιε,
3045 2258 3362 2304 PASSIONIS
3416 2255 3495 2300 ET

1948 2344 2530 2399 BESURBECTIONIS,
2572 2343 2710 2388 ειη
2752 2340 3151 2386 ASCENSIONIS
3196 2334 3451 2382 DOMINI.

2308 2463 2598 2518 HYMNUS
2634 2461 3032 2518 FORTUNATI
3064 2474 3088 2501 ⁸

2188 2593 2254 2631 DE
2288 2592 2623 2632 ΝΔτΝΙΤΔΤΕ
2662 2589 2732 2630 ετ
2771 2589 2939 2630 (ιιωεε
2978 2588 3212 2628 ϐηιιςτι.

2053 2688 2081 2729 δ
2105 2687 2309 2759 Pange,
2339 2687 2544 2758 lingua,
2573 2685 2807 2757 gloriosi

1979 2778 2233 2833 Praelium
2255 2777 2589 2842 certaminis,

1980 2871 2048 2927 Et
2072 2887 2235 2943 super
2269 2871 2449 2927 crucis
2486 2872 2744 2940 trophaeo

1981 2961 2061 3017 Da
2089 2961 2431 3032 triumphum.
2452 2959 2725 3025 nobilem;
2764 2952 2771 2959 ’

1984 3052 2229 3121 Qualiter
2250 3052 2580 3121 Redemptor
2605 3050 2762 3111 orbis

1984 3142 2300 3199 lmmolatus
2329 3142 2545 3198 vicerit.

2054 3234 2133 3290 De
2160 3234 2404 3304 parentis
2434 3231 2762 3303 protoplasti

1984 3325 2198 3382 Fraude
2225 3322 2403 3381 factor
2420 3322 2735 3387 condolens,

1984 3419 2211 3487 Quando
2234 3419 2383 3491 pomi
2409 3414 2640 3473 noxialis

1989 3513 2160 3570 Morte
2185 3528 2372 3579 morsu
2396 3510 2606 3568 corruit
2636 3528 2649 3562 :

1986 3605 2107 3677 ipse
2127 3605 2275 3674 ligno
2300 3612 2429 3659 tunc
2455 3600 2687 3665 notavit,

1991 3700 2197 3754 Damna
2225 3696 2357 3767 ligni
2378 3702 2439 3751 ut
2467 3694 2721 3751 solveret.

2063 3788 2179 3845 lloc
2200 3800 2338 3857 opus
2361 3791 2565 3839 nostrae
2592 3779 2786 3838 salutis

1992 3880 2138 3938 Ordo
2167 3878 2578 3949 depoposcerat,

1995 3968 2337 4027 Multiformis
2358 3962 2649 4037 perditoris

1996 4066 2129 4120 Arte
2165 4070 2227 4119 ut
2251 4069 2424 4117 artem
2454 4057 2697 4121 falleret;

1996 4154 2067 4209 Et
2090 4150 2355 4208 medelam
2384 4149 2554 4204 ferret
2575 4145 2699 4203 inde

1998 4242 2183 4300 Hostis
2204 4240 2347 4297 unde
2371 4239 2603 4295 laeserat.

2074 4335 2179 4408 91
2215 4332 2442 4402 Quando
2464 4330 2614 4386 venit
2638 4344 2767 4403 ergo
2794 4324 2938 4385 sacri

282 4412 723 4505 Nosmetip‘sos,
755 4414 812 4463 et
849 4402 1034 4505 omnia
1080 4405 1303 4462 nostra,
1347 4409 1468 4467 qua:
1514 4400 1666 4496 orta,
1709 4404 1833 4492 quae
1863 4441 1915 4505 Β
2007 4400 2292 4484 Ple'ni‘mdo
2315 4422 2596 4495 temporis,

214 4518 379 4573 acta,
421 4519 523 4576 per
547 4479 858 4556 Dominum
902 4494 1022 4565 ipso
1064 4498 1285 4546 auctore
1318 4484 1678 4556 suscepimus,
1716 4479 1841 4550 ipso

216 4572 464 4658 custode
504 4593 828 4659 retinemus,
869 4586 1149 4658 ipsiusque
1184 4576 1572 4639 misericordia:
1599 4586 1656 4632 et
1693 4572 1837 4629 arbi-

213 4690 333 4749 tiio
360 4668 731 4763 providentiae
758 4677 1223 4739 commendamus.
1256 4670 1515 4735 Domine,
1547 4666 1833 4724 miserere.

623 4811 880 4863 QDO'I'IDIB
918 4808 1022 4851 PM
1060 4801 1458 4848 IAIILIAMBUS.

287 4918 570 4978 Dicamus
593 4925 806 4978 omnes,
828 4910 1080 4976 Domine,
1114 4903 1310 4962 exaudi
1339 4910 1396 4957 et
1428 4900 1707 4964 miserere,
1732 4896 1841 4953 Do-

209 5011 405 5074 mine,
438 5006 722 5062 miserere.
757 4994 920 5056 llanc‘
940 5006 1184 5056 nostram
1223 4992 1445 5051 auribus
1470 5000 1575 5046 tuae
1602 4988 1838 5060 pietatis,

208 5094 670 5156 clementissime
706 5090 890 5157 Pater,
940 5088 1247 5145 orationem
1276 5081 1535 5141 exaudire
1575 5078 1811 5151 digneris
1828 5117 1842 5144 ,

210 5204 410 5264 quam
432 5188 556 5254 tibi,
581 5184 837 5241 fraternae
854 5179 1141 5239 eharitatis
1162 5176 1356 5233 an‘ectu
1382 5171 1720 5234 stimulante,
1746 5182 1847 5239 pro

210 5261 509 5340 fratribus
530 5286 588 5335 et
606 5276 888 5335 sororibus
914 5274 1119 5331 nostris
1142 5268 1368 5341 supplici
1390 5280 1523 5323 voce
1546 5261 1843 5325 fundimus,

213 5374 322 5448 qui
358 5378 432 5429 et
456 5385 580 5444 quae
611 5383 715 5442 pro
734 5366 891 5424 nobis
915 5364 1159 5438 quotidie
1183 5358 1455 5418 indefessa
1481 5356 1731 5413 oratione
1763 5353 1845 5407 in-

212 5446 534 5522 tercedere
598 5459 881 5518 studentes
948 5456 1152 5513 nostris
1209 5468 1269 5510 se
1332 5446 1849 5508 commendaverunt

292 5626 331 5658 ι
368 5609 572 5669 Potius
632 5606 881 5664 Mamerti
924 5603 1227 5663 Claudiani.
1279 5601 1416 5660 Vide
1471 5595 1744 5658 Sirmond.
1797 5592 1855 5649 in

214 5694 355 5745 not.
388 5681 467 5738 ad
492 5682 653 5754 epist.
681 5680 716 5737 ὅ
748 5677 978 5747 Sidonii,
1005 5690 1127 5749 pag.
1165 5673 1288 5733 953.

2009 4519 2206 4576 Missus
2228 4525 2311 4573 est
2340 4515 2409 4571 ab
2439 4529 2565 4571 arce
2588 4512 2766 4569 Patris

2012 4611 2184 4666 Natus
2214 4608 2364 4664 orbis
2392 4605 2672 4667 Conditor,

2010 4701 2188 4772 Atque
2211 4704 2400 4752 ventre
2428 4688 2680 4763 virginali

2011 4790 2152 4848 Caro
2172 4788 2350 4844 factus
2373 4782 2597 4856 prodiit.

2083 4881 2246 4952 Vagit
2272 4877 2448 4933 infans
2479 4875 2622 4929 inter
2651 4878 2799 4926 arcta

2016 4972 2277 5030 Conditus
2295 4966 2580 5040 praesepia,

2018 5062 2257 5119 Membra
2288 5058 2484 5131 pannis
2512 5055 2752 5113 involuta

2020 5156 2185 5226 Virgo
2214 5159 2392 5207 mater
2420 5148 2624 5220 alligat,

2024 5250 2092 5305 Et
2109 5248 2295 5319 pedes,
2326 5256 2648 5312 manusque,
2678 5251 2838 5295 crura

2026 5342 2229 5397 Stricta
2257 5337 2443 5409 pangit
2471 5333 2605 5409 [Αι.,
2632 5329 2826 5405 cingit]
2854 5327 3045 5387 fascia.

2100 5435 2295 5491 Lustra
2320 5445 2415 5487 sex
2439 5428 2529 5500 qui
2553 5427 2666 5497 jam
2695 5432 2916 5497 peracta

2031 5598 2061 5641 ι’
2089 5594 2199 5654 Pro
2231 5608 2333 5651 usu
2356 5604 2518 5659 nono,
2550 5600 2732 5659 supra,
2759 5581 2861 5642 col.
2895 5579 3015 5640 667·
