3894 6182
491 451 730 520 Tempus
757 447 985 520 impleas
1013 447 1274 520 corporis,

494 543 568 598 Se
589 541 825 606 volente,
853 549 1014 597 natus
1037 539 1107 596 ad
1133 539 1236 595 hoc

493 629 740 686 Passieni
765 630 995 695 deditus,

493 723 681 794 Agnus
703 721 760 778 in
788 721 966 794 crucis
992 722 1202 778 levatur

494 813 857 870 inmolandus
885 813 1084 882 stipite.

568 903 670 960 ilic
696 910 934 968 acetum,
965 901 1060 969 fel,
1090 901 1318 968 arundo,

497 995 686 1065 Sputa,
725 993 885 1058 clavi,
916 993 1127 1059 lancea,

499 1087 628 1141 lite
652 1098 849 1154 corpus
871 1082 1182 1154 perforatur

499 1176 732 1246 Sanguis
762 1176 905 1230 unda
926 1173 1177 1247 proﬂuit:

499 1264 686 1328 Terra,
712 1271 931 1334 pontus,
962 1274 1130 1331 astra,
1159 1265 1410 1333 mundus,

494 1357 614 1426 Quo
633 1356 885 1412 lavantur
912 1356 1148 1414 ﬂumine.

567 1448 716 1507 Crux
741 1449 915 1506 ﬁdelis
939 1451 1082 1506 inter
1104 1465 1296 1508 omnes

501 1543 680 1598 Arbor
706 1557 811 1597 una
846 1542 1061 1608 nobilis,

500 1632 657 1689 Nulla
688 1633 848 1689 talem
875 1634 1010 1689 silva
1031 1634 1241 1706 profert

505 1724 740 1789 Fronde,
769 1722 921 1789 ﬂore,
948 1725 1220 1796 germine;

1267 329 1327 386 Β.
1367 330 1426 386 r.
1464 329 1689 385 ALBINI
1731 328 1860 384 seu
1904 293 2179 385 ΑίευιΝι
2215 329 2497 386 OPERUM
2536 329 2714 386 mas
2752 329 2840 385 tv.

2029 447 2074 505 A
2103 453 2318 515 ceptum
2345 445 2481 516 ejus.
2539 445 2797 500 Dominus
2836 443 2972 498 dixit
2993 444 3059 498 ad
3087 460 3203 499 me:
3237 443 3404 499 Filius
3432 458 3583 499 meus
3615 459 3684 500 es

3569 327 3680 384 ὅθι

2103 547 2180 604 tu,
2206 553 2308 610 ego
2336 538 2500 594 hodie
2527 537 2685 606 genui
2717 544 2788 590 te.
2843 535 3060 592 Postula
3100 551 3130 590 a
3160 550 3276 601 me,
3319 543 3376 590 et
3411 533 3552 591 dabo
3577 535 3685 592 tibi

2099 637 2287 699 gentes
2331 628 2701 683 haereditatem
2749 635 2893 682 tuam
2921 665 2936 693 ,
2990 633 3045 681 et
3087 625 3482 696 possessionem
3525 633 3686 681 tuam

2101 721 2363 776 terminos
2409 728 2588 774 terras.
2648 717 2825 789 Reges
2849 733 2943 774 eos
2965 717 3019 772 in
3055 719 3204 788 virga
3233 716 3439 781 ferrea,
3469 723 3527 771 et
3551 724 3688 773 tan-

2100 825 2262 880 quam
2277 825 2375 865 vas
2399 808 2548 881 ﬁguli
2576 807 2885 881 confringes
2899 823 3012 864 eos.
3034 808 3100 863 Et
3120 823 3281 875 nunc,
3309 823 3484 879 reges,
3513 805 3684 863 intel-

2101 902 2279 974 ligite:
2311 900 2601 956 erudimini
2641 900 2734 971 qui
2769 898 3025 968 judicatis
3056 907 3278 955 terram.
3323 897 3541 953 Servite
3569 897 3686 953 Do-

2101 994 2250 1048 mino
2271 992 2324 1046 in
2345 991 2560 1056 timore,
2585 997 2643 1045 et
2661 989 2931 1047 exsultate
2953 989 3004 1044 ei
3025 1003 3148 1044 cum
3191 995 3448 1042 tremore.
3472 985 3690 1057 Appro-

2103 1086 2323 1142 heudite
2359 1084 2732 1155 disciplinam,
2774 1082 3057 1152 nequando
3102 1081 3368 1136 irascatur
3396 1079 3683 1144 Dominus,

2101 1186 2156 1232 et
2181 1175 2416 1247 pereatis
2440 1175 2506 1230 de
2527 1175 2612 1229 via
2632 1171 2798 1242 justa.
2858 1171 2995 1229 Cum
3034 1171 3301 1228 exarserit
3326 1169 3383 1225 in
3415 1169 3567 1225 brevi
3597 1169 3686 1223 ira

2100 1266 2238 1336 ejus,
2268 1266 2412 1321 beati
2431 1278 2638 1330 omnes,
2664 1265 2755 1335 qui
2782 1264 3065 1320 conﬁdunt
3100 1264 3154 1318 in
3183 1277 3270 1318 eo.

2169 1357 2279 1426 92
2307 1354 2375 1410 Ut
2415 1372 2596 1426 supra.
2635 1355 2894 1411 Exortum
2928 1363 3014 1410 est
3047 1355 3100 1409 in
3134 1355 3390 1410 tenebris.
3423 1353 3685 1422 Suscepi-

2105 1465 2226 1505 mus
2243 1450 2387 1506 Deus
2408 1448 2835 1504 misericordiam
2859 1455 3024 1502 tuam.

2177 1540 2384 1596 Oratio.
2419 1537 2585 1595 Eﬁice
2609 1554 2728 1609 nos,
2755 1538 3004 1616 Domine,
3039 1545 3292 1606 tanquam
3319 1535 3694 1591 fructuosissi-

2105 1649 2253 1690 mum
2280 1633 2486 1705 lignum
2514 1641 2639 1688 ante
2678 1639 3024 1702 conspectum
3063 1638 3247 1695 tuum,
3277 1637 3339 1683 ut
3365 1629 3469 1684 tuis
3497 1629 3698 1683 imbri-

2107 1724 2210 1780 bus
2237 1723 2492 1794 mitigati,
2515 1737 2826 1778 mereamur
2847 1721 2941 1776 tibi
2962 1721 3210 1777 suavium
3232 1719 3507 1777 fructuum
3524 1720 3694 1777 uber-

499 1815 664 1872 Dulce
681 1815 907 1886 lignum,
934 1815 1148 1873 dulcem
1177 1817 1388 1874 clavum
1419 1816 1554 1892 [Αι.,
1587 1817 1774 1876 dulces
1803 1817 2005 1891 clavos]
2041 1822 2082 1882 Β
2112 1827 2222 1874 tate
2249 1817 2484 1888 placere.
2513 1815 2637 1870 Per.

502 1905 666 1960 Dulce
688 1903 901 1973 pondus
925 1905 1223 1962 sustinens.

571 1997 755 2053 Flecte
786 2013 964 2054 ramos
989 1999 1152 2056 arbor
1179 1999 1306 2063 alta,
1410 1996 1427 2007 ’

499 2088 674 2145 Tensa
698 2088 820 2144 laxa
842 2089 1049 2146 viscera
1065 2131 1079 2156 ,

500 2181 568 2236 Et
592 2181 739 2251 rigor
766 2180 1029 2238 lentescat
1055 2181 1146 2236 ille
1161 2223 1178 2246 ,

497 2271 671 2340 Quem
699 2270 845 2328 dedit
871 2273 1126 2329 nativitas
1146 2312 1162 2340 ,

501 2364 572 2421 Ut
598 2366 817 2436 superni
847 2367 1091 2423 membra
1115 2366 1279 2438 Regis

497 2457 754 2515 Mittenda
779 2457 890 2531 [L.,
909 2461 1048 2515 mitti
1075 2460 1286 2533 tendas]
1315 2461 1517 2533 stipite.

571 2549 700 2606 Sola
722 2551 883 2622 digna
913 2562 967 2608 tu
991 2551 1140 2608 fuisti

498 2641 666 2696 Ferre
693 2643 926 2712 pretium
955 2645 1146 2710 seculi,

498 2733 675 2802 Atque
697 2743 913 2804 portum
943 2750 1248 2806 praeparare

499 2821 673 2878 Nauta
701 2826 902 2882 mundo
926 2825 1187 2898 naufrago
1212 2845 1226 2882 :

497 2913 675 2982 Quam
700 2930 857 2972 sacer
880 2933 1045 2974 cruor
1071 2920 1329 2990 perunxit

501 3009 678 3068 Fusus
705 3011 828 3082 agni
859 3012 1042 3085 stipite
1075 3011 1186 3086 [L.,
1224 3013 1351 3087 agni
1379 3012 1648 3089 corpore].

1045 3123 1376 3183 EIUSDEM.

425 3236 574 3292 Crux
603 3237 887 3294 benedicta
915 3239 1081 3305 nitet,
1125 3238 1385 3296 Dominus
1406 3255 1514 3312 qua
1537 3253 1702 3296 carne
1729 3239 2002 3312 pependit,

497 3325 675 3396 Atque
702 3343 897 3386 cruore
923 3344 1020 3385 suo
1049 3330 1270 3386 vulnera
1297 3339 1483 3386 nostra
1507 3329 1656 3388 lavit.

431 3413 576 3470 Mitis
604 3431 791 3472 amore
809 3418 898 3488 pio
917 3434 1016 3488 pro
1035 3419 1190 3476 nobis
1210 3420 1430 3475 victima
1455 3421 1651 3487 factus,

497 3503 689 3558 Traxit
707 3506 776 3560 ab
803 3520 898 3562 ore
922 3506 1032 3577 lupi
1060 3523 1166 3577 qua
1197 3523 1353 3564 sacer
1379 3525 1551 3579 agnus
1573 3525 1720 3567 oves.

425 3594 726 3650 Transﬁxis
751 3595 945 3666 palmis
971 3598 1065 3653 ubi
1092 3600 1350 3655 mundum
1375 3600 1529 3656 clade
1555 3601 1803 3668 redemit,

497 3685 672 3756 Atque
696 3702 795 3743 suo
814 3687 1010 3745 clausit
1035 3689 1225 3748 funere
1254 3686 1445 3748 mortis
1466 3693 1587 3750 iter.

427 3777 528 3833 llic
556 3792 749 3834 manus
777 3779 868 3834 illa
888 3779 992 3834 fuit
1015 3778 1185 3838 clavis
1211 3783 1421 3838 conﬁxa
1455 3772 1716 3852 cruentis,

495 3868 626 3936 Qua:
651 3869 852 3941 eripuit
869 3870 1095 3927 Paulum
1121 3873 1370 3942 crimine,
1399 3885 1573 3933 morte
1600 3875 1840 3933 Petrum.

381 3999 394 4009 .
425 3959 727 4017 Fertilitate
747 3970 962 4034 potens,
992 3979 1027 4020 ο
1047 3965 1204 4024 dulce
1231 3974 1288 4023 et
1308 3968 1485 4025 nobile
1511 3969 1715 4042 lignum
1738 3972 1750 4024 !

493 4049 722 4117 Quando
751 4056 858 4112 tuis
879 4057 1048 4113 ramis
1068 4065 1182 4113 tam
1204 4074 1340 4115 nova
1362 4075 1518 4131 poma
1548 4063 1710 4132 geris.

422 4143 590 4214 Cujus
609 4147 776 4204 odore
803 4165 944 4206 novo
973 4150 1223 4209 defuncta
1244 4155 1507 4210 cadavera
1530 4165 1788 4229 surgunt,

496 4236 565 4290 Et
589 4237 817 4295 redeunt
846 4241 973 4297 vitae
1000 4243 1092 4312 qui
1117 4259 1341 4301 caruere
1371 4247 1475 4302 die.

422 4326 640 4384 Nullum
667 4337 789 4386 uret
807 4340 971 4388 aestus
996 4336 1096 4389 sub
1127 4333 1408 4393 frondibus
1434 4339 1646 4395 arboris
1667 4339 1856 4410 hujus,

493 4423 648 4480 Luna
671 4439 773 4481 nec
796 4427 852 4482 in
881 4435 1115 4495 noctem,
1144 4430 1224 4486 sol
1247 4446 1422 4503 neque
1451 4435 1693 4490 meridie.

421 4513 502 4570 'l‘u
521 4515 763 4586 plantata
790 4518 980 4585 micas,
1011 4535 1168 4576 secus
1190 4531 1274 4577 est
1301 4523 1390 4578 ubi
1421 4540 1614 4580 cursus
1641 4541 1926 4596 aquarum,

491 4603 716 4678 Spargis
737 4617 792 4664 et
809 4619 1033 4666 ornatas
1061 4611 1192 4666 flore
1214 4622 1431 4670 recente
1459 4631 1664 4672 comas.

417 4695 667 4767 Appensa
695 4708 778 4756 est
805 4701 932 4758 vitis
960 4703 1100 4758 inter
1128 4713 1219 4760 tua
1245 4706 1489 4773 brachia,
1520 4707 1585 4764 de
1611 4723 1714 4778 qua

489 4789 678 4848 Dulcia
709 4797 1002 4865 sanguineo
1025 4797 1150 4853 vina
1180 4799 1377 4854 rubore
1403 4798 1592 4854 iluunt.

699 4909 1018 4968 PSALMUS
1056 4912 1144 4968 DE
1180 4912 1708 4971 lNCAliNATlONE.

487 5020 668 5091 (PSAL.
699 5021 785 5094 ιι.)
843 5022 1022 5090 Quare
1068 5024 1401 5081 fremuerunt
1439 5036 1662 5098 gentes:
1710 5036 1766 5083 et
1810 5029 1992 5099 populi

417 5113 659 5169 meditati
685 5125 813 5170 sunt
839 5115 1060 5170 inania?
1087 5118 1389 5174 Astiterunt
1415 5136 1566 5191 reges
1595 5130 1754 5176 terra:
1772 5132 1827 5178 et
1847 5123 1996 5193 prin-

415 5205 564 5276 cipes
587 5216 955 5262 convenerunt
1000 5208 1054 5263 in
1094 5225 1258 5263 unum
1308 5212 1568 5267 adversus
1597 5213 1911 5279 Dominum,
1942 5222 1997 5268 et

414 5298 673 5354 adversus
691 5297 966 5354 Christum
983 5299 1118 5368 ejus.
1148 5299 1529 5372 Dirumpamus
1552 5303 1761 5358 vincula
1782 5319 1991 5370 eorum,

411 5390 841 5461 etprojiciamus
883 5407 913 5446 a
951 5391 1107 5447 nobis
1139 5391 1326 5463 jugum
1369 5394 1628 5465 ipsorum.
1661 5394 1760 5461 Qui
1789 5396 1996 5450 habitat

416 5482 471 5534 in
494 5482 668 5548 cmlis,
697 5483 944 5539 irridebit
965 5498 1060 5541 eos
1082 5501 1096 5538 :
1122 5493 1178 5540 et
1211 5484 1470 5540 Dominus
1491 5485 1844 5540 subsannabit
1878 5501 1991 5541 eos.

414 5572 565 5628 Tunc
589 5573 840 5642 loquetur
877 5578 942 5631 ad
983 5591 1078 5631 eos
1107 5571 1272 5631 inira
1302 5592 1398 5631 sua
1429 5594 1442 5631 :
1494 5584 1548 5630 et
1577 5577 1631 5630 in
1666 5576 1849 5630 furore
1896 5592 1994 5630 suo

413 5664 754 5718 conturbabit
777 5683 888 5719 eos.
937 5667 1047 5737 Ego
1077 5676 1256 5721 autem
1287 5667 1613 5722 constitutus
1642 5681 1758 5720 sum
1785 5665 1898 5719 Rex
1925 5664 1994 5720 ab

412 5775 476 5817 co
504 5770 665 5830 super
689 5755 819 5812 Sion
842 5766 1077 5814 montem
1103 5766 1348 5814 sanctum
1367 5757 1504 5831 ejus,
1532 5756 1830 5828 pt'.rc.licans
1845 5771 1989 5827 prte-

2026 4527 2078 4588 D

2180 1908 2322 1963 Alia.
2362 1907 2673 1962 Servientes
2702 1906 2823 1972 tibi,
2850 1905 3097 1971 Domine,
3124 1905 3193 1960 ob
3212 1912 3414 1960 metum
3444 1905 3498 1960 in
3527 1905 3693 1961 timo-

2110 2018 2170 2060 re
2191 2001 2401 2072 judicii,
2426 2001 2760 2057 exsultantes
2778 2014 2901 2055 cum
2927 2007 3165 2054 tremore
3192 2006 3414 2066 propter
3433 1997 3691 2051 ﬁduciam

2111 2095 2247 2164 spei,
2283 2093 2416 2149 doce
2455 2108 2555 2148 nos
2594 2091 3000 2162 apprehendere
3030 2089 3366 2160 disciplinam
3385 2128 3400 2151 ,
3428 2089 3518 2157 qui
3541 2088 3694 2158 judi-

2111 2201 2204 2242 cas
2243 2192 2445 2240 terram
2465 2224 2480 2249 ,
2531 2191 2592 2237 ut
2619 2191 2674 2239 te
2706 2181 3034 2252 propitiante
3057 2180 3256 2235 veteris
3289 2179 3526 2234 hominis
3554 2177 3697 2250 ﬁgu-

2111 2276 2222 2330 lum
2246 2274 2646 2346 confringentes
2677 2271 2964 2331 exterioris
2998 2277 3160 2328 terrae
3186 2277 3540 2341 purgamenta
3577 2268 3696 2327 cal-

2111 2382 2317 2424 cemus.

2352 2517 2670 2577 PSALMUS
2702 2519 2792 2576 DE
2829 2517 3162 2576 PASSIONE
3200 2516 3446 2575 DOMlNl.

2183 2654 2360 2725 (PSAL.
2400 2654 2615 2725 xxxiv.)
2679 2651 2870 2708 Judica
2894 2693 2910 2719 ,
2949 2652 3176 2709 Domine
3200 2693 3216 2717 ,
3260 2659 3510 2707 nocentes
3544 2663 3644 2704 me
3679 2667 3695 2704 :

2109 2760 2355 2816 expugna
2386 2745 2764 2815 impugnantes
2790 2757 2896 2798 me.
2926 2742 3284 2814 Apprehende
3312 2756 3458 2794 arma
3484 2748 3539 2794 et
3561 2753 3700 2794 scu-

2109 2843 2224 2888 tum
2249 2872 2264 2898 ,
2295 2839 2352 2887 et
2391 2847 2620 2904 exsurge
2662 2832 2717 2887 in
2760 2829 3090 2900 adjutorium
3130 2830 3284 2885 mihi.
3324 2827 3548 2890 Eﬁ'unde
3581 2827 3703 2883 fra-

2110 2936 2309 2987 meam,
2332 2930 2388 2976 et
2411 2921 2671 2977 conclude
2699 2921 2957 2977 adversus
2983 2936 3078 2977 eos
3095 2961 3110 2987 ,
3155 2921 3248 2991 qui
3285 2928 3700 2989 persequuntur

2109 3031 2198 3070 me
2227 3032 2242 3070 :
2274 3015 2361 3070 die
2387 3015 2581 3070 animae
2607 3029 2771 3080 meae,
2810 3014 2956 3070 salus
2985 3021 3075 3068 tua
3111 3029 3212 3084 ego
3249 3028 3390 3068 sum.
3452 3011 3704 3067 Confun-

2110 3107 2308 3164 dantur
2352 3114 2407 3162 et
2443 3115 2826 3173 revereantur;
2871 3116 3176 3177 quaerentes
3220 3106 3454 3160 animam
3486 3120 3701 3160 meam.

2031 3168 2079 3231 (ἶ
2107 3195 2440 3251 Avertantur
2464 3205 2760 3253 retrorsum
2777 3237 2792 3262 ,
2813 3168 3305 3253 vet-confundantur
3332 3213 3345 3250 :
3385 3196 3706 3268 cogitantes

2108 3287 2239 3342 mihi
2260 3287 2421 3342 mala.
2459 3287 2620 3343 Fiant
2647 3297 2905 3359 tanquam
2941 3287 3115 3359 pulvis
3139 3295 3266 3342 ante
3297 3286 3489 3342 faciem
3516 3285 3702 3354 venti,

2104 3385 2160 3432 et
2186 3377 2410 3449 angelus
2450 3377 2666 3434 Domini
2706 3387 2995 3435 coarctans
3032 3393 3146 3433 eos.
3189 3377 3312 3433 Fiat
3337 3378 3423 3432 via
3469 3377 3701 3432 illorum

2107 3468 2342 3522 tenebrae
2369 3477 2424 3522 et
2459 3467 2744 3533 lubricum,
2774 3477 2830 3524 et
2859 3468 3082 3540 angelus
3103 3469 3322 3524 Domini
3359 3484 3709 3540 persequens

2105 3571 2217 3612 eos.
2259 3556 2526 3624 Quoniam
2568 3560 2738 3629 gratis
2779 3559 3179 3615 absconderant
3230 3559 3360 3614 mihi
3411 3561 3702 3615 interitum

2104 3647 2282 3717 laquei
2301 3648 2382 3703 sui
2398 3663 2413 3703 :
2445 3664 2776 3720 supervacue
2787 3652 3220 3721 exprohaverunt
3239 3651 3414 3705 anima
3423 3667 3474 3704 m
3489 3665 3673 3706 meam
3682 3691 3702 3706 .

2107 3739 2301 3796 Veniat
2330 3741 2405 3797 illi
2437 3741 2696 3813 laqueus,
2743 3759 2903 3815 quem
2945 3744 3190 3816 ignorat,
3235 3754 3291 3800 et
3317 3745 3493 3816 captio
3523 3761 3704 3814 quam

2106 3833 2431 3900 abscondit,
2480 3837 2850 3907 apprehendat
2880 3851 3028 3905 eum,
3081 3845 3136 3894 et
3167 3839 3220 3893 in
3255 3839 3504 3908 laqueum
3527 3841 3707 3894 cadat

2104 3923 2159 3978 in
2189 3924 2383 3995 ipsum.
2421 3925 2615 3982 Anima
2644 3936 2824 3983 autem
2854 3945 2972 3984 mea
3009 3931 3301 3985 exsultabit
3329 3931 3382 3985 in
3413 3931 3652 3987 Domine
3687 3953 3701 3988 :

2105 4025 2160 4073 ct
2187 4017 2545 4074 delectabitur
2571 4035 2733 4093 super
2763 4021 2983 4078 salutari
3015 4039 3134 4078 suo.
3195 4022 3384 4079 Omnia
3409 4038 3530 4078 ossa
3567 4041 3705 4080 mea

2106 4111 2326 4167 dicent:
2383 4113 2630 4181 Domine,
2671 4115 2793 4184 quis
2839 4115 3033 4171 similis
3063 4116 3196 4172 tibi?
3222 4116 3431 4186 Eripies
3468 4115 3706 4186 inopem

2104 4201 2173 4258 de
2194 4218 2356 4258 manu
2391 4202 2679 4259 fortiorum
2721 4206 2883 4278 ejus:
2933 4222 3163 4280 egenum
3210 4215 3265 4262 et
3309 4221 3606 4277 pauperem
3665 4224 3702 4263 a

2103 4291 2484 4364 diripientibus
2537 4311 2682 4351 eum.
2753 4295 3050 4368 Surgentes
3106 4306 3274 4354 testes
3319 4299 3524 4367 iniqui,
3566 4314 3705 4368 qua:

2105 4386 2422 4456 ignorabam
2450 4428 2465 4454 ,
2516 4387 2924 4458 interrogabant
2969 4405 3076 4446 me.
3132 4390 3522 4446 Retribuebant
3549 4392 3698 4448 mihi

2102 4477 2241 4532 mala
2271 4494 2370 4550 pro
2406 4479 2602 4536 bonis:
2635 4481 2977 4536 sterilitatem
3017 4483 3214 4540 anima:
3239 4499 3392 4539 mem.
3450 4484 3563 4555 Ego
3593 4500 3703 4540 au-

2104 4578 2210 4624 tem
2242 4586 2367 4626 eum
2388 4573 2521 4627 mihi
2548 4573 2760 4630 molesti
2794 4584 3005 4642 essent,
3033 4576 3297 4632 induehar
3323 4578 3518 4633 cilicio.
3578 4575 3703 4634 llu-

2101 4661 2378 4716 miliabam
2426 4663 2482 4718 in
2513 4662 2720 4733 jejunio
2760 4666 2995 4722 animam
3035 4683 3212 4724 meam
3235 4709 3250 4734 ,
3283 4677 3338 4723 et
3364 4669 3538 4724 oratio
3566 4684 3700 4724 mea

2102 4749 2155 4804 in
2184 4751 2303 4806 sinu
2330 4767 2450 4808 meo
2479 4763 2844 4810 convertetur.
2870 4755 3032 4823 Quasi
3060 4759 3365 4828 proximum
3383 4799 3396 4822 ,
3436 4767 3492 4812 et
3523 4760 3696 4828 quasi

2101 4839 2324 4897 fratrem
2353 4851 2618 4911 nostrum,
2646 4845 2727 4901 sic
2747 4847 3149 4918 complacebam
3176 4863 3192 4902 :
3221 4850 3374 4919 quasi
3404 4848 3597 4920 lugens
3623 4857 3683 4904 et

2101 4933 2449 4990 contristatus
2476 4936 2557 4992 sic
2595 4937 2939 4994 humiliabar.
2995 4939 3064 4994 Et
3085 4940 3371 4996 adversum
3399 4957 3486 4995 me
3514 4940 3688 4998 laetati

2098 5032 2242 5089 sunt,
2265 5033 2321 5080 et
2341 5035 2743 5082 convenerunt:
2769 5038 3090 5100 congregata
3128 5037 3254 5084 sunt
3283 5046 3446 5100 super
3473 5046 3563 5085 me
3586 5029 3690 5085 ﬁa-

2097 5116 2234 5187 gella
2257 5157 2271 5182 ,
2325 5126 2381 5171 et
2420 5118 2683 5189 ignoravi.
2723 5117 2979 5190 Dissipati
3030 5128 3157 5176 sunt
3207 5136 3306 5177 nec
3343 5122 3690 5190 compuncti;

2099 5216 2440 5265 tentaverunt
2464 5223 2551 5265 me
2566 5250 2582 5275 ,
2613 5211 3082 5266 subsannaverunt
3106 5227 3194 5266 me
3218 5212 3642 5268 subsannatione
3674 5232 3688 5268 :

2081 5299 2448 5355 frenduerunt
2479 5315 2640 5371 super
2671 5316 2758 5357 me
2789 5300 3040 5358 dentibus
3060 5302 3192 5358 suis.
3233 5301 3478 5366 Domine,
3506 5317 3692 5372 quan-

2097 5391 2166 5446 do
2199 5391 2490 5462 respicies?
2523 5391 2748 5446 restitue
2793 5391 3028 5446 anituam
3070 5408 3247 5448 meam
3289 5408 3320 5445 a
3350 5393 3694 5463 malignitate

2095 5498 2304 5548 eorum,
2338 5497 2367 5537 a
2400 5483 2646 5539 leonibus
2675 5483 2888 5540 unicam
2911 5500 3107 5540 meam.
3164 5485 3475 5542 Contitebor
3503 5485 3601 5541 tibi
3630 5486 3694 5540 in

2097 5573 2335 5628 Ecclesia
2381 5589 2614 5644 magna:
2648 5575 2702 5629 in
2739 5576 2938 5646 populo
2973 5578 3121 5647 gravi
3163 5576 3392 5631 laudabo
3428 5585 3502 5631 te.
3566 5576 3693 5630 Non

2095 5668 2524 5738 supergaudeant
2569 5669 2738 5732 mihi,
2794 5671 2883 5740 qui
2913 5670 3263 5724 adversantur
3308 5668 3438 5722 mihi
3480 5669 3686 5737 inique,

2096 5758 2185 5830 qui
2217 5757 2442 5815 oderunt
2470 5774 2554 5815 mc
2584 5763 2777 5831 gratis,
2817 5770 2868 5816 et
2905 5771 3145 5817 annuum
3173 5761 3359 5818 oculis.
3414 5761 3688 5828 Quoniam
