3894 6182
1123 262 1513 323 LITURGICA.
1555 292 1625 303 —
1663 258 1934 319 OFFICIA
1969 257 2107 314 PER
2138 255 2409 313 FEPJAS.

177 393 293 452 mihi
330 387 551 460 quidem
595 381 818 457 paciﬂce
851 380 1247 451 loquebantur:
1288 387 1345 434 et
1382 377 1437 430 in
1466 372 1743 430 iracundia
1772 374 1821 435 Α
2160 368 2325 425 [run
2361 338 2682 424 psaLMus
2720 368 2809 424 un
2846 367 3099 425 sanun.

175 498 319 542 terrm
354 481 670 550 loquentes,
711 473 862 530 dolos
901 473 1228 544 cogitabant.
1280 471 1350 526 Et
1380 469 1741 525 dilataveruut

1912 484 2090 556 (Psac.
2126 481 2302 555 xxxx.)
2327 481 2587 537 Exaltabo
2608 490 2682 546 te,
2706 482 2951 548 Domine,
2973 484 3223 553 quoniam
3245 500 3425 543 susce-

172 588 322 645 super
350 585 442 626 me
466 584 535 626 os
554 582 742 631 suum,
773 565 1028 621 dixerunt
1055 577 1071 616 :
1114 562 1281 631 Euge,
1307 574 1462 630 euge,
1489 557 1744 613 viderunt

1890 572 1968 626 isti
2015 586 2136 626 me:
2166 584 2267 625 nec
2310 569 2592 625 delectasti
2634 568 2886 626 inimicos
2925 585 3075 628 meos
3120 586 3283 645 super
3316 589 3423 631 me.

173 663 303 721 οαιίί
327 660 532 718 υοδιτί·
572 656 790 722 “dis”,
820 654 1063 716 Domine:
1090 667 1160 707 ne
1185 651 1379 705 531335:
1406 646 1653 712 nomine»
1675 659 1745 699 πθ
1842 661 2071 717 Domine
2097 660 2239 717 Deus
2285 675 2455 726 meus,
2491 660 2719 718 clamavi
2748 663 2818 718 ad
2863 669 2950 719 te:
2982 670 3038 718 et
3079 663 3280 721 sanasti
3318 681 3423 721 me.

172 754 414 813 discedas
435 767 468 808 a
486 766 595 809 ωο-
619 748 861 818 Exsurge
881 752 937 799 ει
962 742 1180 798 intende
1196 739 1400 810 Ῑιιάίοίο
1424 752 1546 793 meo
1568 754 1581 791 ε
1603 735 1748 811 De“?
1845 752 2088 815 Domine,
2111 751 2346 806 eduxisti
2372 753 2439 807 ab
2460 750 2674 807 inferno
2702 753 2936 808 animam
2961 770 3139 810 meam
3163 775 3174 811 :
3202 757 3448 826 salvasti.

174 863 344 913 ωηεν
366 854 422 903 εἰ
446 842 709 901 Dominus
728 854 882 895 ωθυε
902 839 959 893 in
984 851 1205 893 causam
1229 848 1427 890 meam-
1448 829 1639 887 Indica
1660 842 1750 884 me
1847 856 1936 911 me
1961 856 1992 896 a
2013 840 2462 898 descendentibus
2482 842 2537 897 in
2563 841 2762 897 lacum.
2794 842 3016 900 Psallite
3041 836 3269 903 Domitio
3295 863 3423 903 san-

179 281 275 339 565
494 256 505 265 '
1123 262 1513 323 LlTURGlCA.
1555 292 1625 303 —
1663 258 1934 319 ornent
1969 257 2107 314 PER
2138 256 2409 313 renus.
2512 338 2517 339 ί
3312 256 3419 313 566

172 937 461 995 secundum
496 933 773 1005 justitiam
804 938 971 995 tuam,
1001 928 1231 987 Domine
1270 927 1414 982 Deus
1451 938 1606 980 meus
1643 940 1657 977 :
1695 929 1753 977 et

171 1044 267 1093 non
313 1023 757 1096 supergaudeant
798 1020 951 1075 mihi.
1012 1018 1129 1075 Non
1178 1018 1362 1074 dicant
1399 1016 1458 1071 in
1497 1014 1752 1071 cordibus

171 1121 317 1177 suis:
349 1118 520 1188 Euge,
546 1116 712 1186 euge!
740 1114 937 1171 animae
966 1119 1188 1178 nostrae,
1216 1124 1316 1166 nec
1346 1110 1568 1165 dicant:
1592 1110 1753 1165 devo-

171 1213 411 1269 ralrlmus
431 1225 578 1266 etuu.
615 1207 952 1263 Erubescant
983 1213 1041 1261 et
1062 1211 1415 1261 revereantur
1436 1200 1626 1267 simul,
1660 1200 1754 1271 qui

172 1304 511 1378 gratulantur
556 1299 715 1357 malis
761 1298 922 1354 meis.
1001 1296 1300 1353 lnduantur
1345 1291 1663 1351 confusione
1700 1299 1756 1347 et

172 1392 471 1450 reverentia
493 1432 513 1457 ,
543 1390 639 1460 qui
668 1388 903 1460 maligna
922 1387 1217 1456 loquuntur
1237 1400 1400 1456 super
1416 1398 1525 1440 me.
1558 1381 1754 1438 Exsul-

171 1494 282 1542 tent
306 1492 366 1540 et
386 1483 639 1538 lzetentur
655 1479 748 1549 qui
777 1477 964 1533 volunt
979 1475 1248 1545 justitiam
1268 1488 1466 1539 meam,
1493 1480 1550 1528 et
1575 1472 1759 1528 dicant

169 1592 424 1651 scalper:
473 1572 857 1647 magniﬁcctur
882 1570 1174 1639 Dominus,
1219 1571 1312 1641 qui
1350 1568 1539 1624 volunt
1566 1580 1757 1637 pacein

170 1668 316 1724 servi
337 1665 472 1737 ejus.
512 1665 581 1720 Et
600 1664 781 1735 lingua
798 1676 921 1719 mea
938 1661 1284 1718 meditabitur
1294 1657 1561 1729 justitiam
1585 1664 1754 1723 tuam,

171 1767 285 1819 tota
320 1760 409 1815 die
428 1756 642 1813 laudem
670 1763 838 1811 tuam.

238 1850 319 1907 Ut
343 1867 522 1923 supra.
548 1846 779 1920 Adjutor
804 1854 861 1904 et
878 1846 1137 1903 liberator
1163 1859 1316 1901 meus
1345 1849 1488 1910 esto,
1510 1841 1759 1906 Domine,

173 1959 236 2000 ne
259 1940 520 1998 moreris.

237 2033 458 2090 Oratio.
496 2027 772 2086 Protectio
807 2025 1062 2101 salusque
1101 2024 1300 2080 animae
1340 2030 1571 2088 nostra).
1613 2019 1764 2090 operi

174 2143 272 2184 nos
298 2125 456 2198 galea
482 2124 630 2195 spei,
666 2130 724 2179 et
758 2128 915 2177 scuto
940 2116 1375 2190 inexpugnabilis
1403 2113 1764 2179 munimenti;

177 2227 233 2274 ut
271 2233 308 2274 a
344 2225 398 2273 te
431 2216 486 2271 in
519 2213 701 2271 causis
736 2220 938 2269 nostra:
966 2207 1310 2266 necessitatis
1333 2206 1521 2278 adjuti,
1550 2219 1764 2259 merea-

179 2323 301 2362 mur
323 2322 446 2363 cum
485 2313 541 2360 te
568 2303 915 2375 diligentibus
964 2300 1152 2357 laetitia
1175 2307 1230 2356 et
1261 2296 1622 2355 exsultatione
1646 2311 1770 2367 per-

181 2398 350 2455 fundi.
391 2397 518 2452 Per.

246 2488 373 2542 Alia
398 2485 610 2542 Oratio.
652 2484 908 2550 Domine,
939 2481 1154 2554 quando
1190 2480 1476 2551 respicies,
1516 2479 1771 2550 dicesque

182 2558 373 2635 nobis:
408 2578 557 2632 salus
594 2585 777 2631 vestra
815 2590 917 2648 ego
956 2573 1112 2629 sum?
1134 2573 1202 2629 Et
1227 2572 1296 2627 ad
1320 2570 1665 2627 solitudinem
1692 2578 1772 2625 at-

182 2689 288 2745 que
319 2671 756 2741 implorationem
800 2676 1044 2725 nostram
1079 2666 1294 2736 quando
1332 2662 1599 2737 propitius
1638 2677 1770 2718 con-

184 2765 401 2821 vertes?
426 2764 512 2819 Ad
534 2777 700 2834 quam
722 2760 838 2831 jam
864 2765 1209 2821 convertere,
1242 2752 1491 2821 Domine,
1518 2762 1574 2809 et
1600 2753 1773 2807 inten-

182 2858 249 2913 de
292 2856 559 2928 judicium
588 2860 835 2910 nostrum
856 2892 871 2917 ,
923 2858 980 2906 et
1013 2848 1130 2921 ipse
1159 2846 1469 2917 judicantcs
1495 2857 1594 2897 nos
1620 2840 1775 2897 fortis

183 2956 559 3022 propugnator
593 2960 871 3016 expugna;
922 2949 983 2997 ut
1022 2939 1198 2995 oratio
1231 2944 1449 3003 nostra,
1482 2949 1604 3004 qua:
1631 2945 1777 2987 nunc

185 3046 241 3100 in
273 3041 456 3097 sinum
492 3048 738 3094 nostrum
774 3049 874 3106 pro
900 3040 1238 3090 secretorum
1267 3039 1488 3082 suorum
1516 3035 1776 3091 compun—

187 3135 367 3190 ctione
390 3131 748 3194 convertitur,
786 3133 913 3182 ante
952 3129 1300 3195 conspectum
1341 3125 1490 3174 tuum
1525 3122 1771 3189 purgata,

188 3225 372 3284 cordis
396 3222 604 3296 gemitu
635 3220 917 3291 dirigatur.

362 3362 475 3434 93
513 3357 835 3416 PSALMUS
872 3355 961 3411 DE
994 3348 1592 3411 RESURRECTIONE.

268 3494 450 3567 (Psac.
479 3492 590 3565 ιιι.)
630 3489 889 3556 Domine,
941 3487 1071 3559 quid
1113 3482 1456 3556 multiplicati
1505 3488 1649 3546 sunt,
1688 3477 1781 3567 qui

200 3566 460 3645 tribulam
505 3584 626 3640 me?
676 3582 902 3637 multum
950 3586 1179 3651 surgunt
1228 3576 1370 3649 [ΑΙ.⁹
1413 3574 1564 3630 multi
1608 3566 1785 3628 insur-

202 3677 373 3751 gunt]
425 3677 714 3733 adversum
765 3688 872 3727 me.
945 3668 1097 3724 Multi
1135 3668 1321 3723 dicunt
1367 3665 1561 3720 animae
1614 3678 1782 3727 meae,

204 3787 310 3826 non
353 3777 437 3824 est
471 3768 621 3823 salus
644 3766 746 3837 ipsi
772 3765 827 3819 in
866 3762 979 3818 Deo
1010 3760 1147 3831 ejus.
1183 3758 1265 3813 Tu
1305 3764 1506 3823 autem,
1535 3753 1783 3819 Domine,

207 3871 486 3934 susceptor
537 3875 693 3916 meus
734 3877 747 3914 ;
803 3855 974 3931 gloria
1023 3867 1177 3918 mea,
1235 3861 1292 3906 et
1335 3847 1583 3904 exultans
1626 3851 1789 3916 caput

212 3971 404 4011 meum.
446 3953 595 4010 Voce
624 3967 744 4007 mea
778 3951 844 4006 ad
870 3938 1156 4005 Dominum
1186 3942 1447 4009 clamavi,
1479 3949 1535 3997 et
1560 3938 1789 3995 exaudi-

214 4046 284 4100 vit
306 4062 391 4101 me
417 4045 485 4100 de
514 4050 699 4098 monte
732 4048 922 4098 sancto
950 4054 1068 4095 suo.
1107 4036 1220 4109 Ego
1248 4033 1508 4098 dormivi,
1544 4042 1600 4088 et
1628 4046 1790 4103 sopo-

215 4144 359 4191 ratus
396 4149 517 4191 sum
542 4174 559 4199 ,
604 4139 662 4188 et
703 4128 985 4186 exsurrexi
1020 4146 1033 4182 :
1080 4126 1208 4198 quia
1256 4123 1516 4180 Dominus
1557 4119 1795 4190 suscepit

214 4240 316 4280 me.
378 4222 499 4279 Non
554 4222 755 4278 timebo
809 4217 976 4274 millia
1025 4215 1207 4288 populi
1251 4212 1638 4271 circumdantis
1681 4226 1789 4277 me,

213 4331 468 4389 exsurge,
498 4315 741 4382 Domine,
771 4314 982 4370 salvum
1013 4328 1102 4368 me
1139 4309 1248 4378 fac,
1284 4309 1427 4365 Deus
1450 4323 1625 4364 meus.
1649 4306 1794 4376 Quo-

1850 930 1922 985 cti
1947 929 2061 1000 ejus
2078 949 2091 987 :
2111 940 2166 986 et
2177 930 2505 991 conﬁtemini
2527 934 2803 989 memorize
2816 936 2986 990 sancti
2995 935 3120 992 tatis
3136 935 3270 1008 ejus.
3286 938 3431 1006 Quo-

1851 1024 1996 1079 niam
2023 1025 2103 1079 ira
2131 1024 2188 1080 in
2227 1024 2592 1096 indignatione
2633 1023 2786 1095 ejus:
2831 1034 2887 1082 et
2930 1028 3038 1082 vita
3072 1029 3123 1083 in
3163 1030 3437 1086 voluntate

1852 1115 1988 1187 ejus.
2026 1117 2108 1173 Ad
2129 1133 2411 1187 vesperum
2436 1117 2807 1174 demorabitur
2841 1118 2997 1176 ﬂetus
3025 1138 3037 1174 :
3073 1130 3129 1176 et
3164 1123 3230 1178 ad
3260 1132 3435 1177 matu-

1855 1208 2025 1263 tinum
2054 1207 2260 1264 lzntitia.
2312 1207 2425 1280 Ego
2455 1217 2633 1264 autem
2664 1209 2775 1265 dixi
2816 1211 2870 1265 in
2910 1208 3234 1267 abundantia
3274 1228 3390 1267 mea
3423 1231 3434 1264 :

1856 1318 1961 1357 non
1990 1303 2247 1357 movebor
2272 1300 2326 1357 in
2354 1308 2637 1358 aeternum.
2678 1301 2924 1369 Domine,
2960 1303 3013 1357 in
3040 1303 3317 1358 voluntate
3352 1312 3438 1358 tua

1856 1391 2157 1463 prtestitisti
2200 1391 2384 1447 decori
2434 1407 2557 1447 meo
2611 1392 2892 1448 virtutem.
2950 1392 3205 1449 Avertisti
3244 1393 3441 1449 faciem

1858 1492 2006 1539 tuam
2054 1498 2085 1537 a
2112 1497 2235 1537 me:
2269 1491 2326 1538 et
2354 1482 2531 1538 factus
2561 1499 2679 1539 sum
2712 1483 3087 1539 conturbatus.
3123 1484 3206 1539 Ad
3237 1491 3308 1549 te,
3332 1485 3439 1539 Do-

1859 1573 2025 1639 mine,
2052 1572 2319 1641 clamabo,
2350 1583 2405 1630 et
2434 1574 2501 1630 ad
2531 1575 2704 1633 Deum
2727 1591 2907 1632 meum
2930 1576 3279 1645 deprecabor.
3308 1574 3439 1644 Qua:

1861 1665 2069 1722 utilitas
2098 1665 2152 1721 in
2180 1667 2445 1738 sanguine
2470 1682 2614 1734 meo,
2638 1666 2766 1722 dum
2791 1667 3121 1724 descendere
3139 1667 3196 1722 in
3221 1683 3445 1740 eorrup-

1865 1758 2106 1815 tionem?
2143 1757 2394 1830 Nunquid
2420 1760 2766 1817 conﬁtebitur
2783 1761 2878 1816 tibi
2901 1760 3098 1832 pulvis,
3127 1769 3219 1815 aut
3238 1776 3447 1815 annun-

1863 1850 2021 1906 tiabit
2048 1851 2333 1906 veritatem
2366 1852 2546 1907 tuam?
2573 1851 2795 1906 Audivit
2815 1850 3098 1915 Dominus,
3118 1858 3175 1907 et
3193 1850 3451 1907 misertus

1865 1950 1950 1998 est
1974 1943 2079 1997 mei
2111 1962 2123 1997 :
2156 1942 2413 1998 Dominus
2438 1941 2613 2000 factus
2648 1950 2734 1997 est
2759 1940 2974 2010 adjutor
3004 1957 3175 1998 meus.
3214 1940 3452 1997 Conver-
3492 1950 3501 1953 ‘

1866 2034 1981 2089 tisti
2026 2033 2300 2103 planctum
2347 2049 2528 2088 meum
2569 2034 2623 2088 in
2658 2033 2911 2104 gaudium
2949 2033 3129 2088 mibi':
3171 2032 3450 2088 concidisti

1866 2136 2085 2179 saccum
2106 2137 2309 2188 meum,
2336 2130 2393 2177 et
2415 2121 2819 2177 circumdedisti
2855 2137 2942 2177 me
2966 2121 3178 2176 laetitia.
3221 2120 3292 2176 Ut
3318 2136 3450 2175 can—

1868 2218 1947 2266 tet
1973 2210 2067 2266 tibi
2090 2210 2260 2281 gloria
2283 2224 2404 2265 mea
2431 2217 2491 2265 et
2522 2224 2629 2264 non
2660 2224 3024 2282 eompungar:
3054 2209 3281 2266 Domine
3310 2209 3454 2265 Deus

1869 2316 2047 2367 meus,
2080 2300 2134 2354 in
2161 2309 2422 2355 aeternum
2449 2298 2751 2357 confitebor
2785 2300 2903 2356 tibi.

1943 2386 2009 2445 Ut
2032 2406 2215 2461 supra.
2246 2389 2361 2461 Ego
2381 2389 2635 2446 dormivi.

1944 2479 2150 2536 Oratio.
2184 2480 2480 2551 Susceptor
2535 2482 2777 2536 omnium
2823 2480 3245 2537 clementissime
3290 2479 3455 2544 Deus,

1872 2586 1940 2628 ne
1963 2571 2249 2642 permittas
2294 2570 2552 2627 delectari
2593 2570 2843 2626 inimicos
2875 2579 3091 2627 nostros
3134 2587 3455 2641 supernos;
3496 2588 3499 2591 λ

1873 2664 1969 2721 sed
2024 2665 2097 2719 ita
2139 2680 2240 2720 nos
2286 2671 2377 2720 tua
2406 2664 2609 2720 virtute
2650 2665 2941 2720 corrobora
2966 2705 2983 2731 ,
3036 2672 3097 2719 ut
3138 2679 3459 2720 conversum

1873 2754 2149 2826 planctum
2185 2762 2429 2810 nostrum
2470 2756 2524 2811 in
2566 2755 2870 2812 sanctitatis
2899 2763 3003 2811 tuac
3029 2756 3314 2828 gaudium,
3348 2770 3460 2811 ms-

1876 2846 2046 2925 moria
2072 2845 2276 2918 jugitcr
2294 2845 2622 2903 excolamus.
2658 2846 2785 2903 Per.

1946 2935 2091 2991 Alia.
2114 2935 2287 3003 Audi,
2320 2936 2576 2996 Domine.
2609 2944 2663 2993 et
2693 2938 2952 2993 miserere
2981 2938 3184 3004 nostri,
3215 2945 3271 2994 et
3294 2938 3463 2992 conti-

1879 3032 2054 3080 tentes
2087 3026 2361 3081 memoria)
2390 3025 2694 3081 sanctitatis
2724 3033 2860 3090 tute,
2887 3025 3075 3082 laetitia
3108 3025 3464 3081 confessionis

1882 3115 2105 3185 accingc
2140 3134 2153 3169 :
2197 3123 2253 3170 et
2286 3116 2411 3185 quia
2443 3116 2498 3170 in
2523 3116 2803 3171 voluntate
2834 3124 2923 3169 tua
2966 3115 3076 3170 vita
3122 3122 3206 3170 est
3250 3122 3460 3178 nostra,

1880 3205 2178 3263 voluntatis
2216 3205 2387 3278 ipsius
2427 3221 2623 3263 munus
2669 3190 2976 3276 impertire};
3028 3212 3086 3259 ut
3136 3205 3264 3259 dum
3310 3205 3468 3261 nobis

1882 3299 1996 3354 vita
2037 3314 2107 3354 ex
2149 3297 2427 3353 voluntate
2472 3305 2565 3353 tua
2616 3296 2892 3363 tribuitur,
2940 3295 3189 3353 voluntas
3232 3302 3318 3350 tua
3345 3295 3467 3350 vine

1885 3391 2056 3461 ipsius
2082 3404 2306 3446 munere
2329 3388 2634 3459 impleatur.
2660 3387 2785 3445 Per.

2203 3499 2523 3559 PSALMUS
2563 3498 2652 3561 DE
2688 3496 3136 3577 ASCENSIO‘NE.

1957 3594 2138 3666 (PSAL.
2166 3592 2312 3665 Vill.)
2352 3592 2579 3649 Domine
2619 3591 3132 3657 Dominumnoster,
3183 3605 3343 3660 quam
3374 3590 3469 3644 ad-

1887 3688 2136 3745 mirabile
2182 3696 2270 3742 est
2303 3701 2503 3743 nomen
2551 3694 2704 3738 tuum
2753 3685 2810 3739 in
2856 3685 3106 3739 universa
3132 3684 3303 3737 terra!
3328 3683 3465 3748 Quo-

1891 3782 2035 3837 niam
2060 3779 2267 3834 elevata
2294 3786 2379 3832 est
2414 3776 2815 3845 magniﬁcentia
2842 3783 2932 3830 tua
2958 3789 3122 3844 super
3149 3774 3335 3830 oculos.
3391 3775 3467 3829 Ex

1890 3884 1986 3927 ore
2016 3866 2301 3924 infantium
2347 3873 2403 3921 et
2446 3854 2761 3919 lactentium
2801 3861 3076 3932 perfecisti
3110 3861 3324 3917 laudem
3350 3877 3475 3930 pro-

1891 3971 2011 4032 pter
2031 3960 2281 4016 inimicos
2303 3966 2445 4023 tuos,
2470 3964 2532 4012 ut
2557 3954 2809 4011 destruas
2833 3954 3111 4010 inimicum
3140 3963 3197 4008 et
3219 3954 3471 4009 ultorem.

1893 4053 2160 4121 Quoniam
2186 4050 2379 4107 videbo
2420 4047 2588 4105 cmlos
2633 4055 2754 4103 tuos
2777 4086 2792 4111 ,
2844 4060 3008 4116 opera
3036 4046 3325 4117 digitorum
3355 4056 3473 4100 tuo-

1895 4158 2054 4198 rum:
2102 4141 2286 4196 lunam
2318 4149 2372 4194 et
2399 4137 2587 4195 stellas
2610 4178 2625 4201 ,
2676 4151 2797 4206 quae
2833 4144 2884 4192 tu
2920 4134 3176 4191 (innatasti.
3232 4136 3370 4203 Quid
3394 4147 3473 4192 est

1894 4232 2075 4295 homo,
2107 4229 2252 4300 quod
2272 4242 2558 4284 inemores
2580 4225 2696 4296 ejus
2720 4245 2733 4280 :
2768 4235 2862 4281 aut
2889 4225 3033 4283 [ilius
3061 4225 3312 4290 hominis,
3342 4240 3475 4296 (ιιιου

1898 4323 2046 4379 niam
2066 4321 2252 4376 visitas
2283 4318 2450 4376 cum?
2476 4317 2713 4374 Minuisti
2741 4333 2865 4373 eum
2902 4317 3058 4388 paulo
3080 4317 3259 4372 minus
3285 4314 3354 4371 ab
3377 4331 3463 4371 an.

215 4412 359 4465 niam
386 4417 444 4463 tu
465 4407 776 4480 percussisti
797 4420 986 4462 omnes
1011 4404 1360 4460 adversantes
1382 4401 1514 4457 mihi
1532 4401 1647 4455 sine
1668 4413 1779 4454 cau-

1899 4413 2071 4485 gelis:
2111 4410 2281 4483 gloria
2301 4419 2359 4467 et
2383 4411 2587 4467 honore
2615 4410 2892 4465 coronasti
2921 4425 3044 4464 cum
3062 4449 3076 4473 ,
3108 4416 3165 4463 et
3192 4408 3479 4463 constitui-

217 4516 294 4566 sa,
325 4500 516 4555 dentes
540 4508 889 4569 peccatorum
931 4493 1251 4552 contrivisti.
1280 4492 1493 4547 Domini
1521 4500 1606 4548 est
1628 4490 1793 4558 salus,

217 4600 269 4646 et
301 4606 468 4662 super
493 4588 749 4662 populum
779 4597 932 4644 tuum
958 4584 1265 4644 benedictio
1291 4594 1402 4641 tua.

288 4682 351 4738 Ut
383 4700 570 4755 supra.
597 4681 839 4738 Tcnuisti
866 4696 1087 4737 manum
1112 4680 1393 4736 dexteram
1424 4693 1623 4735 meam.

286 4777 496 4832 Oratio.
526 4774 772 4843 Eﬂ‘unde,
803 4775 1048 4840 Domine,
1080 4774 1510 4831 benedictionem
1540 4781 1689 4828 tuam
1712 4787 1801 4827 su-

220 4888 311 4942 per
356 4869 616 4941 pepulum
671 4877 822 4923 tuum
850 4909 866 4936 ,
910 4876 973 4924 ut
1009 4873 1099 4921 tua
1144 4859 1542 4921 resurrectione
1583 4862 1800 4926 muniti,

222 4980 325 5018 non
380 4963 671 5017 timeamus
713 4961 781 5017 ab
830 4957 1232 5014 adversantium
1284 4955 1541 5012 vitiorum
1598 4952 1803 5013 malitia

223 5054 568 5110 circumdari.
598 5053 723 5110 Per.

290 5146 433 5202 Alia.
465 5144 717 5211 Domine,
754 5153 945 5201 contra
976 5141 1476 5214 multiplicationcm
1504 5137 1807 5195 tribulatio-

225 5258 353 5296 num
383 5240 542 5297 nobis
578 5239 733 5295 fortis
774 5246 1145 5310 propugnator
1179 5250 1434 5303 accurre,
1464 5242 1521 5290 ct
1547 5234 1811 5291 adversus

228 5332 628 5390 multitudinem
660 5331 1054 5403 insurgentium
1081 5330 1135 5385 in
1169 5345 1266 5384 nos
1302 5328 1427 5398 pius
1452 5326 1703 5383 defensor
1724 5341 1811 5383 as-

228 5426 395 5493 siste,
437 5426 619 5499 sitque
663 5424 969 5480 benedictio
1013 5430 1105 5477 tua
1142 5438 1302 5493 super
1328 5420 1585 5493 populum
1617 5428 1806 5475 tuum:

233 5527 288 5574 ut
313 5520 406 5590 qui
433 5520 667 5577 salutem
703 5516 894 5572 animae
920 5524 1118 5571 nostra:
1166 5515 1218 5568 in
1255 5521 1305 5569 te
1348 5527 1468 5569 csse
1498 5518 1723 5583 negant,
1759 5518 1811 5569 te

235 5611 553 5669 salvatorem
600 5618 844 5667 murum
885 5610 998 5680 ipsa
1050 5624 1145 5663 sua
1192 5606 1583 5678 expugnatione
1618 5620 1812 5675 cogno—

236 5715 399 5759 Stal“.

1899 4507 1967 4563 sti
1992 4518 2117 4561 eum
2138 4518 2298 4575 super
2320 4518 2484 4574 Opera
2507 4515 2763 4555 manuum
2794 4507 3028 4554 tuarum.
3080 4498 3273 4552 Omnia
3302 4496 3478 4567 subje.

1898 4596 2020 4653 cisti
2068 4594 2169 4651 sub
2209 4594 2436 4664 pedibus
2481 4592 2599 4662 ejus
2636 4610 2648 4645 :
2700 4605 2830 4645 oves
2874 4598 2931 4643 et
2975 4589 3138 4644 boves
3176 4588 3478 4652 universas,

1900 4690 2121 4759 insuper
2148 4696 2205 4743 et
2241 4701 2439 4757 pecora
2478 4684 2675 4752 campi.
2720 4681 2979 4737 Volucres
3018 4682 3174 4746 coeli,
3211 4692 3265 4738 et
3301 4684 3481 4753 pisces

1903 4780 2087 4843 maris,
2114 4778 2209 4848 qui
2247 4774 2623 4847 perambulant
2642 4772 2867 4829 semitas
2902 4774 3087 4828 maris.
3116 4774 3339 4829 Domine
3368 4776 3478 4829 Do-

1904 4869 2084 4927 minus
2112 4875 2330 4923 noster:
2359 4880 2523 4936 quam
2562 4863 2879 4920 admirabile
2917 4874 3002 4920 est
3026 4882 3219 4921 nomen
3246 4875 3396 4921 tuum
3428 4867 3481 4921 in

1905 4960 2158 5014 universa
2183 4958 2357 5011 terra!

1982 5044 2048 5100 Ut
2076 5062 2260 5118 supra.
2290 5044 2547 5100 Ascendit
2574 5044 2716 5101 Deus
2746 5046 2800 5102 in
2817 5046 3009 5117 jubilo.
3055 5046 3317 5118 Regnabit
3345 5047 3486 5103 Deus

1908 5151 2071 5206 super
2101 5141 2307 5204 gentes.

1978 5225 2092 5300 94
2118 5225 2322 5283 Oratio.
2350 5224 2490 5293 Quid
2516 5237 2601 5283 est
2622 5226 2805 5295 homo,
2839 5228 3085 5296 Domine,
3115 5230 3257 5300 quod
3282 5246 3489 5287 memor

1911 5336 1970 5377 es
1997 5319 2148 5391 ejus?
2194 5325 2287 5373 aut
2312 5332 2411 5374 cur
2444 5333 2505 5374 es
2532 5326 2587 5373 tu
2611 5318 2753 5376 [ilius
2778 5321 3044 5388 hominis,
3095 5324 3201 5380 nisi
3244 5332 3305 5380 ut
3339 5340 3488 5390 eum,

1913 5432 1979 5472 ne
2008 5416 2063 5471 in
2087 5422 2409 5486 perpetuum
2434 5414 2637 5484 periret
2654 5453 2672 5481 ,
2702 5416 3030 5473 redimeres?
3077 5417 3156 5472 Da
3181 5432 3312 5488 ergo
3336 5420 3492 5477 nobis

1914 5508 2176 5563 auxilium
2200 5505 2564 5561 necessarium
2583 5546 2596 5571 ,
2632 5507 2722 5576 qui
2751 5507 2942 5563 dedisti
2966 5524 3065 5579 pro
3092 5510 3247 5566 nobis
3274 5511 3489 5581 sangui~

1914 5616 2037 5656 nem
2064 5599 2394 5670 pretiosum;
2425 5606 2478 5652 et
2511 5606 2707 5667 praesta
2729 5639 2745 5665 ,
2792 5596 2851 5654 ut
2886 5616 3021 5671 quos
3058 5618 3204 5660 mors
3229 5612 3317 5659 tua
3344 5604 3481 5659 redi

1917 5698 2035 5761 mit,
2059 5707 2245 5749 eorum
2270 5699 2319 5748 te
2348 5693 2453 5747 vita
2481 5691 2759 5764 gloritlcet.
