3894 6182
390 288 497 349 ὕδἹ

463 418 774 477 Secundum
803 431 997 472 nomen
1020 423 1193 480 tuum,
1221 414 1384 468 Deus.

390 509 480 582 plo
504 517 692 567 sancto
736 523 835 564 suo
877 522 1065 564 vocem
1109 520 1306 561 meam.
1367 500 1586 557 Psallite
1611 499 1722 555 Deo
1762 506 1968 564 nostro,

392 603 647 675 quoniam
682 616 775 658 rex
802 601 980 656 omnis
1017 607 1178 655 teme
1208 599 1372 653 Deus.
1666 650 1669 653 .

464 694 671 750 Oratio.
698 693 1028 750 Admirabile
1065 705 1262 746 nomen
1288 698 1470 753 tuum,
1503 686 1843 758 omnipotens
1866 683 1961 740 Do-

394 789 558 854 mine,
587 787 856 859 supplices
878 799 1196 850 exoramus,
1224 790 1285 839 ut
1307 782 1400 853 qui
1425 796 1637 837 omnem
1664 786 1968 835 creaturam

392 880 579 938 mundi
602 882 670 935 ad
705 893 835 934 usus
853 877 1131 933 hominum
1161 872 1436 942 subjecisti
1454 912 1471 940 ,
1496 887 1597 928 nos
1618 870 1683 925 ad
1720 876 1825 925 ture
1858 882 1972 924 ser-

389 971 580 1028 vitutis
603 968 838 1025 ofﬁcium
866 968 1056 1037 dignos
1082 964 1321 1036 digneris
1344 964 1574 1022 eﬁicere.
1597 962 1722 1019 Per.

463 1061 600 1116 Item
626 1059 832 1114 Oratio.
879 1056 1104 1121 Exaudi,
1136 1055 1380 1122 Domine,
1407 1062 1590 1111 sancte
1613 1054 1775 1110 Pater
1796 1052 1972 1109 omni-

388 1161 581 1222 potens
600 1157 799 1206 :eterne
827 1149 1001 1214 Deus,
1031 1148 1307 1204 orationes
1332 1154 1575 1212 nostras,
1612 1160 1748 1216 quas
1779 1144 1970 1216 pietati

389 1252 494 1298 ture
532 1239 807 1295 fundimus
852 1239 910 1295 in
958 1239 1277 1295 memoriam
1336 1254 1508 1294 sacra:
1557 1236 1964 1302 incarnationis,

388 1332 719 1397 nativitatis,
771 1331 1071 1404 passionis,
1138 1329 1586 1395 resurrectionis,
1634 1327 1970 1385 ascensionis

387 1424 601 1481 Domini
629 1424 802 1480 nostri
833 1421 962 1479 Jesu
990 1421 1213 1489 Christi,
1242 1422 1334 1493 qui
1363 1437 1463 1493 pro
1491 1421 1649 1477 nobis
1672 1420 1967 1485 incarnari,

388 1518 574 1582 nasci,
625 1516 801 1584 mori,
833 1526 1116 1588 resurgere
1139 1555 1154 1580 ,
1189 1515 1461 1585 coelosque
1503 1514 1824 1577 ascendere,
1871 1527 1969 1568 no-

385 1617 559 1664 stram
601 1624 699 1664 sua
744 1607 946 1663 virtute
990 1608 1362 1679 captivitatem
1411 1608 1614 1663 ducens
1657 1607 1966 1677 captivam,

384 1696 639 1769 dignatus
666 1705 778 1762 est;
808 1696 925 1766 ejus
951 1693 1341 1769 gubernatione
1361 1738 1375 1763 ,
1407 1698 1776 1768 protectione,
1810 1696 1971 1752 mise-

385 1791 641 1855 ricordia,
669 1804 700 1845 a
728 1790 940 1845 cunctis
968 1790 1278 1844 muniamur
1300 1788 1579 1845 diabolicae
1609 1788 1814 1844 fraudis
1836 1789 1967 1844 insi-

384 1880 507 1944 diis,
538 1880 631 1951 qui
667 1890 847 1936 tecum
885 1880 1017 1936 vivit
1063 1880 1116 1935 in
1144 1881 1351 1936 unitate
1394 1879 1629 1952 Spiritus
1669 1879 1840 1937 sancti
1870 1895 1968 1951 per

385 1969 716 2026 immortalia
738 1969 933 2027 saecula
960 1970 1301 2027 saeculorum.

417 2105 623 2163 FERIA
678 2106 843 2162 ΙΤΕΜ
900 2106 966 2164 Vl
1016 2106 1273 2164 ORATIO
1322 2105 1571 2163 SANCTI
1614 2104 1939 2164 CYPRIANI

978 2197 1356 2256 MARTYRIS.

456 2332 683 2388 Domine
714 2342 903 2390 sancte
926 2333 1090 2390 Pater
1119 2334 1303 2405 agios,
1345 2334 1411 2388 ad
1444 2341 1497 2387 te
1526 2334 1701 2390 levavi
1727 2332 1969 2389 animam

381 2436 579 2477 meam.
620 2422 764 2477 Deus
797 2437 981 2489 meus,
1031 2423 1154 2493 quis
1189 2424 1334 2477 enim
1363 2421 1538 2491 major
1560 2423 1648 2477 te?
1687 2421 1808 2478 Tibi
1846 2436 1971 2493 gra-

381 2513 488 2568 tias
514 2521 570 2567 οι
594 2511 810 2567 laudem
846 2511 1046 2568 refero.
1109 2512 1252 2567 Deus
1281 2512 1553 2566 Abraham
1573 2552 1589 2576 ,
1620 2511 1762 2567 Deus
1795 2510 1966 2576 Isaac,

385 2602 524 2657 Deus
548 2601 714 2656 Jacob
730 2642 745 2668 ,
797 2602 942 2657 Deus
967 2612 1184 2671 patrum
1210 2610 1519 2657 nostrorum
1538 2643 1554 2669 ,
1582 2604 1725 2657 Deus
1748 2611 1968 2673 aposto-

380 2692 581 2755 lorum,
630 2689 776 2745 Deus
804 2692 1211 2761 prophetarum,
1240 2691 1382 2747 Deus
1409 2700 1738 2764 martyrum;
1767 2693 1860 2763 qui
1886 2707 1969 2759 es,

380 2788 436 2835 ct
460 2781 553 2850 qui
578 2779 731 2836 fuisti
760 2790 887 2836 ante
917 2782 1103 2836 mundi
1126 2782 1588 2838 constitutionem.
1646 2782 1788 2839 Deus
1820 2783 1973 2838 vivo-

386 2885 524 2936 rum,
584 2880 844 2926 venturus
882 2871 1128 2942 judicare
1172 2872 1324 2929 vivos
1370 2880 1426 2928 et
1471 2881 1747 2939 mortuos,
1792 2873 1970 2944 quies

385 2961 526 3017 Deus
547 2977 743 3028 verax,
782 2964 873 3032 qui
898 2963 1054 3019 sedes
1088 2977 1252 3034 super
1280 2963 1591 3028 cherubim,
1630 2972 1686 3019 et
1704 2962 1970 3035 prospicis

374 3053 643 3125 abyssos:
691 3056 784 3126 qui
825 3056 976 3112 vides
1016 3064 1238 3121 cuncta,
1291 3056 1606 3126 priusquam
1646 3065 1963 3122 nascantur,
1994 3083 2040 3147 ο

378 3146 475 3217 qui
509 3146 677 3203 habes
701 3154 1029 3220 potestatem
1052 3146 1329 3213 occidam,
1379 3156 1436 3202 et
1476 3163 1688 3203 rursum
1720 3148 1970 3204 restitue-

381 3252 473 3304 re;
501 3239 592 3308 qui
635 3239 806 3293 habes
847 3247 1172 3309 potestatem
1218 3239 1284 3294 de
1318 3239 1471 3293 arido
1509 3237 1734 3293 viridem
1763 3236 1964 3294 facere.

380 3327 464 3382 Tu
490 3328 731 3382 omnium
771 3328 914 3384 Deus
942 3330 1271 3394 dominator,
1315 3329 1489 3384 libera
1528 3343 1615 3383 me
1642 3328 1710 3382 ab
1740 3329 1844 3384 hoc
1869 3344 1970 3383 saa-

374 3417 522 3474 culo.
563 3417 771 3473 Exaudi
798 3433 885 3473 me
905 3427 1172 3484 orantem,
1197 3419 1339 3474 sicut
1357 3418 1622 3473 exaudisti
1643 3417 1785 3474 ﬁlios
1802 3417 1968 3475 Israel

378 3506 451 3561 de
479 3514 624 3561 terra
652 3504 890 3577 (Egypti,
918 3514 973 3561 et
1002 3522 1108 3562 non
1136 3507 1237 3562 tibi
1255 3506 1618 3573 crediderunt,
1646 3522 1748 3563 nec
1767 3506 1969 3565 famqu

386 3604 479 3651 tuo
500 3594 687 3667 Moysi.
730 3594 824 3651 Vae
850 3596 1088 3666 peccatis
1115 3597 1250 3652 meis
1274 3596 1289 3650 ε
1320 3611 1444 3652 cum
1474 3603 1526 3652 te
1553 3596 1821 3653 levaveris
1840 3612 1968 3654 con-

383 3687 622 3759 fringere
665 3696 908 3751 terram;
959 3690 1059 3743 sub
1102 3702 1263 3759 quam
1295 3684 1547 3743 ﬁssuram
1573 3694 1854 3759 petrarum
1881 3705 1969 3746 me

376 3779 745 3835 absconsurus
791 3794 910 3834 sum
961 3787 1085 3835 ante
1129 3780 1383 3833 virtutem
1430 3781 1619 3834 tuam?
1668 3779 1770 3836 Cui
1796 3783 1967 3838 monti

382 3870 627 3927 dicturus
653 3886 795 3937 sum,
826 3873 959 3927 cade
983 3885 1148 3942 super
1180 3886 1266 3926 me
1292 3889 1305 3926 :
1342 3878 1399 3926 et
1421 3872 1509 3927 cui
1540 3871 1662 3928 colli
1682 3913 1698 3938 ,
1734 3880 1855 3944 tege
1879 3889 1967 3930 me

377 3968 509 4016 ante
555 3970 759 4017 metum
788 3960 1034 4027 Domini,
1074 3977 1197 4017 cum
1227 3969 1280 4015 te
1319 3962 1584 4019 levaveris
1628 3962 1968 4036 confringere

383 4052 625 4107 terram?
646 4052 822 4124 Rogo,
853 4053 1098 4120 Domine,
1124 4052 1346 4110 subveni
1377 4054 1529 4121 mihi,
1560 4063 1615 4111 et
1637 4057 1748 4111 noli
1770 4072 1965 4113 secun-

382 4145 509 4199 dum
550 4152 732 4201 actum
773 4159 952 4198 meum
986 4159 1073 4199 me
1090 4143 1376 4212 judicare:
1410 4146 1543 4201 nihil
1575 4148 1719 4203 enim
1747 4148 1800 4205 in
1830 4164 1969 4219 prat-

380 4238 554 4308 ceptis
581 4239 690 4294 tuis
713 4239 921 4308 paravi.
952 4237 1157 4293 Exaudi
1186 4253 1274 4294 me
1294 4248 1594 4311 rogantem.
1628 4239 1782 4296 Sicut
1802 4254 1967 4296 exau-

382 4329 508 4384 disti
536 4327 727 4384 Jonam
770 4328 838 4384 de
877 4336 1064 4384 ventre
1088 4329 1225 4396 ceti,
1259 4330 1339 4385 sic
1379 4331 1637 4387 cxaudias
1670 4346 1756 4387 me
1790 4340 1847 4388 et
1869 4331 1967 4402 eji-

1253 283 1314 337 n.
1354 282 1416 336 ιτ.
1447 277 1673 335 ALBlNl
1709 277 1839 334 seu
1865 244 2139 334 ALcu'iNt
2174 276 2458 333 omnum
2496 274 2675 332 rans
2712 274 2797 331 Iv.

1410 409 1699 466 Ειαυιιίνίι
1726 408 1792 463 de
1832 416 1968 463 lem-
1994 370 2043 452 Α
2071 387 2303 453 leonum,
2335 395 2392 444 et
2416 388 2613 444 misisti
2649 386 2901 441 Habacuc
2924 384 3239 457 prophetam
3256 424 3271 450 ,
3300 390 3355 439 et
3380 381 3564 439 attulit
3593 382 3647 438 ei

3534 267 3641 325 568

2068 478 2375 550 prandium,
2398 486 2454 534 et
2476 478 2649 533 dixit:
2679 472 2894 530 Prande
2916 475 3199 547 prandium
3225 473 3365 545 quod
3380 472 3477 527 tibi
3501 471 3650 527 mis-It

2068 567 2348 634 Dominus,
2397 567 2465 623 Et
2487 566 2623 622 dixit
2664 564 2855 620 Daniel
2897 583 2910 619 :
2964 563 3090 619 Non
3119 561 3361 634 relinquit
3386 560 3663 617 Bantinos

2067 669 2360 733 quwrentes
2406 674 2480 713 se.
2522 655 2731 712 Exaudi
2769 670 2857 711 me
2876 664 3157 721 orantem,
3211 653 3353 709 sicut
3377 650 3655 709 exaudiui

2071 752 2296 809 Tobiam
2321 761 2377 807 et
2407 750 2622 816 Saram,
2650 749 2776 804 dum
2802 742 3107 803 orarent‘in
3130 745 3269 800 atrio
3288 743 3652 800 domussuat

2072 854 2199 900 tunc
2216 841 2410 899 obtulit
2437 857 2538 914 pro
2583 841 2663 896 eis
2704 838 2945 909 Raphael
2979 836 3204 908 angelus
3227 835 3533 891 orationem
3558 847 3659 890 eo-

2070 948 2222 1002 rum;
2254 934 2335 991 sic
2353 932 2809 1004 exaudiaspreces
2830 944 3002 996 meas,
3026 936 3083 984 et
3102 926 3358 983 admittas
3380 925 3449 981 ad
3467 923 3656 981 solum

2069 1034 2314 1082 sanctam
2343 1032 2494 1078 tuam
2515 1022 2791 1079 orationes
2810 1033 2961 1075 meas
2982 1036 2997 1072 :
3030 1025 3087 1073 et
3104 1017 3443 1073 continenter
3461 1015 3661 1071 mittas

2070 1115 2322 1187 angelum
2351 1121 2504 1169 tuum
2528 1154 2544 1180 ,
2592 1112 2687 1184 qui
2715 1111 2896 1167 deleat
2918 1109 3168 1165 universa
3189 1106 3479 1163 commissa
3504 1120 3657 1173 mea,

2069 1207 2212 1263 sicut
2253 1205 2445 1261 delesti
2485 1202 2734 1275 spiritum
2758 1199 3095 1257 immundum
3137 1211 3168 1251 a
3197 1195 3357 1261 Sara,
3400 1194 3511 1250 θῦε
3543 1195 3662 1250 ﬂa—

2068 1298 2211 1371 guel.
2263 1297 2542 1354 lllumines
2579 1311 2676 1353 cor
2702 1309 2883 1351 meum
2907 1333 2925 1361 ,
2964 1292 3107 1348 sicut
3133 1288 3447 1346 illuminasti
3465 1287 3663 1345 oculos

2070 1392 2272 1450 Tobias.
2313 1391 2520 1449 Exaudi
2543 1402 2633 1447 me
2660 1396 2937 1454 orantem,
2965 1385 3107 1441 sicut
3150 1380 3419 1439 exaudisti
3450 1378 3662 1435 Susan—

2069 1502 2216 1555 nam,
2241 1495 2297 1543 et
2335 1486 2579 1542 liberasti
2622 1498 2742 1541 eam
2788 1482 2854 1539 de
2879 1479 3133 1536 manibus
3162 1477 3458 1551 seniorum,
3491 1475 3576 1532 sic
3601 1482 3662 1530 et

2070 1596 2157 1638 me
2192 1581 2392 1637 liberes
2429 1579 2498 1636 ab
2542 1580 2648 1634 hoc
2684 1575 2901 1641 saeculo,
2932 1574 3060 1645 quia
3081 1581 3142 1627 tu
3175 1585 3236 1626 es
3268 1577 3479 1625 amator
3500 1581 3659 1639 pura:

2070 1671 2430 1729 conscientiae.
2493 1669 2699 1725 Exaudi
2742 1682 2833 1724 me
2871 1670 3118 1722 orantem
3143 1702 3157 1730 ,
3206 1662 3349 1719 sicut
3386 1659 3657 1716 exaudiat!

2003 1741 2045 1802 Β
2071 1762 2360 1818 Ezechiam
2387 1774 2574 1833 regem
2596 1759 2769 1826 Judze,
2794 1766 2848 1815 et
2872 1756 3065 1814 delesti
3085 1753 3154 1809 ab
3186 1767 3251 1810 eo
3282 1752 3657 1809 inﬁmitatem

2068 1856 2281 1922 carnis;
2313 1854 2391 1911 sic
2418 1863 2475 1910 et
2509 1869 2539 1908 a
2564 1867 2653 1908 me
2686 1851 2905 1908 auferas
2931 1848 3300 1906 inﬁrmitatem
3327 1846 3577 1917 corporis
3601 1855 3661 1902 et

2068 1948 2286 2014 animae,
2309 1955 2366 2003 et
2389 1961 2590 2018 augeas
2614 1946 2747 2001 mihi
2779 1944 2962 2010 ﬁdem,
2992 1942 3136 1998 sicut
3158 1939 3356 1995 auxisti
3386 1939 3463 1994 illi
3484 1952 3662 1994 annos

2070 2054 2140 2097 xv
2169 2039 2238 2097 ad
2265 2040 2454 2095 vitam.
2482 2037 2707 2094 Liberes
2734 2051 2819 2093 me
2846 2036 2912 2092 de
2936 2035 3113 2091 medio
3138 2033 3316 2089 saeculi
3341 2032 3524 2104 hujus,
3546 2030 3658 2088 sic-

2068 2141 2130 2187 ut
2165 2130 2406 2188 liberasti
2453 2128 2706 2186 Theclam
2749 2128 2815 2184 de
2857 2126 3035 2182 medio
3069 2122 3179 2196 95
3214 2120 3657 2194 amphitheatro;

2069 2224 2152 2280 sic
2176 2224 2374 2279 liberes
2396 2236 2485 2278 me
2516 2220 2582 2277 de
2606 2219 2754 2275 omni
2783 2215 3101 2272 inﬁrmitate
3123 2213 3324 2270 carnis.
3362 2210 3442 2267 'l‘e
3470 2208 3661 2284 depre-

2069 2330 2186 2382 cor,
2219 2314 2402 2380 Patcr,
2436 2313 2609 2384 quiin
2633 2311 2741 2367 ﬁne
2776 2319 3079 2381 temporum
3114 2313 3575 2363 commemoratus
3602 2319 3664 2361 es

2069 2405 2265 2472 nostri,
2301 2405 2525 2461 mittens
2562 2402 2716 2459 nobis
2748 2400 2931 2457 Iesum
2966 2399 3248 2455 Christum
3282 2396 3476 2452 Filium
3504 2403 3666 2450 tuum

2069 2499 2360 2555 Dominum
2418 2495 2759 2553 Salvatorem
2804 2502 3048 2549 nostrum
3079 2534 3094 2559 ,
3153 2499 3336 2547 natum
3374 2505 3441 2545 ex
3485 2488 3667 2544 Maria

2070 2591 2285 2662 virgine
2326 2591 2393 2646 de
2426 2587 2634 2660 Spiritu
2675 2593 2897 2652 sancto,
2941 2583 3297 2639 annuntiante
3318 2579 3539 2666 Gabriel
3564 2594 3671 2635 an-

2071 2682 2211 2755 gelo,
2242 2694 2342 2751 per
2375 2692 2535 2751 quem
2559 2693 2659 2734 nos
2682 2676 2925 2732 liberasti
2952 2675 3019 2731 de
3054 2672 3293 2745 periculo
3329 2671 3521 2727 mortis
3560 2670 3673 2726 im-

2068 2764 2347 2833 minentis.
2388 2775 2456 2830 Et
2477 2783 2532 2831 te
2565 2774 2845 2845 deprecor,
2871 2770 2975 2827 Fili
2995 2771 3093 2827 Dei
3122 2770 3378 2836 viventis,
3409 2770 3503 2840 qui
3533 2767 3672 2826 feci-

2073 2866 2144 2923 sti
2175 2864 2443 2937 magnalia
2470 2865 2527 2919 in
2560 2862 2707 2920 Cana
2730 2861 2987 2928 Galilatas,
3012 2861 3079 2917 de
3102 2876 3243 2931 aqua
3272 2860 3461 2915 vinum
3482 2857 3674 2915 fecisti

2068 2966 2291 3027 propter
2317 2955 2520 3011 Israel:
2558 2956 2651 3033 qui
2681 2953 2840 3010 caecis
2872 2952 3057 3009 oculos
3092 2952 3373 3025 aperuisti,
3408 2952 3505 3021 qui
3542 2965 3673 3007 sur-

2069 3049 2198 3103 dum
2225 3047 2413 3103 audire
2447 3045 2653 3111 fecisti,
2699 3046 2790 3116 qui
2817 3045 3142 3117 paralyticos
3176 3044 3244 3099 ad
3283 3059 3383 3099 sua
3414 3044 3673 3099 membra

2070 3140 2357 3206 revocasti,
2402 3138 2616 3211 linguas
2645 3137 2920 3193 blesorum
2955 3136 3218 3194 dremonio
3241 3145 3473 3192 vexante
3506 3151 3678 3191 sana-

2067 3233 2156 3299 sti,
2192 3232 2414 3289 claudos
2447 3246 2667 3288 currere
2697 3230 2876 3288 fecisti
2923 3230 3073 3287 velut
3117 3244 3339 3295 cervos,
3377 3230 3680 3286 mulierem

2065 3323 2316 3396 proﬁuxu
2364 3324 2646 3396 sanguinis
2695 3323 2974 3389 liberasti,
3037 3330 3284 3379 mortuos
3341 3322 3631 3379 suscitasti
3658 3363 3675 3388 ,

2067 3432 2231 3489 super
2274 3432 2471 3488 aquam
2512 3418 2741 3488 pedibus
2795 3417 3084 3474 ambulasti
3128 3434 3143 3472 :
3195 3417 3289 3488 qui
3336 3432 3488 3472 mare
3537 3415 3677 3472 fun-

2066 3510 2236 3574 dasti,
2298 3518 2355 3565 et
2407 3510 2667 3565 terminos
2724 3510 2774 3566 ei
2824 3510 3126 3581 imposuisti
3194 3510 3251 3565 in
3304 3518 3395 3565 tua
3432 3509 3671 3564 virtute.

2065 3603 2142 3659 'l‘e
2171 3602 2454 3673 deprecor,
2490 3600 2592 3656 Fili
2615 3599 2710 3656 Dei
2754 3601 2897 3668 vivi,
2945 3609 3166 3671 propter
3204 3600 3459 3655 universa
3506 3615 3674 3655 com-

2066 3693 2231 3748 missa
2280 3705 2401 3746 mea
2425 3732 2442 3757 ,
2498 3690 2591 3761 qui
2647 3706 2707 3746 es
2744 3691 2797 3745 in
2842 3691 2997 3747 caelis
3036 3690 3208 3745 Filius
3247 3691 3300 3745 in
3339 3690 3532 3755 Patre,
3560 3687 3681 3745 Pa-

2068 3790 2150 3841 ter
2177 3784 2231 3839 in
2281 3791 2334 3839 te
2364 3783 2728 3854 sempiterno;
2779 3782 2872 3851 qui
2901 3779 3059 3837 sedes
3097 3796 3261 3852 super
3292 3779 3571 3836 cherubim
3620 3788 3682 3837 et

2066 3874 2363 3946 seraphim,
2393 3874 2574 3930 sedem
2612 3872 2839 3929 honoris
2875 3874 2975 3929 tui.
3008 3872 3130 3939 Tibi
3163 3873 3427 3929 assistunt
3443 3867 3681 3945 angeli,

2066 3981 2322 4022 numerus
2348 3963 2769 4029 inaestimabilis,
2814 3963 3072 4021 timentes
3101 3971 3156 4020 et
3190 3972 3451 4036 paventes
3475 3964 3674 4022 hono-

2066 4073 2181 4113 rem
2226 4066 2284 4114 et
2311 4058 2569 4112 virtutem
2606 4063 2753 4111 tuam
2782 4097 2797 4123 ,
2829 4055 3129 4111 clamantes
3175 4071 3309 4112 voce
3345 4071 3574 4128 magna,
3618 4066 3685 4115 et

2066 4150 2308 4208 dicentes
2345 4169 2356 4204 :
2392 4148 2642 4215 Sanctus,
2672 4157 2913 4215 sanctus,
2952 4158 3167 4203 sanctus
3194 4146 3477 4214 Dominus,
3514 4147 3679 4205 Deus

2067 4239 2323 4297 Sabaoth.
2359 4238 2441 4294 Tu
2475 4239 2590 4310 ipse
2617 4238 2898 4293 nobiscum
2931 4245 3315 4297 testamentum
3355 4236 3567 4305 fecisti,
3617 4248 3682 4295 et

2064 4329 2225 4402 paulo
2249 4338 2372 4401 post
2394 4328 2585 4386 dixisti
2615 4347 2629 4383 :
2669 4325 2844 4385 Petite
2870 4338 2921 4385 et
2938 4329 3226 4402 accipietis,
3256 4328 3476 4401 qumrite
3502 4338 3552 4383 et
3574 4330 3677 4384 in-

376 4420 497 4476 cias
521 4435 608 4476 me
628 4420 694 4475 de
721 4428 892 4475 morte
909 4420 977 4474 ad
1000 4419 1187 4473 vitam.
1230 4418 1384 4475 Sicut
1405 4419 1653 4475 Ninivita:
1676 4420 1966 4477 induerunt
1994 4435 2041 4498 υ
2067 4421 2303 4486 venietis,
2345 4420 2550 4491 pulsate
2593 4428 2643 4475 et
2683 4421 2951 4491 aperietur
2992 4419 3154 4475 vobis.
3227 4417 3598 4491 Quodcunque
3640 4438 3680 4475 ts

382 4512 622 4567 cinerem
651 4521 707 4566 et
733 4510 990 4575 cilicium,
1032 4518 1089 4566 et
1112 4510 1486 4579 pmnitentiam
1511 4518 1768 4582 egerunt,
1817 4513 1889 4567 ita
1912 4522 1968 4568 et

378 4613 484 4671 ego
504 4601 887 4673 exhomogesin
917 4599 1124 4656 faciens
1147 4606 1273 4655 ante
1304 4608 1657 4671 conspectum
1687 4610 1839 4657 tuum
1867 4618 1969 4675 pro

381 4692 653 4749 universis
690 4694 930 4764 peccatis
954 4694 1111 4760 meis,
1152 4693 1247 4765 qui
1275 4708 1335 4749 es
1377 4702 1589 4749 amator
1608 4694 1963 4766 paenitentiae,

380 4784 646 4843 miserere
672 4786 798 4841 mei.
841 4785 947 4841 Sed
987 4794 1044 4841 et
1085 4785 1255 4842 David
1279 4786 1444 4842 dicit:
1473 4786 1717 4851 Domine,
1746 4798 1969 4857 propter

380 4891 580 4934 nomen
626 4884 778 4930 tuum
822 4876 942 4932 dele
982 4885 1264 4947 peccatum
1290 4892 1503 4943 meum;
1550 4884 1606 4934 et
1643 4893 1743 4949 ego
1776 4877 1968 4948 deprc-

380 4984 515 5026 cans
545 4965 883 5035 maiestatem
921 4974 1071 5021 tuam
1096 4986 1108 5021 :
1135 4967 1255 5023 dele
1289 4968 1540 5024 universa
1568 4977 1791 5039 peccata
1817 4983 1962 5025 mea.

380 5058 591 5116 Exaudi
632 5073 720 5114 me
766 5065 1013 5113 orantem
1054 5058 1193 5114 sicut
1224 5058 1494 5115 exaudisti
1542 5068 1653 5114 tres
1677 5073 1874 5129 pueros
1898 5060 1966 5114 de

381 5152 597 5207 camino
622 5150 797 5220 ignis,
827 5149 1093 5204 Ananiam
1114 5190 1130 5215 ,
1185 5147 1437 5203 Azariam
1457 5191 1471 5215 ,
1504 5149 1684 5205 Misael
1723 5168 1735 5203 :
1767 5157 1823 5204 ct
1865 5149 1967 5203 mi-

380 5243 501 5298 sisti
535 5241 786 5315 angelum
816 5250 969 5297 tuum
997 5255 1122 5297 cum
1153 5240 1339 5297 nimbo
1376 5241 1535 5298 roris.
1586 5239 1856 5311 Confusus
1881 5250 1967 5297 est
1994 5269 1999 5277 -

383 5333 883 5391 Nabuchodonosor
926 5334 1250 5405 praepositus
1297 5335 1480 5406 regni,
1527 5334 1784 5405 quoniam
1824 5340 1881 5388 tu
1906 5350 1966 5391 es

382 5425 496 5481 Rex
522 5426 884 5497 regnantium,
906 5434 964 5481 et
981 5425 1243 5483 Dominus
1265 5427 1678 5493 dominantium,
1707 5426 1799 5497 qui
1819 5426 1966 5482 solus

381 5518 553 5573 habes
607 5519 1109 5584 immortalitatem,
1167 5524 1226 5573 et
1284 5517 1459 5573 lucem
1516 5516 1962 5582 inaccessibilem,

384 5620 543 5675 quem
562 5617 721 5661 nemo
746 5608 1024 5664 hominum
1048 5608 1213 5671 videt,
1236 5618 1336 5660 nec
1356 5606 1541 5662 videre
1563 5617 1757 5678 potest.
1788 5607 1967 5663 Exau-

385 5697 439 5758 di
486 5712 573 5753 mc
614 5705 885 5766 orantem,
922 5698 1065 5754 sicut
1105 5697 1374 5755 exaudisti
1414 5697 1690 5755 Danielem
1735 5699 1801 5756 de
1843 5699 1965 5757 lacu

2069 4512 2233 4568 Patre
2273 4529 2387 4567 meo
2412 4512 2665 4584 petieritis
2696 4513 2750 4567 in
2790 4512 2999 4567 nomine
3025 4528 3163 4578 meo,
3213 4512 3503 4583 accipietis.
3550 4511 3680 4584 Ego

2065 4604 2281 4660 Patrem
2304 4612 2450 4673 peto,
2482 4610 2542 4659 ut
2563 4603 2860 4674 accipiam;
2891 4617 2990 4675 ego
3010 4618 3226 4673 quaero,
3259 4611 3319 4658 ut
3348 4603 3668 4671 inveniam;

2066 4709 2167 4766 ego
2198 4692 2388 4765 pulso,
2432 4702 2495 4749 ut
2528 4694 2805 4766 aperiatur
2847 4694 3001 4749 mihi.
3059 4693 3174 4765 Ego
3220 4694 3275 4748 in
3310 4700 3402 4748 tuo
3432 4695 3672 4751 nomine

2064 4793 2214 4856 peto,
2244 4793 2306 4840 ut
2353 4794 2410 4841 tu
2451 4785 2670 4841 Patrem
2698 4794 2880 4857 petas,
2914 4794 2969 4842 et
3001 4785 3156 4842 detur
3184 4786 3316 4840 mihi
3341 4786 3525 4841 venia.
3558 4786 3677 4843 Pa-

2066 4884 2222 4932 ratus
2247 4890 2367 4933 sum
2387 4884 2610 4949 propter
2644 4892 2839 4933 nomen
2878 4884 3030 4934 tuum
3062 4877 3343 4932 victimam
3375 4878 3677 4947 sanguinis

2065 4968 2291 5026 fundere
2309 5010 2325 5038 ,
2371 4977 2426 5026 et
2473 4971 2833 5042 quodcunque
2867 4977 3198 5027 tormentum
3236 4971 3530 5029 sustinere.
3571 4971 3673 5028 Tu

2065 5076 2125 5116 es
2147 5060 2362 5131 adjutor
2386 5076 2562 5128 meus,
2601 5061 2854 5119 defensor
2879 5078 3061 5127 meus,
3094 5060 3324 5118 defende
3356 5062 3427 5119 ab
3464 5062 3681 5119 adver-

2065 5151 2212 5208 sario
2251 5152 2489 5208 animam
2534 5166 2732 5208 meam.
2802 5152 3042 5225 Angelus
3088 5160 3213 5208 tuus
3239 5152 3375 5208 lucis
3408 5160 3682 5226 protegat

2064 5258 2171 5310 me,
2199 5244 2457 5315 quoniam
2477 5252 2535 5299 tu
2561 5244 2744 5301 dixisti
2768 5259 2783 5299 :
2803 5242 2958 5311 Quod
2984 5244 3252 5300 credentes
3280 5243 3539 5315 petieritis
3561 5259 3685 5315 per

2065 5335 2381 5403 orationem,
2422 5335 2638 5391 dabitur
2680 5336 2843 5391 vobis.
2886 5334 3077 5391 Omnis
3102 5337 3265 5392 homo
3290 5333 3559 5401 mendax;
3602 5342 3683 5394 tu

2065 5427 2214 5484 solus
2239 5442 2425 5484 verax.
2459 5425 2613 5483 Sicut
2636 5436 2695 5483 tu
2722 5414 3103 5498 repromisisti,
3135 5432 3457 5498 potestatem
3484 5425 3681 5486 habes

2064 5520 2214 5575 dare.
2251 5520 2508 5587 Domine,
2545 5520 2723 5577 revela
2767 5520 2901 5577 mihi
2939 5529 3336 5577 sacramentum
3363 5527 3515 5575 tuum
3541 5533 3681 5578 cae-

2063 5612 2219 5680 leste,
2249 5620 2309 5667 ut
2332 5612 2525 5684 dignus
2560 5613 2662 5668 sim
2697 5613 2890 5669 faciem
2925 5621 3236 5669 sanctorum
3261 5622 3479 5669 tuorum
3508 5612 3677 5671 vide-

2064 5717 2144 5759 re.
2222 5701 2457 5773 Spiritus
2503 5712 2723 5761 sanctus
2771 5704 2825 5759 in
2880 5720 2968 5761 me
3013 5712 3269 5774 operetur
3317 5702 3670 5759 voluntatem
