3894 6182
349 247 450 304 57]
1205 253 1266 310 Β.
1301 255 1364 310 F.
1404 256 1633 313 ALBINI
1671 254 1803 313 SEU
1843 256 2121 315 ALCUINI
2157 258 2447 318 OPERUM
2483 260 2666 321 PARS
2704 260 2796 319 ιν.
3518 268 3627 325 572

418 382 557 425 χχιι.
590 364 657 421 Et
682 361 984 436 benignitas
1021 373 1079 423 et
1114 365 1487 424 misericordia
1516 376 1607 423 tua
1634 370 1935 440 subsequa—
1960 374 2008 433 A
2037 387 2203 428 unum
2224 388 2293 430 ex
2319 375 2400 432 eis
2419 392 2527 434 non
2550 376 2939 447 eonfringetur.
2961 375 3213 436 Redimet
3230 379 3493 439 Dominus
3505 387 3630 441 ani-

347 466 439 512 tur
466 471 557 513 me
576 455 830 512 omnibus
850 455 1040 513 diebus
1065 457 1211 512 vitae.
2036 479 2157 523 mas
2184 479 2466 524 servorum
2491 482 2736 523 suorum.

418 564 579 605 χχιιι.
615 547 685 607 Et
708 547 970 617 accipiam
994 548 1426 609 benedictionem
1454 568 1488 608 a
1516 551 1767 608 Domino.
2103 570 2292 611 xxxiv.
2321 555 2536 623 iudica,
2564 557 2792 614 Domine
2809 596 2824 625 ,
2852 559 3192 618 adversarios
3214 577 3404 631 meos;
3442 580 3627 638 pugna

416 655 569 697 xxiv.
595 638 680 695 Ad
705 647 761 697 te
780 680 797 707 ,
822 638 1082 707 Domine,
1130 641 1372 697 animam
1414 658 1592 699 meam
1620 643 1759 700 levo.
1804 645 1934 703 Viae
2031 654 2223 703 contra
2252 648 2631 720 impugnantes
2657 665 2765 706 me.
2792 651 3148 725 Apprebende
3188 663 3407 712 sentum
3438 667 3495 714 et
3518 661 3629 715 ba—

344 737 487 796 tuas,
503 729 768 796 ‘Domine,
789 728 1017 785 ostende
1055 730 1227 786 mihi:
1267 739 1325 789 et
1368 730 1594 789 semitas
1636 741 1758 790 tuas
1799 735 1934 791 doce
2029 746 2194 806 stam,
2245 747 2304 795 et
2343 754 2611 811 consurge
2652 741 2713 797 in
2758 743 3017 798 auxilium
3064 759 3266 802 meum.
3296 747 3397 804 Dic
3427 750 3629 807 animas

344 837 457 878 me.
491 820 677 879 Dedue
702 835 791 877 me
816 821 873 876 in
899 821 1128 878 veritate
1157 829 1271 889 tua,
1297 822 1432 879 doce
1460 838 1581 889 me,
1626 825 1754 897 quia
1788 833 1844 881 tu
1870 840 1933 882 es
2028 844 2185 895 meae,
2215 829 2364 888 salus
2396 838 2489 891 tua
2532 847 2634 904 ego
2676 849 2821 889 sum.
2848 833 3044 890 Anima
3072 846 3256 893 autem
3286 853 3408 895 mea
3435 843 3627 897 ειωι-

344 916 490 973 Deus
514 914 765 973 Salvator
802 928 976 970 meus.
1004 912 1360 971 Peccatorum
1388 915 1766 975 adolescentiae
1794 932 1930 973 mea:
2030 919 2169 977 tabit
2195 920 2252 976 in
2277 921 2527 991 Domino,
2554 931 2611 980 et
2637 924 2909 983 laetabitur
2931 926 2986 981 in
3019 927 3196 984 salute
3221 945 3341 985 sua.
3379 931 3625 989 Confite-

343 1013 401 1062 et
424 1004 693 1062 scelerum
733 1018 1002 1061 meorum.
1021 1019 1092 1060 ne
1120 1005 1454 1063 memineris.
1488 1005 1797 1064 Secundum
1822 1008 1927 1064 mi-

342 1096 696 1154 sericordiam
753 1103 904 1152 tuam
950 1098 1237 1154 recordare
1279 1099 1406 1155 mei.
1456 1099 1686 1172 Propter
1730 1117 1928 1159 nomen

344 1198 494 1243 tuum
513 1187 809 1259 propitiare
828 1188 1103 1261 iniquitati
1125 1207 1281 1260 mem,
1300 1194 1557 1264 quoniam
1580 1196 1802 1267 grandis
1818 1207 1923 1255 est.

342 1277 571 1347 Respice
598 1277 653 1333 in
693 1293 813 1346 me,
844 1287 901 1336 et
928 1281 1189 1339 miserere
1216 1284 1359 1339 mei:
1392 1285 1458 1341 de
1487 1287 1750 1358 angustiis
1789 1290 1929 1346 meis

339 1367 478 1423 educ
502 1382 609 1423 me.
655 1368 790 1426 Vide
819 1368 1163 1428 atllictionem
1195 1388 1373 1432 meam
1395 1416 1412 1441 ,
1455 1384 1513 1433 et
1553 1386 1708 1446 porta
1743 1378 1926 1435 omnia

337 1466 559 1526 peccata
586 1472 724 1516 mea.
754 1458 975 1519 Custodi
1000 1463 1241 1521 animam
1273 1481 1475 1534 meam,
1503 1476 1557 1525 et
1583 1468 1756 1527 libera
1794 1486 1901 1529 me.

407 1568 517 1639 97
548 1585 675 1625 xxv.
700 1571 947 1639 Domine,
976 1573 1143 1631 dilexi
1171 1576 1538 1634 habitaculum
1576 1580 1771 1636 domus
1799 1589 1923 1638 tum.

339 1656 418 1713 Ne
444 1658 661 1716 auferas
682 1676 804 1717 eum
824 1666 1203 1734 peccatoribus
1221 1667 1461 1725 animam
1485 1686 1697 1728 meam:
1721 1674 1925 1732 redime

338 1761 450 1815 me,
477 1756 534 1805 et
557 1749 818 1807 miserere
845 1754 971 1809 mei.

406 1855 558 1896 xxvi.
589 1840 850 1900 Dominus
870 1844 967 1901 lux
992 1860 1138 1915 mea,
1165 1856 1223 1905 et
1252 1849 1497 1908 salutare
1515 1866 1731 1920 meum,
1760 1869 1922 1926 quem

335 1932 577 1988 timebo?
610 1932 778 2001 Audi,
811 1934 1073 2005 Domine,
1122 1953 1312 1995 vocem
1351 1956 1529 1998 meam
1577 1942 1919 2002 invocantis:

333 2023 595 2079 miserere
631 2024 771 2090 mei,
821 2033 879 2081 et
910 2027 1108 2084 exaudi
1137 2045 1246 2086 me.
1286 2030 1369 2088 Ne
1390 2031 1697 2091 abscondas
1726 2036 1920 2093 faciem

334 2119 483 2167 tuam
508 2127 538 2167 a
563 2127 671 2180 me,
698 2130 768 2171 ne
794 2115 1033 2174 declines
1056 2118 1113 2173 in
1140 2119 1326 2177 furore
1351 2136 1383 2176 a
1417 2137 1577 2178 servo
1611 2132 1724 2180 tuo.
1754 2125 1923 2182 Auxi-

329 2201 465 2257 lium
490 2218 673 2261 meum
700 2204 874 2273 fuisti,
906 2222 978 2264 ne
1002 2209 1351 2281 derelinquas
1371 2227 1480 2280 me,
1503 2223 1559 2270 et
1584 2231 1654 2272 ne
1677 2216 1921 2276 dimittas

331 2307 454 2359 me,
500 2293 645 2352 Deus
689 2296 941 2355 Salvator
982 2315 1157 2357 meus.
1187 2303 1425 2360 Ostende
1466 2306 1624 2374 mihi,
1670 2308 1916 2377 Domine,

330 2383 474 2439 viam
502 2392 681 2454 tuam,
711 2395 769 2443 et
805 2388 980 2446 deduc
1007 2405 1097 2446 me
1136 2391 1194 2447 in
1237 2393 1431 2450 semita
1477 2405 1655 2463 recta,
1696 2406 1921 2470 propter

330 2474 679 2532 insidiatores
720 2493 891 2534 meos.
944 2480 1023 2535 Ne
1051 2482 1236 2539 tradas
1276 2499 1383 2547 me,
1417 2484 1678 2551 Domine,
1722 2488 1919 2544 anima:

328 2563 702 2621 tribulantium
746 2583 853 2624 me.
893 2569 1007 2641 Ego
1049 2579 1228 2628 autem
1276 2574 1472 2639 credo,
1518 2576 1666 2667 quod
1703 2578 1913 2636 videam

324 2650 469 2710 bona
489 2655 704 2710 Domini
732 2657 789 2712 in
812 2664 960 2715 terra
988 2660 1307 2717 viventium.

399 2782 570 2822 xxvn.
600 2767 764 2836 Audi,
794 2770 1039 2838 Domine,
1071 2773 1510 2847 deprecationem
1546 2792 1723 2837 rneam
1742 2822 1758 2847 ,
1789 2796 1912 2838 cum

322 2859 629 2917 ciamavero
660 2863 728 2918 ad
765 2870 835 2918 te.
864 2863 944 2920 Ne
969 2867 1152 2923 tradas
1190 2883 1278 2924 me
1302 2884 1426 2926 cum
1464 2869 1678 2942 impiis,
1704 2881 1910 2930 etcum

322 2953 678 3022 operantibus
713 2955 1077 3026 iniquitatem.

394 3059 585 3100 χχι-ιιι.
617 3044 876 3102 Dominus
901 3043 1163 3104 fortitudo
1191 3062 1341 3115 mea,
1371 3057 1428 3106 et
1462 3057 1674 3108 scutum
1701 3068 1904 3109 meum.
1935 3078 1981 3145 α

321 3136 557 3191 Adorate
581 3134 871 3193 Dominum
893 3138 949 3193 in
978 3138 1175 3197 decore
1200 3150 1406 3198 sancto.

393 3241 544 3281 χχιχ.
574 3225 734 3294 Audi,
772 3227 1017 3296 Domine,
1064 3239 1120 3291 et
1164 3233 1425 3289 miserere
1470 3234 1597 3289 mei.
1645 3234 1905 3301 Domine,

320 3326 441 3372 esto
469 3317 706 3387 adiutor,
746 3326 809 3373 ut
835 3319 1019 3377 laudet
1048 3330 1099 3377 te
1128 3323 1316 3394 gloria,
1358 3333 1541 3381 etnon
1572 3334 1767 3382 taceat.
1798 3328 1905 3384 Do-

322 3412 467 3465 mine
489 3411 631 3468 Deus
656 3427 833 3482 meus,
869 3415 924 3471 in
954 3419 1345 3488 sempiternum
1370 3423 1671 3480 conﬁtebor
1694 3425 1814 3481 tibi.

392 3517 521 3557 xxx.
571 3504 628 3559 in
672 3512 746 3573 te,
792 3506 1038 3575 Domine,
1071 3513 1322 3581 speravi,
1370 3529 1480 3570 non
1508 3517 1808 3573 confundar
1849 3520 1905 3574 in

318 3600 625 3648 mtemum:
665 3595 720 3651 in
741 3595 955 3667 justitia
1000 3608 1092 3655 tua
1139 3602 1286 3658 salva
1326 3619 1433 3660 me.
1475 3606 1677 3663 Inclina
1706 3611 1775 3665 ad
1819 3625 1905 3666 me

314 3678 506 3738 aurem
534 3691 698 3752 tuam,
726 3687 988 3745 velociter
1012 3689 1187 3747 libera
1215 3710 1332 3749 me:
1366 3695 1493 3766 quia
1512 3706 1666 3768 petra
1688 3715 1825 3765 mea,
1849 3711 1907 3756 et

316 3775 547 3833 munitio
576 3792 695 3834 mea
721 3788 778 3835 tu
806 3795 886 3837 es.
917 3780 978 3837 In
1004 3798 1169 3840 manu
1198 3793 1288 3841 tua
1316 3791 1636 3846 commendo
1655 3792 1902 3862 spiritum

317 3880 520 3922 meum.
561 3868 619 3923 In
656 3886 819 3926 manu
862 3880 953 3928 tua
998 3882 1241 3947 tempora
1287 3894 1427 3935 mea.
1472 3880 1668 3938 Libera
1710 3900 1796 3940 me
1834 3886 1901 3942 de

316 3972 479 4013 manu
524 3958 863 4018 inimicorum
905 3980 1172 4035 meorum,
1218 3976 1274 4023 et
1314 3973 1751 4041 persequentium
1789 3990 1896 4031 me.

314 4045 548 4105 Ostende
575 4049 770 4107 faciem
798 4062 944 4111 tuam
966 4072 1131 4127 super
1157 4073 1375 4117 servum
1404 4069 1554 4118 tuum
1577 4104 1593 4131 ,
1629 4065 1776 4120 salva
1811 4082 1900 4122 me

314 4140 371 4194 in
400 4142 773 4201 misericordia
800 4155 913 4203 tua.

383 4247 535 4285 XXXI.
564 4232 780 4304 Beatus,
811 4238 895 4293 cui
919 4240 1140 4298 dimissa
1162 4253 1245 4300 est
1282 4246 1560 4318 iniquitas,
1587 4260 1641 4306 et
1664 4252 1893 4310 abscon-

308 4320 481 4376 ditum
510 4330 594 4378 est
630 4335 934 4394 peccatum.
976 4328 1266 4389 Peccatum
1308 4352 1486 4393 meum
1529 4349 1714 4395 notum
1754 4342 1894 4400 facio

2027 1011 2130 1069 bor
2156 1013 2254 1069 tibi
2274 1013 2331 1071 in
2352 1013 2592 1073 EwIesia
2612 1015 2826 1086 grandi,
2849 1026 2908 1074 et
2923 1017 3105 1090 lingua
3125 1033 3247 1076 mea
3264 1022 3626 1081 meditabitur

2020 1103 2305 1175 justitiam
2320 1113 2494 1173 tuam,
2531 1115 2645 1163 tota
2669 1107 2758 1163 die
2780 1107 2996 1167 laudem
3021 1115 3194 1166 tuam.

2064 1248 2073 1259 κ
2098 1210 2261 1250 xxxv.
2280 1195 2529 1263 Domine,
2544 1197 2601 1254 in
2618 1198 2758 1256 emlo
2772 1200 3146 1258 misericordia
3168 1208 3279 1258 tua.
3298 1203 3475 1271 Quam
3496 1221 3625 1277 pre-

2027 1286 2171 1345 tiosa
2199 1296 2285 1344 est
2312 1288 2685 1346 misericordia
2709 1299 2825 1358 tua,
2852 1292 3109 1349 Domine!
3139 1293 3406 1361 Quoniam
3436 1305 3621 1354 tecum
3686 1355 3699 1367 _

2025 1386 2110 1433 est
2149 1377 2271 1435 fons
2306 1379 2465 1447 vitas,
2512 1388 2570 1437 et
2604 1381 2666 1438 in
2708 1383 2927 1440 lumine‘
2941 1393 3034 1440 tuo
3062 1386 3371 1444 videbimus
3404 1388 3615 1451 lumen.

2023 1466 2253 1526 Attrabe
2290 1469 2719 1528 misericordiam
2759 1480 2909 1529 tuam
2936 1475 3233 1533 scientibus
3266 1486 3351 1544 te,
3377 1487 3432 1534 et
3447 1479 3623 1552 justi-

2024 1561 2158 1616 tiam
2189 1569 2335 1619 tuam
2365 1563 2529 1621 rectis
2551 1566 2735 1622 corde.
2765 1566 2884 1623 Non
2907 1569 3092 1625 veniat
3118 1571 3251 1627 mibi
3289 1587 3389 1642 pes
3411 1589 3617 1645 super-

2024 1648 2148 1719 biae,
2175 1657 2232 1709 et
2256 1667 2449 1709 manus
2474 1653 2765 1726 impiorum
2788 1671 2896 1713 non
2924 1673 3012 1715 me
3034 1671 3403 1719 commoveat.—

1950 1720 2002 1783 B
2094 1758 2282 1799 xxxvi.
2311 1744 2453 1802 Puer
2476 1720 2586 1813 fui',
2625 1747 2895 1819 siquidem
2939 1752 3136 1807 senui:
3174 1761 3231 1809 et
3254 1769 3368 1809 non
3390 1754 3502 1812 vidi
3524 1754 3617 1825 ju-

2024 1841 2169 1889 stum
2192 1834 2530 1895 derelictum.
2557 1836 2693 1906 Quia
2728 1839 2995 1901 Dominus
3030 1843 3202 1915 diligit
3231 1843 3527 1914 judicium,
3558 1856 3619 1903 et

2023 1941 2133 1985 non
2157 1926 2496 1999 derelinqnet
2524 1938 2743 1988 sanctos
2762 1947 2913 1989 suos.
2950 1933 3012 1991 in
3051 1942 3315 1993 aeternum
3355 1938 3614 1995 eustoditi

2021 2021 2168 2083 sunt,
2197 2025 2255 2075 et
2281 2018 2632 2077 auxiliabitur
2650 2023 2733 2078 eis
2756 2021 3037 2082 Dominus.

2092 2121 2300 2165 xxxvn.
2329 2108 2574 2179 Domine,
2624 2128 2693 2168 ne
2741 2113 2797 2169 in
2825 2114 2905 2169 ira
2938 2122 3030 2171 tua
3069 2132 3267 2189 arguas
3290 2134 3402 2186 me,
3433 2135 3614 2190 neque

2021 2195 2079 2251 in
2107 2196 2292 2255 furore
2318 2208 2411 2257 tuo
2433 2202 2697 2274 corripias
2723 2220 2833 2260 me.
2860 2206 2936 2262 'l‘e
2956 2207 3120 2275 enim,
3139 2208 3384 2276 Domine,
3412 2228 3613 2283 exspe-

2020 2286 2233 2343 ctabam
2260 2307 2274 2343 :
2315 2297 2372 2344 tu
2399 2292 2673 2358 exaudies,
2704 2293 2931 2352 Domine
2958 2296 3101 2354 Deus
3137 2315 3309 2357 meus.
3349 2302 3486 2369 Quia
3514 2319 3610 2359 se-

2018 2378 2226 2449 quebar
2252 2381 2490 2451 bonum,
2534 2401 2604 2441 ne
2648 2386 2992 2460 derelinquas
3036 2406 3141 2447 me.
3187 2393 3414 2451 Domine
3460 2395 3611 2451 Deus

2014 2483 2188 2536 meus,
2220 2486 2288 2526 ne
2312 2473 2580 2545 elongeris
2602 2492 2632 2531 a
2662 2493 2781 2533 me:
2814 2478 3009 2536 festina
3036 2483 3091 2537 in
3119 2484 3378 2541 auxilium
3398 2502 3607 2555 meum,

2014 2557 2241 2617 Domine
2270 2564 2461 2621 salutis
2494 2582 2649 2624 meae.

2084 2666 2314 2708 xxxvm.
2345 2654 2680 2714 Prmstolatio
2706 2674 2850 2728 mea,
2883 2669 2938 2717 tu
2972 2679 3053 2731 es,
3101 2662 3171 2719 ab
3200 2667 3452 2724 omnibus
3489 2667 3605 2725 ini-

2013 2741 2311 2811 quitatibus
2341 2747 2476 2803 meis
2504 2747 2675 2805 libera
2700 2766 2805 2808 me.
2832 2752 3193 2825 Opprobrium
3222 2758 3387 2814 stulto
3412 2774 3480 2817 ne
3506 2776 3607 2832 po-

2009 2846 2110 2893 nas
2139 2852 2247 2904 me,
2270 2838 2397 2896 tolle
2425 2856 2456 2896 a
2482 2857 2569 2898 me
2596 2843 2782 2917 plagas
2807 2855 2949 2904 tuas.

2080 2947 2267 2989 xxxix.
2282 2933 2615 3006 Exspectans
2639 2930 2947 3011 exspectavi
2969 2942 3271 3014 Dominum,
3288 2957 3341 3003 et
3370 2949 3606 3006 inclina-

2009 3031 2100 3081 tus
2127 3036 2211 3081 est
2233 3028 2301 3082 ad
2337 3042 2442 3083 me.
2470 3028 2537 3084 Et
2557 3031 2762 3086 audivit
2786 3032 3076 3091 clamorem
3113 3053 3309 3105 meum,
3340 3040 3599 3113 Domine,

2012 3116 2080 3171 ad
2109 3115 2467 3186 adjuvandum
2494 3136 2582 3176 me
2620 3121 2837 3179 festina.
2883 3123 3164 3183 Gaudeant
3207 3140 3262 3185 et
3302 3129 3599 3203 lzetentur,

2008 3206 2102 3277 qui
2130 3218 2377 3279 quarunt
2408 3219 2480 3280 te,
2507 3213 2764 3269 auxilium
2793 3233 2974 3274 meum
2997 3228 3053 3275 et
3076 3220 3311 3279 salutare
3335 3240 3518 3281 meum
3540 3234 3604 3286 tu

2007 3310 2089 3365 es,
2128 3296 2269 3355 Deus
2298 3316 2469 3368 meus,
2506 3319 2574 3357 ne
2601 3306 2851 3363 moreris.

2075 3389 2190 3461 98
2222 3407 2311 3446 χι.
2346 3392 2459 3464 Ego
2484 3393 2618 3462 dixi,
2649 3396 2907 3466 Domine,
2960 3401 3217 3459 miserere
3266 3407 3405 3472 mei,
3460 3423 3602 3465 sana

2008 3484 2245 3538 animam
2273 3501 2471 3554 meam,
2488 3490 2612 3561 quia
2640 3494 2857 3563 peccavi
2879 3494 2995 3551 tibi.
3016 3496 3096 3552 Tu
3118 3508 3316 3569 autem,
3342 3501 3597 3571 Domine,

2004 3576 2265 3632 miserere
2290 3579 2416 3635 mei.

2076 3684 2183 3724 xu.
2220 3668 2374 3728 Sicut
2400 3676 2577 3731 areola
2600 3689 2902 3751 prmparata
2940 3684 3008 3740 ad
3035 3684 3379 3758 irrigationes
3420 3707 3598 3762 aqua~

2002 3775 2123 3815 rum
2147 3780 2160 3816 :
2194 3763 2274 3820 sic
2300 3767 2479 3824 anima
2507 3785 2625 3826 mea
2654 3784 2958 3845 praeparata
2985 3786 3071 3833 est
3095 3780 3164 3836 ad
3195 3789 3266 3848 te,
3298 3780 3461 3839 Deus.

2071 3867 2202 3909 χιιι.
2234 3852 2421 3913 iudica
2454 3876 2561 3926 me,
2592 3862 2752 3931 Deus,
2797 3874 2854 3922 et
2886 3867 3133 3925 discerne
3157 3886 3379 3928 causam
3406 3889 3594 3931 meam

2000 3959 2031 3998 a
2061 3954 2221 4014 gente
2263 3932 2370 4004 non
2410 3961 2627 4008 sancta:
2667 3971 2697 4009 a
2727 3957 2844 4014 viro
2886 3959 3074 4017 doloso
3116 3970 3172 4018 et
3199 3963 3387 4034 iniquo
3412 3965 3591 4021 libera

1997 4049 2103 4089 nte.
2134 4036 2214 4092 Tu
2241 4039 2385 4094 enim
2411 4057 2472 4096 es
2500 4041 2759 4102 fortitudo
2786 4064 2927 4116 mea,
2960 4067 3131 4121 quare
3156 4052 3431 4123 projecisti
3463 4057 3595 4115 me?

2066 4143 2221 4184 xuu.
2252 4129 2445 4204 Surge,
2478 4136 2740 4194 auxiliare
2768 4142 2957 4198 nobis:
2990 4152 3047 4200 et
3076 4146 3281 4203 redime
3322 4164 3422 4205 nos
3450 4165 3589 4220 pro-

1993 4226 2115 4288 pter
2141 4221 2568 4282 misericordiam
2597 4236 2760 4286 tuam.

2062 4322 2209 4364 mv.
2241 4310 2491 4371 Thronus
2520 4324 2663 4386 tuus,
2692 4319 2854 4389 Deus,
2878 4324 2931 4379 in
2954 4326 3239 4384 saeculum:
3266 4331 3395 4386 etin
3419 4341 3587 4389 aeter-

310 4412 427 4477 tibi,
455 4421 510 4469 et
540 4412 877 4485 iniquitatem
911 4434 1087 4475 meam
1112 4437 1219 4478 non
1246 4425 1538 4483 abscondo.
1568 4430 1647 4484 Tu
1671 4447 1730 4486 es
1755 4397 1888 4505 pro;
1918 4435 1970 4494 Ι)
1990 4410 2142 4505 um'
2186 4397 2479 4505 Nerea
2523 4410 2705 4479 palm“
2749 4413 3152 4473 conﬁtebuntur
3180 4420 3277 4475 "ibi
3305 4421 3361 4476 in
3405 4438 3584 4480 secu-

302 4504 471 4559 tectio
496 4520 633 4570 mea,
669 4508 738 4563 ab
766 4508 921 4565 hoste
955 4512 1228 4569 custodics
1256 4531 1362 4572 me.

375 4627 547 4667 χχχιι.
572 4614 710 4671 Ecce
731 4618 918 4675 oculus
940 4621 1149 4678 Domini
1187 4640 1350 4697 super
1382 4628 1633 4688 timentes
1658 4649 1801 4701 eum,
1833 4648 1889 4695 et

301 4711 681 4773 exspectantes
694 4710 1122 4769 misericordiam
1139 4715 1274 4785 ejus.
1295 4718 1371 4774 Sit
1391 4722 1755 4781 misericordia
1774 4737 1881 4798 tua,

301 4789 551 4861 Domine,
574 4811 738 4867 super
762 4815 879 4867 nos,
909 4803 1049 4858 sicut
1066 4810 1502 4877 exspectavimus
1530 4822 1600 4869 te.

368 4924 562 4965 χχχιιι.
590 4910 910 4969 Benedicam
932 4916 1159 4975 Domino
1189 4923 1241 4976 in
1268 4924 1416 4979 omni
1446 4932 1710 4997 tempore,
1735 4948 1875 4988 sem-

293 5015 395 5070 per
420 5000 538 5056 laus
566 5001 683 5072 ejus
711 5003 766 5059 in
793 5021 887 5061 ore
908 5022 1050 5063 meo.
1083 5010 1421 5085 Magnificate
1446 5017 1729 5077 Dominum
1758 5040 1874 5082 me-

295 5106 446 5157 cum,
483 5100 537 5149 et
561 5093 859 5151 exaltemus
884 5113 1076 5154 nomen
1106 5101 1224 5172 ejus
1253 5108 1473 5175 pariter.
1504 5109 1734 5177 Qumsivi
1765 5116 1873 5175 Do-

295 5180 523 5249 minum,
549 5193 604 5240 et
640 5188 916 5243 exaudivit
958 5206 1073 5259 me;
1115 5202 1171 5250 et
1210 5197 1275 5252 de
1320 5202 1570 5260 omnibus
1612 5211 1874 5280 angustiis

294 5272 432 5327 meis
459 5273 706 5332 liberavit
731 5294 837 5335 me.
865 5277 1108 5351 Gustate,
1132 5295 1186 5342 et
1207 5287 1404 5357 videte,
1426 5272 1873 5363 quoniambonus

292 5368 377 5415 est
406 5362 699 5423 Dominus:
740 5370 929 5427 beatus
971 5374 1056 5437 vir
1092 5380 1183 5449 qui
1226 5392 1411 5453 sperat
1450 5362 1504 5439 in
1548 5401 1631 5442 eo.
1665 5390 1873 5448 Timete

294 5450 579 5511 hominum
607 5462 778 5517 sancti
808 5461 943 5529 ejus,
968 5472 1220 5536 quoniam
1244 5491 1348 5529 non
1376 5486 1459 5532 est
1479 5477 1656 5550 inopia
1681 5484 1870 5541 timen-

290 5542 441 5600 tibus
465 5562 605 5604 eum.
638 5550 1014 5618 Qnmrentibus
1038 5571 1217 5619 autem
1246 5568 1530 5626 Dominum
1561 5590 1667 5630 non
1698 5578 1868 5633 deerit

289 5650 449 5690 omne
492 5638 710 5699 bonum.
746 5644 1000 5705 Dominus
1028 5658 1255 5712 custodit
1296 5666 1475 5719 omnia
1509 5682 1626 5723 ossa
1659 5688 1861 5742 eorum,

1989 4489 2121 4558 lum,
2149 4501 2204 4549 et
2226 4493 2281 4549 in
2306 4504 2587 4556 aeternum.

2060 4597 2186 4667 va.
2216 4584 2359 4641 Deus
2384 4589 2713 4660 misericors,
2739 4610 2863 4667 spes
2886 4606 2940 4653 et
2973 4597 3268 4661 fortitudo:
3311 4605 3579 4661 “axilium

1986 4669 2043 4726 in
2070 4664 2507 4735 tribulationibus
2540 4664 2789 4742 inventus
2813 4703 2873 4743 es
2895 4690 3150 4746 validum.
3294 4716 3348 4759 κ.

2057 4776 2202 4817 XLVI.
2254 4762 2368 4820 Rex
2413 4784 2639 4840 magnus
2679 4790 2842 4846 super
2870 4794 3087 4835 omnem
3118 4790 3338 4838 terram.
3377 4784 3577 4842 Canite

1986 4854 2116 4923 Deo,
2146 4858 2323 4913 canite
2348 4878 2361 4914 :
2392 4863 2569 4920 canite
2599 4865 2730 4937 Regi
2762 4879 2971 4938 nostro,
3006 4876 3204 4931 canite.

2054 4964 2220 5006 vau.
2254 4951 2330 5019 Qu
2341 4953 2386 5013 ἦ.
2414 4955 2526 5025 ipse
2546 4966 2629 5013 est
2652 4960 2806 5027 Deus,
2831 4964 2975 5021 Deus
2994 4977 3198 5037 noster,
3230 4972 3284 5027 in
3307 4975 3570 5032 saeculum

1980 5048 2037 5095 et
2058 5041 2110 5095 in
2139 5052 2476 5113 perpetuum.
2508 5047 2627 5118 ipse
2650 5051 2755 5106 erit
2774 5053 2878 5108 dux
2910 5066 3097 5115 noster
3121 5061 3174 5115 in
3206 5072 3399 5120 morte.

2050 5144 2237 5185 χινιιι.
2272 5130 2650 5192 Verumtamen
2697 5139 2839 5197 Deus
2867 5146 3094 5203 redimet
3119 5151 3357 5207 animam
3382 5170 3569 5211 meam

1978 5218 2045 5273 de
2073 5235 2230 5274 manu
2260 5222 2520 5288 inferiori,
2554 5244 2676 5284 cum
2707 5239 3064 5306 assumpserit
3086 5256 3193 5297 me.

2048 5326 2194 5365 xux.
2227 5312 2407 5370 Fortis
2434 5316 2576 5374 Deus
2605 5321 2867 5382 Dominus
2891 5328 3101 5387 loeutus
3139 5343 3257 5390 est:
3300 5353 3405 5393 non
3433 5355 3568 5409 pro-

1975 5411 2094 5471 pter
2114 5405 2361 5464 victimas
2388 5419 2505 5467 tuas
2530 5430 2751 5486 arguam
2782 5428 2866 5478 te:
2896 5435 2949 5480 et
2983 5427 3444 5488 holocaustomata
3468 5443 3563 5493 tua

1975 5509 2153 5549 coram
2186 5514 2269 5552 me
2298 5512 2421 5555 sunt
2449 5520 2677 5576 semper.
2708 5512 2823 5567 Non
2856 5517 3118 5588 accipiam
3166 5523 3231 5577 de
3271 5524 3434 5580 domo
3464 5537 3562 5584 tua

1975 5582 2233 5652 vitulum,
2276 5606 2447 5662 neque
2477 5596 2541 5650 de
2580 5603 2831 5672 gregibus
2862 5607 3072 5663 hircos:
3106 5628 3224 5667 mea
3251 5626 3376 5671 sunt
3408 5619 3561 5675 enim

1972 5681 2149 5736 omnia
2175 5685 2423 5742 animalia
2455 5691 2727 5751 silvarum.
2757 5697 2881 5754 Scio
2901 5716 3086 5761 omnes
3115 5722 3241 5763 aves
3259 5712 3554 5783 montium,
