  <div class='ocr_page' id='page_1' title='image "/cluster/home/n/w/nwhite01/storage/ocr_20150623/101/hvd.32044054759683/292.png"; bbox 0 0 3894 6182; ppageno 0'>
   <div class='ocr_carea' id='block_1_1' title="bbox 258 275 363 332">
    <p class='ocr_par' dir='ltr' id='par_1_1' title="bbox 258 275 363 332">
     <span class='ocr_line' id='line_1_1' title="bbox 258 275 363 332; baseline 0.01 -2"><span class='ocrx_word' id='word_1_1' title='bbox 258 275 363 332; x_wconf 65' lang='grc' dir='ltr'><strong>5ἳῦ</strong></span> 
     </span>
    </p>
   </div>
   <div class='ocr_carea' id='block_1_2' title="bbox 1215 264 2503 327">
    <p class='ocr_par' dir='ltr' id='par_1_2' title="bbox 1215 264 2503 327">
     <span class='ocr_line' id='line_1_2' title="bbox 1215 264 2503 327; baseline -0.003 -1"><span class='ocrx_word' id='word_1_2' title='bbox 1215 268 1608 327; x_wconf 58' lang='grc' dir='ltr'><strong>ιιτυιιαιῦι.</strong></span> <span class='ocrx_word' id='word_1_3' title='bbox 1647 299 1716 309; x_wconf 91' lang='grc'><strong>--</strong></span> <span class='ocrx_word' id='word_1_4' title='bbox 1749 266 2020 325; x_wconf 76' lang='lat' dir='ltr'><strong>OFFICIA</strong></span> <span class='ocrx_word' id='word_1_5' title='bbox 2060 267 2196 325; x_wconf 77' lang='lat' dir='ltr'><strong>PER</strong></span> <span class='ocrx_word' id='word_1_6' title='bbox 2233 264 2503 324; x_wconf 76' lang='lat' dir='ltr'><strong>FERIAS.</strong></span> 
     </span>
    </p>
   </div>
   <div class='ocr_carea' id='block_1_3' title="bbox 3411 263 3521 321">
    <p class='ocr_par' dir='ltr' id='par_1_3' title="bbox 3411 263 3521 321">
     <span class='ocr_line' id='line_1_3' title="bbox 3411 263 3521 321; baseline -0.018 0"><span class='ocrx_word' id='word_1_7' title='bbox 3411 263 3521 321; x_wconf 64' lang='lat'><strong>574</strong></span> 
     </span>
    </p>
   </div>
   <div class='ocr_carea' id='block_1_4' title="bbox 257 377 3518 450">
    <p class='ocr_par' dir='ltr' id='par_1_4' title="bbox 257 377 3518 450">
     <span class='ocr_line' id='line_1_4' title="bbox 257 377 3518 450; baseline -0.001 -11"><span class='ocrx_word' id='word_1_8' title='bbox 257 393 314 439; x_wconf 88' lang='lat' dir='ltr'><strong>et</strong></span> <span class='ocrx_word' id='word_1_9' title='bbox 346 379 676 438; x_wconf 72' lang='lat' dir='ltr'><strong>universitas</strong></span> <span class='ocrx_word' id='word_1_10' title='bbox 693 377 811 450; x_wconf 67' lang='lat' dir='ltr'><strong>agri</strong></span> <span class='ocrx_word' id='word_1_11' title='bbox 837 391 1049 435; x_wconf 83' lang='lat' dir='ltr'><strong>mecum</strong></span> <span class='ocrx_word' id='word_1_12' title='bbox 1085 387 1186 436; x_wconf 85' lang='lat' dir='ltr'><strong>est.</strong></span> <span class='ocrx_word' id='word_1_13' title='bbox 1223 380 1282 435; x_wconf 86' lang='lat' dir='ltr'><strong>Si</strong></span> <span class='ocrx_word' id='word_1_14' title='bbox 1309 379 1571 443; x_wconf 79' lang='lat' dir='ltr'><strong>esuriem,</strong></span> <span class='ocrx_word' id='word_1_15' title='bbox 1601 393 1710 434; x_wconf 88' lang='lat' dir='ltr'><strong>non</strong></span> <span class='ocrx_word' id='word_1_16' title='bbox 1752 379 1838 435; x_wconf 87' lang='lat' dir='ltr'><strong>di-</strong></span> <span class='ocrx_word' id='word_1_17' title='bbox 1866 383 1915 441; x_wconf 77' lang='grc' dir='ltr'><strong>Α</strong></span> <span class='ocrx_word' id='word_1_18' title='bbox 1942 396 2062 435; x_wconf 88' lang='lat' dir='ltr'><strong>rum</strong></span> <span class='ocrx_word' id='word_1_19' title='bbox 2099 389 2333 435; x_wconf 80' lang='lat' dir='ltr'><strong>tuarum.</strong></span> <span class='ocrx_word' id='word_1_20' title='bbox 2379 380 2459 434; x_wconf 84' lang='lat' dir='ltr'><strong>&#39;l’u</strong></span> <span class='ocrx_word' id='word_1_21' title='bbox 2500 378 2667 444; x_wconf 81' lang='lat' dir='ltr'><strong>enim,</strong></span> <span class='ocrx_word' id='word_1_22' title='bbox 2704 377 2867 443; x_wconf 87' lang='lat' dir='ltr'><strong>Deus,</strong></span> <span class='ocrx_word' id='word_1_23' title='bbox 2908 378 3177 435; x_wconf 82' lang='lat' dir='ltr'><strong>exaudisti</strong></span> <span class='ocrx_word' id='word_1_24' title='bbox 3219 378 3518 435; x_wconf 80' lang='lat' dir='ltr'><strong>orationem</strong></span> 
     </span>
    </p>
   </div>
   <div class='ocr_carea' id='block_1_5' title="bbox 256 469 1839 541">
    <p class='ocr_par' dir='ltr' id='par_1_5' title="bbox 256 469 1839 541">
     <span class='ocr_line' id='line_1_5' title="bbox 256 469 1839 541; baseline -0.004 -12"><span class='ocrx_word' id='word_1_25' title='bbox 256 487 381 530; x_wconf 84' lang='lat' dir='ltr'><strong>cam</strong></span> <span class='ocrx_word' id='word_1_26' title='bbox 407 470 546 526; x_wconf 89' lang='lat' dir='ltr'><strong>tibi:</strong></span> <span class='ocrx_word' id='word_1_27' title='bbox 584 484 742 526; x_wconf 78' lang='lat' dir='ltr'><strong>meus</strong></span> <span class='ocrx_word' id='word_1_28' title='bbox 781 476 869 526; x_wconf 88' lang='lat' dir='ltr'><strong>est</strong></span> <span class='ocrx_word' id='word_1_29' title='bbox 903 469 1259 537; x_wconf 84' lang='lat' dir='ltr'><strong>enimorbls,</strong></span> <span class='ocrx_word' id='word_1_30' title='bbox 1286 479 1361 526; x_wconf 72' lang='grc' dir='ltr'><strong>-οι</strong></span> <span class='ocrx_word' id='word_1_31' title='bbox 1398 469 1676 541; x_wconf 73' lang='lat' dir='ltr'><strong>plenitudo</strong></span> <span class='ocrx_word' id='word_1_32' title='bbox 1699 469 1839 541; x_wconf 79' lang='lat' dir='ltr'><strong>eius.</strong></span> 
     </span>
    </p>
   </div>
   <div class='ocr_carea' id='block_1_6' title="bbox 255 558 1845 625">
    <p class='ocr_par' dir='ltr' id='par_1_6' title="bbox 255 558 1845 625">
     <span class='ocr_line' id='line_1_6' title="bbox 255 558 1845 625; baseline -0.005 -5"><span class='ocrx_word' id='word_1_33' title='bbox 255 560 484 620; x_wconf 74' lang='lat' dir='ltr'><strong>hmola</strong></span> <span class='ocrx_word' id='word_1_34' title='bbox 507 560 625 617; x_wconf 83' lang='lat' dir='ltr'><strong>Deo</strong></span> <span class='ocrx_word' id='word_1_35' title='bbox 647 559 857 625; x_wconf 81' lang='lat' dir='ltr'><strong>laudes,</strong></span> <span class='ocrx_word' id='word_1_36' title='bbox 883 566 943 615; x_wconf 89' lang='lat' dir='ltr'><strong>et</strong></span> <span class='ocrx_word' id='word_1_37' title='bbox 967 559 1133 617; x_wconf 83' lang='lat' dir='ltr'><strong>redde</strong></span> <span class='ocrx_word' id='word_1_38' title='bbox 1157 558 1437 616; x_wconf 84' lang='lat' dir='ltr'><strong>Altissimo</strong></span> <span class='ocrx_word' id='word_1_39' title='bbox 1469 568 1597 615; x_wconf 81' lang='lat' dir='ltr'><strong>vota</strong></span> <span class='ocrx_word' id='word_1_40' title='bbox 1623 566 1733 614; x_wconf 88' lang='lat' dir='ltr'><strong>tua.</strong></span> <span class='ocrx_word' id='word_1_41' title='bbox 1776 558 1845 613; x_wconf 87' lang='lat' dir='ltr'><strong>Et</strong></span> 
     </span>
    </p>
   </div>
   <div class='ocr_carea' id='block_1_7' title="bbox 258 649 1841 720">
    <p class='ocr_par' dir='ltr' id='par_1_7' title="bbox 258 649 1841 720">
     <span class='ocr_line' id='line_1_7' title="bbox 258 649 1841 720; baseline -0.005 -9"><span class='ocrx_word' id='word_1_42' title='bbox 258 655 455 711; x_wconf 75' lang='lat' dir='ltr'><strong>invoca</strong></span> <span class='ocrx_word' id='word_1_43' title='bbox 480 667 575 711; x_wconf 83' lang='lat' dir='ltr'><strong>me</strong></span> <span class='ocrx_word' id='word_1_44' title='bbox 595 652 653 708; x_wconf 88' lang='lat' dir='ltr'><strong>in</strong></span> <span class='ocrx_word' id='word_1_45' title='bbox 678 651 767 708; x_wconf 86' lang='lat' dir='ltr'><strong>die</strong></span> <span class='ocrx_word' id='word_1_46' title='bbox 788 649 1192 707; x_wconf 80' lang='lat' dir='ltr'><strong>tribulationis:</strong></span> <span class='ocrx_word' id='word_1_47' title='bbox 1231 650 1472 708; x_wconf 83' lang='lat' dir='ltr'><strong>liberabo</strong></span> <span class='ocrx_word' id='word_1_48' title='bbox 1493 658 1570 716; x_wconf 90' lang='lat' dir='ltr'><strong>te,</strong></span> <span class='ocrx_word' id='word_1_49' title='bbox 1594 657 1653 705; x_wconf 91' lang='lat' dir='ltr'><strong>et</strong></span> <span class='ocrx_word' id='word_1_50' title='bbox 1673 649 1841 720; x_wconf 74' lang='lat' dir='ltr'><strong>glori-</strong></span> 
     </span>
    </p>
   </div>
   <div class='ocr_carea' id='block_1_8' title="bbox 259 740 1845 813">
    <p class='ocr_par' dir='ltr' id='par_1_8' title="bbox 259 740 1845 813">
     <span class='ocr_line' id='line_1_8' title="bbox 259 740 1845 813; baseline -0.005 -8"><span class='ocrx_word' id='word_1_51' title='bbox 259 746 456 805; x_wconf 74' lang='lat' dir='ltr'><strong>Ieabis</strong></span> <span class='ocrx_word' id='word_1_52' title='bbox 498 758 607 801; x_wconf 86' lang='lat' dir='ltr'><strong>me.</strong></span> <span class='ocrx_word' id='word_1_53' title='bbox 655 743 760 812; x_wconf 85' lang='lat' dir='ltr'><strong>Qui</strong></span> <span class='ocrx_word' id='word_1_54' title='bbox 804 742 1052 800; x_wconf 78' lang='lat' dir='ltr'><strong>immolat</strong></span> <span class='ocrx_word' id='word_1_55' title='bbox 1093 740 1529 809; x_wconf 80' lang='lat' dir='ltr'><strong>confessionem,</strong></span> <span class='ocrx_word' id='word_1_56' title='bbox 1579 741 1845 813; x_wconf 74' lang='lat' dir='ltr'><strong>gloriﬁcut</strong></span> 
     </span>
    </p>
   </div>
   <div class='ocr_carea' id='block_1_9' title="bbox 261 830 1847 905">
    <p class='ocr_par' dir='ltr' id='par_1_9' title="bbox 261 830 1847 905">
     <span class='ocr_line' id='line_1_9' title="bbox 261 830 1847 905; baseline -0.001 -15"><span class='ocrx_word' id='word_1_57' title='bbox 261 851 387 903; x_wconf 79' lang='lat' dir='ltr'><strong>me;</strong></span> <span class='ocrx_word' id='word_1_58' title='bbox 414 842 475 892; x_wconf 88' lang='lat' dir='ltr'><strong>et</strong></span> <span class='ocrx_word' id='word_1_59' title='bbox 499 834 592 905; x_wconf 89' lang='lat' dir='ltr'><strong>qui</strong></span> <span class='ocrx_word' id='word_1_60' title='bbox 626 833 879 892; x_wconf 82' lang='lat' dir='ltr'><strong>ordinate</strong></span> <span class='ocrx_word' id='word_1_61' title='bbox 913 830 1182 900; x_wconf 86' lang='lat' dir='ltr'><strong>ambulat,</strong></span> <span class='ocrx_word' id='word_1_62' title='bbox 1209 832 1490 888; x_wconf 71' lang='lat' dir='ltr'><strong>oswndam</strong></span> <span class='ocrx_word' id='word_1_63' title='bbox 1530 831 1585 889; x_wconf 92' lang='lat' dir='ltr'><strong>ei</strong></span> <span class='ocrx_word' id='word_1_64' title='bbox 1609 830 1847 888; x_wconf 88' lang='lat' dir='ltr'><strong>salutare</strong></span> 
     </span>
    </p>
   </div>
   <div class='ocr_carea' id='block_1_10' title="bbox 326 1012 1845 1083">
    <p class='ocr_par' dir='ltr' id='par_1_10' title="bbox 326 1012 1845 1083">
     <span class='ocr_line' id='line_1_10' title="bbox 326 1012 1845 1083; baseline -0.005 -9"><span class='ocrx_word' id='word_1_65' title='bbox 326 1035 384 1074; x_wconf 87' lang='grc' dir='ltr'><strong>ι.</strong></span> <span class='ocrx_word' id='word_1_66' title='bbox 420 1016 683 1074; x_wconf 67' lang='lat' dir='ltr'><strong>Miserere</strong></span> <span class='ocrx_word' id='word_1_67' title='bbox 708 1017 840 1082; x_wconf 85' lang='lat' dir='ltr'><strong>mei,</strong></span> <span class='ocrx_word' id='word_1_68' title='bbox 867 1014 1035 1081; x_wconf 83' lang='lat' dir='ltr'><strong>Deus,</strong></span> <span class='ocrx_word' id='word_1_69' title='bbox 1072 1014 1367 1071; x_wconf 84' lang='lat' dir='ltr'><strong>secundum</strong></span> <span class='ocrx_word' id='word_1_70' title='bbox 1403 1028 1655 1083; x_wconf 77' lang='lat' dir='ltr'><strong>magnam</strong></span> <span class='ocrx_word' id='word_1_71' title='bbox 1680 1012 1845 1068; x_wconf 85' lang='lat' dir='ltr'><strong>mise-</strong></span> 
     </span>
    </p>
   </div>
   <div class='ocr_carea' id='block_1_11' title="bbox 261 1103 1845 1165">
    <p class='ocr_par' dir='ltr' id='par_1_11' title="bbox 261 1103 1845 1165">
     <span class='ocr_line' id='line_1_11' title="bbox 261 1103 1845 1165; baseline -0.004 -1"><span class='ocrx_word' id='word_1_72' title='bbox 261 1109 556 1165; x_wconf 87' lang='lat' dir='ltr'><strong>ricordiam</strong></span> <span class='ocrx_word' id='word_1_73' title='bbox 590 1116 760 1163; x_wconf 89' lang='lat' dir='ltr'><strong>tuam.</strong></span> <span class='ocrx_word' id='word_1_74' title='bbox 801 1104 964 1161; x_wconf 80' lang='lat' dir='ltr'><strong>Juxta</strong></span> <span class='ocrx_word' id='word_1_75' title='bbox 994 1104 1390 1161; x_wconf 71' lang='lat' dir='ltr'><strong>multitudinem</strong></span> <span class='ocrx_word' id='word_1_76' title='bbox 1432 1103 1845 1159; x_wconf 77' lang='lat' dir='ltr'><strong>miserationem</strong></span> 
     </span>
    </p>
   </div>
   <div class='ocr_carea' id='block_1_12' title="bbox 261 1195 1844 1268">
    <p class='ocr_par' dir='ltr' id='par_1_12' title="bbox 261 1195 1844 1268">
     <span class='ocr_line' id='line_1_12' title="bbox 261 1195 1844 1268; baseline -0.004 -12"><span class='ocrx_word' id='word_1_77' title='bbox 261 1210 503 1264; x_wconf 83' lang='lat' dir='ltr'><strong>tuarum,</strong></span> <span class='ocrx_word' id='word_1_78' title='bbox 547 1199 668 1255; x_wconf 87' lang='lat' dir='ltr'><strong>dele</strong></span> <span class='ocrx_word' id='word_1_79' title='bbox 692 1198 1011 1268; x_wconf 82' lang='lat' dir='ltr'><strong>iniquitates</strong></span> <span class='ocrx_word' id='word_1_80' title='bbox 1053 1211 1222 1253; x_wconf 80' lang='lat' dir='ltr'><strong>meas.</strong></span> <span class='ocrx_word' id='word_1_81' title='bbox 1251 1196 1476 1252; x_wconf 74' lang='lat' dir='ltr'><strong>Multum</strong></span> <span class='ocrx_word' id='word_1_82' title='bbox 1499 1195 1619 1251; x_wconf 82' lang='lat' dir='ltr'><strong>lava</strong></span> <span class='ocrx_word' id='word_1_83' title='bbox 1656 1209 1747 1251; x_wconf 87' lang='lat' dir='ltr'><strong>me</strong></span> <span class='ocrx_word' id='word_1_84' title='bbox 1775 1195 1844 1249; x_wconf 85' lang='lat' dir='ltr'><strong>ab</strong></span> 
     </span>
    </p>
   </div>
   <div class='ocr_carea' id='block_1_13' title="bbox 260 1283 1848 1359">
    <p class='ocr_par' dir='ltr' id='par_1_13' title="bbox 260 1283 1848 1359">
     <span class='ocr_line' id='line_1_13' title="bbox 260 1283 1848 1359; baseline -0.003 -15"><span class='ocrx_word' id='word_1_85' title='bbox 260 1288 552 1359; x_wconf 79' lang='lat' dir='ltr'><strong>iniquitate</strong></span> <span class='ocrx_word' id='word_1_86' title='bbox 578 1302 727 1354; x_wconf 90' lang='lat' dir='ltr'><strong>mea,</strong></span> <span class='ocrx_word' id='word_1_87' title='bbox 770 1294 827 1342; x_wconf 92' lang='lat' dir='ltr'><strong>et</strong></span> <span class='ocrx_word' id='word_1_88' title='bbox 865 1302 898 1341; x_wconf 89' lang='lat' dir='ltr'><strong>a</strong></span> <span class='ocrx_word' id='word_1_89' title='bbox 922 1295 1147 1358; x_wconf 87' lang='lat' dir='ltr'><strong>peccato</strong></span> <span class='ocrx_word' id='word_1_90' title='bbox 1180 1301 1305 1342; x_wconf 83' lang='lat' dir='ltr'><strong>meo</strong></span> <span class='ocrx_word' id='word_1_91' title='bbox 1324 1286 1531 1342; x_wconf 82' lang='lat' dir='ltr'><strong>munda</strong></span> <span class='ocrx_word' id='word_1_92' title='bbox 1555 1300 1665 1342; x_wconf 88' lang='lat' dir='ltr'><strong>me.</strong></span> <span class='ocrx_word' id='word_1_93' title='bbox 1703 1283 1848 1351; x_wconf 80' lang='lat' dir='ltr'><strong>Qus-</strong></span> 
     </span>
    </p>
   </div>
   <div class='ocr_carea' id='block_1_14' title="bbox 260 1376 1845 1463">
    <p class='ocr_par' dir='ltr' id='par_1_14' title="bbox 260 1376 1845 1463">
     <span class='ocr_line' id='line_1_14' title="bbox 260 1376 1845 1463; baseline -0.004 -28"><span class='ocrx_word' id='word_1_94' title='bbox 260 1378 411 1435; x_wconf 83' lang='lat' dir='ltr'><strong>uiam</strong></span> <span class='ocrx_word' id='word_1_95' title='bbox 440 1376 758 1448; x_wconf 83' lang='lat' dir='ltr'><strong>iniquitates</strong></span> <span class='ocrx_word' id='word_1_96' title='bbox 783 1390 935 1433; x_wconf 83' lang='lat' dir='ltr'><strong>meas</strong></span> <span class='ocrx_word' id='word_1_97' title='bbox 959 1377 1223 1463; x_wconf 68' lang='lat' dir='ltr'><strong>cognovi:</strong></span> <span class='ocrx_word' id='word_1_98' title='bbox 1262 1385 1319 1433; x_wconf 87' lang='lat' dir='ltr'><strong>et</strong></span> <span class='ocrx_word' id='word_1_99' title='bbox 1342 1384 1627 1448; x_wconf 80' lang='lat' dir='ltr'><strong>peccatum</strong></span> <span class='ocrx_word' id='word_1_100' title='bbox 1664 1389 1845 1430; x_wconf 82' lang='lat' dir='ltr'><strong>meum</strong></span> 
     </span>
    </p>
   </div>
   <div class='ocr_carea' id='block_1_15' title="bbox 259 1466 1844 1539">
    <p class='ocr_par' dir='ltr' id='par_1_15' title="bbox 259 1466 1844 1539">
     <span class='ocr_line' id='line_1_15' title="bbox 259 1466 1844 1539; baseline -0.001 -16"><span class='ocrx_word' id='word_1_101' title='bbox 259 1475 452 1523; x_wconf 89' lang='lat' dir='ltr'><strong>contra</strong></span> <span class='ocrx_word' id='word_1_102' title='bbox 494 1483 584 1523; x_wconf 88' lang='lat' dir='ltr'><strong>me</strong></span> <span class='ocrx_word' id='word_1_103' title='bbox 620 1475 704 1524; x_wconf 90' lang='lat' dir='ltr'><strong>est</strong></span> <span class='ocrx_word' id='word_1_104' title='bbox 742 1481 974 1536; x_wconf 83' lang='lat' dir='ltr'><strong>semper.</strong></span> <span class='ocrx_word' id='word_1_105' title='bbox 1007 1468 1126 1523; x_wconf 84' lang='lat' dir='ltr'><strong>Tibi</strong></span> <span class='ocrx_word' id='word_1_106' title='bbox 1155 1468 1255 1524; x_wconf 90' lang='lat' dir='ltr'><strong>soli</strong></span> <span class='ocrx_word' id='word_1_107' title='bbox 1282 1469 1519 1539; x_wconf 82' lang='lat' dir='ltr'><strong>peccavi,</strong></span> <span class='ocrx_word' id='word_1_108' title='bbox 1559 1476 1614 1525; x_wconf 86' lang='lat' dir='ltr'><strong>et</strong></span> <span class='ocrx_word' id='word_1_109' title='bbox 1642 1466 1844 1523; x_wconf 84' lang='lat' dir='ltr'><strong>malum</strong></span> 
     </span>
    </p>
   </div>
   <div class='ocr_carea' id='block_1_16' title="bbox 258 1554 1842 1629">
    <p class='ocr_par' dir='ltr' id='par_1_16' title="bbox 258 1554 1842 1629">
     <span class='ocr_line' id='line_1_16' title="bbox 258 1554 1842 1629; baseline -0.001 -16"><span class='ocrx_word' id='word_1_110' title='bbox 258 1570 450 1613; x_wconf 82' lang='lat' dir='ltr'><strong>coram</strong></span> <span class='ocrx_word' id='word_1_111' title='bbox 471 1564 527 1612; x_wconf 89' lang='lat' dir='ltr'><strong>te</strong></span> <span class='ocrx_word' id='word_1_112' title='bbox 550 1554 674 1612; x_wconf 89' lang='lat' dir='ltr'><strong>feci.</strong></span> <span class='ocrx_word' id='word_1_113' title='bbox 691 1555 973 1613; x_wconf 83' lang='lat' dir='ltr'><strong>Absconde</strong></span> <span class='ocrx_word' id='word_1_114' title='bbox 993 1555 1189 1615; x_wconf 84' lang='lat' dir='ltr'><strong>faciem</strong></span> <span class='ocrx_word' id='word_1_115' title='bbox 1208 1565 1356 1613; x_wconf 85' lang='lat' dir='ltr'><strong>tuam</strong></span> <span class='ocrx_word' id='word_1_116' title='bbox 1376 1572 1409 1612; x_wconf 87' lang='lat' dir='ltr'><strong>a</strong></span> <span class='ocrx_word' id='word_1_117' title='bbox 1431 1557 1668 1629; x_wconf 86' lang='lat' dir='ltr'><strong>peccatis</strong></span> <span class='ocrx_word' id='word_1_118' title='bbox 1683 1557 1842 1622; x_wconf 88' lang='lat' dir='ltr'><strong>meis,</strong></span> 
     </span>
    </p>
   </div>
   <div class='ocr_carea' id='block_1_17' title="bbox 257 1645 1842 1716">
    <p class='ocr_par' dir='ltr' id='par_1_17' title="bbox 257 1645 1842 1716">
     <span class='ocr_line' id='line_1_17' title="bbox 257 1645 1842 1716; baseline 0.002 -14"><span class='ocrx_word' id='word_1_119' title='bbox 257 1653 321 1702; x_wconf 90' lang='lat' dir='ltr'><strong>et</strong></span> <span class='ocrx_word' id='word_1_120' title='bbox 345 1661 539 1703; x_wconf 88' lang='lat' dir='ltr'><strong>omnes</strong></span> <span class='ocrx_word' id='word_1_121' title='bbox 560 1646 870 1716; x_wconf 79' lang='lat' dir='ltr'><strong>iniquitates</strong></span> <span class='ocrx_word' id='word_1_122' title='bbox 893 1660 1046 1703; x_wconf 86' lang='lat' dir='ltr'><strong>meas</strong></span> <span class='ocrx_word' id='word_1_123' title='bbox 1064 1646 1202 1703; x_wconf 85' lang='lat' dir='ltr'><strong>dele.</strong></span> <span class='ocrx_word' id='word_1_124' title='bbox 1231 1645 1341 1703; x_wconf 88' lang='lat' dir='ltr'><strong>Cor</strong></span> <span class='ocrx_word' id='word_1_125' title='bbox 1358 1647 1618 1705; x_wconf 85' lang='lat' dir='ltr'><strong>mundum</strong></span> <span class='ocrx_word' id='word_1_126' title='bbox 1638 1646 1842 1705; x_wconf 84' lang='lat' dir='ltr'><strong>creain</strong></span> 
     </span>
    </p>
   </div>
   <div class='ocr_carea' id='block_1_18' title="bbox 1944 469 3514 528">
    <p class='ocr_par' dir='ltr' id='par_1_18' title="bbox 1944 469 3514 528">
     <span class='ocr_line' id='line_1_18' title="bbox 1944 469 3514 528; baseline 0.002 -3"><span class='ocrx_word' id='word_1_127' title='bbox 1944 485 2153 525; x_wconf 87' lang='lat' dir='ltr'><strong>meam:</strong></span> <span class='ocrx_word' id='word_1_128' title='bbox 2177 470 2370 526; x_wconf 87' lang='lat' dir='ltr'><strong>dedisti</strong></span> <span class='ocrx_word' id='word_1_129' title='bbox 2395 470 2764 526; x_wconf 68' lang='lat' dir='ltr'><strong>hmreditatem</strong></span> <span class='ocrx_word' id='word_1_130' title='bbox 2787 469 3099 526; x_wconf 79' lang='lat' dir='ltr'><strong>timentibus</strong></span> <span class='ocrx_word' id='word_1_131' title='bbox 3121 484 3316 527; x_wconf 86' lang='lat' dir='ltr'><strong>nomen</strong></span> <span class='ocrx_word' id='word_1_132' title='bbox 3340 479 3514 528; x_wconf 81' lang='lat' dir='ltr'><strong>tuum.</strong></span> 
     </span>
    </p>
   </div>
   <div class='ocr_carea' id='block_1_19' title="bbox 1945 559 3105 615">
    <p class='ocr_par' dir='ltr' id='par_1_19' title="bbox 1945 559 3105 615">
     <span class='ocr_line' id='line_1_19' title="bbox 1945 559 3105 615; baseline -0.001 0"><span class='ocrx_word' id='word_1_133' title='bbox 1945 559 2310 615; x_wconf 69' lang='lat' dir='ltr'><strong>liseﬁcordia</strong></span> <span class='ocrx_word' id='word_1_134' title='bbox 2340 566 2400 615; x_wconf 86' lang='lat' dir='ltr'><strong>et</strong></span> <span class='ocrx_word' id='word_1_135' title='bbox 2416 559 2622 615; x_wconf 76' lang='lat' dir='ltr'><strong>veritas</strong></span> <span class='ocrx_word' id='word_1_136' title='bbox 2647 560 2939 615; x_wconf 80' lang='lat' dir='ltr'><strong>servabunt</strong></span> <span class='ocrx_word' id='word_1_137' title='bbox 2958 573 3105 615; x_wconf 78' lang='lat' dir='ltr'><strong>eum.</strong></span> 
     </span>
    </p>
   </div>
   <div class='ocr_carea' id='block_1_20' title="bbox 2014 651 3518 723">
    <p class='ocr_par' dir='ltr' id='par_1_20' title="bbox 2014 651 3518 723">
     <span class='ocr_line' id='line_1_20' title="bbox 2014 651 3518 723; baseline 0.001 -16"><span class='ocrx_word' id='word_1_138' title='bbox 2014 667 2124 707; x_wconf 88' lang='grc' dir='ltr'><strong>ιιι.</strong></span> <span class='ocrx_word' id='word_1_139' title='bbox 2162 651 2248 707; x_wconf 81' lang='lat' dir='ltr'><strong>Ab</strong></span> <span class='ocrx_word' id='word_1_140' title='bbox 2273 652 2395 722; x_wconf 87' lang='lat' dir='ltr'><strong>ipso</strong></span> <span class='ocrx_word' id='word_1_141' title='bbox 2419 652 2565 707; x_wconf 89' lang='lat' dir='ltr'><strong>enim</strong></span> <span class='ocrx_word' id='word_1_142' title='bbox 2591 651 2926 722; x_wconf 69' lang='lat' dir='ltr'><strong>praestolatio</strong></span> <span class='ocrx_word' id='word_1_143' title='bbox 2949 666 3093 720; x_wconf 88' lang='lat' dir='ltr'><strong>mea,</strong></span> <span class='ocrx_word' id='word_1_144' title='bbox 3122 653 3240 723; x_wconf 84' lang='lat' dir='ltr'><strong>ipse</strong></span> <span class='ocrx_word' id='word_1_145' title='bbox 3261 661 3349 709; x_wconf 89' lang='lat' dir='ltr'><strong>est</strong></span> <span class='ocrx_word' id='word_1_146' title='bbox 3370 651 3518 709; x_wconf 86' lang='lat' dir='ltr'><strong>forti-</strong></span> 
     </span>
    </p>
   </div>
   <div class='ocr_carea' id='block_1_21' title="bbox 1945 742 3518 816">
    <p class='ocr_par' dir='ltr' id='par_1_21' title="bbox 1945 742 3518 816">
     <span class='ocr_line' id='line_1_21' title="bbox 1945 742 3518 816; baseline 0.003 -19"><span class='ocrx_word' id='word_1_147' title='bbox 1945 742 2079 798; x_wconf 88' lang='lat' dir='ltr'><strong>tudo</strong></span> <span class='ocrx_word' id='word_1_148' title='bbox 2102 757 2223 799; x_wconf 88' lang='lat' dir='ltr'><strong>mea</strong></span> <span class='ocrx_word' id='word_1_149' title='bbox 2262 750 2321 799; x_wconf 90' lang='lat' dir='ltr'><strong>et</strong></span> <span class='ocrx_word' id='word_1_150' title='bbox 2359 743 2509 800; x_wconf 80' lang='lat' dir='ltr'><strong>salus</strong></span> <span class='ocrx_word' id='word_1_151' title='bbox 2546 758 2669 799; x_wconf 88' lang='lat' dir='ltr'><strong>mea</strong></span> <span class='ocrx_word' id='word_1_152' title='bbox 2711 761 2726 798; x_wconf 89' lang='lat'><strong>:</strong></span> <span class='ocrx_word' id='word_1_153' title='bbox 2765 748 3051 816; x_wconf 85' lang='lat' dir='ltr'><strong>susceptor</strong></span> <span class='ocrx_word' id='word_1_154' title='bbox 3090 758 3265 811; x_wconf 88' lang='lat' dir='ltr'><strong>meus,</strong></span> <span class='ocrx_word' id='word_1_155' title='bbox 3298 758 3408 801; x_wconf 87' lang='lat' dir='ltr'><strong>non</strong></span> <span class='ocrx_word' id='word_1_156' title='bbox 3456 744 3518 801; x_wconf 58' lang='grc' dir='ltr'><strong>ιι.</strong></span> 
     </span>
    </p>
   </div>
   <div class='ocr_carea' id='block_1_22' title="bbox 1943 833 3307 889">
    <p class='ocr_par' dir='ltr' id='par_1_22' title="bbox 1943 833 3307 889">
     <span class='ocr_line' id='line_1_22' title="bbox 1943 833 3307 889; baseline -0.003 0"><span class='ocrx_word' id='word_1_157' title='bbox 1943 833 2124 889; x_wconf 80' lang='lat' dir='ltr'><strong>mehe.</strong></span> <span class='ocrx_word' id='word_1_158' title='bbox 3298 848 3307 855; x_wconf 89' lang='grc'>·</span> 
     </span>
    </p>
   </div>
   <div class='ocr_carea' id='block_1_23' title="bbox 2014 923 3517 996">
    <p class='ocr_par' dir='ltr' id='par_1_23' title="bbox 2014 923 3517 996">
     <span class='ocr_line' id='line_1_23' title="bbox 2014 923 3517 996; baseline -0.001 -16"><span class='ocrx_word' id='word_1_159' title='bbox 2014 940 2150 981; x_wconf 86' lang='grc' dir='ltr'><strong>ιιιι.</strong></span> <span class='ocrx_word' id='word_1_160' title='bbox 2179 924 2343 990; x_wconf 88' lang='lat' dir='ltr'><strong>Deus,</strong></span> <span class='ocrx_word' id='word_1_161' title='bbox 2362 923 2619 983; x_wconf 77' lang='lat' dir='ltr'><strong>fortitudo</strong></span> <span class='ocrx_word' id='word_1_162' title='bbox 2637 938 2756 981; x_wconf 88' lang='lat' dir='ltr'><strong>mea</strong></span> <span class='ocrx_word' id='word_1_163' title='bbox 2774 933 2831 982; x_wconf 89' lang='lat' dir='ltr'><strong>tu</strong></span> <span class='ocrx_word' id='word_1_164' title='bbox 2855 941 2935 993; x_wconf 89' lang='lat' dir='ltr'><strong>es,</strong></span> <span class='ocrx_word' id='word_1_165' title='bbox 2961 927 3031 983; x_wconf 91' lang='lat' dir='ltr'><strong>de</strong></span> <span class='ocrx_word' id='word_1_166' title='bbox 3046 927 3169 982; x_wconf 89' lang='lat' dir='ltr'><strong>luce</strong></span> <span class='ocrx_word' id='word_1_167' title='bbox 3192 938 3517 996; x_wconf 78' lang='lat' dir='ltr'><strong>consurgam</strong></span> 
     </span>
    </p>
   </div>
   <div class='ocr_carea' id='block_1_24' title="bbox 1946 1013 3520 1073">
    <p class='ocr_par' dir='ltr' id='par_1_24' title="bbox 1946 1013 3520 1073">
     <span class='ocr_line' id='line_1_24' title="bbox 1946 1013 3520 1073; baseline 0.001 -2"><span class='ocrx_word' id='word_1_168' title='bbox 1946 1015 2015 1071; x_wconf 86' lang='lat' dir='ltr'><strong>ad</strong></span> <span class='ocrx_word' id='word_1_169' title='bbox 2038 1022 2110 1071; x_wconf 89' lang='lat' dir='ltr'><strong>te.</strong></span> <span class='ocrx_word' id='word_1_170' title='bbox 2159 1013 2344 1070; x_wconf 77' lang='lat' dir='ltr'><strong>Sitivit</strong></span> <span class='ocrx_word' id='word_1_171' title='bbox 2378 1022 2433 1071; x_wconf 91' lang='lat' dir='ltr'><strong>te</strong></span> <span class='ocrx_word' id='word_1_172' title='bbox 2482 1016 2663 1070; x_wconf 83' lang='lat' dir='ltr'><strong>anima</strong></span> <span class='ocrx_word' id='word_1_173' title='bbox 2710 1030 2835 1071; x_wconf 84' lang='lat' dir='ltr'><strong>mea</strong></span> <span class='ocrx_word' id='word_1_174' title='bbox 2880 1034 2896 1071; x_wconf 84' lang='lat'><strong>:</strong></span> <span class='ocrx_word' id='word_1_175' title='bbox 2946 1017 3275 1073; x_wconf 77' lang='lat' dir='ltr'><strong>desideravit</strong></span> <span class='ocrx_word' id='word_1_176' title='bbox 3298 1025 3351 1072; x_wconf 89' lang='lat' dir='ltr'><strong>te</strong></span> <span class='ocrx_word' id='word_1_177' title='bbox 3389 1030 3520 1072; x_wconf 85' lang='lat' dir='ltr'><strong>caro</strong></span> 
     </span>
    </p>
   </div>
   <div class='ocr_carea' id='block_1_25' title="bbox 1944 1105 3522 1178">
    <p class='ocr_par' dir='ltr' id='par_1_25' title="bbox 1944 1105 3522 1178">
     <span class='ocr_line' id='line_1_25' title="bbox 1944 1105 3522 1178; baseline -0.001 -15"><span class='ocrx_word' id='word_1_178' title='bbox 1944 1121 2089 1163; x_wconf 89' lang='lat' dir='ltr'><strong>mea.</strong></span> <span class='ocrx_word' id='word_1_179' title='bbox 2128 1105 2223 1163; x_wconf 85' lang='lat' dir='ltr'><strong>Sic</strong></span> <span class='ocrx_word' id='word_1_180' title='bbox 2250 1106 2306 1161; x_wconf 91' lang='lat' dir='ltr'><strong>in</strong></span> <span class='ocrx_word' id='word_1_181' title='bbox 2336 1116 2530 1162; x_wconf 89' lang='lat' dir='ltr'><strong>sancto</strong></span> <span class='ocrx_word' id='word_1_182' title='bbox 2558 1108 2784 1178; x_wconf 84' lang='lat' dir='ltr'><strong>apparui</strong></span> <span class='ocrx_word' id='word_1_183' title='bbox 2812 1108 2930 1174; x_wconf 83' lang='lat' dir='ltr'><strong>tibi,</strong></span> <span class='ocrx_word' id='word_1_184' title='bbox 2956 1114 3019 1163; x_wconf 88' lang='lat' dir='ltr'><strong>ut</strong></span> <span class='ocrx_word' id='word_1_185' title='bbox 3063 1109 3274 1163; x_wconf 79' lang='lat' dir='ltr'><strong>videam</strong></span> <span class='ocrx_word' id='word_1_186' title='bbox 3312 1106 3522 1162; x_wconf 83' lang='lat' dir='ltr'><strong>fortitu-</strong></span> 
     </span>
    </p>
   </div>
   <div class='ocr_carea' id='block_1_26' title="bbox 1945 1197 3518 1268">
    <p class='ocr_par' dir='ltr' id='par_1_26' title="bbox 1945 1197 3518 1268">
     <span class='ocr_line' id='line_1_26' title="bbox 1945 1197 3518 1268; baseline 0.001 -16"><span class='ocrx_word' id='word_1_187' title='bbox 1945 1197 2128 1253; x_wconf 80' lang='lat' dir='ltr'><strong>dinem</strong></span> <span class='ocrx_word' id='word_1_188' title='bbox 2175 1204 2327 1253; x_wconf 86' lang='lat' dir='ltr'><strong>tuam</strong></span> <span class='ocrx_word' id='word_1_189' title='bbox 2368 1206 2427 1254; x_wconf 91' lang='lat' dir='ltr'><strong>et</strong></span> <span class='ocrx_word' id='word_1_190' title='bbox 2451 1199 2677 1268; x_wconf 76' lang='lat' dir='ltr'><strong>gloriam</strong></span> <span class='ocrx_word' id='word_1_191' title='bbox 2718 1208 2887 1255; x_wconf 81' lang='lat' dir='ltr'><strong>tuam.</strong></span> <span class='ocrx_word' id='word_1_192' title='bbox 2933 1200 3120 1257; x_wconf 81' lang='lat' dir='ltr'><strong>Melior</strong></span> <span class='ocrx_word' id='word_1_193' title='bbox 3144 1200 3518 1256; x_wconf 83' lang='lat' dir='ltr'><strong>misericordia</strong></span> 
     </span>
    </p>
   </div>
   <div class='ocr_carea' id='block_1_27' title="bbox 1944 1288 3522 1357">
    <p class='ocr_par' dir='ltr' id='par_1_27' title="bbox 1944 1288 3522 1357">
     <span class='ocr_line' id='line_1_27' title="bbox 1944 1288 3522 1357; baseline 0.003 -17"><span class='ocrx_word' id='word_1_194' title='bbox 1944 1294 2038 1341; x_wconf 82' lang='lat' dir='ltr'><strong>tua</strong></span> <span class='ocrx_word' id='word_1_195' title='bbox 2061 1302 2225 1357; x_wconf 85' lang='lat' dir='ltr'><strong>quam</strong></span> <span class='ocrx_word' id='word_1_196' title='bbox 2256 1288 2365 1343; x_wconf 89' lang='lat' dir='ltr'><strong>vita</strong></span> <span class='ocrx_word' id='word_1_197' title='bbox 2394 1306 2413 1342; x_wconf 46' lang='grc' dir='ltr'><strong>τη</strong></span> <span class='ocrx_word' id='word_1_198' title='bbox 2441 1288 2582 1344; x_wconf 86' lang='lat' dir='ltr'><strong>labia</strong></span> <span class='ocrx_word' id='word_1_199' title='bbox 2607 1302 2730 1344; x_wconf 88' lang='lat' dir='ltr'><strong>mea</strong></span> <span class='ocrx_word' id='word_1_200' title='bbox 2758 1289 3057 1345; x_wconf 82' lang='lat' dir='ltr'><strong>laudabunt</strong></span> <span class='ocrx_word' id='word_1_201' title='bbox 3084 1297 3158 1344; x_wconf 88' lang='lat' dir='ltr'><strong>te.</strong></span> <span class='ocrx_word' id='word_1_202' title='bbox 3191 1288 3283 1345; x_wconf 88' lang='lat' dir='ltr'><strong>Sic</strong></span> <span class='ocrx_word' id='word_1_203' title='bbox 3307 1289 3522 1344; x_wconf 86' lang='lat' dir='ltr'><strong>benedi-</strong></span> 
     </span>
    </p>
   </div>
   <div class='ocr_carea' id='block_1_28' title="bbox 1943 1376 3522 1445">
    <p class='ocr_par' dir='ltr' id='par_1_28' title="bbox 1943 1376 3522 1445">
     <span class='ocr_line' id='line_1_28' title="bbox 1943 1376 3522 1445; baseline 0.001 -14"><span class='ocrx_word' id='word_1_204' title='bbox 1943 1391 2066 1432; x_wconf 92' lang='lat' dir='ltr'><strong>cam</strong></span> <span class='ocrx_word' id='word_1_205' title='bbox 2092 1376 2189 1432; x_wconf 86' lang='lat' dir='ltr'><strong>tibi</strong></span> <span class='ocrx_word' id='word_1_206' title='bbox 2220 1377 2276 1433; x_wconf 90' lang='lat' dir='ltr'><strong>in</strong></span> <span class='ocrx_word' id='word_1_207' title='bbox 2302 1379 2415 1434; x_wconf 81' lang='lat' dir='ltr'><strong>vita</strong></span> <span class='ocrx_word' id='word_1_208' title='bbox 2441 1392 2584 1445; x_wconf 87' lang='lat' dir='ltr'><strong>mea,</strong></span> <span class='ocrx_word' id='word_1_209' title='bbox 2610 1379 2666 1434; x_wconf 86' lang='lat' dir='ltr'><strong>in</strong></span> <span class='ocrx_word' id='word_1_210' title='bbox 2711 1380 2929 1434; x_wconf 83' lang='lat' dir='ltr'><strong>nomine</strong></span> <span class='ocrx_word' id='word_1_211' title='bbox 2974 1387 3068 1433; x_wconf 89' lang='lat' dir='ltr'><strong>tuo</strong></span> <span class='ocrx_word' id='word_1_212' title='bbox 3107 1377 3297 1432; x_wconf 82' lang='lat' dir='ltr'><strong>levabo</strong></span> <span class='ocrx_word' id='word_1_213' title='bbox 3325 1392 3522 1433; x_wconf 77' lang='lat' dir='ltr'><strong>manus</strong></span> 
     </span>
    </p>
   </div>
   <div class='ocr_carea' id='block_1_29' title="bbox 1943 1466 3520 1534">
    <p class='ocr_par' dir='ltr' id='par_1_29' title="bbox 1943 1466 3520 1534">
     <span class='ocr_line' id='line_1_29' title="bbox 1943 1466 3520 1534; baseline -0.001 -11"><span class='ocrx_word' id='word_1_214' title='bbox 1943 1482 2116 1523; x_wconf 89' lang='lat' dir='ltr'><strong>meas.</strong></span> <span class='ocrx_word' id='word_1_215' title='bbox 2142 1466 2279 1533; x_wconf 84' lang='lat' dir='ltr'><strong>Quia</strong></span> <span class='ocrx_word' id='word_1_216' title='bbox 2305 1466 2456 1524; x_wconf 84' lang='lat' dir='ltr'><strong>fuisti</strong></span> <span class='ocrx_word' id='word_1_217' title='bbox 2484 1468 2743 1523; x_wconf 79' lang='lat' dir='ltr'><strong>auxilium</strong></span> <span class='ocrx_word' id='word_1_218' title='bbox 2772 1482 2972 1534; x_wconf 82' lang='lat' dir='ltr'><strong>meum,</strong></span> <span class='ocrx_word' id='word_1_219' title='bbox 3003 1468 3060 1522; x_wconf 86' lang='lat' dir='ltr'><strong>in</strong></span> <span class='ocrx_word' id='word_1_220' title='bbox 3086 1467 3279 1522; x_wconf 88' lang='lat' dir='ltr'><strong>umbra</strong></span> <span class='ocrx_word' id='word_1_221' title='bbox 3311 1466 3520 1522; x_wconf 85' lang='lat' dir='ltr'><strong>alarum</strong></span> 
     </span>
    </p>
   </div>
   <div class='ocr_carea' id='block_1_30' title="bbox 1945 1559 2515 1617">
    <p class='ocr_par' dir='ltr' id='par_1_30' title="bbox 1945 1559 2515 1617">
     <span class='ocr_line' id='line_1_30' title="bbox 1945 1559 2515 1617; baseline 0 -2"><span class='ocrx_word' id='word_1_222' title='bbox 1945 1568 2159 1617; x_wconf 86' lang='lat' dir='ltr'><strong>tuarum</strong></span> <span class='ocrx_word' id='word_1_223' title='bbox 2186 1559 2417 1616; x_wconf 89' lang='lat' dir='ltr'><strong>laudabo</strong></span> <span class='ocrx_word' id='word_1_224' title='bbox 2442 1568 2515 1615; x_wconf 91' lang='lat' dir='ltr'><strong>te.</strong></span> 
     </span>
    </p>
   </div>
   <div class='ocr_carea' id='block_1_31' title="bbox 2012 1650 3524 1724">
    <p class='ocr_par' dir='ltr' id='par_1_31' title="bbox 2012 1650 3524 1724">
     <span class='ocr_line' id='line_1_31' title="bbox 2012 1650 3524 1724; baseline 0 -16"><span class='ocrx_word' id='word_1_225' title='bbox 2012 1668 2168 1708; x_wconf 83' lang='grc' dir='ltr'><strong>ιιιιι.</strong></span> <span class='ocrx_word' id='word_1_226' title='bbox 2198 1650 2359 1719; x_wconf 64' lang='lat' dir='ltr'><strong>Audi,</strong></span> <span class='ocrx_word' id='word_1_227' title='bbox 2377 1652 2541 1718; x_wconf 90' lang='lat' dir='ltr'><strong>Deus,</strong></span> <span class='ocrx_word' id='word_1_228' title='bbox 2559 1667 2749 1709; x_wconf 89' lang='lat' dir='ltr'><strong>vocem</strong></span> <span class='ocrx_word' id='word_1_229' title='bbox 2774 1668 2953 1709; x_wconf 85' lang='lat' dir='ltr'><strong>meam</strong></span> <span class='ocrx_word' id='word_1_230' title='bbox 2975 1653 3267 1724; x_wconf 87' lang='lat' dir='ltr'><strong>loquentis,</strong></span> <span class='ocrx_word' id='word_1_231' title='bbox 3285 1653 3524 1709; x_wconf 86' lang='lat' dir='ltr'><strong>atimore</strong></span> 
     </span>
    </p>
   </div>
   <div class='ocr_carea' id='block_1_32' title="bbox 258 1728 2752 1808">
    <p class='ocr_par' dir='ltr' id='par_1_32' title="bbox 258 1728 2752 1808">
     <span class='ocr_line' id='line_1_32' title="bbox 258 1728 2752 1808; baseline 0.002 -13"><span class='ocrx_word' id='word_1_232' title='bbox 258 1753 379 1806; x_wconf 84' lang='lat' dir='ltr'><strong>me,</strong></span> <span class='ocrx_word' id='word_1_233' title='bbox 419 1738 578 1805; x_wconf 86' lang='lat' dir='ltr'><strong>Deus,</strong></span> <span class='ocrx_word' id='word_1_234' title='bbox 602 1746 662 1795; x_wconf 88' lang='lat' dir='ltr'><strong>et</strong></span> <span class='ocrx_word' id='word_1_235' title='bbox 685 1739 937 1808; x_wconf 85' lang='lat' dir='ltr'><strong>spiritum</strong></span> <span class='ocrx_word' id='word_1_236' title='bbox 959 1739 1208 1796; x_wconf 87' lang='lat' dir='ltr'><strong>stabilem</strong></span> <span class='ocrx_word' id='word_1_237' title='bbox 1226 1754 1427 1796; x_wconf 84' lang='lat' dir='ltr'><strong>renova</strong></span> <span class='ocrx_word' id='word_1_238' title='bbox 1463 1741 1521 1802; x_wconf 87' lang='lat' dir='ltr'><strong>in</strong></span> <span class='ocrx_word' id='word_1_239' title='bbox 1544 1740 1853 1797; x_wconf 82' lang='lat' dir='ltr'><strong>visceribus</strong></span> <span class='ocrx_word' id='word_1_240' title='bbox 1871 1728 1919 1792; x_wconf 76' lang='grc' dir='ltr'><strong><em>Β</em></strong></span> <span class='ocrx_word' id='word_1_241' title='bbox 1945 1744 2149 1800; x_wconf 90' lang='lat' dir='ltr'><strong>inimici</strong></span> <span class='ocrx_word' id='word_1_242' title='bbox 2178 1759 2335 1800; x_wconf 89' lang='lat' dir='ltr'><strong>serva</strong></span> <span class='ocrx_word' id='word_1_243' title='bbox 2358 1744 2526 1798; x_wconf 88' lang='lat' dir='ltr'><strong>vitam</strong></span> <span class='ocrx_word' id='word_1_244' title='bbox 2554 1759 2752 1799; x_wconf 85' lang='lat' dir='ltr'><strong>meam.</strong></span> 
     </span>
    </p>
   </div>
   <div class='ocr_carea' id='block_1_33' title="bbox 257 1830 1842 1903">
    <p class='ocr_par' dir='ltr' id='par_1_33' title="bbox 257 1830 1842 1903">
     <span class='ocr_line' id='line_1_33' title="bbox 257 1830 1842 1903; baseline 0.001 -15"><span class='ocrx_word' id='word_1_245' title='bbox 257 1832 429 1888; x_wconf 64' lang='lat' dir='ltr'><strong>areis.</strong></span> <span class='ocrx_word' id='word_1_246' title='bbox 457 1830 535 1887; x_wconf 87' lang='lat' dir='ltr'><strong>Ne</strong></span> <span class='ocrx_word' id='word_1_247' title='bbox 552 1831 815 1902; x_wconf 78' lang='lat' dir='ltr'><strong>projicias</strong></span> <span class='ocrx_word' id='word_1_248' title='bbox 835 1848 923 1888; x_wconf 92' lang='lat' dir='ltr'><strong>me</strong></span> <span class='ocrx_word' id='word_1_249' title='bbox 949 1847 982 1889; x_wconf 89' lang='lat' dir='ltr'><strong>a</strong></span> <span class='ocrx_word' id='word_1_250' title='bbox 1008 1831 1149 1889; x_wconf 87' lang='lat' dir='ltr'><strong>faeie</strong></span> <span class='ocrx_word' id='word_1_251' title='bbox 1184 1840 1274 1888; x_wconf 88' lang='lat' dir='ltr'><strong>tua</strong></span> <span class='ocrx_word' id='word_1_252' title='bbox 1294 1872 1313 1900; x_wconf 87' lang='lat'><strong>,</strong></span> <span class='ocrx_word' id='word_1_253' title='bbox 1339 1841 1395 1889; x_wconf 91' lang='lat' dir='ltr'><strong>et</strong></span> <span class='ocrx_word' id='word_1_254' title='bbox 1423 1832 1684 1903; x_wconf 76' lang='lat' dir='ltr'><strong>Spiritum</strong></span> <span class='ocrx_word' id='word_1_255' title='bbox 1711 1847 1842 1889; x_wconf 78' lang='lat' dir='ltr'><strong>san-</strong></span> 
     </span>
    </p>
   </div>
   <div class='ocr_carea' id='block_1_34' title="bbox 260 1922 1842 1981">
    <p class='ocr_par' dir='ltr' id='par_1_34' title="bbox 260 1922 1842 1981">
     <span class='ocr_line' id='line_1_34' title="bbox 260 1922 1842 1981; baseline 0.001 -4"><span class='ocrx_word' id='word_1_256' title='bbox 260 1931 424 1978; x_wconf 88' lang='lat' dir='ltr'><strong>ctum</strong></span> <span class='ocrx_word' id='word_1_257' title='bbox 462 1931 608 1978; x_wconf 88' lang='lat' dir='ltr'><strong>tuum</strong></span> <span class='ocrx_word' id='word_1_258' title='bbox 642 1938 710 1979; x_wconf 91' lang='lat' dir='ltr'><strong>ne</strong></span> <span class='ocrx_word' id='word_1_259' title='bbox 736 1922 952 1980; x_wconf 87' lang='lat' dir='ltr'><strong>auferas</strong></span> <span class='ocrx_word' id='word_1_260' title='bbox 989 1940 1022 1979; x_wconf 88' lang='lat' dir='ltr'><strong>a</strong></span> <span class='ocrx_word' id='word_1_261' title='bbox 1048 1938 1155 1979; x_wconf 91' lang='lat' dir='ltr'><strong>me.</strong></span> <span class='ocrx_word' id='word_1_262' title='bbox 1201 1922 1384 1981; x_wconf 81' lang='lat' dir='ltr'><strong>Redde</strong></span> <span class='ocrx_word' id='word_1_263' title='bbox 1424 1924 1560 1981; x_wconf 89' lang='lat' dir='ltr'><strong>mihi</strong></span> <span class='ocrx_word' id='word_1_264' title='bbox 1602 1923 1842 1980; x_wconf 63' lang='lat' dir='ltr'><strong>lmtitiam</strong></span> 
     </span>
    </p>
   </div>
   <div class='ocr_carea' id='block_1_35' title="bbox 253 2010 1842 2084">
    <p class='ocr_par' dir='ltr' id='par_1_35' title="bbox 253 2010 1842 2084">
     <span class='ocr_line' id='line_1_35' title="bbox 253 2010 1842 2084; baseline -0.001 -15"><span class='ocrx_word' id='word_1_265' title='bbox 253 2010 398 2069; x_wconf 71' lang='lat' dir='ltr'><strong>Iesu</strong></span> <span class='ocrx_word' id='word_1_266' title='bbox 426 2013 526 2080; x_wconf 89' lang='lat' dir='ltr'><strong>tui,</strong></span> <span class='ocrx_word' id='word_1_267' title='bbox 552 2020 608 2069; x_wconf 88' lang='lat' dir='ltr'><strong>et</strong></span> <span class='ocrx_word' id='word_1_268' title='bbox 632 2014 827 2084; x_wconf 81' lang='lat' dir='ltr'><strong>spiritu</strong></span> <span class='ocrx_word' id='word_1_269' title='bbox 850 2013 1065 2083; x_wconf 86' lang='lat' dir='ltr'><strong>potenti</strong></span> <span class='ocrx_word' id='word_1_270' title='bbox 1082 2012 1349 2070; x_wconf 82' lang='lat' dir='ltr'><strong>conﬁrma</strong></span> <span class='ocrx_word' id='word_1_271' title='bbox 1384 2027 1494 2068; x_wconf 88' lang='lat' dir='ltr'><strong>me.</strong></span> <span class='ocrx_word' id='word_1_272' title='bbox 1537 2010 1732 2067; x_wconf 85' lang='lat' dir='ltr'><strong>Libera</strong></span> <span class='ocrx_word' id='word_1_273' title='bbox 1755 2027 1842 2068; x_wconf 91' lang='lat' dir='ltr'><strong>me</strong></span> 
     </span>
    </p>
   </div>
   <div class='ocr_carea' id='block_1_36' title="bbox 254 2102 1842 2175">
    <p class='ocr_par' dir='ltr' id='par_1_36' title="bbox 254 2102 1842 2175">
     <span class='ocr_line' id='line_1_36' title="bbox 254 2102 1842 2175; baseline 0 -15"><span class='ocrx_word' id='word_1_274' title='bbox 254 2104 335 2160; x_wconf 87' lang='lat' dir='ltr'><strong>de</strong></span> <span class='ocrx_word' id='word_1_275' title='bbox 354 2103 724 2175; x_wconf 77' lang='lat' dir='ltr'><strong>sanguinibus,</strong></span> <span class='ocrx_word' id='word_1_276' title='bbox 746 2104 1065 2172; x_wconf 80' lang='lat' dir='ltr'><strong>Deus,Dcus</strong></span> <span class='ocrx_word' id='word_1_277' title='bbox 1086 2104 1278 2165; x_wconf 85' lang='lat' dir='ltr'><strong>salutis</strong></span> <span class='ocrx_word' id='word_1_278' title='bbox 1300 2117 1436 2160; x_wconf 65' lang='lat' dir='ltr'><strong>mea</strong></span> <span class='ocrx_word' id='word_1_279' title='bbox 1454 2102 1722 2165; x_wconf 66' lang='lat' dir='ltr'><strong>:lauthbit</strong></span> <span class='ocrx_word' id='word_1_280' title='bbox 1738 2104 1842 2160; x_wconf 90' lang='lat' dir='ltr'><strong>lin-</strong></span> 
     </span>
    </p>
   </div>
   <div class='ocr_carea' id='block_1_37' title="bbox 253 2195 1840 2268">
    <p class='ocr_par' dir='ltr' id='par_1_37' title="bbox 253 2195 1840 2268">
     <span class='ocr_line' id='line_1_37' title="bbox 253 2195 1840 2268; baseline 0.001 -17"><span class='ocrx_word' id='word_1_281' title='bbox 253 2210 373 2268; x_wconf 69' lang='lat' dir='ltr'><strong>gua</strong></span> <span class='ocrx_word' id='word_1_282' title='bbox 396 2211 517 2251; x_wconf 85' lang='lat' dir='ltr'><strong>mea</strong></span> <span class='ocrx_word' id='word_1_283' title='bbox 537 2195 807 2265; x_wconf 79' lang='lat' dir='ltr'><strong>justitiam</strong></span> <span class='ocrx_word' id='word_1_284' title='bbox 827 2207 991 2255; x_wconf 90' lang='lat' dir='ltr'><strong>tuam.</strong></span> <span class='ocrx_word' id='word_1_285' title='bbox 1024 2197 1267 2262; x_wconf 64' lang='lat' dir='ltr'><strong>Domine.</strong></span> <span class='ocrx_word' id='word_1_286' title='bbox 1294 2196 1436 2253; x_wconf 89' lang='lat' dir='ltr'><strong>labia</strong></span> <span class='ocrx_word' id='word_1_287' title='bbox 1466 2211 1586 2252; x_wconf 88' lang='lat' dir='ltr'><strong>mea</strong></span> <span class='ocrx_word' id='word_1_288' title='bbox 1607 2198 1840 2267; x_wconf 83' lang='lat' dir='ltr'><strong>aperies,</strong></span> 
     </span>
    </p>
   </div>
   <div class='ocr_carea' id='block_1_38' title="bbox 254 2287 1842 2351">
    <p class='ocr_par' dir='ltr' id='par_1_38' title="bbox 254 2287 1842 2351">
     <span class='ocr_line' id='line_1_38' title="bbox 254 2287 1842 2351; baseline -0.001 -6"><span class='ocrx_word' id='word_1_289' title='bbox 254 2296 325 2345; x_wconf 86' lang='lat' dir='ltr'><strong>et</strong></span> <span class='ocrx_word' id='word_1_290' title='bbox 343 2304 406 2347; x_wconf 85' lang='lat' dir='ltr'><strong>os</strong></span> <span class='ocrx_word' id='word_1_291' title='bbox 439 2304 623 2345; x_wconf 89' lang='lat' dir='ltr'><strong>meum</strong></span> <span class='ocrx_word' id='word_1_292' title='bbox 658 2290 997 2347; x_wconf 79' lang='lat' dir='ltr'><strong>amtuntiabit</strong></span> <span class='ocrx_word' id='word_1_293' title='bbox 1037 2289 1251 2351; x_wconf 89' lang='lat' dir='ltr'><strong>laudem</strong></span> <span class='ocrx_word' id='word_1_294' title='bbox 1289 2296 1456 2344; x_wconf 87' lang='lat' dir='ltr'><strong>tuam.</strong></span> <span class='ocrx_word' id='word_1_295' title='bbox 1503 2287 1842 2344; x_wconf 78' lang='lat' dir='ltr'><strong>Sacriﬁcium</strong></span> 
     </span>
    </p>
   </div>
   <div class='ocr_carea' id='block_1_39' title="bbox 256 2378 1843 2450">
    <p class='ocr_par' dir='ltr' id='par_1_39' title="bbox 256 2378 1843 2450">
     <span class='ocr_line' id='line_1_39' title="bbox 256 2378 1843 2450; baseline 0.001 -16"><span class='ocrx_word' id='word_1_296' title='bbox 256 2378 378 2434; x_wconf 88' lang='lat' dir='ltr'><strong>Deo</strong></span> <span class='ocrx_word' id='word_1_297' title='bbox 400 2379 623 2450; x_wconf 86' lang='lat' dir='ltr'><strong>spiritus</strong></span> <span class='ocrx_word' id='word_1_298' title='bbox 650 2380 1057 2447; x_wconf 89' lang='lat' dir='ltr'><strong>contribulatus,</strong></span> <span class='ocrx_word' id='word_1_299' title='bbox 1084 2395 1181 2437; x_wconf 91' lang='lat' dir='ltr'><strong>cor</strong></span> <span class='ocrx_word' id='word_1_300' title='bbox 1201 2380 1493 2436; x_wconf 88' lang='lat' dir='ltr'><strong>contritum</strong></span> <span class='ocrx_word' id='word_1_301' title='bbox 1516 2386 1573 2436; x_wconf 86' lang='lat' dir='ltr'><strong>et</strong></span> <span class='ocrx_word' id='word_1_302' title='bbox 1592 2378 1843 2435; x_wconf 79' lang='lat' dir='ltr'><strong>humilia-</strong></span> 
     </span>
    </p>
   </div>
   <div class='ocr_carea' id='block_1_40' title="bbox 257 2469 1049 2543">
    <p class='ocr_par' dir='ltr' id='par_1_40' title="bbox 257 2469 1049 2543">
     <span class='ocr_line' id='line_1_40' title="bbox 257 2469 1049 2543; baseline 0.004 -19"><span class='ocrx_word' id='word_1_303' title='bbox 257 2477 405 2535; x_wconf 88' lang='lat' dir='ltr'><strong>tum,</strong></span> <span class='ocrx_word' id='word_1_304' title='bbox 430 2469 597 2537; x_wconf 88' lang='lat' dir='ltr'><strong>Dens,</strong></span> <span class='ocrx_word' id='word_1_305' title='bbox 628 2486 739 2527; x_wconf 82' lang='lat' dir='ltr'><strong>non</strong></span> <span class='ocrx_word' id='word_1_306' title='bbox 767 2471 1049 2543; x_wconf 82' lang='lat' dir='ltr'><strong>despicies.</strong></span> 
     </span>
    </p>
   </div>
   <div class='ocr_carea' id='block_1_41' title="bbox 336 2562 1844 2635">
    <p class='ocr_par' dir='ltr' id='par_1_41' title="bbox 336 2562 1844 2635">
     <span class='ocr_line' id='line_1_41' title="bbox 336 2562 1844 2635; baseline 0 -17"><span class='ocrx_word' id='word_1_307' title='bbox 336 2579 411 2618; x_wconf 97' lang='grc' dir='ltr'><strong>ιι.</strong></span> <span class='ocrx_word' id='word_1_308' title='bbox 440 2562 807 2620; x_wconf 73' lang='lat' dir='ltr'><strong>Misericordia</strong></span> <span class='ocrx_word' id='word_1_309' title='bbox 831 2564 928 2621; x_wconf 86' lang='lat' dir='ltr'><strong>Dei</strong></span> <span class='ocrx_word' id='word_1_310' title='bbox 950 2572 1063 2620; x_wconf 89' lang='lat' dir='ltr'><strong>tota</strong></span> <span class='ocrx_word' id='word_1_311' title='bbox 1103 2572 1188 2621; x_wconf 89' lang='lat' dir='ltr'><strong>est</strong></span> <span class='ocrx_word' id='word_1_312' title='bbox 1216 2564 1321 2620; x_wconf 89' lang='lat' dir='ltr'><strong>die.</strong></span> <span class='ocrx_word' id='word_1_313' title='bbox 1351 2563 1465 2635; x_wconf 72' lang='lat' dir='ltr'><strong>Ego</strong></span> <span class='ocrx_word' id='word_1_314' title='bbox 1499 2572 1681 2619; x_wconf 82' lang='lat' dir='ltr'><strong>autem</strong></span> <span class='ocrx_word' id='word_1_315' title='bbox 1703 2562 1844 2619; x_wconf 82' lang='lat' dir='ltr'><strong>sicut</strong></span> 
     </span>
    </p>
   </div>
   <div class='ocr_carea' id='block_1_42' title="bbox 252 2650 1844 2724">
    <p class='ocr_par' dir='ltr' id='par_1_42' title="bbox 252 2650 1844 2724">
     <span class='ocr_line' id='line_1_42' title="bbox 252 2650 1844 2724; baseline 0.001 -16"><span class='ocrx_word' id='word_1_316' title='bbox 252 2650 410 2709; x_wconf 85' lang='lat' dir='ltr'><strong>oliva</strong></span> <span class='ocrx_word' id='word_1_317' title='bbox 451 2653 635 2710; x_wconf 78' lang='lat' dir='ltr'><strong>virens</strong></span> <span class='ocrx_word' id='word_1_318' title='bbox 672 2653 730 2710; x_wconf 86' lang='lat' dir='ltr'><strong>in</strong></span> <span class='ocrx_word' id='word_1_319' title='bbox 763 2654 927 2711; x_wconf 89' lang='lat' dir='ltr'><strong>domo</strong></span> <span class='ocrx_word' id='word_1_320' title='bbox 966 2654 1085 2718; x_wconf 88' lang='lat' dir='ltr'><strong>Dei,</strong></span> <span class='ocrx_word' id='word_1_321' title='bbox 1116 2654 1331 2724; x_wconf 84' lang='lat' dir='ltr'><strong>speravi</strong></span> <span class='ocrx_word' id='word_1_322' title='bbox 1373 2654 1430 2709; x_wconf 90' lang='lat' dir='ltr'><strong>in</strong></span> <span class='ocrx_word' id='word_1_323' title='bbox 1471 2651 1844 2711; x_wconf 76' lang='lat' dir='ltr'><strong>misericordia</strong></span> 
     </span>
    </p>
   </div>
   <div class='ocr_carea' id='block_1_43' title="bbox 253 2745 1161 2816">
    <p class='ocr_par' dir='ltr' id='par_1_43' title="bbox 253 2745 1161 2816">
     <span class='ocr_line' id='line_1_43' title="bbox 253 2745 1161 2816; baseline -0.002 -13"><span class='ocrx_word' id='word_1_324' title='bbox 253 2745 364 2803; x_wconf 86' lang='lat' dir='ltr'><strong>Dei</strong></span> <span class='ocrx_word' id='word_1_325' title='bbox 385 2746 443 2801; x_wconf 92' lang='lat' dir='ltr'><strong>in</strong></span> <span class='ocrx_word' id='word_1_326' title='bbox 469 2746 726 2802; x_wconf 65' lang='lat' dir='ltr'><strong>sacculum</strong></span> <span class='ocrx_word' id='word_1_327' title='bbox 754 2746 1161 2816; x_wconf 88' lang='lat' dir='ltr'><strong>sempiternum.</strong></span> 
     </span>
    </p>
   </div>
   <div class='ocr_carea' id='block_1_44' title="bbox 333 2835 1556 2902">
    <p class='ocr_par' dir='ltr' id='par_1_44' title="bbox 333 2835 1556 2902">
     <span class='ocr_line' id='line_1_44' title="bbox 333 2835 1556 2902; baseline -0.002 -8"><span class='ocrx_word' id='word_1_328' title='bbox 333 2852 432 2894; x_wconf 85' lang='grc' dir='ltr'><strong>ιιι.</strong></span> <span class='ocrx_word' id='word_1_329' title='bbox 457 2836 758 2893; x_wconf 82' lang='lat' dir='ltr'><strong>Exsultabit</strong></span> <span class='ocrx_word' id='word_1_330' title='bbox 781 2835 969 2902; x_wconf 85' lang='lat' dir='ltr'><strong>Jacob,</strong></span> <span class='ocrx_word' id='word_1_331' title='bbox 1000 2845 1058 2893; x_wconf 84' lang='lat' dir='ltr'><strong>et</strong></span> <span class='ocrx_word' id='word_1_332' title='bbox 1075 2836 1347 2893; x_wconf 71' lang='lat' dir='ltr'><strong>laetabitur</strong></span> <span class='ocrx_word' id='word_1_333' title='bbox 1370 2836 1556 2895; x_wconf 75' lang='lat' dir='ltr'><strong>Israel.</strong></span> 
     </span>
    </p>
   </div>
   <div class='ocr_carea' id='block_1_45' title="bbox 334 2923 1842 2993">
    <p class='ocr_par' dir='ltr' id='par_1_45' title="bbox 334 2923 1842 2993">
     <span class='ocr_line' id='line_1_45' title="bbox 334 2923 1842 2993; baseline -0.005 -7"><span class='ocrx_word' id='word_1_334' title='bbox 334 2944 454 2987; x_wconf 83' lang='lat' dir='ltr'><strong>un.</strong></span> <span class='ocrx_word' id='word_1_335' title='bbox 480 2927 643 2993; x_wconf 89' lang='lat' dir='ltr'><strong>Deus,</strong></span> <span class='ocrx_word' id='word_1_336' title='bbox 684 2928 741 2983; x_wconf 88' lang='lat' dir='ltr'><strong>iu</strong></span> <span class='ocrx_word' id='word_1_337' title='bbox 766 2928 984 2984; x_wconf 84' lang='lat' dir='ltr'><strong>nomine</strong></span> <span class='ocrx_word' id='word_1_338' title='bbox 1010 2934 1105 2985; x_wconf 83' lang='lat' dir='ltr'><strong>tuo</strong></span> <span class='ocrx_word' id='word_1_339' title='bbox 1133 2927 1282 2983; x_wconf 87' lang='lat' dir='ltr'><strong>salva</strong></span> <span class='ocrx_word' id='word_1_340' title='bbox 1316 2941 1423 2991; x_wconf 89' lang='lat' dir='ltr'><strong>me,</strong></span> <span class='ocrx_word' id='word_1_341' title='bbox 1445 2935 1501 2981; x_wconf 89' lang='lat' dir='ltr'><strong>et</strong></span> <span class='ocrx_word' id='word_1_342' title='bbox 1535 2926 1592 2980; x_wconf 90' lang='lat' dir='ltr'><strong>in</strong></span> <span class='ocrx_word' id='word_1_343' title='bbox 1621 2923 1842 2981; x_wconf 85' lang='lat' dir='ltr'><strong>fortitu—</strong></span> 
     </span>
    </p>
   </div>
   <div class='ocr_carea' id='block_1_46' title="bbox 254 3016 1838 3083">
    <p class='ocr_par' dir='ltr' id='par_1_46' title="bbox 254 3016 1838 3083">
     <span class='ocr_line' id='line_1_46' title="bbox 254 3016 1838 3083; baseline -0.004 -6"><span class='ocrx_word' id='word_1_344' title='bbox 254 3021 391 3077; x_wconf 83' lang='lat' dir='ltr'><strong>dine</strong></span> <span class='ocrx_word' id='word_1_345' title='bbox 413 3028 503 3075; x_wconf 91' lang='lat' dir='ltr'><strong>tua</strong></span> <span class='ocrx_word' id='word_1_346' title='bbox 522 3019 782 3076; x_wconf 83' lang='lat' dir='ltr'><strong>ulciscere</strong></span> <span class='ocrx_word' id='word_1_347' title='bbox 800 3033 909 3074; x_wconf 91' lang='lat' dir='ltr'><strong>me.</strong></span> <span class='ocrx_word' id='word_1_348' title='bbox 928 3018 1087 3083; x_wconf 90' lang='lat' dir='ltr'><strong>Deus,</strong></span> <span class='ocrx_word' id='word_1_349' title='bbox 1110 3017 1306 3074; x_wconf 82' lang='lat' dir='ltr'><strong>exaudi</strong></span> <span class='ocrx_word' id='word_1_350' title='bbox 1323 3016 1626 3073; x_wconf 89' lang='lat' dir='ltr'><strong>orationem</strong></span> <span class='ocrx_word' id='word_1_351' title='bbox 1640 3029 1838 3081; x_wconf 83' lang='lat' dir='ltr'><strong>meam,</strong></span> 
     </span>
    </p>
   </div>
   <div class='ocr_carea' id='block_1_47' title="bbox 254 3109 1202 3184">
    <p class='ocr_par' dir='ltr' id='par_1_47' title="bbox 254 3109 1202 3184">
     <span class='ocr_line' id='line_1_47' title="bbox 254 3109 1202 3184; baseline -0.005 -15"><span class='ocrx_word' id='word_1_352' title='bbox 254 3113 488 3169; x_wconf 82' lang='lat' dir='ltr'><strong>auribus</strong></span> <span class='ocrx_word' id='word_1_353' title='bbox 507 3111 722 3184; x_wconf 88' lang='lat' dir='ltr'><strong>percipe</strong></span> <span class='ocrx_word' id='word_1_354' title='bbox 748 3110 911 3166; x_wconf 87' lang='lat' dir='ltr'><strong>verba</strong></span> <span class='ocrx_word' id='word_1_355' title='bbox 942 3110 1054 3166; x_wconf 89' lang='lat' dir='ltr'><strong>oris</strong></span> <span class='ocrx_word' id='word_1_356' title='bbox 1073 3109 1202 3165; x_wconf 88' lang='lat' dir='ltr'><strong>mei.</strong></span> 
     </span>
    </p>
   </div>
   <div class='ocr_carea' id='block_1_48' title="bbox 330 3196 1838 3271">
    <p class='ocr_par' dir='ltr' id='par_1_48' title="bbox 330 3196 1838 3271">
     <span class='ocr_line' id='line_1_48' title="bbox 330 3196 1838 3271; baseline -0.006 -9"><span class='ocrx_word' id='word_1_357' title='bbox 330 3220 443 3262; x_wconf 80' lang='lat' dir='ltr'><strong>uv.</strong></span> <span class='ocrx_word' id='word_1_358' title='bbox 470 3204 699 3271; x_wconf 79' lang='lat' dir='ltr'><strong>Exaudi,</strong></span> <span class='ocrx_word' id='word_1_359' title='bbox 742 3203 904 3270; x_wconf 90' lang='lat' dir='ltr'><strong>Deus,</strong></span> <span class='ocrx_word' id='word_1_360' title='bbox 927 3202 1226 3261; x_wconf 88' lang='lat' dir='ltr'><strong>orationem</strong></span> <span class='ocrx_word' id='word_1_361' title='bbox 1253 3214 1431 3255; x_wconf 87' lang='lat' dir='ltr'><strong>meam</strong></span> <span class='ocrx_word' id='word_1_362' title='bbox 1448 3239 1464 3265; x_wconf 89' lang='lat'><strong>,</strong></span> <span class='ocrx_word' id='word_1_363' title='bbox 1489 3207 1544 3255; x_wconf 90' lang='lat' dir='ltr'><strong>et</strong></span> <span class='ocrx_word' id='word_1_364' title='bbox 1564 3211 1635 3254; x_wconf 89' lang='lat' dir='ltr'><strong>ne</strong></span> <span class='ocrx_word' id='word_1_365' title='bbox 1657 3196 1838 3266; x_wconf 81' lang='lat' dir='ltr'><strong>despi-</strong></span> 
     </span>
    </p>
   </div>
   <div class='ocr_carea' id='block_1_49' title="bbox 255 3285 1841 3367">
    <p class='ocr_par' dir='ltr' id='par_1_49' title="bbox 255 3285 1841 3367">
     <span class='ocr_line' id='line_1_49' title="bbox 255 3285 1841 3367; baseline -0.008 -13"><span class='ocrx_word' id='word_1_366' title='bbox 255 3297 380 3354; x_wconf 85' lang='lat' dir='ltr'><strong>cias</strong></span> <span class='ocrx_word' id='word_1_367' title='bbox 404 3296 839 3367; x_wconf 88' lang='lat' dir='ltr'><strong>deprecationem</strong></span> <span class='ocrx_word' id='word_1_368' title='bbox 864 3307 1039 3350; x_wconf 84' lang='lat' dir='ltr'><strong>meam</strong></span> <span class='ocrx_word' id='word_1_369' title='bbox 1064 3310 1079 3349; x_wconf 89' lang='lat'><strong>:</strong></span> <span class='ocrx_word' id='word_1_370' title='bbox 1120 3290 1335 3348; x_wconf 86' lang='lat' dir='ltr'><strong>attende</strong></span> <span class='ocrx_word' id='word_1_371' title='bbox 1360 3289 1523 3357; x_wconf 88' lang='lat' dir='ltr'><strong>mihi,</strong></span> <span class='ocrx_word' id='word_1_372' title='bbox 1554 3295 1612 3345; x_wconf 90' lang='lat' dir='ltr'><strong>et</strong></span> <span class='ocrx_word' id='word_1_373' title='bbox 1646 3285 1841 3345; x_wconf 77' lang='lat' dir='ltr'><strong>exaudi</strong></span> 
     </span>
    </p>
   </div>
   <div class='ocr_carea' id='block_1_50' title="bbox 253 3382 1338 3459">
    <p class='ocr_par' dir='ltr' id='par_1_50' title="bbox 253 3382 1338 3459">
     <span class='ocr_line' id='line_1_50' title="bbox 253 3382 1338 3459; baseline -0.007 -14"><span class='ocrx_word' id='word_1_374' title='bbox 253 3403 369 3445; x_wconf 81' lang='lat' dir='ltr'><strong>me.</strong></span> <span class='ocrx_word' id='word_1_375' title='bbox 399 3386 513 3459; x_wconf 69' lang='lat' dir='ltr'><strong>Ego</strong></span> <span class='ocrx_word' id='word_1_376' title='bbox 541 3393 725 3442; x_wconf 84' lang='lat' dir='ltr'><strong>autem</strong></span> <span class='ocrx_word' id='word_1_377' title='bbox 752 3384 1007 3441; x_wconf 87' lang='lat' dir='ltr'><strong>ﬁduciam</strong></span> <span class='ocrx_word' id='word_1_378' title='bbox 1036 3383 1210 3439; x_wconf 87' lang='lat' dir='ltr'><strong>habeo</strong></span> <span class='ocrx_word' id='word_1_379' title='bbox 1240 3382 1338 3437; x_wconf 90' lang='lat' dir='ltr'><strong>tui.</strong></span> 
     </span>
    </p>
   </div>
   <div class='ocr_carea' id='block_1_51' title="bbox 333 3470 1843 3548">
    <p class='ocr_par' dir='ltr' id='par_1_51' title="bbox 333 3470 1843 3548">
     <span class='ocr_line' id='line_1_51' title="bbox 333 3470 1843 3548; baseline -0.005 -14"><span class='ocrx_word' id='word_1_380' title='bbox 333 3491 420 3534; x_wconf 73' lang='lat' dir='ltr'><strong>LV.</strong></span> <span class='ocrx_word' id='word_1_381' title='bbox 452 3477 511 3532; x_wconf 87' lang='lat' dir='ltr'><strong>lu</strong></span> <span class='ocrx_word' id='word_1_382' title='bbox 543 3490 866 3548; x_wconf 87' lang='lat' dir='ltr'><strong>quacunque</strong></span> <span class='ocrx_word' id='word_1_383' title='bbox 914 3475 1002 3532; x_wconf 91' lang='lat' dir='ltr'><strong>die</strong></span> <span class='ocrx_word' id='word_1_384' title='bbox 1051 3475 1275 3531; x_wconf 88' lang='lat' dir='ltr'><strong>territus</strong></span> <span class='ocrx_word' id='word_1_385' title='bbox 1318 3472 1507 3537; x_wconf 89' lang='lat' dir='ltr'><strong>fuero,</strong></span> <span class='ocrx_word' id='word_1_386' title='bbox 1538 3487 1640 3543; x_wconf 76' lang='lat' dir='ltr'><strong>ego</strong></span> <span class='ocrx_word' id='word_1_387' title='bbox 1687 3470 1743 3525; x_wconf 90' lang='lat' dir='ltr'><strong>in</strong></span> <span class='ocrx_word' id='word_1_388' title='bbox 1788 3477 1843 3527; x_wconf 84' lang='lat' dir='ltr'><strong>te</strong></span> 
     </span>
    </p>
   </div>
   <div class='ocr_carea' id='block_1_52' title="bbox 256 3562 1843 3638">
    <p class='ocr_par' dir='ltr' id='par_1_52' title="bbox 256 3562 1843 3638">
     <span class='ocr_line' id='line_1_52' title="bbox 256 3562 1843 3638; baseline -0.006 -12"><span class='ocrx_word' id='word_1_389' title='bbox 256 3570 552 3626; x_wconf 86' lang='lat' dir='ltr'><strong>conﬁdam.</strong></span> <span class='ocrx_word' id='word_1_390' title='bbox 598 3568 719 3625; x_wconf 85' lang='lat' dir='ltr'><strong>Non</strong></span> <span class='ocrx_word' id='word_1_391' title='bbox 747 3569 969 3635; x_wconf 87' lang='lat' dir='ltr'><strong>timebo,</strong></span> <span class='ocrx_word' id='word_1_392' title='bbox 997 3567 1128 3638; x_wconf 90' lang='lat' dir='ltr'><strong>quid</strong></span> <span class='ocrx_word' id='word_1_393' title='bbox 1154 3566 1319 3623; x_wconf 87' lang='lat' dir='ltr'><strong>faciat</strong></span> <span class='ocrx_word' id='word_1_394' title='bbox 1363 3564 1497 3620; x_wconf 86' lang='lat' dir='ltr'><strong>mihi</strong></span> <span class='ocrx_word' id='word_1_395' title='bbox 1541 3578 1691 3631; x_wconf 89' lang='lat' dir='ltr'><strong>caro,</strong></span> <span class='ocrx_word' id='word_1_396' title='bbox 1738 3562 1843 3618; x_wconf 85' lang='lat' dir='ltr'><strong>hoc</strong></span> 
     </span>
    </p>
   </div>
   <div class='ocr_carea' id='block_1_53' title="bbox 258 3661 1633 3734">
    <p class='ocr_par' dir='ltr' id='par_1_53' title="bbox 258 3661 1633 3734">
     <span class='ocr_line' id='line_1_53' title="bbox 258 3661 1633 3734; baseline -0.007 -14"><span class='ocrx_word' id='word_1_397' title='bbox 258 3663 398 3730; x_wconf 86' lang='lat' dir='ltr'><strong>scio,</strong></span> <span class='ocrx_word' id='word_1_398' title='bbox 425 3662 555 3734; x_wconf 90' lang='lat' dir='ltr'><strong>quia</strong></span> <span class='ocrx_word' id='word_1_399' title='bbox 578 3661 722 3717; x_wconf 84' lang='lat' dir='ltr'><strong>Deus</strong></span> <span class='ocrx_word' id='word_1_400' title='bbox 746 3674 901 3717; x_wconf 85' lang='lat' dir='ltr'><strong>meus</strong></span> <span class='ocrx_word' id='word_1_401' title='bbox 927 3675 1009 3716; x_wconf 88' lang='lat' dir='ltr'><strong>es.</strong></span> <span class='ocrx_word' id='word_1_402' title='bbox 1630 3678 1633 3681; x_wconf 93' lang='grc'>·</span> 
     </span>
    </p>
   </div>
   <div class='ocr_carea' id='block_1_54' title="bbox 333 3743 1842 3818">
    <p class='ocr_par' dir='ltr' id='par_1_54' title="bbox 333 3743 1842 3818">
     <span class='ocr_line' id='line_1_54' title="bbox 333 3743 1842 3818; baseline -0.01 -7"><span class='ocrx_word' id='word_1_403' title='bbox 333 3770 443 3811; x_wconf 69' lang='grc' dir='ltr'><strong>ιιι.</strong></span> <span class='ocrx_word' id='word_1_404' title='bbox 470 3752 727 3809; x_wconf 73' lang='lat' dir='ltr'><strong>Miserere</strong></span> <span class='ocrx_word' id='word_1_405' title='bbox 751 3751 880 3818; x_wconf 89' lang='lat' dir='ltr'><strong>mei,</strong></span> <span class='ocrx_word' id='word_1_406' title='bbox 922 3749 1085 3813; x_wconf 88' lang='lat' dir='ltr'><strong>Deus,</strong></span> <span class='ocrx_word' id='word_1_407' title='bbox 1115 3747 1374 3802; x_wconf 88' lang='lat' dir='ltr'><strong>miserere</strong></span> <span class='ocrx_word' id='word_1_408' title='bbox 1400 3745 1504 3801; x_wconf 87' lang='lat' dir='ltr'><strong>mei</strong></span> <span class='ocrx_word' id='word_1_409' title='bbox 1528 3762 1542 3799; x_wconf 91' lang='lat'><strong>:</strong></span> <span class='ocrx_word' id='word_1_410' title='bbox 1582 3743 1842 3814; x_wconf 90' lang='lat' dir='ltr'><strong>quoniam</strong></span> 
     </span>
    </p>
   </div>
   <div class='ocr_carea' id='block_1_55' title="bbox 258 3835 1842 3915">
    <p class='ocr_par' dir='ltr' id='par_1_55' title="bbox 258 3835 1842 3915">
     <span class='ocr_line' id='line_1_55' title="bbox 258 3835 1842 3915; baseline -0.009 -14"><span class='ocrx_word' id='word_1_411' title='bbox 258 3844 321 3899; x_wconf 84' lang='lat' dir='ltr'><strong>in</strong></span> <span class='ocrx_word' id='word_1_412' title='bbox 349 3854 402 3900; x_wconf 90' lang='lat' dir='ltr'><strong>te</strong></span> <span class='ocrx_word' id='word_1_413' title='bbox 426 3851 613 3915; x_wconf 87' lang='lat' dir='ltr'><strong>sperat</strong></span> <span class='ocrx_word' id='word_1_414' title='bbox 640 3843 823 3899; x_wconf 91' lang='lat' dir='ltr'><strong>anima</strong></span> <span class='ocrx_word' id='word_1_415' title='bbox 852 3856 994 3896; x_wconf 90' lang='lat' dir='ltr'><strong>mea.</strong></span> <span class='ocrx_word' id='word_1_416' title='bbox 1035 3839 1095 3893; x_wconf 92' lang='lat' dir='ltr'><strong>In</strong></span> <span class='ocrx_word' id='word_1_417' title='bbox 1132 3837 1326 3893; x_wconf 89' lang='lat' dir='ltr'><strong>umbra</strong></span> <span class='ocrx_word' id='word_1_418' title='bbox 1368 3835 1580 3891; x_wconf 88' lang='lat' dir='ltr'><strong>alarum</strong></span> <span class='ocrx_word' id='word_1_419' title='bbox 1628 3842 1842 3889; x_wconf 88' lang='lat' dir='ltr'><strong>tuarum</strong></span> 
     </span>
    </p>
   </div>
   <div class='ocr_carea' id='block_1_56' title="bbox 259 3923 1845 4006">
    <p class='ocr_par' dir='ltr' id='par_1_56' title="bbox 259 3923 1845 4006">
     <span class='ocr_line' id='line_1_56' title="bbox 259 3923 1845 4006; baseline -0.011 -15"><span class='ocrx_word' id='word_1_420' title='bbox 259 3935 517 4006; x_wconf 83' lang='lat' dir='ltr'><strong>sperabo,</strong></span> <span class='ocrx_word' id='word_1_421' title='bbox 558 3936 730 3991; x_wconf 88' lang='lat' dir='ltr'><strong>donec</strong></span> <span class='ocrx_word' id='word_1_422' title='bbox 772 3938 1051 3989; x_wconf 89' lang='lat' dir='ltr'><strong>transeant</strong></span> <span class='ocrx_word' id='word_1_423' title='bbox 1088 3928 1319 3984; x_wconf 64' lang='lat' dir='ltr'><strong>insidiae.</strong></span> <span class='ocrx_word' id='word_1_424' title='bbox 1365 3925 1631 3982; x_wconf 88' lang='lat' dir='ltr'><strong>lnvocabo</strong></span> <span class='ocrx_word' id='word_1_425' title='bbox 1674 3923 1845 3977; x_wconf 90' lang='lat' dir='ltr'><strong>Deum</strong></span> 
     </span>
    </p>
   </div>
   <div class='ocr_carea' id='block_1_57' title="bbox 259 4011 1841 4091">
    <p class='ocr_par' dir='ltr' id='par_1_57' title="bbox 259 4011 1841 4091">
     <span class='ocr_line' id='line_1_57' title="bbox 259 4011 1841 4091; baseline -0.009 -9"><span class='ocrx_word' id='word_1_426' title='bbox 259 4027 611 4091; x_wconf 87' lang='lat' dir='ltr'><strong>altissimum,</strong></span> <span class='ocrx_word' id='word_1_427' title='bbox 642 4024 811 4079; x_wconf 89' lang='lat' dir='ltr'><strong>Deum</strong></span> <span class='ocrx_word' id='word_1_428' title='bbox 851 4020 1084 4077; x_wconf 87' lang='lat' dir='ltr'><strong>ultorem</strong></span> <span class='ocrx_word' id='word_1_429' title='bbox 1127 4032 1329 4074; x_wconf 89' lang='lat' dir='ltr'><strong>meum.</strong></span> <span class='ocrx_word' id='word_1_430' title='bbox 1365 4015 1539 4072; x_wconf 79' lang='lat' dir='ltr'><strong>Mittet</strong></span> <span class='ocrx_word' id='word_1_431' title='bbox 1575 4014 1641 4071; x_wconf 90' lang='lat' dir='ltr'><strong>de</strong></span> <span class='ocrx_word' id='word_1_432' title='bbox 1683 4011 1841 4081; x_wconf 72' lang='lat' dir='ltr'><strong>cmlo,</strong></span> 
     </span>
    </p>
   </div>
   <div class='ocr_carea' id='block_1_58' title="bbox 261 4117 711 4176">
    <p class='ocr_par' dir='ltr' id='par_1_58' title="bbox 261 4117 711 4176">
     <span class='ocr_line' id='line_1_58' title="bbox 261 4117 711 4176; baseline -0.002 -1"><span class='ocrx_word' id='word_1_433' title='bbox 261 4127 320 4175; x_wconf 89' lang='lat' dir='ltr'><strong>et</strong></span> <span class='ocrx_word' id='word_1_434' title='bbox 346 4117 579 4176; x_wconf 86' lang='lat' dir='ltr'><strong>salvabit</strong></span> <span class='ocrx_word' id='word_1_435' title='bbox 604 4132 711 4174; x_wconf 83' lang='lat' dir='ltr'><strong>me.</strong></span> 
     </span>
    </p>
   </div>
   <div class='ocr_carea' id='block_1_59' title="bbox 333 4206 1468 4280">
    <p class='ocr_par' dir='ltr' id='par_1_59' title="bbox 333 4206 1468 4280">
     <span class='ocr_line' id='line_1_59' title="bbox 333 4206 1468 4280; baseline -0.009 -12"><span class='ocrx_word' id='word_1_436' title='bbox 333 4211 636 4268; x_wconf 69' lang='lat' dir='ltr'><strong>Lvn.&#39;.Vere</strong></span> <span class='ocrx_word' id='word_1_437' title='bbox 664 4218 750 4265; x_wconf 89' lang='lat' dir='ltr'><strong>est</strong></span> <span class='ocrx_word' id='word_1_438' title='bbox 780 4208 920 4264; x_wconf 71' lang='lat' dir='ltr'><strong>Deus</strong></span> <span class='ocrx_word' id='word_1_439' title='bbox 943 4206 1193 4280; x_wconf 85' lang='lat' dir='ltr'><strong>judicans</strong></span> <span class='ocrx_word' id='word_1_440' title='bbox 1217 4206 1273 4262; x_wconf 88' lang='lat' dir='ltr'><strong>in</strong></span> <span class='ocrx_word' id='word_1_441' title='bbox 1299 4213 1468 4262; x_wconf 83' lang='lat' dir='ltr'><strong>terra.</strong></span> 
     </span>
    </p>
   </div>
   <div class='ocr_carea' id='block_1_60' title="bbox 334 4291 1847 4367">
    <p class='ocr_par' dir='ltr' id='par_1_60' title="bbox 334 4291 1847 4367">
     <span class='ocr_line' id='line_1_60' title="bbox 334 4291 1847 4367; baseline -0.007 -8"><span class='ocrx_word' id='word_1_442' title='bbox 334 4320 487 4360; x_wconf 83' lang='lat' dir='ltr'><strong>mn.</strong></span> <span class='ocrx_word' id='word_1_443' title='bbox 516 4303 659 4358; x_wconf 85' lang='lat' dir='ltr'><strong>Erue</strong></span> <span class='ocrx_word' id='word_1_444' title='bbox 699 4317 786 4357; x_wconf 89' lang='lat' dir='ltr'><strong>me</strong></span> <span class='ocrx_word' id='word_1_445' title='bbox 823 4302 889 4358; x_wconf 89' lang='lat' dir='ltr'><strong>de</strong></span> <span class='ocrx_word' id='word_1_446' title='bbox 922 4300 1177 4367; x_wconf 89' lang='lat' dir='ltr'><strong>inimicis,</strong></span> <span class='ocrx_word' id='word_1_447' title='bbox 1203 4299 1344 4354; x_wconf 89' lang='lat' dir='ltr'><strong>Deus</strong></span> <span class='ocrx_word' id='word_1_448' title='bbox 1370 4310 1543 4363; x_wconf 88' lang='lat' dir='ltr'><strong>meus,</strong></span> <span class='ocrx_word' id='word_1_449' title='bbox 1570 4302 1627 4351; x_wconf 90' lang='lat' dir='ltr'><strong>et</strong></span> <span class='ocrx_word' id='word_1_450' title='bbox 1652 4310 1683 4349; x_wconf 88' lang='lat' dir='ltr'><strong>a</strong></span> <span class='ocrx_word' id='word_1_451' title='bbox 1712 4291 1847 4350; x_wconf 86' lang='lat' dir='ltr'><strong>resi-</strong></span> 
     </span>
    </p>
   </div>
   <div class='ocr_carea' id='block_1_61' title="bbox 2011 1836 3237 1904">
    <p class='ocr_par' dir='ltr' id='par_1_61' title="bbox 2011 1836 3237 1904">
     <span class='ocr_line' id='line_1_61' title="bbox 2011 1836 3237 1904; baseline -0.002 -10"><span class='ocrx_word' id='word_1_452' title='bbox 2011 1853 2158 1895; x_wconf 75' lang='lat' dir='ltr'><strong>Lxlv.</strong></span> <span class='ocrx_word' id='word_1_453' title='bbox 2195 1838 2407 1893; x_wconf 80' lang='lat' dir='ltr'><strong>Exaudi</strong></span> <span class='ocrx_word' id='word_1_454' title='bbox 2427 1851 2553 1904; x_wconf 91' lang='lat' dir='ltr'><strong>nos,</strong></span> <span class='ocrx_word' id='word_1_455' title='bbox 2591 1836 2735 1893; x_wconf 89' lang='lat' dir='ltr'><strong>Deus</strong></span> <span class='ocrx_word' id='word_1_456' title='bbox 2761 1836 3003 1894; x_wconf 84' lang='lat' dir='ltr'><strong>salvator</strong></span> <span class='ocrx_word' id='word_1_457' title='bbox 3029 1845 3237 1892; x_wconf 88' lang='lat' dir='ltr'><strong>noster.</strong></span> 
     </span>
    </p>
   </div>
   <div class='ocr_carea' id='block_1_62' title="bbox 2011 1928 3525 1993">
    <p class='ocr_par' dir='ltr' id='par_1_62' title="bbox 2011 1928 3525 1993">
     <span class='ocr_line' id='line_1_62' title="bbox 2011 1928 3525 1993; baseline -0.002 -8"><span class='ocrx_word' id='word_1_458' title='bbox 2011 1945 2133 1985; x_wconf 74' lang='grc' dir='ltr'><strong>ιιγ.</strong></span> <span class='ocrx_word' id='word_1_459' title='bbox 2172 1928 2366 1986; x_wconf 84' lang='lat' dir='ltr'><strong>Omnis</strong></span> <span class='ocrx_word' id='word_1_460' title='bbox 2393 1937 2540 1987; x_wconf 86' lang='lat' dir='ltr'><strong>terra</strong></span> <span class='ocrx_word' id='word_1_461' title='bbox 2584 1929 2774 1983; x_wconf 79' lang='lat' dir='ltr'><strong>adoret</strong></span> <span class='ocrx_word' id='word_1_462' title='bbox 2796 1936 2854 1984; x_wconf 79' lang='lat' dir='ltr'><strong>et</strong></span> <span class='ocrx_word' id='word_1_463' title='bbox 2878 1935 3040 1984; x_wconf 88' lang='lat' dir='ltr'><strong>canet</strong></span> <span class='ocrx_word' id='word_1_464' title='bbox 3082 1929 3201 1993; x_wconf 88' lang='lat' dir='ltr'><strong>tibi,</strong></span> <span class='ocrx_word' id='word_1_465' title='bbox 3228 1936 3392 1984; x_wconf 88' lang='lat' dir='ltr'><strong>canet</strong></span> <span class='ocrx_word' id='word_1_466' title='bbox 3429 1943 3525 1983; x_wconf 87' lang='lat' dir='ltr'><strong>no-</strong></span> 
     </span>
    </p>
   </div>
   <div class='ocr_carea' id='block_1_63' title="bbox 1938 2019 3522 2089">
    <p class='ocr_par' dir='ltr' id='par_1_63' title="bbox 1938 2019 3522 2089">
     <span class='ocr_line' id='line_1_63' title="bbox 1938 2019 3522 2089; baseline -0.002 -13"><span class='ocrx_word' id='word_1_467' title='bbox 1938 2020 2075 2076; x_wconf 84' lang='lat' dir='ltr'><strong>mini</strong></span> <span class='ocrx_word' id='word_1_468' title='bbox 2103 2025 2217 2075; x_wconf 84' lang='lat' dir='ltr'><strong>tuo.</strong></span> <span class='ocrx_word' id='word_1_469' title='bbox 2241 2019 2548 2075; x_wconf 88' lang='lat' dir='ltr'><strong>Benedicite</strong></span> <span class='ocrx_word' id='word_1_470' title='bbox 2584 2019 2766 2089; x_wconf 84' lang='lat' dir='ltr'><strong>populi</strong></span> <span class='ocrx_word' id='word_1_471' title='bbox 2794 2019 2907 2073; x_wconf 92' lang='lat' dir='ltr'><strong>Deo</strong></span> <span class='ocrx_word' id='word_1_472' title='bbox 2932 2025 3143 2085; x_wconf 87' lang='lat' dir='ltr'><strong>nostro,</strong></span> <span class='ocrx_word' id='word_1_473' title='bbox 3188 2027 3247 2074; x_wconf 89' lang='lat' dir='ltr'><strong>et</strong></span> <span class='ocrx_word' id='word_1_474' title='bbox 3282 2019 3522 2074; x_wconf 86' lang='lat' dir='ltr'><strong>auditam</strong></span> 
     </span>
    </p>
   </div>
   <div class='ocr_carea' id='block_1_64' title="bbox 1940 2108 3523 2180">
    <p class='ocr_par' dir='ltr' id='par_1_64' title="bbox 1940 2108 3523 2180">
     <span class='ocr_line' id='line_1_64' title="bbox 1940 2108 3523 2180; baseline -0.002 -14"><span class='ocrx_word' id='word_1_475' title='bbox 1940 2109 2103 2167; x_wconf 84' lang='lat' dir='ltr'><strong>facite</strong></span> <span class='ocrx_word' id='word_1_476' title='bbox 2125 2124 2316 2168; x_wconf 86' lang='lat' dir='ltr'><strong>vocem</strong></span> <span class='ocrx_word' id='word_1_477' title='bbox 2335 2110 2512 2166; x_wconf 88' lang='lat' dir='ltr'><strong>laudis</strong></span> <span class='ocrx_word' id='word_1_478' title='bbox 2531 2108 2667 2179; x_wconf 84' lang='lat' dir='ltr'><strong>ejus.</strong></span> <span class='ocrx_word' id='word_1_479' title='bbox 2691 2110 2793 2176; x_wconf 83' lang='lat' dir='ltr'><strong>Qui</strong></span> <span class='ocrx_word' id='word_1_480' title='bbox 2816 2111 3002 2180; x_wconf 83' lang='lat' dir='ltr'><strong>posuit</strong></span> <span class='ocrx_word' id='word_1_481' title='bbox 3019 2111 3257 2165; x_wconf 86' lang='lat' dir='ltr'><strong>animam</strong></span> <span class='ocrx_word' id='word_1_482' title='bbox 3280 2117 3523 2165; x_wconf 87' lang='lat' dir='ltr'><strong>nostram</strong></span> 
     </span>
    </p>
   </div>
   <div class='ocr_carea' id='block_1_65' title="bbox 1938 2199 3631 2270">
    <p class='ocr_par' dir='ltr' id='par_1_65' title="bbox 1938 2199 3631 2270">
     <span class='ocr_line' id='line_1_65' title="bbox 1938 2199 3631 2270; baseline -0.004 -11"><span class='ocrx_word' id='word_1_483' title='bbox 1938 2201 1998 2259; x_wconf 89' lang='lat' dir='ltr'><strong>in</strong></span> <span class='ocrx_word' id='word_1_484' title='bbox 2040 2200 2171 2258; x_wconf 86' lang='lat' dir='ltr'><strong>vita.</strong></span> <span class='ocrx_word' id='word_1_485' title='bbox 2224 2200 2574 2267; x_wconf 87' lang='lat' dir='ltr'><strong>Benedictus,</strong></span> <span class='ocrx_word' id='word_1_486' title='bbox 2628 2201 2723 2270; x_wconf 87' lang='lat' dir='ltr'><strong>qui</strong></span> <span class='ocrx_word' id='word_1_487' title='bbox 2779 2214 2889 2254; x_wconf 88' lang='lat' dir='ltr'><strong>non</strong></span> <span class='ocrx_word' id='word_1_488' title='bbox 2935 2199 3160 2256; x_wconf 81' lang='lat' dir='ltr'><strong>abstulit</strong></span> <span class='ocrx_word' id='word_1_489' title='bbox 3220 2200 3521 2256; x_wconf 85' lang='lat' dir='ltr'><strong>orationem</strong></span> <span class='ocrx_word' id='word_1_490' title='bbox 3627 2219 3631 2223; x_wconf 56' lang='grc' dir='ltr'><strong><em>ν</em></strong></span> 
     </span>
    </p>
   </div>
   <div class='ocr_carea' id='block_1_66' title="bbox 1939 2290 3095 2357">
    <p class='ocr_par' dir='ltr' id='par_1_66' title="bbox 1939 2290 3095 2357">
     <span class='ocr_line' id='line_1_66' title="bbox 1939 2290 3095 2357; baseline -0.001 -12"><span class='ocrx_word' id='word_1_491' title='bbox 1939 2305 2139 2357; x_wconf 88' lang='lat' dir='ltr'><strong>meam,</strong></span> <span class='ocrx_word' id='word_1_492' title='bbox 2168 2298 2225 2346; x_wconf 91' lang='lat' dir='ltr'><strong>et</strong></span> <span class='ocrx_word' id='word_1_493' title='bbox 2250 2290 2678 2346; x_wconf 90' lang='lat' dir='ltr'><strong>misericordiam</strong></span> <span class='ocrx_word' id='word_1_494' title='bbox 2708 2298 2859 2345; x_wconf 88' lang='lat' dir='ltr'><strong>tuam</strong></span> <span class='ocrx_word' id='word_1_495' title='bbox 2882 2306 2914 2345; x_wconf 90' lang='lat' dir='ltr'><strong>a</strong></span> <span class='ocrx_word' id='word_1_496' title='bbox 2939 2306 3047 2347; x_wconf 91' lang='lat' dir='ltr'><strong>me.</strong></span> <span class='ocrx_word' id='word_1_497' title='bbox 3090 2324 3095 2329; x_wconf 63' lang='grc' dir='ltr'><strong>ι</strong></span> 
     </span>
    </p>
   </div>
   <div class='ocr_carea' id='block_1_67' title="bbox 2008 2379 3615 2447">
    <p class='ocr_par' dir='ltr' id='par_1_67' title="bbox 2008 2379 3615 2447">
     <span class='ocr_line' id='line_1_67' title="bbox 2008 2379 3615 2447; baseline -0.003 -9"><span class='ocrx_word' id='word_1_498' title='bbox 2008 2396 2153 2438; x_wconf 71' lang='grc' dir='ltr'><strong>ιινι.</strong></span> <span class='ocrx_word' id='word_1_499' title='bbox 2192 2380 2339 2437; x_wconf 85' lang='lat' dir='ltr'><strong>Deus</strong></span> <span class='ocrx_word' id='word_1_500' title='bbox 2361 2381 2689 2436; x_wconf 83' lang='lat' dir='ltr'><strong>misereatur</strong></span> <span class='ocrx_word' id='word_1_501' title='bbox 2713 2381 2917 2447; x_wconf 87' lang='lat' dir='ltr'><strong>nostri,</strong></span> <span class='ocrx_word' id='word_1_502' title='bbox 2944 2389 3001 2436; x_wconf 91' lang='lat' dir='ltr'><strong>et</strong></span> <span class='ocrx_word' id='word_1_503' title='bbox 3022 2380 3308 2436; x_wconf 79' lang='lat' dir='ltr'><strong>benedieat</strong></span> <span class='ocrx_word' id='word_1_504' title='bbox 3333 2379 3488 2435; x_wconf 88' lang='lat' dir='ltr'><strong>nobis</strong></span> <span class='ocrx_word' id='word_1_505' title='bbox 3505 2421 3520 2443; x_wconf 92' lang='lat'><strong>,</strong></span> <span class='ocrx_word' id='word_1_506' title='bbox 3611 2436 3615 2440; x_wconf 55' lang='grc'><strong>,</strong></span> 
     </span>
    </p>
   </div>
   <div class='ocr_carea' id='block_1_68' title="bbox 1941 2470 3524 2542">
    <p class='ocr_par' dir='ltr' id='par_1_68' title="bbox 1941 2470 3524 2542">
     <span class='ocr_line' id='line_1_68' title="bbox 1941 2470 3524 2542; baseline -0.001 -15"><span class='ocrx_word' id='word_1_507' title='bbox 1941 2471 2174 2528; x_wconf 85' lang='lat' dir='ltr'><strong>illustret</strong></span> <span class='ocrx_word' id='word_1_508' title='bbox 2217 2470 2416 2526; x_wconf 84' lang='lat' dir='ltr'><strong>faciem</strong></span> <span class='ocrx_word' id='word_1_509' title='bbox 2457 2486 2613 2527; x_wconf 89' lang='lat' dir='ltr'><strong>suam</strong></span> <span class='ocrx_word' id='word_1_510' title='bbox 2640 2486 2807 2542; x_wconf 89' lang='lat' dir='ltr'><strong>super</strong></span> <span class='ocrx_word' id='word_1_511' title='bbox 2848 2486 2971 2527; x_wconf 89' lang='lat' dir='ltr'><strong>nos.</strong></span> <span class='ocrx_word' id='word_1_512' title='bbox 3020 2471 3318 2526; x_wconf 81' lang='lat' dir='ltr'><strong>Benedicat</strong></span> <span class='ocrx_word' id='word_1_513' title='bbox 3368 2471 3524 2526; x_wconf 89' lang='lat' dir='ltr'><strong>nobis</strong></span> 
     </span>
    </p>
   </div>
   <div class='ocr_carea' id='block_1_69' title="bbox 1939 2560 3186 2628">
    <p class='ocr_par' dir='ltr' id='par_1_69' title="bbox 1939 2560 3186 2628">
     <span class='ocr_line' id='line_1_69' title="bbox 1939 2560 3186 2628; baseline 0 -11"><span class='ocrx_word' id='word_1_514' title='bbox 1939 2561 2104 2628; x_wconf 85' lang='lat' dir='ltr'><strong>Deus,</strong></span> <span class='ocrx_word' id='word_1_515' title='bbox 2135 2560 2279 2616; x_wconf 85' lang='lat' dir='ltr'><strong>Deus</strong></span> <span class='ocrx_word' id='word_1_516' title='bbox 2302 2568 2510 2627; x_wconf 83' lang='lat' dir='ltr'><strong>noster,</strong></span> <span class='ocrx_word' id='word_1_517' title='bbox 2536 2561 2819 2617; x_wconf 85' lang='lat' dir='ltr'><strong>benedicat</strong></span> <span class='ocrx_word' id='word_1_518' title='bbox 2846 2562 2999 2617; x_wconf 87' lang='lat' dir='ltr'><strong>nobis</strong></span> <span class='ocrx_word' id='word_1_519' title='bbox 3025 2562 3186 2617; x_wconf 89' lang='lat' dir='ltr'><strong>Deus.</strong></span> 
     </span>
    </p>
   </div>
   <div class='ocr_carea' id='block_1_70' title="bbox 2008 2652 3520 2724">
    <p class='ocr_par' dir='ltr' id='par_1_70' title="bbox 2008 2652 3520 2724">
     <span class='ocr_line' id='line_1_70' title="bbox 2008 2652 3520 2724; baseline 0 -15"><span class='ocrx_word' id='word_1_520' title='bbox 2008 2667 2174 2709; x_wconf 78' lang='lat' dir='ltr'><strong>uvu.</strong></span> <span class='ocrx_word' id='word_1_521' title='bbox 2203 2653 2471 2724; x_wconf 84' lang='lat' dir='ltr'><strong>Exsurgat</strong></span> <span class='ocrx_word' id='word_1_522' title='bbox 2496 2653 2660 2717; x_wconf 89' lang='lat' dir='ltr'><strong>Deus,</strong></span> <span class='ocrx_word' id='word_1_523' title='bbox 2685 2659 2743 2708; x_wconf 89' lang='lat' dir='ltr'><strong>et</strong></span> <span class='ocrx_word' id='word_1_524' title='bbox 2763 2652 3362 2723; x_wconf 76' lang='lat' dir='ltr'><strong>disperganturinimici</strong></span> <span class='ocrx_word' id='word_1_525' title='bbox 3380 2653 3520 2724; x_wconf 87' lang='lat' dir='ltr'><strong>ejus,</strong></span> 
     </span>
    </p>
   </div>
   <div class='ocr_carea' id='block_1_71' title="bbox 1940 2743 3520 2825">
    <p class='ocr_par' dir='ltr' id='par_1_71' title="bbox 1940 2743 3520 2825">
     <span class='ocr_line' id='line_1_71' title="bbox 1940 2743 3520 2825; baseline -0.002 -22"><span class='ocrx_word' id='word_1_526' title='bbox 1940 2754 1998 2803; x_wconf 83' lang='lat' dir='ltr'><strong>et</strong></span> <span class='ocrx_word' id='word_1_527' title='bbox 2021 2745 2231 2818; x_wconf 69' lang='lat' dir='ltr'><strong>fugiant</strong></span> <span class='ocrx_word' id='word_1_528' title='bbox 2252 2746 2345 2816; x_wconf 89' lang='lat' dir='ltr'><strong>qui</strong></span> <span class='ocrx_word' id='word_1_529' title='bbox 2372 2747 2602 2802; x_wconf 84' lang='lat' dir='ltr'><strong>oderunt</strong></span> <span class='ocrx_word' id='word_1_530' title='bbox 2627 2760 2752 2800; x_wconf 90' lang='lat' dir='ltr'><strong>eum</strong></span> <span class='ocrx_word' id='word_1_531' title='bbox 2778 2760 2809 2799; x_wconf 92' lang='lat' dir='ltr'><strong>a</strong></span> <span class='ocrx_word' id='word_1_532' title='bbox 2839 2744 2982 2825; x_wconf 80' lang='lat' dir='ltr'><strong>facie</strong></span> <span class='ocrx_word' id='word_1_533' title='bbox 3004 2744 3144 2816; x_wconf 87' lang='lat' dir='ltr'><strong>ejus.</strong></span> <span class='ocrx_word' id='word_1_534' title='bbox 3169 2743 3311 2801; x_wconf 81' lang='lat' dir='ltr'><strong>Justi</strong></span> <span class='ocrx_word' id='word_1_535' title='bbox 3341 2755 3520 2802; x_wconf 83' lang='lat' dir='ltr'><strong>autem</strong></span> 
     </span>
    </p>
   </div>
   <div class='ocr_carea' id='block_1_72' title="bbox 1940 2835 3521 2906">
    <p class='ocr_par' dir='ltr' id='par_1_72' title="bbox 1940 2835 3521 2906">
     <span class='ocr_line' id='line_1_72' title="bbox 1940 2835 3521 2906; baseline -0.001 -14"><span class='ocrx_word' id='word_1_536' title='bbox 1940 2837 2188 2893; x_wconf 72' lang='lat' dir='ltr'><strong>lmtentur</strong></span> <span class='ocrx_word' id='word_1_537' title='bbox 2212 2844 2269 2892; x_wconf 89' lang='lat' dir='ltr'><strong>et</strong></span> <span class='ocrx_word' id='word_1_538' title='bbox 2294 2837 2567 2893; x_wconf 81' lang='lat' dir='ltr'><strong>exsultent</strong></span> <span class='ocrx_word' id='word_1_539' title='bbox 2589 2837 2644 2892; x_wconf 90' lang='lat' dir='ltr'><strong>in</strong></span> <span class='ocrx_word' id='word_1_540' title='bbox 2672 2843 2967 2906; x_wconf 87' lang='lat' dir='ltr'><strong>conspectu</strong></span> <span class='ocrx_word' id='word_1_541' title='bbox 3005 2835 3124 2902; x_wconf 88' lang='lat' dir='ltr'><strong>Dei,</strong></span> <span class='ocrx_word' id='word_1_542' title='bbox 3151 2836 3427 2906; x_wconf 79' lang='lat' dir='ltr'><strong>gaudeant</strong></span> <span class='ocrx_word' id='word_1_543' title='bbox 3464 2837 3521 2891; x_wconf 88' lang='lat' dir='ltr'><strong>in</strong></span> 
     </span>
    </p>
   </div>
   <div class='ocr_carea' id='block_1_73' title="bbox 1940 2928 2150 2984">
    <p class='ocr_par' dir='ltr' id='par_1_73' title="bbox 1940 2928 2150 2984">
     <span class='ocr_line' id='line_1_73' title="bbox 1940 2928 2150 2984; baseline -0.01 0"><span class='ocrx_word' id='word_1_544' title='bbox 1940 2928 2150 2984; x_wconf 64' lang='lat' dir='ltr'><strong>laetitia.</strong></span> 
     </span>
    </p>
   </div>
   <div class='ocr_carea' id='block_1_74' title="bbox 2012 3017 3528 3087">
    <p class='ocr_par' dir='ltr' id='par_1_74' title="bbox 2012 3017 3528 3087">
     <span class='ocr_line' id='line_1_74' title="bbox 2012 3017 3528 3087; baseline -0.001 -13"><span class='ocrx_word' id='word_1_545' title='bbox 2012 3034 2202 3074; x_wconf 82' lang='lat' dir='ltr'><strong>vam.</strong></span> <span class='ocrx_word' id='word_1_546' title='bbox 2222 3017 2431 3073; x_wconf 79' lang='lat' dir='ltr'><strong>Exaudi</strong></span> <span class='ocrx_word' id='word_1_547' title='bbox 2461 3030 2567 3082; x_wconf 88' lang='lat' dir='ltr'><strong>me,</strong></span> <span class='ocrx_word' id='word_1_548' title='bbox 2598 3018 2847 3083; x_wconf 88' lang='lat' dir='ltr'><strong>Domine,</strong></span> <span class='ocrx_word' id='word_1_549' title='bbox 2869 3019 3128 3087; x_wconf 86' lang='lat' dir='ltr'><strong>quoniam</strong></span> <span class='ocrx_word' id='word_1_550' title='bbox 3155 3019 3299 3074; x_wconf 86' lang='lat' dir='ltr'><strong>bona</strong></span> <span class='ocrx_word' id='word_1_551' title='bbox 3326 3027 3411 3074; x_wconf 90' lang='lat' dir='ltr'><strong>est</strong></span> <span class='ocrx_word' id='word_1_552' title='bbox 3432 3020 3528 3072; x_wconf 89' lang='lat' dir='ltr'><strong>mi-</strong></span> 
     </span>
    </p>
   </div>
   <div class='ocr_carea' id='block_1_75' title="bbox 1943 3109 3526 3174">
    <p class='ocr_par' dir='ltr' id='par_1_75' title="bbox 1943 3109 3526 3174">
     <span class='ocr_line' id='line_1_75' title="bbox 1943 3109 3526 3174; baseline -0.002 -7"><span class='ocrx_word' id='word_1_553' title='bbox 1943 3109 2239 3167; x_wconf 81' lang='lat' dir='ltr'><strong>sericordia</strong></span> <span class='ocrx_word' id='word_1_554' title='bbox 2254 3119 2345 3164; x_wconf 88' lang='lat' dir='ltr'><strong>tua</strong></span> <span class='ocrx_word' id='word_1_555' title='bbox 2362 3125 2376 3174; x_wconf 89' lang='lat'><strong>;</strong></span> <span class='ocrx_word' id='word_1_556' title='bbox 2398 3110 2695 3165; x_wconf 86' lang='lat' dir='ltr'><strong>secundum</strong></span> <span class='ocrx_word' id='word_1_557' title='bbox 2706 3110 3103 3165; x_wconf 86' lang='lat' dir='ltr'><strong>multitudinem</strong></span> <span class='ocrx_word' id='word_1_558' title='bbox 3116 3111 3313 3166; x_wconf 85' lang='lat' dir='ltr'><strong>misera</strong></span> <span class='ocrx_word' id='word_1_559' title='bbox 3321 3112 3526 3164; x_wconf 72' lang='lat' dir='ltr'><strong>tionem</strong></span> 
     </span>
    </p>
   </div>
   <div class='ocr_carea' id='block_1_76' title="bbox 1942 3201 3527 3272">
    <p class='ocr_par' dir='ltr' id='par_1_76' title="bbox 1942 3201 3527 3272">
     <span class='ocr_line' id='line_1_76' title="bbox 1942 3201 3527 3272; baseline -0.001 -15"><span class='ocrx_word' id='word_1_560' title='bbox 1942 3210 2156 3257; x_wconf 85' lang='lat' dir='ltr'><strong>tuarum</strong></span> <span class='ocrx_word' id='word_1_561' title='bbox 2178 3202 2390 3272; x_wconf 84' lang='lat' dir='ltr'><strong>respice</strong></span> <span class='ocrx_word' id='word_1_562' title='bbox 2416 3202 2482 3255; x_wconf 85' lang='lat' dir='ltr'><strong>ad</strong></span> <span class='ocrx_word' id='word_1_563' title='bbox 2503 3216 2611 3256; x_wconf 90' lang='lat' dir='ltr'><strong>me.</strong></span> <span class='ocrx_word' id='word_1_564' title='bbox 2636 3201 2705 3255; x_wconf 83' lang='lat' dir='ltr'><strong>Et</strong></span> <span class='ocrx_word' id='word_1_565' title='bbox 2733 3216 2803 3257; x_wconf 89' lang='lat' dir='ltr'><strong>ne</strong></span> <span class='ocrx_word' id='word_1_566' title='bbox 2831 3203 3135 3257; x_wconf 86' lang='lat' dir='ltr'><strong>abscondas</strong></span> <span class='ocrx_word' id='word_1_567' title='bbox 3165 3202 3357 3258; x_wconf 89' lang='lat' dir='ltr'><strong>faciem</strong></span> <span class='ocrx_word' id='word_1_568' title='bbox 3380 3210 3527 3257; x_wconf 87' lang='lat' dir='ltr'><strong>tuam</strong></span> 
     </span>
    </p>
   </div>
   <div class='ocr_carea' id='block_1_77' title="bbox 1941 3292 3523 3361">
    <p class='ocr_par' dir='ltr' id='par_1_77' title="bbox 1941 3292 3523 3361">
     <span class='ocr_line' id='line_1_77' title="bbox 1941 3292 3523 3361; baseline 0.002 -15"><span class='ocrx_word' id='word_1_569' title='bbox 1941 3295 1975 3345; x_wconf 82' lang='lat' dir='ltr'><strong>a</strong></span> <span class='ocrx_word' id='word_1_570' title='bbox 1996 3306 2157 3346; x_wconf 88' lang='lat' dir='ltr'><strong>servo</strong></span> <span class='ocrx_word' id='word_1_571' title='bbox 2201 3299 2313 3357; x_wconf 91' lang='lat' dir='ltr'><strong>tuo,</strong></span> <span class='ocrx_word' id='word_1_572' title='bbox 2343 3292 2598 3361; x_wconf 82' lang='lat' dir='ltr'><strong>quoniam</strong></span> <span class='ocrx_word' id='word_1_573' title='bbox 2630 3292 2874 3358; x_wconf 86' lang='lat' dir='ltr'><strong>tribulor,</strong></span> <span class='ocrx_word' id='word_1_574' title='bbox 2914 3293 3024 3348; x_wconf 90' lang='lat' dir='ltr'><strong>cito</strong></span> <span class='ocrx_word' id='word_1_575' title='bbox 3052 3293 3248 3348; x_wconf 74' lang='lat' dir='ltr'><strong>exaudi</strong></span> <span class='ocrx_word' id='word_1_576' title='bbox 3277 3308 3383 3348; x_wconf 90' lang='lat' dir='ltr'><strong>me.</strong></span> <span class='ocrx_word' id='word_1_577' title='bbox 3427 3293 3523 3349; x_wconf 54' lang='lat' dir='ltr'><strong>Acv</strong></span> 
     </span>
    </p>
   </div>
   <div class='ocr_carea' id='block_1_78' title="bbox 1939 3381 3530 3454">
    <p class='ocr_par' dir='ltr' id='par_1_78' title="bbox 1939 3381 3530 3454">
     <span class='ocr_line' id='line_1_78' title="bbox 1939 3381 3530 3454; baseline 0.001 -17"><span class='ocrx_word' id='word_1_578' title='bbox 1939 3382 2073 3437; x_wconf 89' lang='lat' dir='ltr'><strong>cede</strong></span> <span class='ocrx_word' id='word_1_579' title='bbox 2112 3381 2183 3437; x_wconf 86' lang='lat' dir='ltr'><strong>ad</strong></span> <span class='ocrx_word' id='word_1_580' title='bbox 2225 3383 2464 3436; x_wconf 88' lang='lat' dir='ltr'><strong>animam</strong></span> <span class='ocrx_word' id='word_1_581' title='bbox 2507 3397 2708 3449; x_wconf 87' lang='lat' dir='ltr'><strong>meam,</strong></span> <span class='ocrx_word' id='word_1_582' title='bbox 2757 3391 2815 3438; x_wconf 87' lang='lat' dir='ltr'><strong>et</strong></span> <span class='ocrx_word' id='word_1_583' title='bbox 2858 3384 3066 3439; x_wconf 79' lang='lat' dir='ltr'><strong>redime</strong></span> <span class='ocrx_word' id='word_1_584' title='bbox 3110 3398 3235 3439; x_wconf 88' lang='lat' dir='ltr'><strong>eam</strong></span> <span class='ocrx_word' id='word_1_585' title='bbox 3262 3401 3277 3437; x_wconf 91' lang='lat'><strong>:</strong></span> <span class='ocrx_word' id='word_1_586' title='bbox 3309 3390 3530 3454; x_wconf 86' lang='lat' dir='ltr'><strong>propter</strong></span> 
     </span>
    </p>
   </div>
   <div class='ocr_carea' id='block_1_79' title="bbox 1938 3472 3527 3542">
    <p class='ocr_par' dir='ltr' id='par_1_79' title="bbox 1938 3472 3527 3542">
     <span class='ocr_line' id='line_1_79' title="bbox 1938 3472 3527 3542; baseline 0.001 -13"><span class='ocrx_word' id='word_1_587' title='bbox 1938 3472 2188 3529; x_wconf 85' lang='lat' dir='ltr'><strong>inimicos</strong></span> <span class='ocrx_word' id='word_1_588' title='bbox 2234 3488 2386 3530; x_wconf 87' lang='lat' dir='ltr'><strong>meos</strong></span> <span class='ocrx_word' id='word_1_589' title='bbox 2430 3473 2599 3529; x_wconf 89' lang='lat' dir='ltr'><strong>libera</strong></span> <span class='ocrx_word' id='word_1_590' title='bbox 2650 3489 2756 3528; x_wconf 90' lang='lat' dir='ltr'><strong>me.</strong></span> <span class='ocrx_word' id='word_1_591' title='bbox 2789 3474 2948 3531; x_wconf 83' lang='lat' dir='ltr'><strong>Salus</strong></span> <span class='ocrx_word' id='word_1_592' title='bbox 2994 3482 3111 3539; x_wconf 90' lang='lat' dir='ltr'><strong>tua,</strong></span> <span class='ocrx_word' id='word_1_593' title='bbox 3138 3474 3302 3542; x_wconf 85' lang='lat' dir='ltr'><strong>Deus,</strong></span> <span class='ocrx_word' id='word_1_594' title='bbox 3337 3490 3527 3531; x_wconf 89' lang='lat' dir='ltr'><strong>susce-</strong></span> 
     </span>
    </p>
   </div>
   <div class='ocr_carea' id='block_1_80' title="bbox 1943 3566 2158 3637">
    <p class='ocr_par' dir='ltr' id='par_1_80' title="bbox 1943 3566 2158 3637">
     <span class='ocr_line' id='line_1_80' title="bbox 1943 3566 2158 3637; baseline -0.009 -16"><span class='ocrx_word' id='word_1_595' title='bbox 1943 3566 2027 3637; x_wconf 90' lang='lat' dir='ltr'><strong>pit</strong></span> <span class='ocrx_word' id='word_1_596' title='bbox 2051 3581 2158 3622; x_wconf 88' lang='lat' dir='ltr'><strong>me.</strong></span> 
     </span>
    </p>
   </div>
   <div class='ocr_carea' id='block_1_81' title="bbox 2010 3656 3530 3726">
    <p class='ocr_par' dir='ltr' id='par_1_81' title="bbox 2010 3656 3530 3726">
     <span class='ocr_line' id='line_1_81' title="bbox 2010 3656 3530 3726; baseline 0.002 -15"><span class='ocrx_word' id='word_1_597' title='bbox 2010 3673 2158 3712; x_wconf 86' lang='grc' dir='ltr'><strong>ιιιι.</strong></span> <span class='ocrx_word' id='word_1_598' title='bbox 2196 3656 2360 3723; x_wconf 87' lang='lat' dir='ltr'><strong>Deus,</strong></span> <span class='ocrx_word' id='word_1_599' title='bbox 2391 3667 2453 3714; x_wconf 87' lang='lat' dir='ltr'><strong>ut</strong></span> <span class='ocrx_word' id='word_1_600' title='bbox 2480 3659 2678 3715; x_wconf 86' lang='lat' dir='ltr'><strong>liberes</strong></span> <span class='ocrx_word' id='word_1_601' title='bbox 2715 3675 2823 3726; x_wconf 89' lang='lat' dir='ltr'><strong>me,</strong></span> <span class='ocrx_word' id='word_1_602' title='bbox 2866 3659 3116 3725; x_wconf 85' lang='lat' dir='ltr'><strong>Domine,</strong></span> <span class='ocrx_word' id='word_1_603' title='bbox 3164 3668 3228 3715; x_wconf 91' lang='lat' dir='ltr'><strong>ut</strong></span> <span class='ocrx_word' id='word_1_604' title='bbox 3251 3658 3530 3714; x_wconf 71' lang='lat' dir='ltr'><strong>auxiliaris</strong></span> 
     </span>
    </p>
   </div>
   <div class='ocr_carea' id='block_1_82' title="bbox 1940 3749 3526 3816">
    <p class='ocr_par' dir='ltr' id='par_1_82' title="bbox 1940 3749 3526 3816">
     <span class='ocr_line' id='line_1_82' title="bbox 1940 3749 3526 3816; baseline -0.003 -11"><span class='ocrx_word' id='word_1_605' title='bbox 1940 3749 2074 3805; x_wconf 87' lang='lat' dir='ltr'><strong>mihi</strong></span> <span class='ocrx_word' id='word_1_606' title='bbox 2104 3749 2318 3804; x_wconf 81' lang='lat' dir='ltr'><strong>festina.</strong></span> <span class='ocrx_word' id='word_1_607' title='bbox 2348 3750 2632 3805; x_wconf 88' lang='lat' dir='ltr'><strong>Gaudeant</strong></span> <span class='ocrx_word' id='word_1_608' title='bbox 2656 3760 2714 3805; x_wconf 87' lang='lat' dir='ltr'><strong>et</strong></span> <span class='ocrx_word' id='word_1_609' title='bbox 2740 3751 2990 3807; x_wconf 76' lang='lat' dir='ltr'><strong>laetentur</strong></span> <span class='ocrx_word' id='word_1_610' title='bbox 3018 3752 3073 3805; x_wconf 89' lang='lat' dir='ltr'><strong>in</strong></span> <span class='ocrx_word' id='word_1_611' title='bbox 3105 3758 3157 3805; x_wconf 89' lang='lat' dir='ltr'><strong>te</strong></span> <span class='ocrx_word' id='word_1_612' title='bbox 3186 3765 3397 3813; x_wconf 89' lang='lat' dir='ltr'><strong>omnes,</strong></span> <span class='ocrx_word' id='word_1_613' title='bbox 3434 3749 3526 3816; x_wconf 90' lang='lat' dir='ltr'><strong>qui</strong></span> 
     </span>
    </p>
   </div>
   <div class='ocr_carea' id='block_1_83' title="bbox 1941 3838 3525 3909">
    <p class='ocr_par' dir='ltr' id='par_1_83' title="bbox 1941 3838 3525 3909">
     <span class='ocr_line' id='line_1_83' title="bbox 1941 3838 3525 3909; baseline 0.001 -16"><span class='ocrx_word' id='word_1_614' title='bbox 1941 3844 2191 3909; x_wconf 83' lang='lat' dir='ltr'><strong>quaerunt</strong></span> <span class='ocrx_word' id='word_1_615' title='bbox 2215 3845 2285 3893; x_wconf 89' lang='lat' dir='ltr'><strong>te.</strong></span> <span class='ocrx_word' id='word_1_616' title='bbox 2314 3838 2427 3909; x_wconf 84' lang='lat' dir='ltr'><strong>Ego</strong></span> <span class='ocrx_word' id='word_1_617' title='bbox 2452 3846 2632 3892; x_wconf 89' lang='lat' dir='ltr'><strong>autem</strong></span> <span class='ocrx_word' id='word_1_618' title='bbox 2660 3853 2867 3909; x_wconf 78' lang='lat' dir='ltr'><strong>egenus</strong></span> <span class='ocrx_word' id='word_1_619' title='bbox 2907 3849 2967 3893; x_wconf 88' lang='lat' dir='ltr'><strong>et</strong></span> <span class='ocrx_word' id='word_1_620' title='bbox 2989 3852 3223 3907; x_wconf 82' lang='lat' dir='ltr'><strong>pauper;</strong></span> <span class='ocrx_word' id='word_1_621' title='bbox 3255 3838 3419 3902; x_wconf 86' lang='lat' dir='ltr'><strong>Deus,</strong></span> <span class='ocrx_word' id='word_1_622' title='bbox 3448 3840 3525 3895; x_wconf 83' lang='lat' dir='ltr'><strong>fe-</strong></span> 
     </span>
    </p>
   </div>
   <div class='ocr_carea' id='block_1_84' title="bbox 1941 3929 3526 4003">
    <p class='ocr_par' dir='ltr' id='par_1_84' title="bbox 1941 3929 3526 4003">
     <span class='ocr_line' id='line_1_84' title="bbox 1941 3929 3526 4003; baseline -0.001 -15"><span class='ocrx_word' id='word_1_623' title='bbox 1941 3933 2086 3988; x_wconf 89' lang='lat' dir='ltr'><strong>stina</strong></span> <span class='ocrx_word' id='word_1_624' title='bbox 2126 3948 2226 4003; x_wconf 88' lang='lat' dir='ltr'><strong>pro</strong></span> <span class='ocrx_word' id='word_1_625' title='bbox 2253 3946 2359 3987; x_wconf 86' lang='lat' dir='ltr'><strong>me.</strong></span> <span class='ocrx_word' id='word_1_626' title='bbox 2389 3930 2661 3985; x_wconf 78' lang='lat' dir='ltr'><strong>Auxilium</strong></span> <span class='ocrx_word' id='word_1_627' title='bbox 2687 3945 2867 3985; x_wconf 90' lang='lat' dir='ltr'><strong>meum</strong></span> <span class='ocrx_word' id='word_1_628' title='bbox 2895 3938 2954 3986; x_wconf 91' lang='lat' dir='ltr'><strong>et</strong></span> <span class='ocrx_word' id='word_1_629' title='bbox 2980 3929 3222 3985; x_wconf 86' lang='lat' dir='ltr'><strong>salvator</strong></span> <span class='ocrx_word' id='word_1_630' title='bbox 3246 3946 3399 3986; x_wconf 83' lang='lat' dir='ltr'><strong>meus</strong></span> <span class='ocrx_word' id='word_1_631' title='bbox 3418 3973 3431 3997; x_wconf 92' lang='lat'><strong>,</strong></span> <span class='ocrx_word' id='word_1_632' title='bbox 3471 3940 3526 3986; x_wconf 89' lang='lat' dir='ltr'><strong>tu</strong></span> 
     </span>
    </p>
   </div>
   <div class='ocr_carea' id='block_1_85' title="bbox 1944 4022 2565 4091">
    <p class='ocr_par' dir='ltr' id='par_1_85' title="bbox 1944 4022 2565 4091">
     <span class='ocr_line' id='line_1_85' title="bbox 1944 4022 2565 4091; baseline -0.008 -11"><span class='ocrx_word' id='word_1_633' title='bbox 1944 4023 2192 4091; x_wconf 88' lang='lat' dir='ltr'><strong>Domine,</strong></span> <span class='ocrx_word' id='word_1_634' title='bbox 2223 4039 2294 4080; x_wconf 93' lang='lat' dir='ltr'><strong>ne</strong></span> <span class='ocrx_word' id='word_1_635' title='bbox 2318 4022 2565 4077; x_wconf 89' lang='lat' dir='ltr'><strong>moreris.</strong></span> 
     </span>
    </p>
   </div>
   <div class='ocr_carea' id='block_1_86' title="bbox 2014 4108 3520 4179">
    <p class='ocr_par' dir='ltr' id='par_1_86' title="bbox 2014 4108 3520 4179">
     <span class='ocr_line' id='line_1_86' title="bbox 2014 4108 3520 4179; baseline -0.003 -9"><span class='ocrx_word' id='word_1_636' title='bbox 2014 4129 2142 4170; x_wconf 89' lang='grc' dir='ltr'><strong>ιιι.</strong></span> <span class='ocrx_word' id='word_1_637' title='bbox 2181 4113 2241 4168; x_wconf 91' lang='lat' dir='ltr'><strong>In</strong></span> <span class='ocrx_word' id='word_1_638' title='bbox 2281 4121 2352 4179; x_wconf 87' lang='lat' dir='ltr'><strong>te,</strong></span> <span class='ocrx_word' id='word_1_639' title='bbox 2401 4111 2646 4178; x_wconf 88' lang='lat' dir='ltr'><strong>Domine,</strong></span> <span class='ocrx_word' id='word_1_640' title='bbox 2696 4109 2932 4179; x_wconf 90' lang='lat' dir='ltr'><strong>speravi,</strong></span> <span class='ocrx_word' id='word_1_641' title='bbox 2963 4123 3072 4165; x_wconf 89' lang='lat' dir='ltr'><strong>non</strong></span> <span class='ocrx_word' id='word_1_642' title='bbox 3116 4108 3420 4167; x_wconf 87' lang='lat' dir='ltr'><strong>confundar</strong></span> <span class='ocrx_word' id='word_1_643' title='bbox 3468 4112 3520 4166; x_wconf 88' lang='lat' dir='ltr'><strong>in</strong></span> 
     </span>
    </p>
   </div>
   <div class='ocr_carea' id='block_1_87' title="bbox 1943 4202 3524 4277">
    <p class='ocr_par' dir='ltr' id='par_1_87' title="bbox 1943 4202 3524 4277">
     <span class='ocr_line' id='line_1_87' title="bbox 1943 4202 3524 4277; baseline -0.005 -14"><span class='ocrx_word' id='word_1_644' title='bbox 1943 4214 2207 4263; x_wconf 67' lang='lat' dir='ltr'><strong>aeternum</strong></span> <span class='ocrx_word' id='word_1_645' title='bbox 2249 4206 2351 4260; x_wconf 90' lang='lat' dir='ltr'><strong>:in</strong></span> <span class='ocrx_word' id='word_1_646' title='bbox 2399 4205 2611 4277; x_wconf 76' lang='lat' dir='ltr'><strong>iustitia</strong></span> <span class='ocrx_word' id='word_1_647' title='bbox 2657 4213 2750 4259; x_wconf 87' lang='lat' dir='ltr'><strong>tua</strong></span> <span class='ocrx_word' id='word_1_648' title='bbox 2778 4217 2909 4259; x_wconf 88' lang='lat' dir='ltr'><strong>erue</strong></span> <span class='ocrx_word' id='word_1_649' title='bbox 2946 4218 3052 4270; x_wconf 91' lang='lat' dir='ltr'><strong>me,</strong></span> <span class='ocrx_word' id='word_1_650' title='bbox 3097 4210 3155 4258; x_wconf 89' lang='lat' dir='ltr'><strong>et</strong></span> <span class='ocrx_word' id='word_1_651' title='bbox 3190 4202 3362 4257; x_wconf 78' lang='lat' dir='ltr'><strong>libera</strong></span> <span class='ocrx_word' id='word_1_652' title='bbox 3417 4219 3524 4258; x_wconf 88' lang='lat' dir='ltr'><strong>me.</strong></span> 
     </span>
    </p>
   </div>
   <div class='ocr_carea' id='block_1_88' title="bbox 1946 4292 3518 4362">
    <p class='ocr_par' dir='ltr' id='par_1_88' title="bbox 1946 4292 3518 4362">
     <span class='ocr_line' id='line_1_88' title="bbox 1946 4292 3518 4362; baseline -0.001 -11"><span class='ocrx_word' id='word_1_653' title='bbox 1946 4296 2151 4352; x_wconf 90' lang='lat' dir='ltr'><strong>lnclina</strong></span> <span class='ocrx_word' id='word_1_654' title='bbox 2180 4296 2248 4351; x_wconf 90' lang='lat' dir='ltr'><strong>ad</strong></span> <span class='ocrx_word' id='word_1_655' title='bbox 2276 4311 2362 4351; x_wconf 91' lang='lat' dir='ltr'><strong>me</strong></span> <span class='ocrx_word' id='word_1_656' title='bbox 2379 4310 2564 4350; x_wconf 85' lang='lat' dir='ltr'><strong>aurem</strong></span> <span class='ocrx_word' id='word_1_657' title='bbox 2587 4303 2753 4362; x_wconf 88' lang='lat' dir='ltr'><strong>tuam,</strong></span> <span class='ocrx_word' id='word_1_658' title='bbox 2781 4302 2839 4351; x_wconf 90' lang='lat' dir='ltr'><strong>et</strong></span> <span class='ocrx_word' id='word_1_659' title='bbox 2864 4294 3015 4351; x_wconf 88' lang='lat' dir='ltr'><strong>salva</strong></span> <span class='ocrx_word' id='word_1_660' title='bbox 3039 4308 3146 4350; x_wconf 91' lang='lat' dir='ltr'><strong>me.</strong></span> <span class='ocrx_word' id='word_1_661' title='bbox 3170 4292 3314 4350; x_wconf 87' lang='lat' dir='ltr'><strong>Deus</strong></span> <span class='ocrx_word' id='word_1_662' title='bbox 3339 4309 3518 4361; x_wconf 87' lang='lat' dir='ltr'><strong>meus,</strong></span> 
     </span>
    </p>
   </div>
   <div class='ocr_carea' id='block_1_89' title="bbox 262 4385 3521 4487">
    <p class='ocr_par' dir='ltr' id='par_1_89' title="bbox 262 4385 3521 4487">
     <span class='ocr_line' id='line_1_89' title="bbox 262 4385 3521 4487; baseline -0.003 -38"><span class='ocrx_word' id='word_1_663' title='bbox 262 4395 533 4449; x_wconf 71' lang='lat' dir='ltr'><strong>alentibus</strong></span> <span class='ocrx_word' id='word_1_664' title='bbox 559 4394 691 4449; x_wconf 89' lang='lat' dir='ltr'><strong>mihi</strong></span> <span class='ocrx_word' id='word_1_665' title='bbox 728 4398 947 4464; x_wconf 82' lang='lat' dir='ltr'><strong>protcge</strong></span> <span class='ocrx_word' id='word_1_666' title='bbox 989 4407 1095 4447; x_wconf 91' lang='lat' dir='ltr'><strong>me.</strong></span> <span class='ocrx_word' id='word_1_667' title='bbox 1129 4389 1525 4446; x_wconf 87' lang='lat' dir='ltr'><strong>Fortitudinem</strong></span> <span class='ocrx_word' id='word_1_668' title='bbox 1567 4403 1744 4454; x_wconf 82' lang='lat' dir='ltr'><strong>meam</strong></span> <span class='ocrx_word' id='word_1_669' title='bbox 1775 4387 1844 4441; x_wconf 91' lang='lat' dir='ltr'><strong>ad</strong></span> <span class='ocrx_word' id='word_1_670' title='bbox 1870 4424 1924 4487; x_wconf 63' lang='grc' dir='ltr'><strong><em>υ</em></strong></span> <span class='ocrx_word' id='word_1_671' title='bbox 1945 4388 2097 4445; x_wconf 86' lang='lat' dir='ltr'><strong>salva</strong></span> <span class='ocrx_word' id='word_1_672' title='bbox 2118 4402 2207 4444; x_wconf 91' lang='lat' dir='ltr'><strong>me</strong></span> <span class='ocrx_word' id='word_1_673' title='bbox 2231 4387 2474 4443; x_wconf 88' lang='lat' dir='ltr'><strong>demanu</strong></span> <span class='ocrx_word' id='word_1_674' title='bbox 2497 4386 2751 4457; x_wconf 89' lang='lat' dir='ltr'><strong>impii,de</strong></span> <span class='ocrx_word' id='word_1_675' title='bbox 2777 4400 2940 4443; x_wconf 84' lang='lat' dir='ltr'><strong>manu</strong></span> <span class='ocrx_word' id='word_1_676' title='bbox 2964 4385 3136 4456; x_wconf 87' lang='lat' dir='ltr'><strong>iniqui</strong></span> <span class='ocrx_word' id='word_1_677' title='bbox 3162 4394 3219 4440; x_wconf 89' lang='lat' dir='ltr'><strong>et</strong></span> <span class='ocrx_word' id='word_1_678' title='bbox 3238 4385 3521 4451; x_wconf 88' lang='lat' dir='ltr'><strong>nocentis;</strong></span> 
     </span>
    </p>
   </div>
   <div class='ocr_carea' id='block_1_90' title="bbox 264 4476 3530 4552">
    <p class='ocr_par' dir='ltr' id='par_1_90' title="bbox 264 4476 3530 4552">
     <span class='ocr_line' id='line_1_90' title="bbox 264 4476 3530 4552; baseline -0.002 -10"><span class='ocrx_word' id='word_1_679' title='bbox 264 4495 318 4541; x_wconf 88' lang='lat' dir='ltr'><strong>te</strong></span> <span class='ocrx_word' id='word_1_680' title='bbox 344 4487 594 4542; x_wconf 83' lang='lat' dir='ltr'><strong>servabo.</strong></span> <span class='ocrx_word' id='word_1_681' title='bbox 622 4484 883 4552; x_wconf 85' lang='lat' dir='ltr'><strong>Quoniam</strong></span> <span class='ocrx_word' id='word_1_682' title='bbox 921 4493 999 4551; x_wconf 90' lang='lat' dir='ltr'><strong>tu,</strong></span> <span class='ocrx_word' id='word_1_683' title='bbox 1045 4482 1208 4549; x_wconf 89' lang='lat' dir='ltr'><strong>Deus,</strong></span> <span class='ocrx_word' id='word_1_684' title='bbox 1250 4481 1489 4538; x_wconf 87' lang='lat' dir='ltr'><strong>elevator</strong></span> <span class='ocrx_word' id='word_1_685' title='bbox 1536 4495 1704 4545; x_wconf 90' lang='lat' dir='ltr'><strong>meus,</strong></span> <span class='ocrx_word' id='word_1_686' title='bbox 1744 4478 1843 4536; x_wconf 82' lang='lat' dir='ltr'><strong>Dei</strong></span> <span class='ocrx_word' id='word_1_687' title='bbox 1870 4476 1915 4487; x_wconf 68' lang='lat'><strong><em>&#39;</em></strong></span> <span class='ocrx_word' id='word_1_688' title='bbox 1944 4482 2072 4552; x_wconf 86' lang='lat' dir='ltr'><strong>quia</strong></span> <span class='ocrx_word' id='word_1_689' title='bbox 2101 4489 2159 4537; x_wconf 89' lang='lat' dir='ltr'><strong>tu</strong></span> <span class='ocrx_word' id='word_1_690' title='bbox 2187 4496 2248 4537; x_wconf 90' lang='lat' dir='ltr'><strong>es</strong></span> <span class='ocrx_word' id='word_1_691' title='bbox 2281 4480 2612 4551; x_wconf 78' lang='lat' dir='ltr'><strong>exspectatio</strong></span> <span class='ocrx_word' id='word_1_692' title='bbox 2638 4495 2780 4545; x_wconf 88' lang='lat' dir='ltr'><strong>mea,</strong></span> <span class='ocrx_word' id='word_1_693' title='bbox 2818 4478 3060 4534; x_wconf 81' lang='lat' dir='ltr'><strong>Domine.</strong></span> <span class='ocrx_word' id='word_1_694' title='bbox 3094 4478 3257 4542; x_wconf 87' lang='lat' dir='ltr'><strong>Deus,</strong></span> <span class='ocrx_word' id='word_1_695' title='bbox 3296 4493 3367 4532; x_wconf 90' lang='lat' dir='ltr'><strong>ne</strong></span> <span class='ocrx_word' id='word_1_696' title='bbox 3385 4476 3530 4534; x_wconf 51' lang='lat' dir='ltr'><strong>elon&#39;</strong></span> 
     </span>
    </p>
   </div>
   <div class='ocr_carea' id='block_1_91' title="bbox 266 4567 1846 4644">
    <p class='ocr_par' dir='ltr' id='par_1_91' title="bbox 266 4567 1846 4644">
     <span class='ocr_line' id='line_1_91' title="bbox 266 4567 1846 4644; baseline -0.005 -14"><span class='ocrx_word' id='word_1_697' title='bbox 266 4576 370 4630; x_wconf 87' lang='lat' dir='ltr'><strong>mei</strong></span> <span class='ocrx_word' id='word_1_698' title='bbox 411 4573 785 4630; x_wconf 86' lang='lat' dir='ltr'><strong>misericordia</strong></span> <span class='ocrx_word' id='word_1_699' title='bbox 814 4572 1106 4644; x_wconf 72' lang='lat' dir='ltr'><strong>prmveuiet</strong></span> <span class='ocrx_word' id='word_1_700' title='bbox 1145 4586 1253 4625; x_wconf 89' lang='lat' dir='ltr'><strong>me.</strong></span> <span class='ocrx_word' id='word_1_701' title='bbox 1288 4569 1553 4639; x_wconf 86' lang='lat' dir='ltr'><strong>Quoniam</strong></span> <span class='ocrx_word' id='word_1_702' title='bbox 1584 4567 1758 4622; x_wconf 88' lang='lat' dir='ltr'><strong>factus</strong></span> <span class='ocrx_word' id='word_1_703' title='bbox 1784 4581 1846 4622; x_wconf 86' lang='lat' dir='ltr'><strong>es</strong></span> 
     </span>
    </p>
   </div>
   <div class='ocr_carea' id='block_1_92' title="bbox 267 4656 1847 4734">
    <p class='ocr_par' dir='ltr' id='par_1_92' title="bbox 267 4656 1847 4734">
     <span class='ocr_line' id='line_1_92' title="bbox 267 4656 1847 4734; baseline -0.004 -16"><span class='ocrx_word' id='word_1_704' title='bbox 267 4665 526 4722; x_wconf 86' lang='lat' dir='ltr'><strong>fortitudo</strong></span> <span class='ocrx_word' id='word_1_705' title='bbox 560 4679 705 4728; x_wconf 88' lang='lat' dir='ltr'><strong>mea,</strong></span> <span class='ocrx_word' id='word_1_706' title='bbox 742 4672 798 4718; x_wconf 87' lang='lat' dir='ltr'><strong>et</strong></span> <span class='ocrx_word' id='word_1_707' title='bbox 846 4662 1108 4734; x_wconf 77' lang='lat' dir='ltr'><strong>refugium</strong></span> <span class='ocrx_word' id='word_1_708' title='bbox 1144 4676 1323 4716; x_wconf 91' lang='lat' dir='ltr'><strong>meum</strong></span> <span class='ocrx_word' id='word_1_709' title='bbox 1352 4660 1407 4714; x_wconf 90' lang='lat' dir='ltr'><strong>in</strong></span> <span class='ocrx_word' id='word_1_710' title='bbox 1436 4660 1521 4714; x_wconf 90' lang='lat' dir='ltr'><strong>die</strong></span> <span class='ocrx_word' id='word_1_711' title='bbox 1548 4656 1847 4713; x_wconf 88' lang='lat' dir='ltr'><strong>tribulatio-</strong></span> 
     </span>
    </p>
   </div>
   <div class='ocr_carea' id='block_1_93' title="bbox 262 4749 1846 4823">
    <p class='ocr_par' dir='ltr' id='par_1_93' title="bbox 262 4749 1846 4823">
     <span class='ocr_line' id='line_1_93' title="bbox 262 4749 1846 4823; baseline -0.006 -10"><span class='ocrx_word' id='word_1_712' title='bbox 262 4758 351 4813; x_wconf 86' lang='lat' dir='ltr'><strong>nis</strong></span> <span class='ocrx_word' id='word_1_713' title='bbox 374 4770 530 4811; x_wconf 71' lang='lat' dir='ltr'><strong>meze.</strong></span> <span class='ocrx_word' id='word_1_714' title='bbox 558 4754 678 4811; x_wconf 87' lang='lat' dir='ltr'><strong>Tibi</strong></span> <span class='ocrx_word' id='word_1_715' title='bbox 723 4755 951 4810; x_wconf 86' lang='lat' dir='ltr'><strong>cantabo</strong></span> <span class='ocrx_word' id='word_1_716' title='bbox 978 4753 1233 4823; x_wconf 88' lang='lat' dir='ltr'><strong>quoniam</strong></span> <span class='ocrx_word' id='word_1_717' title='bbox 1260 4752 1406 4806; x_wconf 90' lang='lat' dir='ltr'><strong>Deus</strong></span> <span class='ocrx_word' id='word_1_718' title='bbox 1434 4749 1649 4821; x_wconf 84' lang='lat' dir='ltr'><strong>adjutor</strong></span> <span class='ocrx_word' id='word_1_719' title='bbox 1672 4762 1846 4816; x_wconf 88' lang='lat' dir='ltr'><strong>meus,</strong></span> 
     </span>
    </p>
   </div>
   <div class='ocr_carea' id='block_1_94' title="bbox 260 4844 1442 4913">
    <p class='ocr_par' dir='ltr' id='par_1_94' title="bbox 260 4844 1442 4913">
     <span class='ocr_line' id='line_1_94' title="bbox 260 4844 1442 4913; baseline -0.006 -9"><span class='ocrx_word' id='word_1_720' title='bbox 260 4849 528 4906; x_wconf 87' lang='lat' dir='ltr'><strong>fortitudo</strong></span> <span class='ocrx_word' id='word_1_721' title='bbox 556 4862 696 4913; x_wconf 89' lang='lat' dir='ltr'><strong>mea,</strong></span> <span class='ocrx_word' id='word_1_722' title='bbox 734 4846 877 4903; x_wconf 88' lang='lat' dir='ltr'><strong>Deus</strong></span> <span class='ocrx_word' id='word_1_723' title='bbox 902 4844 1271 4903; x_wconf 85' lang='lat' dir='ltr'><strong>misericordia</strong></span> <span class='ocrx_word' id='word_1_724' title='bbox 1302 4858 1442 4898; x_wconf 89' lang='lat' dir='ltr'><strong>mea.</strong></span> 
     </span>
    </p>
   </div>
   <div class='ocr_carea' id='block_1_95' title="bbox 332 4933 1846 4997">
    <p class='ocr_par' dir='ltr' id='par_1_95' title="bbox 332 4933 1846 4997">
     <span class='ocr_line' id='line_1_95' title="bbox 332 4933 1846 4997; baseline -0.005 -5"><span class='ocrx_word' id='word_1_725' title='bbox 332 4953 445 4993; x_wconf 80' lang='grc' dir='ltr'><strong>ιιι.</strong></span> <span class='ocrx_word' id='word_1_726' title='bbox 476 4937 556 4991; x_wconf 86' lang='lat' dir='ltr'><strong>Da</strong></span> <span class='ocrx_word' id='word_1_727' title='bbox 586 4937 742 4992; x_wconf 88' lang='lat' dir='ltr'><strong>nobis</strong></span> <span class='ocrx_word' id='word_1_728' title='bbox 767 4936 1024 4991; x_wconf 88' lang='lat' dir='ltr'><strong>auxilium</strong></span> <span class='ocrx_word' id='word_1_729' title='bbox 1064 4936 1119 4989; x_wconf 91' lang='lat' dir='ltr'><strong>in</strong></span> <span class='ocrx_word' id='word_1_730' title='bbox 1161 4933 1530 4997; x_wconf 86' lang='lat' dir='ltr'><strong>tribulatione,</strong></span> <span class='ocrx_word' id='word_1_731' title='bbox 1578 4943 1716 4984; x_wconf 87' lang='lat' dir='ltr'><strong>vana</strong></span> <span class='ocrx_word' id='word_1_732' title='bbox 1761 4936 1846 4984; x_wconf 90' lang='lat' dir='ltr'><strong>est</strong></span> 
     </span>
    </p>
   </div>
   <div class='ocr_carea' id='block_1_96' title="bbox 260 5023 1845 5088">
    <p class='ocr_par' dir='ltr' id='par_1_96' title="bbox 260 5023 1845 5088">
     <span class='ocr_line' id='line_1_96' title="bbox 260 5023 1845 5088; baseline -0.006 -4"><span class='ocrx_word' id='word_1_733' title='bbox 260 5030 408 5084; x_wconf 86' lang='lat' dir='ltr'><strong>enim</strong></span> <span class='ocrx_word' id='word_1_734' title='bbox 437 5028 588 5084; x_wconf 89' lang='lat' dir='ltr'><strong>salus</strong></span> <span class='ocrx_word' id='word_1_735' title='bbox 610 5027 680 5082; x_wconf 91' lang='lat' dir='ltr'><strong>ab</strong></span> <span class='ocrx_word' id='word_1_736' title='bbox 706 5028 943 5083; x_wconf 88' lang='lat' dir='ltr'><strong>homine.</strong></span> <span class='ocrx_word' id='word_1_737' title='bbox 974 5025 1031 5081; x_wconf 92' lang='lat' dir='ltr'><strong>ln</strong></span> <span class='ocrx_word' id='word_1_738' title='bbox 1062 5026 1175 5083; x_wconf 90' lang='lat' dir='ltr'><strong>Deo</strong></span> <span class='ocrx_word' id='word_1_739' title='bbox 1200 5025 1462 5081; x_wconf 87' lang='lat' dir='ltr'><strong>faciemus</strong></span> <span class='ocrx_word' id='word_1_740' title='bbox 1486 5023 1762 5088; x_wconf 91' lang='lat' dir='ltr'><strong>virtutem,</strong></span> <span class='ocrx_word' id='word_1_741' title='bbox 1789 5028 1845 5077; x_wconf 92' lang='lat' dir='ltr'><strong>et</strong></span> 
     </span>
    </p>
   </div>
   <div class='ocr_carea' id='block_1_97' title="bbox 262 5116 1245 5189">
    <p class='ocr_par' dir='ltr' id='par_1_97' title="bbox 262 5116 1245 5189">
     <span class='ocr_line' id='line_1_97' title="bbox 262 5116 1245 5189; baseline -0.003 -16"><span class='ocrx_word' id='word_1_742' title='bbox 262 5120 382 5189; x_wconf 81' lang='lat' dir='ltr'><strong>ipse</strong></span> <span class='ocrx_word' id='word_1_743' title='bbox 414 5116 754 5173; x_wconf 89' lang='lat' dir='ltr'><strong>conculcabit</strong></span> <span class='ocrx_word' id='word_1_744' title='bbox 779 5116 1100 5172; x_wconf 86' lang='lat' dir='ltr'><strong>tribulantes</strong></span> <span class='ocrx_word' id='word_1_745' title='bbox 1126 5130 1245 5171; x_wconf 84' lang='lat' dir='ltr'><strong>nos.</strong></span> 
     </span>
    </p>
   </div>
   <div class='ocr_carea' id='block_1_98' title="bbox 330 5201 1845 5274">
    <p class='ocr_par' dir='ltr' id='par_1_98' title="bbox 330 5201 1845 5274">
     <span class='ocr_line' id='line_1_98' title="bbox 330 5201 1845 5274; baseline -0.004 -10"><span class='ocrx_word' id='word_1_746' title='bbox 330 5226 425 5264; x_wconf 76' lang='grc' dir='ltr'><strong>ιι.</strong></span> <span class='ocrx_word' id='word_1_747' title='bbox 467 5209 698 5274; x_wconf 84' lang='lat' dir='ltr'><strong>Exaudi,</strong></span> <span class='ocrx_word' id='word_1_748' title='bbox 745 5209 922 5274; x_wconf 90' lang='lat' dir='ltr'><strong>Deus,</strong></span> <span class='ocrx_word' id='word_1_749' title='bbox 965 5206 1329 5262; x_wconf 87' lang='lat' dir='ltr'><strong>laudationem</strong></span> <span class='ocrx_word' id='word_1_750' title='bbox 1372 5218 1583 5260; x_wconf 84' lang='lat' dir='ltr'><strong>meam:</strong></span> <span class='ocrx_word' id='word_1_751' title='bbox 1625 5201 1845 5258; x_wconf 87' lang='lat' dir='ltr'><strong>intende</strong></span> 
     </span>
    </p>
   </div>
   <div class='ocr_carea' id='block_1_99' title="bbox 258 5292 1841 5358">
    <p class='ocr_par' dir='ltr' id='par_1_99' title="bbox 258 5292 1841 5358">
     <span class='ocr_line' id='line_1_99' title="bbox 258 5292 1841 5358; baseline -0.005 -3"><span class='ocrx_word' id='word_1_752' title='bbox 258 5298 497 5355; x_wconf 81' lang='lat' dir='ltr'><strong>orationi</strong></span> <span class='ocrx_word' id='word_1_753' title='bbox 544 5314 699 5355; x_wconf 68' lang='lat' dir='ltr'><strong>meae.</strong></span> <span class='ocrx_word' id='word_1_754' title='bbox 730 5299 806 5354; x_wconf 91' lang='lat' dir='ltr'><strong>De</strong></span> <span class='ocrx_word' id='word_1_755' title='bbox 837 5296 1132 5353; x_wconf 86' lang='lat' dir='ltr'><strong>novissimo</strong></span> <span class='ocrx_word' id='word_1_756' title='bbox 1180 5304 1341 5352; x_wconf 79' lang='lat' dir='ltr'><strong>terra:</strong></span> <span class='ocrx_word' id='word_1_757' title='bbox 1374 5296 1442 5350; x_wconf 87' lang='lat' dir='ltr'><strong>ad</strong></span> <span class='ocrx_word' id='word_1_758' title='bbox 1490 5303 1544 5348; x_wconf 89' lang='lat' dir='ltr'><strong>te</strong></span> <span class='ocrx_word' id='word_1_759' title='bbox 1572 5292 1841 5358; x_wconf 84' lang='lat' dir='ltr'><strong>clamabo,</strong></span> 
     </span>
    </p>
   </div>
   <div class='ocr_carea' id='block_1_100' title="bbox 262 5382 1849 5447">
    <p class='ocr_par' dir='ltr' id='par_1_100' title="bbox 262 5382 1849 5447">
     <span class='ocr_line' id='line_1_100' title="bbox 262 5382 1849 5447; baseline -0.006 0"><span class='ocrx_word' id='word_1_760' title='bbox 262 5406 388 5447; x_wconf 72' lang='lat' dir='ltr'><strong>etim</strong></span> <span class='ocrx_word' id='word_1_761' title='bbox 417 5390 575 5447; x_wconf 88' lang='lat' dir='ltr'><strong>triste</strong></span> <span class='ocrx_word' id='word_1_762' title='bbox 615 5390 783 5445; x_wconf 88' lang='lat' dir='ltr'><strong>fuerit</strong></span> <span class='ocrx_word' id='word_1_763' title='bbox 814 5405 910 5445; x_wconf 91' lang='lat' dir='ltr'><strong>eor</strong></span> <span class='ocrx_word' id='word_1_764' title='bbox 934 5404 1133 5444; x_wconf 88' lang='lat' dir='ltr'><strong>meum.</strong></span> <span class='ocrx_word' id='word_1_765' title='bbox 1165 5387 1301 5443; x_wconf 88' lang='lat' dir='ltr'><strong>Cum</strong></span> <span class='ocrx_word' id='word_1_766' title='bbox 1345 5385 1502 5441; x_wconf 89' lang='lat' dir='ltr'><strong>fortis</strong></span> <span class='ocrx_word' id='word_1_767' title='bbox 1547 5382 1849 5440; x_wconf 86' lang='lat' dir='ltr'><strong>elevabitur</strong></span> 
     </span>
    </p>
   </div>
   <div class='ocr_carea' id='block_1_101' title="bbox 261 5476 1848 5550">
    <p class='ocr_par' dir='ltr' id='par_1_101' title="bbox 261 5476 1848 5550">
     <span class='ocr_line' id='line_1_101' title="bbox 261 5476 1848 5550; baseline -0.006 -11"><span class='ocrx_word' id='word_1_768' title='bbox 261 5485 549 5539; x_wconf 72' lang='lat' dir='ltr'><strong>adversum</strong></span> <span class='ocrx_word' id='word_1_769' title='bbox 587 5498 697 5550; x_wconf 90' lang='lat' dir='ltr'><strong>me,</strong></span> <span class='ocrx_word' id='word_1_770' title='bbox 722 5492 778 5537; x_wconf 90' lang='lat' dir='ltr'><strong>tu</strong></span> <span class='ocrx_word' id='word_1_771' title='bbox 805 5483 916 5539; x_wconf 88' lang='lat' dir='ltr'><strong>eris</strong></span> <span class='ocrx_word' id='word_1_772' title='bbox 937 5482 1127 5536; x_wconf 87' lang='lat' dir='ltr'><strong>ductor</strong></span> <span class='ocrx_word' id='word_1_773' title='bbox 1172 5495 1338 5534; x_wconf 88' lang='lat' dir='ltr'><strong>meus.</strong></span> <span class='ocrx_word' id='word_1_774' title='bbox 1366 5479 1477 5548; x_wconf 82' lang='lat'><strong>99</strong></span> <span class='ocrx_word' id='word_1_775' title='bbox 1519 5476 1689 5532; x_wconf 86' lang='lat' dir='ltr'><strong>Fuisti</strong></span> <span class='ocrx_word' id='word_1_776' title='bbox 1724 5490 1848 5545; x_wconf 84' lang='lat' dir='ltr'><strong>spes</strong></span> 
     </span>
    </p>
   </div>
   <div class='ocr_carea' id='block_1_102' title="bbox 265 5569 1843 5643">
    <p class='ocr_par' dir='ltr' id='par_1_102' title="bbox 265 5569 1843 5643">
     <span class='ocr_line' id='line_1_102' title="bbox 265 5569 1843 5643; baseline -0.005 -13"><span class='ocrx_word' id='word_1_777' title='bbox 265 5592 410 5643; x_wconf 81' lang='lat' dir='ltr'><strong>mea,</strong></span> <span class='ocrx_word' id='word_1_778' title='bbox 443 5577 613 5632; x_wconf 88' lang='lat' dir='ltr'><strong>turris</strong></span> <span class='ocrx_word' id='word_1_779' title='bbox 641 5575 1000 5631; x_wconf 87' lang='lat' dir='ltr'><strong>munitissima</strong></span> <span class='ocrx_word' id='word_1_780' title='bbox 1028 5591 1059 5629; x_wconf 72' lang='grc' dir='ltr'><strong>ιι</strong></span> <span class='ocrx_word' id='word_1_781' title='bbox 1088 5573 1223 5629; x_wconf 83' lang='lat' dir='ltr'><strong>facie</strong></span> <span class='ocrx_word' id='word_1_782' title='bbox 1250 5571 1475 5628; x_wconf 84' lang='lat' dir='ltr'><strong>inimici.</strong></span> <span class='ocrx_word' id='word_1_783' title='bbox 1499 5569 1763 5625; x_wconf 82' lang='lat' dir='ltr'><strong>llabitabo</strong></span> <span class='ocrx_word' id='word_1_784' title='bbox 1789 5570 1843 5623; x_wconf 88' lang='lat' dir='ltr'><strong>in</strong></span> 
     </span>
    </p>
   </div>
   <div class='ocr_carea' id='block_1_103' title="bbox 270 5660 1842 5741">
    <p class='ocr_par' dir='ltr' id='par_1_103' title="bbox 270 5660 1842 5741">
     <span class='ocr_line' id='line_1_103' title="bbox 270 5660 1842 5741; baseline -0.004 -19"><span class='ocrx_word' id='word_1_785' title='bbox 270 5669 619 5726; x_wconf 72' lang='lat' dir='ltr'><strong>tabernaculo</strong></span> <span class='ocrx_word' id='word_1_786' title='bbox 650 5677 741 5724; x_wconf 86' lang='lat' dir='ltr'><strong>tuo</strong></span> <span class='ocrx_word' id='word_1_787' title='bbox 759 5708 774 5734; x_wconf 91' lang='lat'><strong>,</strong></span> <span class='ocrx_word' id='word_1_788' title='bbox 796 5667 998 5741; x_wconf 75' lang='lat' dir='ltr'><strong>jugiler</strong></span> <span class='ocrx_word' id='word_1_789' title='bbox 1027 5666 1255 5738; x_wconf 78' lang='lat' dir='ltr'><strong>sperabo</strong></span> <span class='ocrx_word' id='word_1_790' title='bbox 1290 5665 1345 5721; x_wconf 89' lang='lat' dir='ltr'><strong>in</strong></span> <span class='ocrx_word' id='word_1_791' title='bbox 1373 5663 1703 5736; x_wconf 76' lang='lat' dir='ltr'><strong>prott‘etione</strong></span> <span class='ocrx_word' id='word_1_792' title='bbox 1732 5660 1842 5717; x_wconf 86' lang='lat' dir='ltr'><strong>ala-</strong></span> 
     </span>
    </p>
   </div>
   <div class='ocr_carea' id='block_1_104' title="bbox 1945 4565 3401 4642">
    <p class='ocr_par' dir='ltr' id='par_1_104' title="bbox 1945 4565 3401 4642">
     <span class='ocr_line' id='line_1_104' title="bbox 1945 4565 3401 4642; baseline -0.003 -16"><span class='ocrx_word' id='word_1_793' title='bbox 1945 4569 2091 4642; x_wconf 75' lang='lat' dir='ltr'><strong>geris</strong></span> <span class='ocrx_word' id='word_1_794' title='bbox 2118 4585 2152 4625; x_wconf 92' lang='lat' dir='ltr'><strong>a</strong></span> <span class='ocrx_word' id='word_1_795' title='bbox 2179 4586 2307 4627; x_wconf 90' lang='lat' dir='ltr'><strong>me:</strong></span> <span class='ocrx_word' id='word_1_796' title='bbox 2336 4570 2501 4636; x_wconf 89' lang='lat' dir='ltr'><strong>Deus,</strong></span> <span class='ocrx_word' id='word_1_797' title='bbox 2525 4570 2594 4625; x_wconf 88' lang='lat' dir='ltr'><strong>ad</strong></span> <span class='ocrx_word' id='word_1_798' title='bbox 2622 4568 2991 4625; x_wconf 81' lang='lat' dir='ltr'><strong>auxiliandum</strong></span> <span class='ocrx_word' id='word_1_799' title='bbox 3019 4566 3153 4621; x_wconf 88' lang='lat' dir='ltr'><strong>mihi</strong></span> <span class='ocrx_word' id='word_1_800' title='bbox 3184 4565 3401 4622; x_wconf 88' lang='lat' dir='ltr'><strong>festina.</strong></span> 
     </span>
    </p>
   </div>
   <div class='ocr_carea' id='block_1_105' title="bbox 2017 4656 3525 4725">
    <p class='ocr_par' dir='ltr' id='par_1_105' title="bbox 2017 4656 3525 4725">
     <span class='ocr_line' id='line_1_105' title="bbox 2017 4656 3525 4725; baseline -0.001 -9"><span class='ocrx_word' id='word_1_801' title='bbox 2017 4676 2162 4717; x_wconf 86' lang='grc' dir='ltr'><strong>ιιιι.</strong></span> <span class='ocrx_word' id='word_1_802' title='bbox 2202 4660 2321 4716; x_wconf 89' lang='lat' dir='ltr'><strong>Erit</strong></span> <span class='ocrx_word' id='word_1_803' title='bbox 2346 4676 2545 4716; x_wconf 87' lang='lat' dir='ltr'><strong>nomen</strong></span> <span class='ocrx_word' id='word_1_804' title='bbox 2576 4667 2729 4713; x_wconf 88' lang='lat' dir='ltr'><strong>tuum</strong></span> <span class='ocrx_word' id='word_1_805' title='bbox 2758 4658 2813 4712; x_wconf 91' lang='lat' dir='ltr'><strong>in</strong></span> <span class='ocrx_word' id='word_1_806' title='bbox 2841 4665 3127 4723; x_wconf 72' lang='lat' dir='ltr'><strong>aeternum,</strong></span> <span class='ocrx_word' id='word_1_807' title='bbox 3159 4656 3301 4711; x_wconf 85' lang='lat' dir='ltr'><strong>ultra</strong></span> <span class='ocrx_word' id='word_1_808' title='bbox 3337 4656 3525 4725; x_wconf 81' lang='lat' dir='ltr'><strong>solem,</strong></span> 
     </span>
    </p>
   </div>
   <div class='ocr_carea' id='block_1_106' title="bbox 1946 4750 2744 4822">
    <p class='ocr_par' dir='ltr' id='par_1_106' title="bbox 1946 4750 2744 4822">
     <span class='ocr_line' id='line_1_106' title="bbox 1946 4750 2744 4822; baseline -0.009 -14"><span class='ocrx_word' id='word_1_809' title='bbox 1946 4750 2322 4822; x_wconf 88' lang='lat' dir='ltr'><strong>perseverabit</strong></span> <span class='ocrx_word' id='word_1_810' title='bbox 2348 4764 2547 4805; x_wconf 91' lang='lat' dir='ltr'><strong>nomen</strong></span> <span class='ocrx_word' id='word_1_811' title='bbox 2573 4757 2744 4803; x_wconf 89' lang='lat' dir='ltr'><strong>tuum.</strong></span> 
     </span>
    </p>
   </div>
   <div class='ocr_carea' id='block_1_107' title="bbox 2021 4837 3526 4908">
    <p class='ocr_par' dir='ltr' id='par_1_107' title="bbox 2021 4837 3526 4908">
     <span class='ocr_line' id='line_1_107' title="bbox 2021 4837 3526 4908; baseline 0 -13"><span class='ocrx_word' id='word_1_812' title='bbox 2021 4855 2194 4896; x_wconf 86' lang='grc' dir='ltr'><strong>ιιιιι.</strong></span> <span class='ocrx_word' id='word_1_813' title='bbox 2235 4840 2365 4894; x_wconf 78' lang='lat' dir='ltr'><strong>Mihi</strong></span> <span class='ocrx_word' id='word_1_814' title='bbox 2393 4848 2575 4893; x_wconf 90' lang='lat' dir='ltr'><strong>autem</strong></span> <span class='ocrx_word' id='word_1_815' title='bbox 2602 4837 3038 4908; x_wconf 87' lang='lat' dir='ltr'><strong>appropinquare</strong></span> <span class='ocrx_word' id='word_1_816' title='bbox 3060 4838 3172 4895; x_wconf 91' lang='lat' dir='ltr'><strong>Deo</strong></span> <span class='ocrx_word' id='word_1_817' title='bbox 3200 4838 3403 4896; x_wconf 87' lang='lat' dir='ltr'><strong>bonum</strong></span> <span class='ocrx_word' id='word_1_818' title='bbox 3421 4848 3526 4905; x_wconf 86' lang='lat' dir='ltr'><strong>est,</strong></span> 
     </span>
    </p>
   </div>
   <div class='ocr_carea' id='block_1_108' title="bbox 1945 4931 2995 5005">
    <p class='ocr_par' dir='ltr' id='par_1_108' title="bbox 1945 4931 2995 5005">
     <span class='ocr_line' id='line_1_108' title="bbox 1945 4931 2995 5005; baseline 0.001 -19"><span class='ocrx_word' id='word_1_819' title='bbox 1945 4931 2103 5005; x_wconf 89' lang='lat' dir='ltr'><strong>posui</strong></span> <span class='ocrx_word' id='word_1_820' title='bbox 2133 4932 2191 4986; x_wconf 92' lang='lat' dir='ltr'><strong>in</strong></span> <span class='ocrx_word' id='word_1_821' title='bbox 2216 4931 2449 4986; x_wconf 89' lang='lat' dir='ltr'><strong>Domino</strong></span> <span class='ocrx_word' id='word_1_822' title='bbox 2479 4931 2590 4986; x_wconf 89' lang='lat' dir='ltr'><strong>Deo</strong></span> <span class='ocrx_word' id='word_1_823' title='bbox 2620 4945 2774 5000; x_wconf 88' lang='lat' dir='ltr'><strong>spem</strong></span> <span class='ocrx_word' id='word_1_824' title='bbox 2797 4946 2995 4987; x_wconf 85' lang='lat' dir='ltr'><strong>meam.</strong></span> 
     </span>
    </p>
   </div>
   <div class='ocr_carea' id='block_1_109' title="bbox 2017 5021 3531 5078">
    <p class='ocr_par' dir='ltr' id='par_1_109' title="bbox 2017 5021 3531 5078">
     <span class='ocr_line' id='line_1_109' title="bbox 2017 5021 3531 5078; baseline 0 0"><span class='ocrx_word' id='word_1_825' title='bbox 2017 5037 2205 5078; x_wconf 88' lang='grc' dir='ltr'><strong>ιιιιιι.</strong></span> <span class='ocrx_word' id='word_1_826' title='bbox 2232 5021 2374 5076; x_wconf 88' lang='lat' dir='ltr'><strong>Deus</strong></span> <span class='ocrx_word' id='word_1_827' title='bbox 2400 5030 2580 5077; x_wconf 88' lang='lat' dir='ltr'><strong>autem</strong></span> <span class='ocrx_word' id='word_1_828' title='bbox 2619 5035 2716 5075; x_wconf 85' lang='lat' dir='ltr'><strong>rex</strong></span> <span class='ocrx_word' id='word_1_829' title='bbox 2745 5036 2899 5077; x_wconf 89' lang='lat' dir='ltr'><strong>meus</strong></span> <span class='ocrx_word' id='word_1_830' title='bbox 2936 5023 3007 5078; x_wconf 91' lang='lat' dir='ltr'><strong>ab</strong></span> <span class='ocrx_word' id='word_1_831' title='bbox 3032 5022 3208 5078; x_wconf 90' lang='lat' dir='ltr'><strong>initio.</strong></span> <span class='ocrx_word' id='word_1_832' title='bbox 3240 5022 3320 5077; x_wconf 87' lang='lat' dir='ltr'><strong>Ne</strong></span> <span class='ocrx_word' id='word_1_833' title='bbox 3348 5022 3531 5078; x_wconf 86' lang='lat' dir='ltr'><strong>tradas</strong></span> 
     </span>
    </p>
   </div>
   <div class='ocr_carea' id='block_1_110' title="bbox 1946 5112 3528 5183">
    <p class='ocr_par' dir='ltr' id='par_1_110' title="bbox 1946 5112 3528 5183">
     <span class='ocr_line' id='line_1_110' title="bbox 1946 5112 3528 5183; baseline -0.003 -12"><span class='ocrx_word' id='word_1_834' title='bbox 1946 5113 2136 5171; x_wconf 88' lang='lat' dir='ltr'><strong>bestiis</strong></span> <span class='ocrx_word' id='word_1_835' title='bbox 2173 5112 2414 5167; x_wconf 89' lang='lat' dir='ltr'><strong>animam</strong></span> <span class='ocrx_word' id='word_1_836' title='bbox 2459 5112 2728 5168; x_wconf 89' lang='lat' dir='ltr'><strong>eruditam</strong></span> <span class='ocrx_word' id='word_1_837' title='bbox 2766 5112 2884 5183; x_wconf 70' lang='lat' dir='ltr'><strong>lege</strong></span> <span class='ocrx_word' id='word_1_838' title='bbox 2912 5121 3004 5166; x_wconf 87' lang='lat' dir='ltr'><strong>tua</strong></span> <span class='ocrx_word' id='word_1_839' title='bbox 3035 5130 3048 5167; x_wconf 91' lang='lat'><strong>:</strong></span> <span class='ocrx_word' id='word_1_840' title='bbox 3080 5113 3206 5167; x_wconf 70' lang='lat' dir='ltr'><strong>vita:</strong></span> <span class='ocrx_word' id='word_1_841' title='bbox 3233 5126 3528 5182; x_wconf 87' lang='lat' dir='ltr'><strong>pauperum</strong></span> 
     </span>
    </p>
   </div>
   <div class='ocr_carea' id='block_1_111' title="bbox 1946 5204 3066 5274">
    <p class='ocr_par' dir='ltr' id='par_1_111' title="bbox 1946 5204 3066 5274">
     <span class='ocr_line' id='line_1_111' title="bbox 1946 5204 3066 5274; baseline -0.004 -14"><span class='ocrx_word' id='word_1_842' title='bbox 1946 5214 2160 5267; x_wconf 83' lang='lat' dir='ltr'><strong>tuorum</strong></span> <span class='ocrx_word' id='word_1_843' title='bbox 2187 5220 2256 5260; x_wconf 90' lang='lat' dir='ltr'><strong>ne</strong></span> <span class='ocrx_word' id='word_1_844' title='bbox 2282 5204 2617 5262; x_wconf 87' lang='lat' dir='ltr'><strong>obliviscaris</strong></span> <span class='ocrx_word' id='word_1_845' title='bbox 2640 5205 2696 5261; x_wconf 84' lang='lat' dir='ltr'><strong>in</strong></span> <span class='ocrx_word' id='word_1_846' title='bbox 2723 5213 3066 5274; x_wconf 89' lang='lat' dir='ltr'><strong>perpetuum.</strong></span> 
     </span>
    </p>
   </div>
   <div class='ocr_carea' id='block_1_112' title="bbox 2016 5292 3522 5366">
    <p class='ocr_par' dir='ltr' id='par_1_112' title="bbox 2016 5292 3522 5366">
     <span class='ocr_line' id='line_1_112' title="bbox 2016 5292 3522 5366; baseline -0.005 -13"><span class='ocrx_word' id='word_1_847' title='bbox 2016 5312 2201 5353; x_wconf 76' lang='lat' dir='ltr'><strong>Lxxiv.</strong></span> <span class='ocrx_word' id='word_1_848' title='bbox 2242 5296 2356 5366; x_wconf 79' lang='lat' dir='ltr'><strong>Ego</strong></span> <span class='ocrx_word' id='word_1_849' title='bbox 2404 5304 2589 5352; x_wconf 89' lang='lat' dir='ltr'><strong>autem</strong></span> <span class='ocrx_word' id='word_1_850' title='bbox 2637 5294 2978 5351; x_wconf 87' lang='lat' dir='ltr'><strong>annuntiabo</strong></span> <span class='ocrx_word' id='word_1_851' title='bbox 3022 5293 3078 5348; x_wconf 91' lang='lat' dir='ltr'><strong>in</strong></span> <span class='ocrx_word' id='word_1_852' title='bbox 3107 5292 3522 5363; x_wconf 80' lang='lat' dir='ltr'><strong>sempiternum,</strong></span> 
     </span>
    </p>
   </div>
   <div class='ocr_carea' id='block_1_113' title="bbox 1947 5387 2528 5445">
    <p class='ocr_par' dir='ltr' id='par_1_113' title="bbox 1947 5387 2528 5445">
     <span class='ocr_line' id='line_1_113' title="bbox 1947 5387 2528 5445; baseline -0.005 0"><span class='ocrx_word' id='word_1_853' title='bbox 1947 5388 2181 5445; x_wconf 88' lang='lat' dir='ltr'><strong>cantabo</strong></span> <span class='ocrx_word' id='word_1_854' title='bbox 2208 5388 2319 5443; x_wconf 88' lang='lat' dir='ltr'><strong>Deo</strong></span> <span class='ocrx_word' id='word_1_855' title='bbox 2342 5387 2528 5442; x_wconf 69' lang='lat' dir='ltr'><strong>Iacob.</strong></span> 
     </span>
    </p>
   </div>
   <div class='ocr_carea' id='block_1_114' title="bbox 2016 5472 3534 5549">
    <p class='ocr_par' dir='ltr' id='par_1_114' title="bbox 2016 5472 3534 5549">
     <span class='ocr_line' id='line_1_114' title="bbox 2016 5472 3534 5549; baseline -0.001 -14"><span class='ocrx_word' id='word_1_856' title='bbox 2016 5495 2178 5535; x_wconf 78' lang='lat' dir='ltr'><strong>Lxxv.</strong></span> <span class='ocrx_word' id='word_1_857' title='bbox 2212 5478 2349 5535; x_wconf 87' lang='lat' dir='ltr'><strong>Cum</strong></span> <span class='ocrx_word' id='word_1_858' title='bbox 2397 5478 2701 5535; x_wconf 87' lang='lat' dir='ltr'><strong>surrexerit</strong></span> <span class='ocrx_word' id='word_1_859' title='bbox 2743 5478 2814 5533; x_wconf 90' lang='lat' dir='ltr'><strong>ad</strong></span> <span class='ocrx_word' id='word_1_860' title='bbox 2856 5472 3213 5549; x_wconf 66' lang='lat' dir='ltr'><strong>iudicandum</strong></span> <span class='ocrx_word' id='word_1_861' title='bbox 3256 5476 3421 5544; x_wconf 91' lang='lat' dir='ltr'><strong>Deus,</strong></span> <span class='ocrx_word' id='word_1_862' title='bbox 3473 5488 3534 5533; x_wconf 90' lang='lat' dir='ltr'><strong>ut</strong></span> 
     </span>
    </p>
   </div>
   <div class='ocr_carea' id='block_1_115' title="bbox 1946 5569 2924 5627">
    <p class='ocr_par' dir='ltr' id='par_1_115' title="bbox 1946 5569 2924 5627">
     <span class='ocr_line' id='line_1_115' title="bbox 1946 5569 2924 5627; baseline -0.004 0"><span class='ocrx_word' id='word_1_863' title='bbox 1946 5571 2125 5627; x_wconf 83' lang='lat' dir='ltr'><strong>salvos</strong></span> <span class='ocrx_word' id='word_1_864' title='bbox 2153 5569 2318 5625; x_wconf 86' lang='lat' dir='ltr'><strong>faciat</strong></span> <span class='ocrx_word' id='word_1_865' title='bbox 2340 5584 2530 5626; x_wconf 88' lang='lat' dir='ltr'><strong>omnes</strong></span> <span class='ocrx_word' id='word_1_866' title='bbox 2554 5571 2716 5626; x_wconf 88' lang='lat' dir='ltr'><strong>mites</strong></span> <span class='ocrx_word' id='word_1_867' title='bbox 2746 5578 2924 5626; x_wconf 69' lang='lat' dir='ltr'><strong>terrae.</strong></span> 
     </span>
    </p>
   </div>
   <div class='ocr_carea' id='block_1_116' title="bbox 2015 5661 3530 5727">
    <p class='ocr_par' dir='ltr' id='par_1_116' title="bbox 2015 5661 3530 5727">
     <span class='ocr_line' id='line_1_116' title="bbox 2015 5661 3530 5727; baseline -0.002 -9"><span class='ocrx_word' id='word_1_868' title='bbox 2015 5679 2195 5719; x_wconf 76' lang='lat' dir='ltr'><strong>Lxxvi.</strong></span> <span class='ocrx_word' id='word_1_869' title='bbox 2240 5664 2381 5719; x_wconf 80' lang='lat' dir='ltr'><strong>Voce</strong></span> <span class='ocrx_word' id='word_1_870' title='bbox 2407 5677 2525 5718; x_wconf 88' lang='lat' dir='ltr'><strong>mea</strong></span> <span class='ocrx_word' id='word_1_871' title='bbox 2552 5663 2619 5720; x_wconf 87' lang='lat' dir='ltr'><strong>ad</strong></span> <span class='ocrx_word' id='word_1_872' title='bbox 2648 5661 2934 5719; x_wconf 86' lang='lat' dir='ltr'><strong>Dominum</strong></span> <span class='ocrx_word' id='word_1_873' title='bbox 2965 5661 3226 5727; x_wconf 78' lang='lat' dir='ltr'><strong>clamavi;</strong></span> <span class='ocrx_word' id='word_1_874' title='bbox 3257 5676 3386 5718; x_wconf 76' lang='lat' dir='ltr'><strong>voce</strong></span> <span class='ocrx_word' id='word_1_875' title='bbox 3409 5675 3530 5717; x_wconf 87' lang='lat' dir='ltr'><strong>mea</strong></span> 
     </span>
    </p>
   </div>
  </div>
