3894 6182
215 383 339 439 ἶῖῖ

213 591 448 652 dictum,
479 588 646 644 modo
671 606 842 659 usque
869 592 922 646 in
953 601 1237 650 mternum.

286 697 422 736 cxu.
466 680 586 738 Non
617 683 794 747 nobis,
822 683 1071 752 Domine,
1103 704 1212 768 non
1243 695 1400 746 nobis
1436 711 1448 746 :
1481 697 1577 748 sed
1605 695 1814 750 nomini

215 782 314 826 tuo
341 774 410 827 da
440 773 688 842 gloriam.
724 774 955 845 Propter
976 778 1407 837 misericordiam
1449 791 1617 851 tuam,
1647 792 1704 840 et
1722 801 1818 840 ve-

212 863 444 919 ritatem
481 872 650 920 tuam.

287 970 448 1009 cxm.
491 953 752 1021 Obsecro,
787 957 1033 1024 Domine,
1065 958 1214 1014 salva
1243 963 1480 1019 animam
1508 980 1706 1020 meam.

286 1060 444 1099 cxiv.
505 1044 574 1099 Et
616 1060 816 1100 nomen
858 1048 1071 1103 Domini
1124 1051 1408 1109 invocabo.
1465 1055 1712 1112 Gloriosa
1757 1059 1815 1113 in

209 1145 527 1209 conspectu
569 1137 782 1191 Domini
832 1154 981 1195 mors
1017 1150 1330 1198 sanctorum
1359 1145 1495 1215 ejus.

288 1243 424 1283 cxv.
467 1226 534 1280 Et
563 1227 766 1283 veritas
801 1229 1016 1284 Domini
1049 1231 1102 1284 in
1133 1241 1415 1288 maternum.

285 1334 444 1372 cxvi.
484 1319 765 1383 Dominus,
801 1321 1066 1376 Dominus
1117 1340 1270 1381 meus
1315 1342 1396 1391 es,
1444 1344 1551 1384 non
1614 1331 1816 1386 timebo

201 1409 358 1478 quid
398 1409 563 1464 faciat
588 1410 720 1464 mihi
753 1410 932 1465 homo.
963 1413 1224 1470 Dominus
1254 1417 1386 1471 mihi
1416 1420 1732 1486 auxiliator,
1763 1433 1819 1476 et

197 1515 322 1570 ego
358 1499 655 1568 deSpiciam
689 1500 934 1556 odientes
982 1517 1088 1557 me.
1140 1504 1328 1561 Melius
1365 1517 1448 1563 est
1494 1525 1714 1580 sperare
1761 1513 1817 1568 in

202 1593 482 1656 Domino,
511 1607 672 1661 quam
719 1607 942 1662 sperare
972 1595 1024 1648 in
1055 1597 1293 1652 homine.
1335 1601 1523 1657 Melius
1567 1610 1651 1658 est
1697 1620 1817 1674 spe-

193 1698 356 1737 rare
389 1683 443 1736 in
471 1683 712 1748 Domino,
745 1699 907 1753 quam
944 1701 1164 1756 sperare
1192 1690 1246 1743 in
1286 1693 1636 1762 principibus.
1679 1694 1818 1750 Con-

199 1777 430 1830 ﬁtebor
455 1775 570 1841 tibi,
599 1775 847 1842 Domine,
893 1779 1149 1846 quoniam
1177 1783 1447 1837 exaudisti
1486 1800 1612 1840 me:
1649 1795 1704 1841 et
1743 1786 1821 1841 fa-

200 1875 361 1921 ctus
385 1882 443 1920 es
471 1858 596 1920 mihi
635 1865 686 1919 in
719 1867 972 1922 salutem.

198 2001 201 2016 .
287 1971 471 2010 cxvu.
521 1955 835 2011 Confitebor
887 1958 1015 2024 tibi,
1079 1959 1342 2029 Domine,
1398 1964 1455 2018 in
1521 1965 1820 2024 directione

191 2050 416 2105 cordis
444 2067 457 2103 :
484 2065 602 2104 cum
631 2050 873 2106 didicero
892 2052 1100 2122 judicia
1120 2055 1350 2124 justitiae
1381 2063 1504 2111 tuae.
1531 2057 1609 2112 Ne
1633 2066 1822 2116 errare

199 2143 401 2200 facias
427 2157 510 2198 me
539 2159 569 2197 a
599 2145 871 2200 mandatis
910 2145 1038 2200 tuis.
1071 2145 1272 2202 Revela
1313 2148 1502 2204 oculos
1537 2165 1718 2215 meos,
1764 2161 1822 2208 et

198 2236 425 2294 videbo
446 2237 714 2292 mirabilia
743 2237 799 2292 in
827 2236 945 2309 lege
971 2247 1081 2293 tua.
1121 2239 1279 2294 Viam
1311 2242 1580 2297 mendacii
1610 2243 1765 2299 aufer
1785 2261 1819 2299 a

200 2342 345 2392 me,
366 2335 421 2393 et
449 2320 619 2396 legem
646 2335 797 2382 tuam
821 2329 960 2383 dona
1001 2328 1154 2383 mihi.
1184 2329 1387 2385 inclina
1415 2346 1510 2386 cor
1547 2347 1728 2388 meum
1751 2335 1820 2390 ad

198 2420 536 2475 testimonia
569 2428 656 2474 tua
683 2427 741 2474 et
768 2435 874 2475 non
907 2422 974 2476 ad
1009 2421 1321 2476 avaritiam.
1351 2423 1421 2478 Et
1441 2425 1661 2480 veniant
1685 2426 1819 2480 mihi

201 2513 613 2568 misericordiae
643 2519 771 2578 tum,
816 2514 1067 2579 Domine,
1116 2522 1173 2570 et
1218 2515 1364 2571 salus
1390 2523 1483 2570 tua
1524 2517 1678 2587 juxta
1707 2517 1820 2573 elo—

202 2605 417 2675 quium
461 2612 628 2658 tuum.
660 2603 788 2660 llaec
835 2612 920 2659 est
963 2605 1261 2660 consolatio
1288 2622 1408 2661 mea
1438 2607 1492 2661 in
1522 2606 1817 2665 afﬂictione

203 2711 374 2761 mea,
419 2697 540 2765 quia
567 2697 842 2766 eloquium
875 2705 1026 2750 tuum
1052 2697 1349 2753 vivificavit
1375 2713 1481 2755 me.
1518 2700 1820 2756 Misericor-

205 2788 321 2843 dia
351 2796 442 2841 tua
469 2786 733 2864 completa
766 2795 849 2842 est
890 2795 1058 2854 terra,
1090 2797 1359 2858 prmcepta
1405 2799 1491 2844 tua
1535 2792 1669 2847 doce
1708 2807 1815 2846 me.

205 2878 536 2946 Antequam
567 2877 811 2932 audirem
837 2893 937 2948 ego
964 2878 1228 2950 ignoravi.
1271 2879 1454 2936 Bonus
1484 2889 1538 2936 tu
1575 2890 1628 2937 et
1657 2883 1817 2939 bene-

207 2967 391 3030 ﬁcus,
423 2967 553 3021 doce
596 2983 683 3022 me
708 2976 978 3038 praecepta
1011 2977 1120 3022 tua.
1157 2968 1259 3035 Sit,
1307 2971 1560 3037 obsecro,
1606 2973 1822 3027 miseri-

201 3057 419 3112 cordia
466 3066 554 3112 tua
609 3059 661 3112 in
704 3061 1077 3116 consolatione
1132 3076 1278 3128 mea,
1319 3064 1461 3119 sicut
1502 3064 1716 3120 locutus
1759 3083 1820 3124 es

211 3166 392 3207 servo
433 3161 544 3207 tuo.
599 3153 906 3210 Secundum
937 3156 1366 3219 misericordiam
1413 3166 1560 3212 tuam
1601 3158 1814 3216 viviﬁca

210 3257 339 3307 me,
374 3252 430 3297 et
475 3244 774 3298 custodiam
821 3246 1187 3300 testimonium
1233 3247 1346 3302 oris
1377 3249 1475 3302 tui.
1515 3248 1628 3305 Nisi
1674 3250 1819 3321 quod

212 3335 317 3389 lex
349 3342 439 3387 tua
467 3335 747 3390 meditatio
785 3351 908 3390 mea
950 3344 1056 3402 est,
1094 3336 1234 3393 forte
1277 3341 1564 3409 periissem
1593 3340 1648 3396 in
1672 3356 1825 3413 pres-

215 3437 358 3477 sura
376 3437 516 3478 mea.
559 3423 732 3491 Quam
751 3425 904 3480 dulce
930 3427 1134 3497 gutturi
1171 3443 1292 3484 meo
1321 3429 1592 3499 eloquium
1635 3440 1818 3499 tuum;

216 3529 394 3584 super
421 3515 528 3569 mel
556 3517 639 3570 ori
667 3531 806 3572 meo.
839 3519 1154 3573 Voluntaria
1178 3521 1288 3574 oris
1316 3522 1422 3576 mei
1447 3523 1824 3593 complaceant

218 3606 348 3672 tibi,
394 3607 654 3676 Domine,
703 3618 758 3664 et
797 3610 1098 3665 secundum
1139 3612 1344 3683 judicia
1397 3622 1489 3667 tua
1538 3614 1674 3670 doce
1712 3631 1818 3670 me.

217 3697 509 3754 Confirma
561 3717 648 3757 me
675 3703 973 3758 secundum
1019 3705 1246 3759 verbum
1284 3713 1458 3772 tuum,
1503 3715 1558 3760 et
1599 3709 1818 3762 vivam:

217 3789 498 3845 auxiliare
548 3792 702 3857 mihi,
738 3800 793 3847 et
823 3793 1008 3848 salvus
1056 3808 1171 3847 ero.
1227 3793 1336 3848 Fac
1366 3809 1488 3850 cum
1534 3811 1692 3852 servo
1732 3806 1824 3852 tuo

215 3878 382 3949 juxta
402 3881 839 3938 misericordiam
872 3893 1040 3950 tuam,
1069 3891 1126 3938 et
1144 3893 1414 3956 pnecepta
1439 3894 1528 3941 tua
1558 3888 1692 3942 doce
1713 3904 1820 3943 me.

217 3970 465 4047 Respice
494 3975 562 4029 ad
593 3989 699 4042 me,
729 3984 786 4032 et
811 3977 1072 4032 miserere
1102 3978 1228 4043 mei,
1256 3986 1311 4032 et
1337 3979 1472 4034 doce
1499 3994 1584 4034 me
1624 3996 1828 4051 praece-

224 4070 322 4132 pta
363 4072 478 4118 tua.
536 4063 722 4122 iustus
772 4081 855 4134 es,
913 4068 1162 4135 Domine,
1200 4077 1255 4124 et
1304 4081 1512 4126 rectum
1558 4071 1826 4142 judicium

219 4165 407 4212 tuum.
431 4157 630 4214 Vocem
661 4175 839 4215 meam
856 4162 980 4242 audi
1006 4161 1160 4233 juxta
1194 4164 1622 4221 misericordiam
1656 4176 1823 4234 tuam,

221 4246 466 4304 Domine
497 4269 511 4304 :
543 4253 842 4307 secundum
863 4252 1130 4322 judicium
1152 4264 1300 4310 tuum
1324 4257 1535 4312 vivifica
1563 4274 1668 4313 me.
1693 4260 1828 4315 Vide

221 4335 581 4395 aﬂlictionem
623 4357 820 4408 meam,
859 4350 915 4398 et
959 4344 1109 4415 eripe
1155 4361 1243 4400 me
1269 4363 1280 4399 :
1309 4346 1466 4417 juxta
1517 4348 1830 4406 miscricor.

221 4425 380 4482 diam
421 4436 570 4484 tuam
602 4431 813 4487 viviflca
855 4448 961 4487 me.
994 4433 1106 4488 Pax
1142 4434 1310 4489 multa
1351 4435 1700 4508 diligentibus
1745 4438 1825 4495 le-

229 4531 359 4588 gem
384 4527 559 4586 tuam,
599 4529 655 4576 et
698 4538 805 4579 non
833 4533 920 4579 est
964 4523 1070 4581 illis
1112 4523 1452 4582 scandalum.
1487 4527 1828 4600 lngrediatur

230 4608 355 4666 iens
407 4624 531 4664 mea
588 4626 769 4666 coram
796 4621 869 4679 te,
925 4615 1182 4682 Domine,
1238 4617 1540 4672 secundum
1601 4619 1825 4674 verbum

235 4711 409 4756 tuum.
441 4701 639 4757 Veniat
663 4703 972 4774 deprecatio
1003 4721 1122 4761 mea
1145 4713 1270 4761 ante
1299 4705 1505 4762 vultum
1534 4715 1682 4764 tuum
1711 4728 1723 4764 :
1748 4724 1832 4765 se-

228 4794 474 4849 eundum
504 4793 774 4864 eloquium
813 4805 966 4852 tuum
996 4798 1164 4853 libera
1199 4813 1306 4853 me.

307 4902 495 4942 cxvm.
555 4889 812 4956 Domine,
862 4890 1032 4946 libera
1085 4893 1321 4947 animam
1363 4909 1542 4949 meam
1598 4909 1627 4948 a
1689 4893 1831 4950 labio

236 4982 531 5046 mendacii,
561 4997 591 5036 a
617 4983 798 5054 lingua
830 4981 1036 5039 dolosa.

308 5089 454 5127 eux.
499 5071 715 5130 Levabo
737 5075 922 5131 oculos
965 5093 1113 5133 meos
1142 5080 1197 5132 in
1227 5085 1459 5145 montes,
1483 5078 1628 5134 unde
1651 5079 1834 5150 veniat

235 5165 504 5221 auxilium
534 5167 684 5222 mihi.

312 5274 438 5314 cxx.
482 5258 568 5315 Sit
594 5261 733 5316 bene
758 5262 866 5328 bis,
899 5262 992 5332 qui
1016 5262 1248 5333 diligunt
1278 5269 1352 5315 te.

313 5367 462 5408 cxxt.
508 5352 766 5409 Miserere
805 5354 998 5419 nostri,
1047 5354 1304 5418 Domine,
1344 5352 1604 5408 miserere
1635 5353 1832 5408 nostri.

315 5463 484 5504 cxx".
525 5447 799 5503 Auxilium
831 5456 1076 5503 nostrum
1126 5448 1180 5502 in
1211 5447 1429 5503 nomine
1469 5445 1713 5513 Domini,
1745 5447 1838 5518 qui

247 5539 378 5598 fecit
406 5541 607 5597 coelum
635 5549 691 5596 et
724 5551 945 5597 terram.

315 5649 504 5688 cum.
543 5633 795 5700 Benefac,
828 5633 1072 5699 Domine,
1102 5635 1257 5690 bonis
1283 5645 1339 5692 et
1359 5635 1522 5691 rectis
1547 5635 1731 5690 corde.

316 5741 502 5780 cxxiv.
541 5725 828 5791 Converte,
859 5727 1106 5794 Domine,
1141 5729 1514 5799 captivitatem
1561 5733 1838 5790 nostram,

252 5817 392 5874 sicut
423 5817 604 5873 rivum
631 5817 684 5872 in
710 5825 918 5872 austro.

1197 392 1590 450 LlTURGlCA.
1634 423 1700 435 —
1739 391 2010 450 OFFICIA
2044 393 2180 450 PER
2216 395 2484 454 FERIAS.

215 501 289 554 ab
319 497 508 552 auditu
547 497 690 552 malo
717 511 824 552 non
858 499 1087 556 timebit.
1127 503 1210 559 Sit
1237 521 1435 561 nomen
1464 507 1679 563 Domini
1719 509 1810 564 be-
1836 510 1886 568 Δ

3401 406 3506 461 578

1981 518 2140 559 cxxv.
2183 505 2296 561 Nisi
2321 507 2583 581 Dominus
2629 507 2947 563 custodierit
2973 509 3267 577 civitatem,
3309 511 3511 569 frustra

1917 594 2122 664 vigilat,
2155 597 2248 665 qui
2279 597 2518 652 custodit
2545 611 2686 652 eam.

1987 699 2166 741 cxxvr.
2219 686 2419 744 Beatus
2467 688 2677 754 omnis,
2728 689 2820 758 qui
2869 689 3025 744 timet
3062 691 3371 761 Dominum,
3417 696 3512 767 qui

1917 776 2159 831 ambulat
2187 777 2242 831 in
2269 778 2372 834 viis
2399 777 2536 846 ejus.

1987 880 2191 920 cxxvu.
2231 867 2546 924 Benedictio
2575 870 2792 924 Domini
2815 871 2888 926 sit
2917 888 3082 943 super
3111 889 3232 930 nos.

1989 971 2212 1011 cxxvm.
2249 959 2501 1025 Domine,
2541 960 2738 1015 exaudi
2768 977 2958 1018 vocem
2998 979 3198 1020 meam.
3235 966 3398 1022 Fiant
3416 983 3514 1024 au-

1918 1059 2008 1100 res
2038 1053 2142 1100 tum
2174 1048 2518 1103 intendentes
2543 1050 2612 1104 ad
2643 1065 2830 1106 vocem
2859 1052 3257 1122 deprecationis
3285 1073 3439 1114 mem.

1990 1150 2173 1190 cxxrx.
2214 1138 2460 1204 Domine,
2517 1154 2624 1193 non
2669 1149 2756 1195 est
2805 1141 3106 1198 exaltatum
3153 1160 3247 1200 cor
3295 1162 3508 1216 meum,

1919 1239 2098 1294 neque
2127 1227 2254 1281 elati
2285 1237 2414 1282 sunt
2448 1229 2588 1283 oculi
2617 1231 2742 1284 mei.

1990 1331 2156 1370 cxxx.
2199 1316 2325 1371 Haec
2349 1327 2435 1373 est
2465 1321 2682 1388 requies
2711 1336 2832 1375 mea
2867 1323 2921 1376 in
2959 1326 3370 1394 sempiternum.

1987 1420 2171 1462 cxxxx.
2214 1407 2478 1474 Quoniam
2533 1410 2605 1465 ibi
2657 1412 2936 1466 mandavit
2974 1414 3238 1470 Dominus
3290 1417 3514 1474 benedi-

1918 1494 2179 1563 ctionem,
2211 1507 2268 1552 et
2295 1499 2460 1553 vitam
2491 1515 2664 1570 usque
2690 1502 2746 1556 in
2770 1512 3058 1558 aeternum.

1993 1586 2151 1655 102
2188 1602 2392 1642 cxxxn.
2433 1571 2536 1654 Qui
2560 1591 2720 1644 statis
2750 1591 2808 1645 in
2842 1592 3002 1646 domo
3031 1594 3268 1648 Domini.

1989 1688 2215 1729 cxxxiii.
2259 1676 2504 1732 Laudate
2543 1679 2853 1745 Dominum,
2883 1681 3141 1750 quoniam
3192 1683 3374 1740 bonus
3407 1695 3513 1742 est.

1991 1780 2211 1820 cxxxrv.
2255 1765 2602 1824 Conﬁtemini
2640 1770 2753 1826 Deo
2777 1771 2920 1838 caeli,
2950 1775 3209 1843 quoniam
3254 1777 3310 1830 in
3355 1785 3517 1834 teter-

1847 1860 1895 1919 Β
1921 1872 2050 1910 num
2078 1859 2454 1914 misericordia
2477 1859 2618 1928 ejus.

1991 1964 2187 2004 cxxxv.
2229 1949 2429 2005 Beatus
2457 1953 2644 2018 homo,
2676 1952 2769 2020 qui
2798 1961 2945 2007 amat
2970 1954 3278 2010 Dominum.

1988 2055 2212 2095 cxxxvi.
2252 2041 2567 2098 Confitebor
2625 2045 2751 2110 tibi,
2786 2046 3036 2114 Domine,
3083 2049 3138 2102 in
3186 2058 3300 2104 toto
3349 2054 3516 2110 corde

1919 2144 2060 2185 meo.
2095 2132 2341 2198 Domine,
2374 2135 2747 2190 misericordia
2790 2144 2880 2190 tua
2921 2138 2976 2192 in
3017 2147 3316 2210 aeternum,
3347 2159 3514 2214 opera

1919 2236 2183 2276 manuum
2215 2231 2427 2277 tuarum
2459 2238 2528 2279 ne
2575 2226 2837 2280 dimittas.

1989 2325 2230 2364 cxxxvu.
2271 2311 2331 2366 Si
2358 2315 2656 2370 ascendero
2694 2316 2750 2370 in
2778 2317 2999 2385 caelum,
3031 2319 3105 2374 ibi
3129 2335 3189 2376 es
3219 2331 3276 2377 tu
3315 2344 3328 2377 :
3358 2326 3403 2381 si
3426 2325 3513 2395 ja-

1920 2411 2086 2452 cuero
2117 2399 2171 2452 in
2200 2399 2498 2468 infernum,
2536 2403 2610 2457 ibi
2647 2404 2798 2460 ades.

1989 2501 2252 2542 cxxxvui.
2295 2491 2439 2548 Erue
2486 2507 2595 2558 me,
2631 2494 2890 2563 Domine,
2934 2498 3004 2553 ab
3040 2498 3262 2556 homine
3307 2504 3452 2562 malo
3495 2525 3511 2562 :

1920 2592 1952 2631 a
1981 2577 2114 2633 viris
2143 2579 2344 2649 iniquis
2372 2582 2525 2636 salva
2550 2598 2654 2638 me.

1991 2687 2212 2726 cxxxix.
2254 2675 2462 2730 Exaudi
2521 2691 2708 2732 vocem
2759 2694 2937 2734 meam
2981 2681 3271 2740 clamantis
3320 2688 3389 2742 ad
3437 2696 3524 2744 te..

1921 2761 2198 2832 Dirigatur
2224 2766 2402 2820 oratio
2430 2781 2572 2833 mea,
2607 2769 2751 2824 sicut
2794 2770 3076 2827 incensum
3112 2773 3166 2828 in
3210 2788 3511 2848 conspectu

1925 2863 2038 2909 tuo.

1991 2960 2112 3000 ch.
2153 2947 2320 3015 Pone,
2372 2950 2619 3016 Domine,
2671 2955 2975 3011 custodiam
2997 2960 3083 3014 ori
3130 2977 3253 3018 meo
3291 2981 3304 3016 :
3353 2978 3515 3020 serva

1921 3045 2299 3106 paupertatem
2357 3040 2622 3097 labiorum
2667 3061 2933 3101 meorum.
2990 3049 3141 3106 Educ
3189 3054 3254 3108 de
3295 3070 3534 3112 carcere-

1924 3126 2161 3180 animam
2204 3144 2402 3197 meam,
2440 3139 2498 3185 ut
2526 3134 2792 3190 confitear
2818 3140 3027 3194 nomini
3065 3150 3175 3198 tuo.

1991 3238 2134 3277 cxu.
2175 3226 2423 3293 Domine,
2481 3232 2677 3286 exaudi
2729 3235 3030 3290 orationem
3075 3254 3271 3306 meam,
3325 3246 3535 3302 exaudi:

1923 3329 2013 3369 me
2044 3315 2099 3368 in
2137 3315 2348 3386 justitia
2402 3327 2510 3373 tua.
2547 3321 2615 3376 Et
2666 3338 2776 3378 non
2821 3327 3011 3382 venias
3059 3329 3126 3384 ad
3165 3331 3520 3402 judicandum

1925 3420 2048 3460 cum
2074 3422 2233 3462 servo
2260 3417 2372 3476 tuo,
2407 3412 2535 3482 quia
2579 3429 2688 3469 non
2709 3413 3098 3484 justiﬁcabitur
3133 3424 3188 3477 in
3220 3437 3539 3497 conspectu.

1924 3508 2018 3556 tuo
2077 3505 2257 3559 omnis
2296 3506 2513 3561 vivens.
2578 3507 2688 3565 Fac
2733 3525 2822 3565 me
2867 3514 3056 3569 audire
3097 3531 3256 3573 mane
3313 3521 3544 3577 miseri--

1925 3597 2167 3652 cordiam
2211 3607 2383 3668 tuam,
2420 3604 2678 3672 quoniam
2725 3606 2779 3661 in
2824 3615 2878 3662 te
2914 3609 3147 3666 conﬁdo.
3198 3612 3394 3670 Notam
3437 3616 3540 3673 faC'

1925 3685 2057 3740 mihi
2092 3688 2256 3753 viam,
2309 3691 2364 3743 in
2413 3707 2517 3761 qua
2549 3695 2788 3762 ambulo,
2839 3700 3096 3767 quoniam
3139 3704 3206 3757 ad
3239 3711 3291 3758 te
3331 3705 3524 3762 levabo

1927 3777 2164 3833 animam
2223 3796 2419 3836 meam.
2453 3785 2647 3841 Libera
2687 3804 2774 3844 me
2800 3791 2868 3845 de
2917 3793 3158 3849 inimicis
3209 3799 3376 3862 meis,
3423 3799 3526 3855 Do—

1925 3869 2094 3933 mine,
2139 3877 2256 3924 ate
2293 3880 2592 3940 protectus.
2639 3877 2782 3932 Doce
2829 3896 2937 3945 me,
2995 3889 3055 3936 ut
3102 3884 3298 3940 faciam
3338 3889 3529 3947 volun.-

1927 3964 2099 4013 tatem
2127 3965 2300 4026 tuam,
2329 3963 2456 4030 quia
2481 3971 2538 4020 tu
2566 3965 2710 4020 Deus
2729 3982 2905 4024 meus.
2931 3969 3165 4039 Spiritus
3192 3977 3538 4040 tuusbonus

1927 4045 2161 4103 deducet
2197 4065 2287 4104 me
2332 4050 2386 4106 in
2433 4058 2581 4107 terra
2620 4062 2790 4121 recta,
2833 4067 3058 4127 propter
3086 4075 3288 4120 nomen
3340 4072 3538 4132 tuum,~

1930 4136 2188 4205 Domine,
2227 4139 2528 4198 vivificabis
2570 4159 2658 4199 me
2697 4144 2753 4200 in
2798 4145 3014 4215 justitia
3057 4157 3168 4218 tua.
3215 4154 3330 4226 Ego
3378 4158 3540 4216 enim»

1930 4241 2050 4282 sum
2078 4243 2271 4285 servus
2303 4239 2449 4289 tuus.

1999 4337 2163 4377 exui.
2205 4323 2534 4384 Benedictus
2577 4329 2840 4388 Dominus
2885 4332 3044 4393 fortis
3096 4353 3284 4407 meus,
3315 4341 3528 4398 miseri-

1933 4413 2118 4469 cordia
2165 4430 2305 4483 mea,
2336 4425 2393 4472 et
2433 4417 2693 4478 fortitudo
2739 4438 2902 4480 mea:
2935 4428 3226 4487 auxiliator
3251 4446 3429 4500 meus,
3469 4446 3535 4494 et:

1933 4505 2173 4562 salvator
2197 4523 2370 4566 meus.

1999 4613 2182 4653 οιιιιι.
2219 4599 2275 4654 In
2307 4604 2454 4658 omni
2483 4604 2569 4659 die
2591 4605 2908 4664 benedicam
2939 4611 3056 4678 tibi,
3084 4620 3140 4668 et
3166 4612 3398 4674 laudabo
3421 4632 3540 4676 [ιο-ι

1930 4700 2057 4743 men
2084 4694 2237 4742 tuum
2271 4689 2325 4744 in
2353 4692 2744 4762 sempiternum
2771 4694 2992 4766 jugiter.

2001 4796 2180 4836 cxuv.
2221 4781 2459 4838 Laudem
2498 4785 2711 4840 Domini
2750 4786 3001 4857 loquetur
3039 4806 3102 4848 os
3128 4809 3328 4864 meum,
3355 4806 3412 4854 et
3436 4800 3529 4856 be-

1935 4870 2155 4926 nedicat
2183 4873 2360 4928 omnis
2389 4888 2520 4929 caro
2568 4877 2776 4932 nomini
2824 4890 3016 4938 sancto
3061 4882 3180 4953 ejus
3219 4907 3232 4942 :
3286 4890 3341 4945 in
3369 4898 3526 4949 aster-

1935 4977 2066 5016 num
2095 4969 2151 5016 et
2182 4961 2406 5040 jugiter.

2003 5070 2160 5110 θην.
2200 5055 2403 5123 Lauda,
2436 5057 2617 5138 anima
2648 5075 2789 5126 mea,
2809 5063 3120 5134 Dominum,
3147 5067 3381 5124 laudabo
3422 5070 3534 5127 Do-z

1934 5146 2142 5201 minum
2189 5148 2244 5203 in
2275 5149 2386 5206 vita
2436 5166 2596 5207 mea:
2647 5156 2880 5212 cantabo
2930 5156 3042 5214 Deo
3097 5175 3238 5227 meo,
3288 5163 3529 5232 quandiu

1935 5251 2075 5292 sum.

2006 5343 2183 5385 CXLVI.
2226 5327 2469 5388 Laudate
2497 5334 2816 5404 Dominum,
2869 5338 3126 5408 quoniam
3167 5341 3346 5399 bonus
3390 5350 3478 5400 est
3509 5361 3528 5400 :

1945 5422 2189 5494 placetur
2212 5423 2442 5480 Domino
2485 5426 2540 5482 in
2570 5427 2676 5495 bis,
2725 5429 2817 5498 qui
2848 5429 3045 5485 timent
3069 5446 3214 5501 eum,
3244 5442 3300 5488 et
3339 5449 3537 5507 exspe-

1946 5520 2100 5568 ctant
2123 5514 2552 5570 misericordiam
2577 5516 2715 5590 ejus.

2017 5641 2217 5682 cxnvn.
2255 5626 2432 5682 Flabit
2462 5628 2656 5697 spiritu
2685 5644 2803 5696 suo,
2831 5637 2887 5684 et
2914 5629 3082 5686 liuent
3109 5648 3276 5704 aquae.

2016 5732 2236 5772 exnvm.
2276 5715 2520 5774 Laudate
2557 5719 2846 5775 Dominum
2868 5721 2935 5776 de
2963 5721 3136 5788 caelis,
3170 5723 3385 5782 laudate
3406 5739 3531 5783 eum

1950 5812 2004 5866 in
2031 5810 2280 5867 excelsis.
2313 5810 2554 5866 Laudate
2593 5825 2742 5878 eum,
2781 5828 2971 5868 omnes
3012 5815 3184 5887 angeli
3213 5815 3346 5890 ejus.
3394 5815 3537 5877 Lau-
