3894 6182
376 359 484 420 57‘)

1181 356 1241 411 Β.
1315 354 1379 411 F.
1418 350 1645 409 ALBINI
1682 350 1813 408 εει]
1849 346 2126 406 ALCUINI
2163 347 2449 406 OPERUM
2486 348 2665 405 PARS
2702 348 2790 405 IV.

3537 345 3649 405 580

375 477 501 533 date
521 489 647 533 eum
668 485 860 529 omnes
884 470 1157 527 exercitus
1184 466 1318 537 ejus.
1361 465 1601 521 Laudato
1624 478 1770 530 eum,
1794 463 1881 517 sol
1901 470 1959 516 et
1984 466 2030 523 Α
2059 459 2158 524 Da,
2183 458 2346 515 Pater
2366 459 2675 525 altitonans,
2703 458 2971 514 undosum
2999 457 3214 515 ﬂetibus
3238 458 3499 527 imbrem;

376 567 503 623 luna
520 584 533 620 :
548 564 765 619 laudate
777 575 922 629 eum,
945 559 1115 616 stella:
1135 556 1373 611 luminis.
1403 553 1644 609 Landate
1662 567 1808 617 eum,
1833 554 1956 610 coeli

375 656 655 722 cmlorum,
687 661 745 710 et
784 665 958 723 aquae,
986 663 1109 720 quae
1134 661 1300 719 super
1321 644 1491 701 caelos
1539 650 1688 710 sunt,
1738 641 1960 697 laudent

378 762 575 804 nomen
613 744 849 800 Domini.
891 740 1159 811 Quoniam
1196 739 1314 808 ipse
1351 734 1649 800 mandavit,
1679 742 1737 788 et
1772 740 1958 789 creata

375 846 520 896 sunt.
554 837 795 891 Laudate
822 831 1131 895 Dominum,
1160 841 1318 899 reges
1348 836 1529 892 terrae,
1552 833 1609 880 et
1635 839 1827 880 omnes
1865 839 1960 895 po—

373 930 484 1001 puli
514 948 526 984 :
562 927 869 999 principes,"
889 931 946 977 et
973 920 1211 976 universi
1252 918 1467 989 judices
1513 926 1692 972 terra).
1723 915 1957 972 Iuvenes

372 1029 427 1075 et
454 1019 721 1090 virgines,
751 1027 910 1070 senes
950 1026 1074 1068 cum
1117 1011 1304 1081 pueris
1342 1009 1561 1064 laudent
1614 1022 1808 1062 nomen
1847 1007 1955 1062 Do-

374 1107 526 1162 mini.
559 1104 824 1171 Quoniam
871 1101 1103 1156 sublime
1150 1113 1347 1154 nomen
1389 1098 1510 1168 ejus
1547 1097 1737 1162 solius,
1784 1096 1957 1167 gloria

370 1198 489 1268 ejus
512 1197 566 1250 in
584 1195 720 1250 coelo
746 1202 801 1248 ct
828 1193 881 1248 in
913 1203 1077 1247 terra.
1107 1189 1378 1245 Exaltavit
1405 1204 1573 1244 cornu
1601 1188 1806 1259 populi,
1838 1189 1957 1245 laus
2014 1220 2017 1223 -

371 1288 624 1344 omnibus
662 1285 867 1340 sanctis
891 1283 1026 1354 ejus.

439 1394 617 1439 cura.
646 1377 874 1432 Cantate
900 1374 1133 1430 Domino
1154 1374 1426 1431 canticum
1440 1389 1671 1440 novum,
1699 1373 1816 1428 laus
1835 1371 1956 1441 ejus

371 1472 425 1526 in
461 1468 876 1539 congregatione
905 1474 1237 1522 sanctorum.
1263 1466 1533 1521 Exaltabit
1556 1476 1869 1521 mansuetos
1897 1464 1953 1519 in

368 1563 515 1621 Jesu.
548 1561 908 1618 Exsultabunt
937 1561 1115 1616 sancti
1142 1561 1195 1615 in
1227 1561 1418 1631 gloria,
1444 1560 1823 1615 laudabunt'in
1854 1576 1951 1615 cu-

367 1654 566 1713 bilibus
594 1653 726 1708 suis.
758 1650 1162 1708 Exsultationes
1188 1653 1283 1707 Dei
1312 1652 1368 1706 in
1399 1660 1615 1723 gutture
1643 1666 1850 1706 eorum.

439 1762 521 1803 CL.
560 1745 730 1801 Omne
754 1745 898 1815 quod
924 1745 1096 1816 spirat
1118 1744 1302 1801 laudet
1327 1745 1634 1800 Dominum.

694 1874 914 1915 LITANLA
959 1875 1029 1915 UT
1065 1874 1261 1926 SUPRA,
1301 1876 1372 1915 ET
1408 1875 1623 1916 PRECES.

440 1974 586 2030 Vivit
614 1973 795 2030 anima
825 1988 968 2039 mea,
998 1981 1052 2029 et
1080 1973 1323 2030 laudabit
1349 1981 1420 2031 te.
1453 1972 1667 2040 Indica,
1698 1974 1948 2040 Domine,

366 2074 627 2124 nocentes
651 2080 756 2120 me.
805 2063 1100 2134 Repleatur
1132 2079 1196 2120 os
1233 2080 1415 2121 meum
1458 2066 1637 2121 laude.
1691 2066 1944 2133 Domine,

364 2165 563 2215 averte.
598 2155 793 2211 faciem
824 2163 970 2210 tuam
1014 2155 1316 2227 apeccatis
1345 2156 1500 2212 meis.
1543 2154 1649 2212 Cor
1690 2156 1949 2212 mundum

366 2264 492 2307 crea
517 2248 571 2302 in
597 2261 706 2313 me,
736 2247 897 2301 Deus.
918 2244 1102 2302 Redde
1131 2245 1265 2301 mihi
1290 2244 1531 2301 laztitiam
1560 2245 1817 2302 salutaris
1846 2245 1943 2300 tui.

364 2338 610 2403 Domine,
641 2352 708 2392 ne
732 2336 893 2392 simul
924 2336 1108 2392 tradas
1136 2351 1226 2393 me
1252 2352 1377 2392 cum
1403 2335 1802 2408 peccatoribus.
1832 2340 1948 2399 Do-

366 2433 534 2499 mine,
582 2446 691 2487 non
732 2430 1030 2486 secundum
1076 2437 1300 2499 peccata
1342 2438 1531 2487 nostra
1560 2429 1733 2485 facies
1766 2436 1942 2485 nobis.

364 2523 606 2587 Domine,
636 2537 703 2576 ne
730 2521 1044 2575 memineris
1071 2521 1420 2590 iniquitatum
1462 2529 1790 2576 nostrarum.
1833 2520 1946 2574 Ad-

354 2612 482 2684 juva
519 2627 639 2676 nos,
687 2611 830 2666 Deus
879 2610 1135 2667 salutaris
1182 2618 1386 2665 noster.
1435 2610 1567 2665 Esto
1611 2610 1793 2676 nobis,
1838 2611 1945 2666 Do-

359 2701 528 2767 mine,
561 2700 729 2755 turris
754 2698 1107 2755 fortitudinis.
1149 2698 1380 2770 Adjutor
1407 2707 1462 2754 et
1488 2699 1750 2756 liberator
1787 2715 1942 2757 meus

354 2800 496 2858 ceto,
526 2791 770 2846 Domine.
804 2791 1128 2846 Benedictus
1154 2791 1416 2846 Dominus
1442 2791 1529 2846 die
1558 2790 1819 2861 quotidie.
1860 2790 1941 2848 Ne

356 2887 528 2943 intres
555 2886 609 2940 in
644 2882 850 2954 judicio
877 2900 1003 2940 cum
1028 2899 1189 2941 servo
1229 2892 1345 2939 tuo.
1390 2884 1595 2940 Delicta
1637 2882 1939 2952 iuventutis

355 2993 508 3037 mem.
535 2978 696 3051 Eripe
720 2994 830 3045 me,
860 2979 1109 3045 Domine,
1135 2979 1206 3034 ab
1233 2978 1450 3034 homine
1478 2978 1641 3034 malo.
1667 2978 1830 3049 Eripe
1850 2994 1939 3036 me

353 3072 422 3128 de
447 3072 680 3127 inimicis
706 3071 863 3136 meis,
894 3070 1037 3125 Deus
1065 3084 1238 3126 meus.
1268 3069 1432 3141 Eripe
1456 3084 1545 3126 me
1565 3070 1634 3126 de
1660 3069 1938 3140 operanti-

2055 551 2174 618 Quo
2204 550 2411 605 valeam
2440 550 2701 622 lacrymis
2724 550 3007 622 culparum
3037 552 3249 608 solvere
3275 553 3469 609 moles.

2054 641 2131 696 Da
2155 655 2353 711 precor
2375 641 2660 708 auxilium,
2681 642 2887 713 possim
2911 656 3022 712 quo
3044 643 3265 699 vincere
3287 645 3575 715 mundum,

2053 734 2124 790 Et
2144 735 2271 789 vita
2298 733 2537 789 stadium
2559 733 2773 804 placido
2798 748 3120 804 percurrere
3152 749 3336 806 passu.

2053 831 2298 903 Cumque
2316 845 2569 901 suprema
2598 831 2714 887 dies
2741 832 2934 887 mortis
2955 831 3278 902 patefecerit
3314 847 3535 899 urnam,

2053 923 2301 980 Concede
2319 923 2555 989 veniam,
2579 923 2667 979 cui
2694 923 2831 978 tollit
2858 923 3014 994 culpa
3041 939 3330 980 coronam.

2650 1036 3040 1099 SABBATO.

2096 1154 2149 1197 ει
2195 1154 2299 1197 cur
2350 1154 2487 1197 VITA
2534 1154 2821 1197 rnaasuns
2860 1154 3152 1197 FASTIDIO
3208 1136 3327 1210 sir,
3382 1156 3443 1198 El
3485 1157 3605 1201 SU—

2360 1234 2564 1275 PERNA
2608 1230 3321 1278 CONTEMPLABIJUVAT.

2350 1332 2605 1390 ORATIO
2641 1333 2885 1391 SANCTI
2924 1333 3326 1391 AUGUSTINI.

2127 1435 2148 1463 ε
2175 1424 2316 1481 Dens
2332 1416 2699 1482 universitatis
2713 1427 2984 1493 conditor,
3008 1435 3204 1498 prmsta
3220 1428 3353 1484 mihi
3373 1428 3644 1501 primum,

2052 1524 2113 1571 ut
2136 1526 2189 1572 te
2208 1517 2343 1572 bene
2364 1534 2548 1590 rogem
2574 1518 2818 1585 :deindc,
2846 1527 2907 1573 ut
2929 1535 3013 1576 me
3035 1535 3188 1591 agam
3212 1519 3453 1592 dignum,
3475 1537 3646 1593 quem

2052 1607 2277 1674 liberes;
2306 1618 2598 1680 postremo,
2626 1617 2686 1665 ut
2714 1609 2933 1667 liberes.
2962 1610 3124 1676 Deus,
3148 1626 3248 1682 per
3269 1628 3433 1683 quem
3456 1614 3643 1673 omnia

2051 1713 2171 1768 qua:
2214 1715 2314 1770 per
2358 1716 2417 1755 se
2443 1716 2549 1755 non
2582 1710 2782 1766 essent,
2816 1701 3040 1758 tendunt
3078 1717 3218 1759 esse.
3248 1702 3408 1767 Deus,
3450 1705 3544 1773 qui
3573 1720 3643 1761 ne

1980 1810 2030 1871 Β
2052 1789 2106 1843 id
2134 1790 2369 1860 quidem,
2393 1793 2537 1862 quod
2562 1807 2619 1848 se
2646 1792 2877 1848 invicem
2911 1792 3111 1865 perdit,
3133 1794 3312 1865 perire
3343 1796 3639 1865 permittis.

2053 1878 2215 1948 Deus,
2247 1881 2341 1952 qui
2369 1881 2435 1938 de
2464 1883 2634 1939 nihilo
2659 1884 2920 1940 mundum
2950 1886 3114 1941 istum
3143 1888 3362 1952 creasti,
3391 1889 3643 1944 omnium

2050 1987 2212 2042 quem
2232 1974 2471 2030 sentiunt
2492 1974 2635 2032 oeuli
2654 1975 3099 2047 pulcherrimum.
3122 1978 3288 2046 Deus,
3310 1981 3404 2050 qui
3434 1981 3640 2038 malum

2050 2078 2158 2118 non
2184 2062 2340 2134 facis,
2372 2076 2427 2121 et
2452 2064 2587 2122 facis
2625 2082 2765 2136 esse,
2792 2084 2862 2125 ne
2885 2070 3179 2141 pessimum
3207 2069 3322 2127 ﬁat.
3351 2072 3517 2139 Deus,
3542 2075 3643 2143 qui

2048 2158 2236 2226 paucis
2271 2157 2339 2214 ad
2366 2158 2439 2225 id,
2465 2159 2609 2230 quod
2639 2176 2767 2218 vero
2809 2168 2912 2229 est,
2955 2161 3363 2235 refugientibus,
3396 2167 3644 2224 ostendis

2047 2245 2250 2303 malum
2270 2246 2407 2305 nihil
2427 2264 2568 2306 esse.
2592 2249 2754 2316 Deus,
2781 2266 2880 2323 per
2905 2267 3067 2323 quem
3094 2253 3444 2322 universitas,
3470 2257 3642 2314 etiam

2046 2352 2171 2395 cum
2208 2330 2428 2394 sinistra
2470 2348 2647 2412 parte,
2670 2341 2912 2412 perfecta
2936 2351 3038 2401 est.
3080 2343 3246 2412 Deus,
3277 2361 3307 2401 a
3334 2362 3443 2417 quo
3467 2348 3641 2407 disso-

2045 2429 2230 2483 nantia
2255 2443 2425 2499 usque
2468 2427 2521 2485 in
2547 2438 2852 2487 extremum
2887 2430 3031 2488 nulla
3054 2442 3160 2500 est,
3198 2449 3320 2491 cum
3364 2437 3643 2497 deteriora

2044 2516 2359 2573 melioribus
2392 2515 2699 2585 concinam.
2726 2518 2890 2587 Deus,
2921 2535 3082 2591 quem
3112 2533 3260 2581 amat
3284 2539 3460 2591 omne,
3486 2525 3643 2595 quod

2040 2614 2220 2677 potest
2272 2622 2478 2675 amare,
2524 2608 2637 2664 sive
2676 2609 2873 2677 sciens,
2919 2610 3034 2667 sive
3072 2613 3339 2669 nesciens.
3377 2613 3547 2681 Deus,
3579 2614 3642 2670 in

2043 2713 2155 2770 quo
2184 2711 2312 2756 sunt
2335 2701 2541 2768 omnia,
2564 2698 2721 2773 cujus
2750 2712 2931 2764 tamen
2957 2702 3225 2761 universae
3246 2715 3510 2764 creatum:
3534 2723 3643 2763 nec

2042 2792 2317 2864 turpitudo
2350 2795 2523 2865 turpis
2562 2804 2667 2862 est,
2713 2812 2814 2852 nec
2857 2797 3063 2853 malitia
3112 2811 3289 2864 nocet,
3336 2815 3437 2857 nec
3479 2816 3639 2858 error

2037 2890 2204 2937 errat.
2232 2882 2397 2951 Deus,
2415 2886 2507 2957 qui
2535 2884 2636 2941 nisi
2655 2887 2902 2954 mundos,
2923 2904 3112 2946 verum
3135 2900 3189 2947 te
3216 2892 3360 2949 scire
3385 2892 3640 2957 noluisti,

2035 2972 2179 3029 Deus
2219 2973 2382 3031 Pater
2422 2975 2691 3046 veritatis,
2734 2978 2895 3035 Pater
2939 2981 3238 3051 sapientiae,
3281 2982 3443 3039 Pater
3490 3000 3640 3040 verte

2034 3080 2367 3137 summaeque
2409 3067 2554 3134 vitae,
2596 3068 2761 3125 Pater
2806 3070 3180 3142 beatitudinis,
3227 3073 3393 3131 Pater
3421 3077 3551 3133 boni
3580 3087 3640 3133 et

282 3186 297 3199 τ
351 3162 454 3219 bus
476 3161 837 3233 iniquitatem.
866 3159 960 3217 Sic
984 3159 1252 3231 psalmum
1296 3160 1478 3217 dicam
1503 3160 1709 3218 nomini
1738 3168 1832 3217 tuo
1873 3160 1928 3217 in
1959 3175 2005 3239 ε
2030 3155 2267 3226 pulchri,
2298 3157 2463 3213 Pater
2491 3159 2863 3230 intelligibilis,
2894 3161 3052 3231 lucis,
3081 3163 3246 3221 Pater
3273 3166 3645 3239 evigilatiouis

351 3252 608 3311 smculum
647 3251 850 3307 saeculi.
877 3251 1084 3307 Exaudi
1130 3266 1254 3317 nos,
1277 3251 1420 3311 Deus
1447 3251 1699 3307 salutaris
1724 3257 1929 3307 noster.

350 3346 510 3409 Deus,
540 3344 596 3398 in
637 3342 965 3413 adjutorium
1009 3357 1191 3397 meum
1216 3342 1456 3398 intende.
1500 3341 1737 3398 Sanctus
1762 3342 1928 3409 Deus,

349 3442 569 3490 sanctus
594 3432 768 3497 fortis.
797 3432 1087 3488 Benedicat
1115 3447 1213 3486 nos
1243 3433 1384 3486 Deus
1407 3431 1589 3487 Pater.
1613 3430 1659 3489 Ο
1681 3433 1930 3499 Domine,

349 3525 559 3581 salvum
592 3537 681 3578 me
704 3521 810 3578 fac.
837 3522 1082 3589 Domine,
1115 3522 1323 3580 salvum
1363 3522 1451 3578 fac
1475 3536 1676 3595 regem.
1710 3522 1932 3581 Salvum

349 3617 435 3672 fac
457 3613 714 3686 populum
738 3621 911 3671 tuum.
936 3612 1129 3669 Salvos
1152 3612 1238 3669 fac
1266 3629 1455 3670 servos
1484 3620 1625 3671 tuos.
1655 3614 1929 3672 Memento

348 3704 778 3777 congregationis
800 3710 926 3761 ture.
958 3704 1188 3772 Exaudi,
1232 3705 1482 3771 Domine,
1509 3720 1697 3762 vocem
1728 3722 1929 3763 meam.

349 3799 604 3856 Miserere
625 3797 750 3863 mei,
786 3797 953 3863 Deus,
980 3806 1166 3853 totum.
1192 3797 1440 3865 Domine,
1467 3798 1683 3857 exaudi.

350 3930 506 4002 ιω
539 3927 799 3986 ORATIO
831 3927 1107 3986 EUGENH
1145 3927 1490 3984 TOLETANI
1528 3926 1839 3987 EPISCOPI
1873 3943 1922 3986 α.

347 4040 463 4094 Rex
492 4039 654 4106 Deus,
685 4039 934 4094 immensi
965 4054 1072 4110 quo
1104 4046 1317 4096 constat
1344 4041 1590 4096 machina
1618 4040 1829 4108 mundi,

343 4130 498 4198 Quod
523 4130 688 4186 miser
710 4129 936 4200 imploro
970 4132 1019 4197 ι’,
1049 4139 1107 4187 tu
1127 4130 1363 4199 Christe,
1387 4132 1589 4204 perﬁce
1612 4132 1871 4191 clemens.

345 4220 430 4278 Sit
455 4221 585 4276 mihi
616 4228 763 4276 recta
797 4220 948 4288 ﬁdes,
975 4231 1031 4278 et
1051 4221 1201 4279 falsis
1236 4224 1393 4280 obvia
1419 4225 1601 4281 sectis.

342 4309 430 4369 Sit
451 4310 884 4383 mibi‘pmcipue
910 4326 1120 4367 morum
1147 4315 1411 4370 correctio
1433 4331 1692 4387 praesens.

343 4398 461 4458 Sim
484 4401 683 4458 charus
702 4442 717 4467 ,
742 4401 990 4468 humilis,
1017 4416 1180 4458 verax
1197 4445 1210 4468 ,
1242 4420 1365 4460 cum
1401 4413 1640 4478 tempore
1661 4411 1918 4482 prudens,

243 4511 246 4515 ‘
342 4490 551 4550 Secreti
580 4492 795 4560 tacitus,
826 4499 882 4548 et
908 4492 1102 4564 lingua:
1130 4494 1329 4552 famine
1348 4506 1559 4555 cautus.

340 4580 419 4637 Da
451 4580 617 4637 ﬁdum
641 4583 867 4648 socium,
894 4582 961 4637 da
990 4582 1154 4638 ﬁxum
1182 4600 1398 4658 semper
1426 4588 1679 4646 amicum.

338 4675 418 4730 Da
445 4675 730 4743 blandum,
775 4675 1044 4743 sobrium,
1092 4692 1347 4749 parcum,
1392 4690 1710 4755 castumque
1754 4687 1918 4742 mini-

990 4778 995 4783 ’
1624 4779 1843 4850 [struit].

336 4855 454 4913 Non
481 4872 569 4914 me
585 4859 873 4929 pauperies
895 4861 1120 4929 cruciet,
1146 4877 1247 4941 nec
1270 4850 1498 4937 languor
1519 4868 1769 4925 obuncet.

337 4946 421 5003 Sit
448 4961 633 5004 comes
650 4947 793 5003 alma
822 4949 987 5016 salus,
1011 4960 1067 5007 et
1093 4953 1420 5011 sufficientia
1449 4959 1643 5016 victus.

333 5037 525 5094 Absint
552 5037 778 5106 divitia,
804 5037 1005 5106 fastus,
1036 5051 1090 5097 et
1109 5040 1306 5116 iurgia,
1340 5047 1486 5115 lites,

333 5127 571 5195 Invidiae,
597 5128 775 5196 luxus,
802 5138 857 5185 et
884 5133 1088 5188 ventris
1114 5137 1305 5203 pensio
1343 5140 1535 5208 turpis.

332 5218 573 5275 Crimine
609 5236 710 5277 nec
744 5221 933 5278 laedam
972 5238 1321 5296 quemquam,
1352 5245 1449 5285 nec
1477 5232 1704 5290 crimine
1725 5235 1906 5290 laedar.

334 5307 425 5365 Sic
445 5310 582 5367 bene
602 5311 739 5369 velle
764 5329 978 5384 queam,
1001 5331 1107 5387 quo
1133 5332 1357 5389 pravum
1381 5338 1537 5394 posse
1565 5329 1799 5384 recedat.

332 5398 422 5491 δη
445 5410 603 5474 turpe
626 5406 861 5476 cupiam,
896 5405 1112 5476 faciam,
1144 5411 1229 5467 vel
1258 5412 1551 5484 proloquar
1573 5434 1832 5491 unquam.

332 5488 411 5546 'l‘e
432 5507 584 5550 mens
607 5496 893 5564 desideret,
924 5498 1103 5572 lingua
1133 5513 1319 5573 canat,
1345 5506 1487 5563 actio
1510 5488 1742 5578 promat.

404 5661 432 5691 ι
461 5649 652 5704 Exstat
672 5652 793 5725 inec
818 5657 996 5725 oratio
1022 5659 1197 5725 primo
1236 5660 1355 5717 loco
1382 5665 1524 5718 inter
1544 5665 1677 5722 alias
1710 5668 1913 5723 oratio-

331 5733 429 5794 nes
446 5719 922 5794 etcarmiuabeati
946 5719 1167 5794 Eugenii
1193 5738 1320 5786 tom.
1345 5732 1436 5789 Xll
1462 5734 1599 5790 Bibl.
1641 5719 1761 5792 1315.
1776 5719 1909 5794 odii.

333 5789 500 5861 Lugd.
550 5803 638 5841 an.
688 5788 844 5854 l677,
887 5807 1009 5863 pag.
1029 5788 1181 5852 ⁷545.

2032 3254 2194 3317 atque
2213 3246 2618 3306 illuminationis
2635 3260 2854 3319 nostrae,
2867 3252 3030 3310 Pater
3039 3255 3302 3327 pignoris,
3317 3273 3426 3329 quo
3437 3259 3637 3317 admo-

2029 3331 2224 3391 nemur
2235 3337 2412 3393 redire
2428 3340 2497 3394 ad
2519 3349 2589 3404 te,
2615 3349 2668 3396 te
2681 3341 2890 3398 invoco.
2909 3342 3051 3400 Deus
3069 3346 3292 3415 veritas,
3306 3346 3359 3411 in
3382 3364 3509 3419 quo,
3525 3360 3584 3406 et
3598 3367 3637 3407 a

2029 3440 2157 3496 quo,
2173 3432 2228 3482 et
2246 3441 2345 3498 per
2363 3443 2521 3498 quem
2535 3445 2665 3486 vera
2679 3442 2822 3500 sunt,
2838 3448 2958 3506 quae
2974 3451 3103 3490 vera
3128 3440 3464 3497 suntontnia.
3483 3439 3641 3501 Deus

2029 3516 2315 3588 sapientia,
2340 3519 2395 3574 in
2425 3536 2554 3590 quo,
2576 3531 2632 3578 et
2655 3539 2688 3579 a
2726 3541 2855 3595 quo,
2885 3535 2940 3581 et
2960 3542 3059 3599 per
3077 3544 3239 3599 quem
3262 3532 3477 3602 sapiunt
3501 3551 3637 3604 qua:

2029 3610 2243 3681 sapiunt
2268 3612 2471 3668 omnia.
2504 3613 2647 3671 Deus
2674 3630 2803 3673 vera
2841 3627 2895 3675 et
2922 3635 3133 3677 summa
3160 3624 3294 3690 vita,
3324 3625 3377 3679 in
3407 3642 3537 3697 quo,
3570 3636 3637 3685 et

2027 3715 2058 3755 a
2096 3716 2227 3773 quo,
2257 3711 2312 3758 et
2334 3719 2432 3775 per
2456 3720 2616 3777 quem
2646 3709 2852 3776 vivunt,
2881 3726 3003 3782 quae
3035 3728 3163 3770 vere
3193 3732 3510 3789 summeque
3534 3722 3628 3778 vi-

2026 3800 2161 3847 vunt
2194 3794 2396 3850 omnia.
2421 3794 2564 3852 Dens
2590 3799 2888 3868 beatitudo,
2923 3804 2975 3857 in
3005 3819 3129 3873 quo,
3157 3815 3212 3862 et
3237 3822 3268 3871 a
3290 3824 3416 3878 quo,
3442 3818 3499 3866 et
3521 3826 3632 3881 per

2027 3894 2188 3950 quem
2206 3883 2362 3938 beata
2385 3894 2530 3952 sunt,
2554 3902 2674 3958 quae
2698 3888 2854 3945 beata
2878 3901 3005 3948 sunt
3024 3896 3227 3951 omnia.
3253 3897 3397 3956 Deus
3418 3899 3629 3964 bonum

2025 3980 2082 4027 et
2113 3974 2418 4044 pulchrum,
2446 3977 2500 4032 in
2538 3994 2665 4050 quo,
2696 3988 2751 4035 et
2778 3997 2810 4036 a
2846 3999 2974 4053 quo,
3005 3994 3061 4040 et
3089 4002 3188 4058 per
3211 4005 3371 4061 quem
3400 3991 3542 4049 bona
3566 4004 3634 4051 et

2025 4063 2249 4133 pulchra
2279 4073 2424 4134 sunt,
2446 4084 2565 4138 quae
2585 4071 2726 4126 bona
2749 4081 2805 4127 et
2826 4073 3052 4143 pulchra
3082 4087 3209 4135 sunt
3240 4082 3442 4138 omnia.
3467 4082 3629 4140 Deus

2025 4150 2374 4245 intelligibilis
2401 4152 2513 4227 lux,
2535 4162 2589 4216 in
2618 4178 2747 4233 quo,
2772 4174 2827 4220 et
2850 4181 2881 4221 a
2907 4184 3034 4238 quo,
3063 4180 3118 4226 et
3141 4188 3241 4243 per
3265 4190 3426 4245 quem
3456 4177 3624 4233 intel-

2024 4243 2299 4315 ligibiliter
2345 4247 2543 4315 lucent,
2594 4266 2715 4321 quae
2756 4254 3165 4328 intelligibiliter
3202 4243 3384 4321 lucent
3406 4267 3616 4321 omnia.

2025 4335 2196 4403 Deus,
2229 4337 2381 4408 cujus
2408 4356 2632 4412 regnum
2661 4352 2744 4399 est
2772 4353 2918 4403 totus
2947 4351 3200 4417 mundus,
3227 4368 3388 4424 quem
3416 4370 3623 4413 sensus

2023 4427 2268 4517 mortalis
2307 4432 2555 4502 corporis
2593 4432 2823 4504 ignorat.
2852 4435 3016 4505 Deus,
3049 4439 3116 4497 de
3144 4441 3297 4511 cujus
3327 4460 3494 4517 regno
3522 4445 3621 4502 lex

1945 4537 2001 4597 Ι)
2022 4516 2185 4571 etiam
2216 4518 2269 4573 in
2310 4519 2413 4574 ista
2457 4537 2620 4594 regna
2663 4523 3005 4584 describitur.
3038 4530 3205 4598 Deus,
3236 4548 3268 4589 a
3304 4516 3412 4605 quo
3437 4536 3621 4594 averti

2021 4613 2240 4681 cadere,
2273 4614 2325 4668 in
2357 4631 2516 4686 quem
2555 4620 2799 4675 converti
2826 4636 3135 4696 resurgere,
3158 4625 3214 4681 in
3249 4642 3357 4698 quo
3384 4643 3622 4689 manem

2019 4704 2317 4761 consistere
2340 4714 2443 4761 est.
2474 4706 2639 4776 Deus,
2667 4725 2698 4765 a
2721 4726 2829 4781 quo
2859 4714 3009 4770 exire
3035 4717 3198 4784 mori,
3225 4718 3281 4775 in
3308 4735 3472 4790 quem
3512 4736 3616 4778 re-

2018 4795 2135 4851 dire
2177 4796 2521 4867 reviviscere,
2560 4800 2615 4855 in
2664 4816 2772 4872 quo
2813 4802 3062 4862 habitare
3088 4808 3274 4866 vivere
3299 4820 3402 4867 est.
3433 4811 3611 4880 Deus,

2022 4886 2181 4960 1M
2200 4892 2360 4960 quem
2394 4905 2554 4947 nemo
2580 4891 2781 4949 amittit
2811 4894 2918 4954 nisi
2945 4897 3222 4972 deceptus,
3253 4917 3416 4973 quem
3442 4919 3614 4964 nemo

2016 4979 2212 5048 quaerit
2236 4981 2341 5037 nisi
2381 4982 2710 5053 admonitus,
2733 5001 2893 5056 quem
2926 5005 3084 5047 nemo
3111 4992 3318 5051 invenit
3342 4996 3445 5052 nisi
3466 5012 3615 5069 pur-

2019 5077 2193 5139 gatus.
2227 5069 2385 5139 Deus,
2432 5087 2591 5144 quem
2621 5076 2923 5149 relinquere
2966 5080 3071 5138 hoc
3097 5092 3200 5150 est,
3232 5087 3375 5158 quod
3400 5090 3618 5163 perire,

2018 5174 2179 5230 quem
2227 5164 2504 5220 attendere
2535 5166 2639 5223 hoc
2682 5177 2784 5237 est,
2815 5173 2957 5243 quod
2999 5188 3203 5242 amare,
3229 5193 3389 5249 quem
3415 5182 3613 5241 videre

2015 5251 2120 5309 hoc
2145 5263 2246 5347 est,
2275 5259 2418 5326 quod
2445 5258 2665 5317 habere.
2697 5262 2868 5330 Deus,
2891 5268 3045 5338 cujus
3074 5284 3172 5325 nos
3211 5271 3345 5330 ﬁdes
3374 5275 3609 5347 excitat,

2017 5357 2140 5413 spes
2166 5345 2345 5419 erigit,
2375 5350 2575 5405 caritas
2591 5349 2789 5424 jungit.
2816 5353 2977 5422 Deus,
3009 5373 3106 5429 per
3132 5376 3291 5431 quem
3330 5345 3616 5426 vincimus

2016 5436 2313 5505 inimicum,
2353 5447 2406 5496 te
2454 5441 2734 5513 deprecor.
2778 5445 2942 5513 Deus,
2983 5463 3141 5519 quem
3171 5454 3499 5526 accepimus,
3534 5474 3613 5516 ne

2012 5529 2234 5585 omnino
2266 5532 2586 5602 periremus.
2610 5534 2771 5602 Deus,
2798 5551 2827 5590 a
2853 5553 2961 5610 quo
2985 5534 3358 5612 admonemur,
3384 5554 3445 5603 ut
3465 5547 3612 5624 vigio
3664 5586 3671 5594 .

2085 5674 2114 5715 δ
2151 5675 2380 5754 Eligam,
2413 5677 2567 5754 Quod
2593 5681 2750 5736 aliter
2776 5681 3063 5754 Eugeniae.

2089 5755 2110 5784 ε
2151 5742 2261 5802 Ρτὸ
2285 5742 2384 5803 usu
2411 5742 2598 5820 quinto
2624 5766 2788 5823 supra
2816 5742 2922 5810 e51.
2951 5742 3079 5812 467'.

2094 5960 2149 5969 ...ο-ο
