3894 6182
218 365 323 425 581

1195 357 1591 418 LITURGICA.
1634 395 1704 405 ——
1742 363 2011 422 OFFICIA
2050 364 2184 422 PER
2224 366 2493 424 FERIAS.

3381 376 3488 436 582

216 489 405 542 lamus.
458 480 625 545 Deus,
672 492 771 548 per
797 490 959 546 quem
1009 491 1037 530 a
1082 476 1240 532 malis
1279 478 1420 533 bona
1464 491 1801 549 separamus.
1832 483 1882 541 Δ
1910 493 2061 535 more
2084 480 2178 536 illo
2209 489 2321 548 tuo,
2350 482 2541 551 paucis
2576 482 2876 539 notissimo.
2907 482 3044 539 Nam
3067 492 3117 540 te
3140 485 3323 543 solum
3343 504 3490 557 amo,

216 578 379 643 Deus,
405 589 508 645 per
543 585 708 641 quem
745 570 885 626 mala
938 568 1194 641 fugimus,
1233 576 1289 623 et
1323 570 1465 625 bona
1505 570 1802 640 sequimur.

214 673 377 736 Deus,
417 682 520 738 per
545 680 708 736 quem
736 679 844 718 non
890 663 1132 718 cedimus
1171 661 1609 718 adversitatibus.
1640 663 1803 729 Deus,

208 777 305 836 per
324 773 490 832 quem
520 758 661 813 bene
690 755 981 819 servimus,
1002 762 1058 810 et
1082 754 1222 811 bene
1246 755 1606 812 dominamur.
1637 754 1803 823 Deus,

206 867 305 929 per
331 865 495 923 quem
524 847 788 904 discimus
827 846 1001 901 aliena
1032 860 1176 912 esse,
1216 860 1337 916 quae
1383 845 1668 917 aliquando
1701 860 1807 902 llo-‘-

207 954 350 1010 stra;
378 950 436 998 et
456 949 646 996 nostra
667 952 810 1004 esse,
834 952 954 1008 quae
972 937 1260 1007 aliquando
1279 936 1455 992 aliena
1476 937 1801 1007 putavimus.

206 1038 368 1100 Deus,
422 1049 524 1105 per
552 1047 715 1103 quem
740 1030 1006 1086 malorum
1033 1029 1175 1085 escis
1208 1037 1371 1100 atque
1400 1030 1669 1086 illecebris
1695 1044 1804 1086 non

207 1130 559 1184 inhmremus.
590 1124 755 1188 Deus,
775 1137 873 1192 per
898 1135 1059 1192 quem
1085 1134 1185 1175 nos
1213 1134 1304 1174 res
1327 1119 1550 1176 minutae
1569 1134 1678 1175 non
1705 1120 1807 1174 mi-

206 1226 403 1274 nuunt.
436 1213 608 1281 Deus,
651 1226 752 1284 per
795 1226 959 1282 quem
1010 1210 1205 1266 melius
1255 1217 1500 1266 nostrum
1546 1210 1803 1265 deteriori

206 1306 511 1377 subiectum
542 1320 650 1360 non
677 1310 780 1359 est.
810 1302 975 1368 Deus,
1002 1318 1099 1373 per
1126 1315 1286 1372 quem
1310 1316 1457 1357 mors
1485 1300 1807 1357 absorbetur

206 1401 258 1455 in
285 1397 543 1454 victoria.
592 1396 736 1451 Deus
783 1392 876 1464 qui
905 1407 1004 1449 nos
1031 1394 1322 1449 convertis.
1368 1393 1532 1461 Deus,
1568 1395 1660 1465 qui
1705 1409 1805 1450 nos

202 1506 291 1555 eo,
327 1489 480 1560 quod
525 1501 633 1542 non
668 1494 777 1551 est,
821 1484 999 1549 exuis,
1041 1491 1096 1538 et
1138 1484 1237 1549 eo,’
1265 1485 1411 1555 quod
1454 1493 1563 1550 est,
1602 1484 1799 1539 induis.

204 1564 371 1647 Deus,
397 1579 491 1650 qui
515 1593 615 1633 nos
636 1575 969 1632 exaudibiles
990 1574 1147 1630 facis;
1172 1575 1340 1644 Deus,
1361 1577 1452 1647 qui
1477 1590 1577 1632 nos
1598 1577 1798 1632 munis.

202 1672 374 1738 Deus,
406 1672 499 1743 qui
543 1685 644 1726 nos
672 1670 729 1724 in
774 1680 989 1725 omnem
1031 1669 1317 1725 veritatem
1360 1669 1592 1725 inducis.
1633 1669 1799 1737 Deus,

200 1764 294 1835 qui
323 1762 489 1818 nobis
535 1760 716 1817 omnia
758 1761 901 1816 bona
939 1759 1213 1830 loqueris,
1241 1772 1342 1815 nec
1371 1761 1593 1817 insanos
1640 1761 1797 1828 facis,

1911 579 1965 627 te
2000 571 2179 628 solum
2219 587 2437 644 sequor,
2468 582 2521 629 te
2565 575 2742 631 solum
2768 591 2975 645 quaero,
3006 577 3101 634 tibi
3148 580 3253 636 soli
3287 582 3496 637 service

1906 671 2129 731 paratus
2148 678 2290 730 sum,
2318 665 2444 733 quia
2476 672 2530 720 tu
2554 667 2702 723 solus
2720 666 2869 737 iuste
2898 670 3213 729 dominaris.
3240 673 3341 729 Tui
3355 674 3496 744 iuris

1906 768 2026 810 esse
2052 754 2402 826 cupio,iube,
2422 771 2626 827 quasso,
2652 767 2818 829 atque
2837 760 3060 831 impera,
3087 760 3347 835 quidquid
3368 767 3489 833 vis;

1906 845 2001 901 sed
2042 861 2182 901 sana
2229 857 2285 902 et
2328 848 2478 919 aperi
2510 863 2672 905 aures
2716 865 2889 918 meas,
2933 851 3130 921 quibus
3164 867 3328 911 voces
3373 864 3496 911 tuas

1907 936 2125 992 audiam
2165 955 2180 992 :
2213 936 2360 993 Sana
2406 947 2465 993 et
2501 941 2652 1009 aperi
2680 941 2866 998 oculos
2908 958 3078 1010 meos,
3110 946 3307 1017 quibus
3333 958 3498 1004 nutus

1906 1034 2031 1083 tuos
2050 1028 2263 1083 videam
2286 1047 2300 1083 ι
2322 1029 2530 1101 expelle
2551 1045 2582 1085 a
2601 1046 2691 1086 me
2713 1032 3005 1100 insaniam,
3028 1042 3089 1089 ut
3106 1050 3492 1107 recognoscam

1906 1127 1979 1174 te.
2010 1120 2108 1175 Dic
2135 1120 2289 1187 mihi,
2315 1136 2422 1191 qua
2465 1122 2762 1190 attendam,
2788 1131 2852 1178 ut
2876 1112 3136 1195 aspiciam
3178 1135 3232 1183 te
3261 1146 3274 1183 :
3298 1136 3355 1183 et
3374 1144 3493 1184 om-

1905 1213 1995 1267 nia
2021 1228 2111 1268 me
2138 1229 2317 1283 spero,
2349 1229 2470 1283 qum
2485 1213 2734 1283 iusseris,
2774 1230 2895 1272 esse
2919 1216 3210 1274 facturum.
3238 1220 3491 1290 Respice,

1902 1323 2022 1374 oro,
2062 1307 2347 1378 fugitivum
2392 1315 2564 1373 tuum,
2595 1308 2822 1364 Domine
2861 1310 3320 1367 clementissime:
3350 1310 3492 1380 iam-

1896 1396 2011 1467 iam
2055 1398 2190 1453 satis
2237 1413 2426 1468 pugnas
2457 1399 2698 1454 dederim
2728 1416 2741 1453 :
2769 1400 2905 1455 satis
2942 1400 3176 1457 inimicis
3200 1402 3322 1466 tuis,
3354 1417 3493 1472 quos

1903 1487 2006 1542 sub
2034 1486 2261 1556 pedibus
2297 1488 2489 1553 habes,
2516 1488 2801 1544 servierim
2831 1504 2846 1542 :
2875 1489 3008 1544 satis
3032 1489 3226 1545 fuerim
3252 1491 3496 1547 fallacia-

1903 1591 2024 1631 rum
2053 1576 2365 1633 ludibrium.
2403 1577 2603 1647 Accipe
2638 1592 2726 1632 me
2756 1580 2825 1633 ab
2854 1579 2976 1634 istis
3000 1578 3295 1649 fugientem
3320 1580 3495 1634 famu-

1902 1666 2012 1723 lum
2040 1675 2215 1734 tuum,
2262 1668 2389 1738 quia
2420 1678 2473 1723 et
2513 1669 2617 1724 ista
2650 1683 2759 1734 me,
2790 1669 3005 1739 quando
3041 1685 3075 1723 a
3104 1679 3159 1726 te
3196 1670 3492 1741 fugiebam,

1905 1765 2232 1827 accepeth
2253 1758 2508 1814 alienum.
2529 1759 2614 1812 Ad
2646 1767 2700 1816 te
2721 1759 2854 1814 mihi
2873 1759 3206 1816 redeundum
3227 1775 3351 1817 esse
3369 1776 3494 1817 sen-

200 1833 303 1912 nec
326 1870 362 1910 a
388 1867 659 1923 quoquam
688 1851 803 1907 fieri
838 1851 991 1907 sinis.
1023 1850 1190 1915 Deus,
1215 1851 1311 1921 qui
1344 1866 1444 1906 nos
1479 1866 1705 1907 revocas
1742 1851 1798 1905 in
1827 1833 1881 1894 Β
1903 1850 1998 1915 tio,
2026 1857 2211 1920 pateat
2247 1850 2380 1905 mihi
2408 1850 2642 1920 pulsanti
2660 1851 2827 1922 ianua
2856 1860 2968 1919 tua,
2995 1853 3090 1909 sed
3126 1855 3397 1925 quomodo
3421 1856 3493 1910 ad

201 1947 369 2003 viam.
395 1946 561 2010 Deus,
588 1944 681 2016 qui
706 1943 841 2000 facis
866 1952 927 1998 ut
944 1942 1287 2015 pulsantibus
1307 1943 1603 2014 aperiatur.
1631 1943 1797 2010 Deus,

201 2036 295 2108 qui
323 2050 434 2091 nos
457 2034 675 2090 deducis
702 2033 771 2088 ad
790 2031 1036 2102 ianuam.
1061 2032 1222 2100 Deus,
1251 2034 1345 2104 qui
1370 2034 1469 2088 das
1509 2034 1662 2090 nobis
1706 2049 1801 2105 pa-

201 2141 329 2183 nem
344 2125 497 2182 vitae.
517 2124 681 2190 Deus,
701 2139 801 2195 per
820 2139 980 2194 quem
1005 2124 1221 2179 sitimus
1242 2132 1452 2195 potum,
1479 2141 1587 2196 quo
1606 2126 1801 2182 hausto

202 2231 485 2287 nunquam
533 2216 806 2270 sitiamus.
861 2214 1027 2281 Deus,
1070 2215 1164 2285 qui
1204 2215 1389 2286 arguis
1435 2214 1695 2271 saxulum
1732 2216 1802 2272 de

199 2315 450 2381 peccato.
487 2307 556 2363 de
587 2306 820 2378 iustitia,
852 2306 918 2363 de
937 2306 1163 2376 iudicio.
1194 2305 1357 2371 Deus,
1385 2319 1483 2378 per
1507 2320 1667 2375 quem
1697 2316 1817 2361 nos.

201 2414 306 2456 non
359 2406 610 2464 movent,
654 2396 749 2468 qui
778 2396 999 2463 minisac
1026 2397 1276 2452 credunt.
1309 2395 1476 2463 Deus,
1503 2411 1601 2465 per
1637 2410 1801 2465 quem

202 2491 573 2563 inprobamus
602 2504 790 2545 eorum
817 2501 1081 2554 errorem,
1108 2488 1205 2560 qui
1245 2487 1553 2545 animarum
1603 2487 1800 2543 merita

202 2583 340 2639 nulla
367 2597 497 2638 esse
525 2582 667 2651 apud
696 2588 749 2637 te
775 2587 988 2650 putant.
1018 2579 1189 2646 Deus,
1212 2595 1311 2651 per
1336 2594 1497 2649 quem
1530 2593 1640 2633 non
1677 2592 1796 2634 ser-

201 2675 379 2731 vimus
418 2672 653 2729 inﬁmis
681 2680 737 2727 et
777 2672 962 2743 egenis
1011 2670 1311 2727 elementis.
1363 2670 1529 2737 Deus,
1558 2669 1654 2739 qui
1698 2683 1797 2724 nos

202 2780 435 2837 purgas,
465 2772 523 2819 et
547 2764 618 2818 ad
645 2763 829 2819 divina
857 2777 1133 2833 prmparas
1159 2761 1400 2834 praemia.
1431 2762 1641 2816 Adveui
1664 2758 1798 2815 mihi

201 2858 252 2911 in
272 2854 548 2911 auxilium
571 2852 840 2923 propitius
873 2866 888 2906 :
920 2860 978 2907 tu
1005 2851 1267 2922 quidquid
1284 2865 1318 2907 a
1340 2865 1429 2906 me
1455 2852 1661 2908 dictum
1688 2857 1796 2917 est,

203 2964 336 3004 unus
368 2946 521 3001 Deus
551 2963 566 3000 :
596 2952 673 3010 tu,
703 2953 760 2999 tu
780 2944 924 3008 veni,
955 2943 1080 2998 veni
1114 2943 1170 2998 in
1204 2942 1465 2999 auxilium
1505 2943 1638 2999 mihi
1667 2960 1795 3012 una,

203 3048 424 3100 aeterna,
451 3051 581 3091 vera
610 3035 931 3101 substantia,
962 3033 1052 3088 ubi
1080 3034 1226 3089 nulla
1248 3035 1630 3106 discrepantia,
1653 3036 1799 3094 nulla

203 3127 472 3191 confusio,
493 3126 636 3180 nulla
660 3124 931 3190 transitio,
945 3123 1088 3179 nulla
1111 3123 1425 3196 indigentia,
1444 3124 1587 3180 nulla
1608 3141 1756 3182 mors
1779 3145 1813 3182 :-

1902 1951 1956 1998 te
1990 1944 2358 2027 perveniatur,
2401 1943 2535 1999 doce
2582 1957 2688 1999 me.
2720 1941 2864 1998 Nihil
2905 1943 3050 1999 aliud
3101 1945 3258 2016 105
3292 1945 3490 2013 habeo,

1899 2051 2065 2107 quam
2092 2036 2444 2092 voluntatem.
2475 2035 2619 2091 Nihil
2644 2035 2792 2092 aliud
2814 2037 2953 2104 scio,
2981 2037 3090 2093 nisi
3116 2037 3284 2106 ﬂuxa,
3314 2048 3371 2094 et
3397 2055 3492 2095 ca-

1901 2127 2037 2182 duca
2064 2128 2366 2197 spernenda
2400 2142 2546 2192 esse,
2590 2134 2742 2182 certa
2787 2135 2845 2182 et
2891 2136 3096 2185 acterna
3142 2132 3489 2201 requirenda.

1899 2216 2014 2274 Hoc
2029 2217 2192 2285 facio,
2209 2218 2390 2283 Pater,
2420 2219 2548 2289 quia
2577 2219 2681 2274 hoc
2707 2218 2880 2275 solum
2913 2221 3038 2277 novi
3068 2239 3082 2277 :
3114 2223 3211 2278 sed
3240 2225 3381 2281 unde
3420 2225 3492 2281 ad

1901 2314 1955 2363 te
1977 2309 2345 2379 perveniatur,
2373 2310 2586 2380 ignem.
2619 2309 2700 2365 Tu
2717 2310 2852 2365 mihi
2881 2327 3132 2383 suggere,
3152 2320 3208 2367 tu
3238 2315 3487 2381 ostende,

1900 2404 1959 2450 tu
1986 2396 2246 2455 viaticum
2272 2396 2561 2468 prmbe.nSi
2589 2396 2697 2454 fido
2718 2406 2772 2454 te
2796 2398 3097 2465 inveniunt,
3124 2402 3218 2470 qui
3238 2403 3308 2457 ad
3331 2410 3384 2458 te
3404 2418 3491 2460 re-

1897 2486 2130 2559 fugiunt,
2161 2487 2323 2543 iidem
2357 2489 2427 2545 da
2455 2506 2470 2541 :
2499 2488 2547 2544 si
2588 2489 2809 2557 virtute,
2828 2490 3087 2546 virtutem
3108 2510 3126 2546 :
3153 2492 3201 2547 si
3235 2494 3487 2561 scientia,

2214 2576 2365 2647 Auge
2380 2577 2434 2632 in
2451 2591 2537 2633 me
2552 2592 2723 2648 spem.
2736 2577 3247 2650 Augecharitatem.
3258 2580 3306 2638 Ο
3319 2582 3490 2639 admi—
3512 2618 3515 2621 ν

1898 2667 2066 2723 randa
2086 2676 2142 2722 et
2153 2667 2441 2739 singularis
2459 2667 2675 2725 bonitas
2694 2671 2812 2725 tua!
2830 2669 2916 2725 Ad
2934 2678 2988 2726 te
3003 2671 3274 2738 ambio,et
3291 2673 3495 2743 quibus

1898 2757 2060 2814 rebus
2074 2774 2104 2812 a
2126 2766 2180 2814 te
2199 2759 2491 2824 ambiatur,
2513 2756 2580 2814 ad
2596 2768 2648 2814 te
2670 2776 2885 2817 rursum
2899 2770 3045 2830 peto.
3068 2761 3147 2815 Tu
3167 2763 3313 2817 enim
3326 2763 3373 2818 si
3399 2764 3492 2820 de-

1898 2849 2054 2915 seris,
2084 2849 2295 2920 peritur
2313 2849 2402 2904 hic
2426 2867 2437 2903 :
2458 2848 2554 2904 sed
2572 2864 2681 2904 non
2706 2849 2936 2917 deseris,
2966 2851 3092 2923 quia
3136 2859 3193 2906 tu
3240 2867 3301 2908 es
3338 2868 3491 2908 sum-

1898 2954 2048 2994 mum
2073 2940 2294 3005 bonum,
2331 2940 2476 3009 quod
2502 2954 2665 2995 nemo
2698 2948 2847 2995 recte
2876 2941 3157 3011 qumsivit,
3188 2950 3246 2998 et
3268 2940 3493 2997 minimo

1899 3029 2127 3086 invenit.
2162 3029 2351 3085 Omnis
2375 3038 2558 3087 autem
2590 3038 2738 3086 recte
2763 3031 3034 3101 quaesivit,
3065 3047 3227 3102 quem
3249 3040 3308 3087 tu
3342 3040 3495 3089 recte

1900 3134 2144 3193 quaerere
2191 3120 2399 3188 fecisti,
2436 3121 2535 3177 ‘fac
2581 3130 2638 3178 et
2670 3137 2777 3188 me,
2811 3122 3254 3190 Pater-(vindica
3297 3139 3386 3180 me
3420 3125 3494 3180 ab

204 3220 289 3275 ubi
313 3233 539 3275 summa
564 3217 876 3282 concordia,
899 3230 1109 3271 suntme
1129 3191 1421 3283 evidentia,
1438 3231 1647 3271 summa
1667 3232 1795 3273 coa-
1819 3191 1867 3253 α
1896 3191 2105 3270 errore.
2116 3213 2397 3281 Quaerenti
2420 3223 2471 3270 te
2487 3215 2618 3270 mihi
2635 3214 2770 3270 nihil
2784 3214 2930 3270 aliud
2941 3229 3044 3285 pro
3070 3224 3124 3272 te
3139 3218 3492 3273 occurrat:si

205 3311 428 3375 stantia,
479 3322 691 3364 summa
734 3307 1033 3378 plenitudo,
1079 3321 1292 3362 summa
1332 3306 1445 3362 vita
1474 3325 1491 3362 :
1519 3308 1612 3365 ubi
1658 3309 1796 3364 nihil

205 3401 381 3465 «best,
412 3398 515 3454 ubi
543 3398 826 3463 redundat,
856 3397 949 3451 ubi
968 3397 1061 3467 qui
1087 3398 1281 3468 gignit,
1311 3404 1363 3452 et
1403 3411 1565 3467 quem
1600 3398 1795 3471 gignit,

207 3506 371 3550 unum
401 3497 532 3546 sunt
560 3506 577 3545 :
602 3489 692 3545 cui
719 3488 983 3554 serviunt,
1017 3503 1138 3558 quae
1170 3488 1429 3543 serviunt
1462 3490 1666 3555 curitis,
1705 3491 1795 3546 cui

207 3585 548 3655 absumeret
568 3582 748 3639 omnis
772 3583 915 3639 bona
936 3583 1141 3650 anima,
1169 3583 1327 3654 cuius
1352 3583 1560 3655 legibus
1602 3591 1795 3663 rotan-

208 3683 292 3733 ιιι
326 3675 471 3748 poli,
511 3689 704 3730 cursus
746 3686 876 3731 suos
917 3674 1097 3730 sidera
1141 3684 1430 3745 peragunt,
1469 3675 1551 3731 sol
1577 3684 1798 3733 exercet

210 3768 371 3833 diem,
400 3764 529 3820 luna
556 3770 822 3835 temperat
843 3771 1057 3819 noctem
1084 3777 1101 3817 :
1128 3763 1419 3832 omnisque
1443 3765 1675 3819 mundus
1698 3778 1797 3835 per

209 3856 338 3919 hs,
772 3853 911 3909 lueis
934 3860 992 3907 et
1011 3852 1210 3919 noctis,
1237 3862 1291 3907 et
1319 3867 1418 3923 per
1436 3867 1655 3910 menses
1674 3864 1795 3910 cre-

211 3945 408 4002 mentis
450 3944 919 4015 decrementisque
941 3943 1243 4011 lunaribus,
1283 3960 1385 4017 per
1421 3959 1594 4002 annos
1622 3947 1793 4016 veris,

211 4037 439 4105 astatis,
467 4037 731 4105 autumni,
759 4037 958 4093 hiemis
999 4036 1434 4093 successionibns
1478 4035 1793 4108 perlustrat,

211 4130 549 4200 perfectione
563 4142 758 4185 cursus
776 4119 973 4185 sdaris
995 4143 1095 4200 per
1112 4142 1343 4199 magnos
1365 4127 1516 4183 orbis
1542 4141 1797 4185 recursus

213 4220 263 4277 in
283 4229 449 4278 erus
467 4235 597 4277 suos
619 4219 858 4275 siderum
891 4233 1147 4289 magnam
1172 4232 1355 4273 rerum
1383 4217 1793 4285 continentiam,

210 4320 474 4383 (om
494 4311 770 4368 sensibilis
795 4311 1026 4367 materia
1063 4310 1291 4380 patitur,
1318 4318 1622 4380 temporum
1641 4310 1803 4365 ordia

211 4402 371 4457 ὤας
410 4399 960 4472 replicationibuaquc
1005 4397 1261 4455 custodit.
1296 4396 1465 4468 Citius
1500 4396 1711 4469 legibus
1735 4398 1803 4454 in

1895 3302 2031 3359 nihil
2054 3303 2197 3359 aliud
2225 3304 2477 3360 desidero
2505 3319 2670 3376 quam
2692 3312 2768 3370 te,
2796 3305 3071 3361 inveniam
3102 3315 3154 3361 te
3176 3305 3317 3375 iam,
3339 3321 3489 3377 quae-

1894 3410 1977 3462 so,
2000 3394 2184 3451 Pater.
2208 3394 2269 3450 Si
2291 3404 2470 3452 autem
2495 3396 2657 3453 estin
2682 3412 2771 3452 me
2795 3395 3048 3466 superflul
3071 3396 3301 3467 alicuius
3326 3413 3491 3470 appe-

1895 3488 2036 3554 titio,
2083 3496 2145 3544 tu
2186 3489 2302 3559 ipse
2330 3504 2418 3545 me
2453 3490 2673 3555 munda,
2702 3497 2760 3545 et
2793 3489 2879 3546 fac
2916 3490 3168 3545 idoneum
3197 3490 3267 3547 ad
3294 3490 3489 3547 viden-

1894 3579 2023 3635 dam
2051 3587 2124 3636 te.
2156 3581 2448 3648 Caeterum,
2478 3583 2547 3639 de
2587 3584 2759 3639 salute
2785 3581 2944 3653 huius
2968 3583 3215 3639 mortalis
3240 3569 3489 3656 corporis

1870 3658 2022 3739 'mei,
2047 3673 2286 3742 quandiu
2328 3674 2385 3729 in
2410 3675 2516 3730 hoc
2551 3675 2815 3742 habitem,
2840 3661 3059 3740 nescio,
3091 3676 3223 3745 quid
3254 3675 3393 3731 mihi
3415 3691 3484 3732 ex

1893 3777 1961 3819 eo
1978 3763 2112 3819 utile
2130 3764 2229 3829 sit,
2251 3765 2339 3820 vel
2369 3764 2470 3829 eis,
2510 3778 2651 3833 quos
2669 3764 2854 3835 diligo.
2883 3765 3003 3820 Tibi
3025 3764 3156 3820 illud
3179 3766 3482 3831 eorumitto,

1892 3850 2056 3910 Pater
2086 3854 2488 3924 sapientissime
2530 3862 2695 3925 atque
2723 3855 2953 3925 optime,
2986 3863 3045 3910 et
3081 3870 3179 3924 pro
3218 3870 3303 3920 eo,
3337 3857 3483 3924 quod

1892 3944 2241 4001 athla-ueris
2262 3944 2331 3999 ad
2357 3952 2590 4015 tempus,
2610 3942 2977 4014 ‘depreeabor.
3006 3943 3241 3998 Tanuun
3259 3960 3359 3999 oro
3378 3960 3477 4001 cx-

1892 4035 2331 4093 eellentissimam
2370 4035 2712 4095 clementiam
2742 4043 2913 4101 tuam,
2944 4044 3007 4089 ut
3033 4050 3122 4090 me
3161 4036 3377 4105 penitus
3407 4039 3478 4093 ad

1892 4130 1950 4180 te
1966 4133 2281 4190 convertas,
2312 4123 2447 4179 nihil
2471 4124 2602 4179 mihi
2625 4136 2923 4195 repugnare
2948 4121 3120 4178 facias
3148 4124 3388 4180 tendenti
3408 4126 3480 4181 ad

1893 4222 1968 4282 te,
1996 4214 2298 4287 iubeasque
2330 4230 2438 4282 me,
2470 4216 2598 4279 dum
2628 4216 2732 4271 hoc
2757 4215 2932 4285 ipsum
2967 4229 3167 4285 corpus
3195 4229 3298 4287 ago
3317 4224 3484 4287 atque

1892 4313 2069 4377 porto,
2106 4320 2326 4376 purum,
2360 4306 2784 4378 magnanimum,
2805 4304 3017 4374 iustum
3049 4307 3483 4379 prudentemque

1891 4413 2034 4466 esse,
2073 4397 2483 4469 perfectumque
2521 4408 2821 4456 amatorem
2869 4407 3357 4471 pereeptoremque
3388 4414 3479 4455 sa-

211 4506 319 4550 m
369 4492 651 4549 stantibus
688 4496 871 4548 motus
909 4490 1181 4548 instabilis
1222 4504 1407 4546 rerum
1450 4489 1797 4546 mutabilium
1821 4541 1873 4564 η
1892 4491 2109 4562 pientiae
2137 4500 2265 4558 tute,
2297 4498 2349 4547 et
2386 4490 2607 4564 dignum
2635 4490 2995 4558 habitatione,
3021 4500 3185 4561 atque
3208 4490 3481 4548 habitato-

894 4541 1415 4656 ᾆὲἑιὲὶῖιῖ-Ϊῖηἱιξέᾷιῖὲ
1448 4541 1797 4640 ’Ἦ
1818 4541 1873 4602 υ
2142 4541 2265 4597 ’ῖ”τ
2617 4541 2941 4639 dixit};

216 4677 343 4733 tium
369 4678 692 4735 saeculorum
715 4691 931 4749 semper
956 4678 1025 4733 ad
1048 4677 1455 4734 similitudinem
1483 4677 1793 4735 stabilitatis

216 4773 525 4823 renovatur.
555 4763 723 4834 Cuius
743 4764 952 4837 legibus
995 4762 1284 4821 arbitrium
1328 4754 1522 4823 enim
1558 4767 1792 4825 liberum

217 4863 309 4921 ει,
332 4856 604 4926 bonisque
625 4856 867 4925 praemia,
898 4863 955 4911 et
988 4855 1144 4913 malis
1168 4869 1364 4926 pteram,
1402 4856 1527 4911 ﬁxis
1552 4870 1652 4927 per
1676 4870 1794 4911 orn-

218 4945 301 5002 sia
342 4946 784 5012 necessitatibus,
824 4946 1125 5003 distributa;
1152 4955 1300 5003 sunt.
1330 4945 1378 5001 Α
1421 4961 1529 5016 quo
1569 4954 1801 5002 manant

215 5036 393 5093 entia
414 5037 561 5093 bona
582 5052 757 5109 usque
780 5036 850 5093 ad
875 5053 994 5104 nos,
1023 5053 1052 5093 a
1083 5050 1192 5109 quo
1227 5044 1548 5097 coercuit-I-
1563 5050 1739 5106 usque
1761 5051 1795 5092 a

219 5127 373 5185 nobis
410 5131 597 5185 omnia
638 5131 777 5187 mala
807 5148 821 5186 :
847 5145 1012 5203 supra
1059 5144 1223 5202 quem
1267 5131 1418 5197 nihil,
1453 5141 1797 5201 cxtraquem

221 5216 371 5287 sibi,
392 5220 514 5276 sine
538 5234 651 5292 quo
674 5221 809 5278 nihil
834 5239 851 5276 :
878 5222 981 5279 sub
1002 5237 1112 5293 quo
1144 5230 1341 5289 totum,
1370 5222 1425 5277 in
1456 5235 1568 5293 quo
1597 5229 1801 5287 totum,

220 5323 341 5367 cm
362 5323 675 5384 quo-totum
700 5323 787 5371 est
809 5332 824 5370 :
851 5315 945 5385 qui
988 5314 1164 5373 fecisti
1198 5315 1468 5372 hominem
1497 5316 1568 5371 ad
1588 5314 1793 5387 imagi-

224 5416 342 5459 na-
360 5413 421 5461 et
438 5406 849 5464 simiitudiucm
877 5416 1046 5473 tuam,
1075 5406 1221 5478 quod
1245 5409 1339 5478 qui
1363 5421 1423 5463 se
1456 5406 1608 5463 novit
1625 5419 1795 5477 agno-

222 5495 342 5553 scit.
365 5496 593 5566 Exaudi,
621 5500 838 5565 exaudi,
859 5500 1055 5556 exaudi
1072 5514 1181 5566 me,
1196 5499 1337 5556 Deus
1359 5510 1536 5563 meus,
1565 5496 1797 5553 Domine

226 5600 391 5655 leas,
418 5590 536 5648 Rex
563 5605 740 5657 meus,
758 5590 923 5647 Pater
940 5605 1115 5657 meus,
1139 5604 1302 5647 eam
1330 5604 1471 5657 mea,
1495 5602 1619 5661 spes
1645 5600 1790 5655 mea,

224 5693 468 5752 tumea,
493 5685 671 5740 honor
694 5697 868 5752 mens,
895 5684 1088 5742 domus
1110 5699 1257 5752 mea,
1275 5685 1451 5755 patria
1478 5697 1620 5751 mea,
1647 5682 1795 5740 salus

225 5786 363 5845 mea,
388 5776 473 5833 lux
508 5792 648 5846 mea,
681 5778 793 5833 vita
818 5791 958 5833 mea.
989 5777 1217 5845 Exaudi,
1246 5777 1462 5848 exaudi,
1482 5777 1682 5834 exaudi
1705 5791 1795 5833 me

1967 4674 2111 4732 Deus
2132 4675 2185 4731 in
2215 4675 2542 4746 adiutorium
2577 4691 2754 4731 meum
2788 4675 3026 4741 intende,
3061 4683 3162 4729 ter.
3218 4716 3227 4719 Α

2512 4802 2850 4861 PSALMUS.

1965 4948 2148 5021 (Pass.
2178 4948 2315 5014 xu.)
2356 4943 2818 5012 Quemadmodum
2862 4944 3135 5001 desiderat
3177 4956 3373 5003 cervus
3403 4946 3477 5003 ad

1894 5039 2073 5095 fontes
2092 5052 2380 5109 aquarum,
2403 5035 2480 5091 ita
2503 5035 2774 5092 desiderat
2787 5035 2968 5091 anima
2984 5050 3104 5091 mea
3126 5035 3193 5091 ad
3217 5044 3289 5101 te,
3306 5035 3469 5091 Deus.

1896 5126 2079 5183 Sitivit
2102 5126 2284 5182 anima
2317 5142 2435 5181 mea
2478 5125 2548 5181 ad
2584 5125 2754 5181 Deum
2781 5126 2973 5183 fortem
3004 5126 3182 5181 vivum
3213 5145 3225 5179 :
3260 5125 3476 5195 quando

1895 5218 2106 5275 veniam
2136 5226 2197 5287 et
2215 5218 2482 5288 apparebo
2517 5225 2641 5272 ante
2670 5216 2864 5273 faciem
2892 5217 3031 5273 Dei?
3066 5217 3309 5273 Fuerunt
3341 5217 3474 5272 mihi

1893 5306 2144 5381 lacrymze
2187 5322 2323 5363 mea:
2359 5321 2527 5380 panes
2549 5309 2637 5364 die
2660 5323 2726 5363 ac
2744 5316 2903 5365 nocte
2928 5327 2941 5363 :
2971 5307 3099 5362 dum
3122 5308 3320 5364 dicitur
3341 5309 3476 5365 mihi

1895 5402 2155 5473 quotidie,
2202 5399 2292 5455 ubi
2336 5408 2420 5455 est
2448 5400 2593 5455 Deus
2636 5399 2793 5454 tuus?
2828 5398 2955 5454 Haec
2988 5399 3301 5454 recordatus
3328 5413 3471 5464 sum,

1895 5502 1951 5551 et
1970 5493 2135 5551 effudi
2168 5494 2227 5549 in
2250 5508 2339 5549 me
2362 5493 2595 5547 animam
2620 5505 2797 5546 meam
2826 5508 2840 5544 :
2868 5490 3122 5561 quoniam
3152 5490 3396 5547 transibo
3416 5492 3474 5548 in

1894 5588 2071 5644 locum
2096 5582 2429 5641 tabernaculi
2460 5579 2791 5637 admirabilis
2815 5595 2988 5654 usque
3013 5581 3083 5637 ad
3111 5581 3327 5638 domum
3348 5580 3466 5640 Del.

1894 5677 1952 5735 ln
1976 5693 2112 5735 voce
2139 5675 2512 5734 exsultationls
2531 5683 2588 5732 et
2616 5673 2970 5732 confessionis
2994 5691 3160 5732 sonus
3180 5674 3466 5747 epulantis.

1895 5770 2076 5838 Quare
2094 5768 2266 5825 tristis
2278 5784 2357 5839 cs,
2380 5767 2559 5825 anima
2583 5781 2735 5835 mea;
2754 5774 2809 5824 et
2833 5780 3003 5839 quare
3030 5766 3322 5823 conturbas
3348 5764 3471 5820 me?
