3894 6182
353 342 456 398 583

1167 335 1228 389 Β.
1272 335 1334 390 F.
1378 332 1602 388 ALBINI
1643 331 1775 388 SEU
1817 329 2420 404 ALCUINLOPEBL’M
2455 330 2632 386 PARS
2669 325 2758 386 IV.

3511 322 3618 381 584

353 460 525 530 Spera
557 456 613 512 in
649 454 778 521 Deo,
807 452 1066 524 quoniam
1113 452 1288 507 adhuc
1323 449 1621 504 conﬁtebor
1647 446 1721 502 illi
1749 461 1764 500 :
1791 447 1936 502 salu-
1965 452 2015 508 Α
2041 443 2216 509 Beati,
2245 443 2334 514 qui
2360 444 2605 498 habitant
2633 442 2688 496 in
2719 441 2876 496 domo
2915 445 3026 502 tua,
3050 437 3274 530 Domine
3305 455 3317 489 :
3349 435 3404 491 in
3426 436 3626 492 saccttla

352 562 474 608 tare
512 547 694 606 vultus
725 546 852 612 mei,
896 553 952 602 et
979 545 1121 600 Deus
1150 559 1320 600 mens.
1358 541 1438 596 Ad
1472 542 1736 612 meipsum
1759 541 1940 595 anima

354 655 478 697 mea
493 639 816 696 conturbata
835 643 921 692 est
938 654 950 690 :
966 642 1250 704 propterea
1270 646 1480 686 memor
1494 645 1590 686 ero
1607 630 1686 684 tui
1710 631 1776 686 de
1797 638 1941 685 terra

355 730 625 795 Iordanis,
639 739 693 784 et
706 726 1041 784 Hermoniim
1056 741 1087 778 a
1099 731 1280 780 monte
1293 723 1525 777 modico.
1540 721 1779 794 Abyssus
1791 722 1944 792 abys-

357 837 478 876 sum
521 822 736 876 invocat
772 819 826 872 in
860 831 991 871 voce
1025 821 1429 869 cataractarum
1479 820 1714 867 tuarum.
1748 810 1943 866 Omnia

357 911 571 966 excelsa
620 919 710 964 tua
740 917 794 962 et
840 906 1035 960 fluctus
1070 903 1146 957 tui
1173 916 1334 970 super
1369 917 1453 956 me
1485 901 1836 962 transierunt.
1885 899 1943 956 In

359 1002 445 1056 die
472 1002 745 1056 mandavit
769 998 1030 1053 Dominus
1055 994 1484 1050 misericordiam
1509 1011 1685 1059 suam,
1709 1003 1764 1049 et
1785 1003 1946 1050 nocte

360 1095 629 1148 canticum
665 1093 800 1160 ejus.
838 1089 994 1159 Apud
1023 1103 1110 1142 me
1141 1088 1318 1143 oratio
1346 1086 1458 1141 Deo
1487 1087 1610 1141 vitm
1650 1102 1786 1144 meae
1817 1104 1831 1140 :
1861 1087 1947 1141 di-

360 1199 482 1239 cam
507 1184 640 1247 Deo,
673 1190 955 1250 susceptor
998 1195 1150 1236 meus
1183 1195 1261 1235 es.
1295 1179 1473 1246 Quare
1502 1179 1699 1234 oblitus
1723 1194 1783 1233 es
1818 1178 1946 1242 mei,

360 1284 419 1332 et
441 1292 609 1346 quare
637 1278 988 1330 contristatus
1025 1275 1234 1339 incedo,
1269 1275 1396 1328 dum
1425 1271 1608 1342 allligit
1653 1286 1741 1326 me
1771 1270 1951 1325 inimi-

363 1369 492 1424 cus?
521 1368 658 1422 Dum
688 1367 1104 1438 confringuntur
1133 1381 1258 1422 ossa
1295 1380 1417 1419 mea
1444 1383 1454 1417 :
1485 1365 1951 1433 exprobraverunt

365 1463 517 1528 mihi,
543 1464 634 1532 qui
660 1463 921 1516 tribulant
943 1475 1050 1526 me,
1071 1461 1274 1515 inimici
1297 1459 1422 1513 mei.
1450 1458 1586 1513 Dum
1609 1457 1794 1512 dicunt
1818 1454 1951 1510 mihi

365 1569 463 1623 per
497 1553 735 1623 singulos
782 1553 918 1616 dies,
950 1552 1041 1605 ubi
1089 1560 1175 1606 est
1205 1549 1346 1605 Deus
1375 1550 1540 1603 tuus?
1569 1563 1740 1619 quare
1785 1547 1953 1602 tristis

365 1660 444 1708 es,
471 1645 650 1698 anima
677 1660 825 1708 mea;
851 1652 906 1698 et
927 1657 1096 1712 quare
1118 1643 1412 1698 conturbas
1430 1642 1550 1696 me?
1573 1639 1739 1710 Spera
1754 1640 1806 1694 in
1819 1638 1950 1705 Deo,

367 1736 620 1805 quoniam
655 1736 832 1790 adhuc
866 1735 1165 1790 conﬁtebor
1197 1735 1274 1789 illi
1305 1753 1317 1786 :
1347 1734 1586 1790 salutare
1634 1735 1812 1790 vultus
1845 1733 1954 1788 mei

368 1838 424 1884 et
452 1829 596 1884 Deus
631 1845 802 1884 meus.

443 1918 512 1972 Ut
535 1937 716 1991 supra.
747 1920 974 1990 Diligam
1002 1929 1073 1984 te,
1109 1919 1353 1985 Domine,
1384 1917 1643 1974 fortitudo
1669 1933 1810 1972 mea.
1844 1916 1952 1970 Do-

371 2012 550 2072 minus
597 2011 994 2066 ﬁrmamentum
1037 2027 1247 2076 meum,
1285 2018 1339 2064 et
1369 2009 1635 2081 refugium
1663 2024 1864 2074 meum,
1899 2015 1958 2063 et

371 2105 630 2162 liberator
661 2120 831 2161 meus.
863 2105 1006 2160 Deus
1031 2121 1184 2161 meus
1212 2106 1428 2177 adiutor
1455 2119 1628 2170 meus,
1649 2112 1708 2158 et
1728 2103 1958 2173 sperabo

374 2199 430 2255 in
453 2213 599 2254 eum.

443 2289 651 2347 Oratio.
683 2290 875 2346 Vultus
922 2291 1093 2347 nostri
1145 2289 1438 2346 miriﬁcum
1495 2289 1752 2354 salutare,
1796 2300 1960 2358 quem

377 2372 585 2441 animm.
604 2384 840 2440 ﬁdelium
876 2386 1129 2440 ardenter
1151 2385 1340 2439 sitiunt
1362 2383 1731 2448 servulorum;
1764 2381 1958 2445 tn'hue,

379 2489 716 2544 quaesumus,
755 2484 815 2529 ut
869 2475 995 2530 dum
1041 2482 1096 2528 te
1136 2474 1334 2528 visibili
1383 2474 1746 2544 lacrymarum
1788 2471 1962 2526 imbre

375 2570 514 2639 pasti
538 2569 883 2637 requirimus,
910 2566 1248 2621 invisibiliter
1274 2576 1326 2620 te
1356 2565 1495 2618 intra
1521 2564 1762 2634 pectoris
1791 2561 1962 2618 nostri

378 2655 789 2716 thbernaculum
814 2659 1164 2714 collocemus.
1199 2656 1322 2711 Per.

1008 2791 1345 2848 PSALMUS.

453 2921 629 2994 (PSAL.
649 2920 805 2994 um.)
823 2921 986 2985 Deus,
1013 2920 1155 2974 Deus
1177 2936 1348 2985 meus,
1372 2921 1438 2976 ad
1468 2929 1522 2976 te
1544 2920 1613 2976 de
1637 2919 1758 2976 luce
1779 2919 1962 2993 vigilo.

383 3013 564 3070 Sitivit
590 3014 643 3068 in
681 3021 732 3068 te
758 3013 935 3069 anima
968 3025 1108 3076 mea,
1135 3026 1297 3081 quam
1323 3010 1694 3080 multipliciter
1715 3010 1813 3065 tibi
1836 3023 1967 3064 caro

381 3124 521 3164 mea.
560 3107 618 3161 ln
654 3115 802 3161 terra
853 3106 1086 3170 deserta,
1126 3105 1288 3170 invia,
1343 3111 1399 3158 et
1438 3103 1699 3172 inaquosa
1738 3121 1750 3155 :
1783 3100 1865 3158 sic
1909 3101 1964 3156 in

2045 535 2363 591 saeculorum
2393 536 2689 590 laudabunt
2715 542 2788 588 te.
2817 531 3014 587 Beatus
3041 531 3144 597 vir,
3179 528 3333 598 cuius
3361 535 3446 583 est
3470 529 3628 584 auxi—

2042 626 2175 681 lium
2203 628 2301 681 abs
2332 635 2404 692 te,
2435 625 2776 680 ascensiones
2823 624 2878 679 in
2920 623 3084 678 corde
3127 635 3224 676 suo
3263 621 3528 689 disposuit
3567 619 3630 675 in

2041 719 2182 774 valle
2231 719 2593 788 lacrymarum
2624 733 2638 770 :
2668 717 2722 771 in
2767 716 2918 781 loco,
2973 729 3133 784 quem
3172 713 3370 784 posuit.
3409 711 3629 766 Etenim

2043 810 2473 865 benedictionem
2521 807 2668 863 dabit
2705 807 2997 878 legislator,
3030 805 3184 859 ibunt
3227 805 3294 859 de
3333 803 3535 857 virtute
3573 802 3631 856 in

2045 901 2341 956 virtutem:
2374 897 2644 954 videbitur
2689 897 2833 952 Deus
2867 897 3090 952 deorum
3129 895 3182 948 in
3220 893 3367 948 Sion.
3399 893 3632 947 Domine

2047 988 2188 1044 Deus
2207 989 2486 1053 virtutum,
2510 987 2703 1042 exaudi
2723 986 3024 1040 orationem
3047 999 3250 1039 meam:
3268 983 3488 1038 auribus
3509 997 3640 1051 per-

2047 1078 2185 1146 cipe,
2231 1077 2374 1132 Deus
2401 1077 2587 1132 Jacob.
2623 1076 2906 1132 Protector
2935 1083 3118 1130 noster
3160 1073 3342 1144 aspice
3383 1072 3545 1137 Deus,
3577 1079 3641 1128 et

2048 1167 2256 1236 respice
2285 1168 2341 1221 in
2379 1167 2570 1222 faciem
2610 1167 2809 1222 Christi
2857 1167 2952 1221 tui.
2985 1165 3120 1232 Quia
3149 1165 3340 1219 melior
3381 1172 3465 1221 est
3512 1163 3637 1220 dies

2049 1272 2156 1310 una
2191 1256 2246 1310 in
2277 1256 2434 1310 atriis
2462 1257 2570 1311 tuis
2603 1273 2766 1327 super
2805 1255 2995 1310 millia.
3027 1255 3178 1325 Elegi
3223 1253 3464 1324 abiectus
3510 1269 3636 1310 esse

2051 1347 2105 1402 in
2133 1349 2291 1402 domo
2318 1347 2412 1402 Dei
2442 1348 2546 1403 mei
2577 1367 2590 1402 :
2621 1348 2796 1417 magis
2822 1363 2982 1418 quam
3010 1347 3257 1402 habitare
3286 1347 3338 1401 in
3369 1349 3629 1403 taberna-

2051 1437 2187 1494 culis
2213 1447 2579 1508 peccatorum.
2614 1438 2749 1505 Quia
2793 1437 3223 1493 misericordiam
3252 1444 3308 1494 et
3343 1437 3637 1493 veritatem

2052 1527 2224 1596 diligit
2252 1527 2393 1583 Deus
2419 1546 2432 1581 :
2458 1529 2688 1598 gratiam
2717 1536 2773 1582 et
2790 1527 3015 1598 gloriam
3039 1526 3188 1582 dabit
3212 1527 3489 1583 Dominus.
3516 1527 3639 1583 Non

2052 1621 2288 1690 privabit
2314 1621 2470 1677 bonis
2498 1637 2611 1687 eos,
2635 1621 2730 1692 qui
2756 1621 3036 1676 ambulant
3061 1621 3117 1675 in
3145 1621 3454 1677 innocentia
3486 1640 3500 1674 :
3533 1621 3642 1676 Do-

2054 1715 2200 1771 mine
2227 1715 2516 1780 virtutum,
2545 1714 2739 1769 beatus
2761 1714 2925 1770 homo
2949 1714 3042 1783 qui
3067 1722 3252 1785 sperat
3279 1715 3332 1770 in
3354 1720 3430 1769 te.

2559 1843 2778 1882 LITANIA
2816 1843 2888 1882 υτ
2925 1841 3114 1882 ευρυ.

2122 1938 2396 1995 Conﬁnna
2420 1940 2545 2004 hoc,
2579 1940 2742 2005 Deus,
2773 1940 2917 2010 quod
2952 1947 3205 2010 operatus
3239 1953 3299 1994 es
3324 1938 3377 1993 in
3401 1939 3580 2005 nobis,
3605 1955 3644 1994 a

2055 2030 2255 2100 templo
2282 2038 2373 2086 tuo
2393 2031 2446 2084 in
2476 2030 2813 2086 Hierusalem
2834 2031 2930 2086 tibi
2954 2030 3188 2086 offerunt
3215 2045 3370 2102 reges
3392 2043 3641 2084 munera.

2057 2121 2259 2176 Emitte
2292 2119 2553 2191 Spiritum
2593 2128 2764 2186 tuum,
2804 2129 2860 2176 et
2902 2121 3252 2187 creabuntur,
3279 2129 3335 2176 et
3362 2120 3650 2176 renovabis

2057 2211 2250 2268 faciem
2281 2221 2458 2268 terrm.
2499 2210 2582 2266 Sit
2608 2211 2777 2282 gloria
2804 2210 3017 2267 Domini
3041 2212 3093 2266 in
3130 2211 3404 2275 saeculum,
3437 2210 3650 2266 lmtabi-

2059 2312 2150 2358 tur
2177 2305 2436 2360 Dominus
2465 2305 2519 2358 iu
2547 2305 2802 2376 operibus
2829 2304 2961 2358 suis.
2995 2303 3297 2359 Jucundum
3342 2304 3412 2359 sit
3437 2304 3491 2358 ei
3539 2302 3653 2358 elo-

2063 2398 2248 2468 quium
2277 2413 2477 2463 meum,
2507 2412 2607 2468 ego
2635 2411 2766 2452 vero
2791 2395 3098 2451 delectabor
3124 2396 3177 2449 in
3201 2395 3450 2450 Domino.
3477 2394 3655 2448 Inete-

2063 2494 2151 2539 tur
2199 2499 2295 2539 cor
2342 2484 2698 2554 qumrentium
2741 2483 3059 2551 Dominum,
3101 2493 3157 2539 et
3203 2482 3650 2539 conﬂrmamini:

2061 2576 2287 2644 quaerite
2315 2574 2508 2630 faciem
2543 2573 2662 2643 eius
2686 2591 2920 2646 semper.

2135 2662 2342 2718 Oratio.
2367 2663 2858 2720 Tabernaculorum
2885 2665 3188 2721 caelestium
3211 2665 3467 2720 fundator
3493 2672 3655 2718 :eter-

2063 2767 2132 2810 ne
2157 2753 2320 2820 Deus,
2365 2754 2607 2825 dispone,
2641 2772 2965 2826 qumsumus,
3009 2771 3263 2812 ascensus
3291 2757 3343 2811 in
3394 2756 3657 2811 cordibus

2065 2845 2286 2913 nostris,
2325 2844 2521 2916 quibus
2561 2847 2628 2902 ad
2661 2854 2755 2901 tua
2783 2847 3129 2904 tabernacula
3177 2863 3487 2903 mereamur
3535 2847 3657 2902 sine

2066 2939 2217 3010 lapsu
2249 2940 2459 3009 peccati
2490 2939 2872 2996 conscendere.
2905 2941 3027 2996 Per.

2431 3070 2686 3128 ORATIO
2727 3070 2974 3128 SANCTI
3009 3070 3281 3141 lSIDORl.

383 3206 571 3254 sancto
619 3196 843 3268 appami
893 3196 1010 3260 tibi,
1049 3201 1111 3249 ut
1144 3194 1381 3249 viderem
1427 3170 1682 3246 virtutem
1727 3189 1878 3250 tuam
1911 3199 1971 3246 et
1993 3170 2042 3236 α
2137 3179 2444 3236 36δῆδεὶεηί
2474 3181 2616 3235 servi
2644 3181 2741 3246 illi.
2773 3196 2912 3250 quos
2950 3196 3078 3236 cum
3118 3181 3327 3236 venerit
3368 3178 3660 3248 Dominus,

383 3287 608 3360 gloriam
641 3294 806 3340 tuam.
836 3284 1102 3351 Quoniam
1127 3283 1319 3337 melior
1358 3290 1442 3337 est
1466 3283 1836 3338 misericordia
1880 3288 1970 3336 tua

383 3390 550 3446 super
569 3376 710 3428 vitas
745 3392 757 3426 :
790 3375 931 3427 labia
957 3387 1077 3427 mea
1104 3371 1396 3427 laudabunt
1425 3378 1496 3425 te.
1531 3370 1622 3426 Sic
1654 3372 1970 3426 benedicam

384 3475 442 3520 te
464 3466 519 3518 in
543 3463 653 3516 vita
676 3478 795 3517 mea
821 3480 834 3516 :
859 3470 915 3517 et
935 3463 990 3516 in
1012 3462 1228 3516 nomine
1255 3470 1346 3516 tuo
1367 3462 1560 3518 levabo
1581 3477 1774 3517 manus
1799 3477 1968 3518 utens.

389 3556 545 3612 Sicut
579 3555 735 3624 adipe
769 3563 826 3608 et
850 3554 1175 3624 pinguedine
1202 3553 1475 3622 repleatur
1508 3555 1688 3608 anima
1713 3569 1834 3609 mea
1868 3573 1882 3608 :
1916 3563 1974 3610 et

390 3647 551 3702 labiis
599 3646 976 3701 exsultationis
1001 3644 1242 3700 laudabit
1271 3661 1335 3701 os
1385 3659 1584 3700 meum.
1623 3645 1715 3702 Sic
1763 3661 1974 3703 memor

390 3739 468 3795 fui
509 3740 586 3794 tui
636 3754 797 3809 super
821 3746 1052 3794 stratum
1096 3753 1299 3804 meum,
1345 3739 1401 3796 in
1435 3739 1713 3794 matutinis
1737 3739 1973 3795 medita-

391 3832 493 3887 bor
512 3831 566 3886 in
591 3837 645 3885 te
674 3849 686 3883 :
715 3830 843 3900 quia
870 3829 1017 3886 fuisti
1045 3829 1259 3899 adiutor
1290 3845 1462 3887 meus.
1491 3830 1560 3886 Et
1589 3832 1644 3886 in
1665 3831 1975 3888 velamento

391 3920 597 3975 alarum
638 3928 852 3975 tuarum
888 3921 1190 3987 exsultabo,
1217 3922 1446 3978 adhtnsit
1486 3921 1667 3977 anima
1699 3937 1824 3978 mea
1851 3930 1976 3991 post

394 4020 447 4066 te
474 4029 486 4064 :
524 4012 681 4082 106
707 4027 793 4067 me
815 4014 1059 4083 succepit
1091 4013 1315 4068 dextera
1339 4021 1448 4067 tua.
1475 4012 1582 4082 Ipsi
1621 4027 1752 4068 vero
1779 4013 1833 4067 in
1876 4027 1972 4066 va-

391 4116 522 4155 num
563 4103 892 4170 quaesierunt
924 4104 1159 4157 animam
1194 4119 1388 4166 meam,
1424 4104 1724 4160 introibunt
1749 4103 1802 4158 in
1831 4103 1972 4159 infe-

391 4191 536 4246 riora
564 4200 740 4257 terrse,
773 4194 1054 4249 tradentur
1077 4194 1132 4248 in
1171 4211 1365 4250 manus
1398 4196 1578 4267 gladii,
1626 4183 1810 4266 partes
1853 4198 1978 4252 vul-

391 4283 539 4352 pium
563 4293 742 4338 erunt.
777 4284 892 4339 Rex
923 4299 1051 4340 vero
1071 4284 1342 4342 lmtabitur
1369 4287 1424 4342 in
1451 4288 1578 4351 Deo,
1609 4287 1978 4343 laudabuntur

393 4389 598 4439 omnes,
628 4376 722 4445 qui
746 4374 934 4443 iurant
957 4377 1009 4432 in
1039 4391 1105 4432 eo
1137 4396 1150 4431 :
1179 4379 1304 4449 quia
1337 4378 1673 4435 obstructum
1699 4389 1786 4436 est
1809 4396 1871 4437 os
1896 4381 1978 4436 lo—

397 4468 676 4535 quentium
702 4466 905 4537 iniqua.

468 4555 533 4611 Ut
567 4574 746 4629 supra.
780 4556 976 4613 Beatus
997 4573 1158 4630 quem
1186 4557 1394 4629 elegisti
1429 4566 1485 4615 et
1512 4561 1848 4631 assumpsisti
1875 4562 1978 4617 ha-

393 4649 590 4718 bitabit
611 4650 663 4704 in
690 4650 846 4705 atriis
879 4651 1007 4707 tuis.

467 4738 671 4806 Oratio.
707 4740 789 4795 Ad
820 4749 872 4796 te
907 4741 1141 4797 diluculo
1170 4742 1517 4813 vigilantibus
1566 4742 1746 4798 lumen
1777 4743 1974 4814 largire

391 4838 732 4911 perpetuum.
761 4841 952 4894 auctor
987 4831 1122 4886 lucis
1163 4841 1414 4905 aeternae;
1443 4841 1505 4887 ut
1543 4841 1592 4887 te
1618 4833 1758 4888 labia
1786 4843 1972 4888 nostra

394 4923 636 4988 laudent,
664 4931 717 4978 te
739 4923 847 4986 vita
874 4924 1174 4992 benedicat,
1205 4936 1260 4980 te
1277 4926 1556 4982 meditatio
1577 4929 1842 4983 matutina
1861 4928 1974 5000 glo-

396 5014 588 5080 riﬁcet.
619 5013 743 5070 Per.

1004 5125 1343 5189 PSALMUS.

471 5264 658 5337 (PSAL.
706 5264 972 5338 Lxxxnt.)
1003 5264 1174 5335 Quam
1221 5266 1416 5323 dilecta
1469 5267 1812 5331 tabernacula
1859 5281 1973 5340 tua,

397 5354 623 5412 Domine
649 5356 906 5411 virtutum
939 5374 951 5410 :
980 5357 1312 5428 concupiscit
1337 5366 1392 5414 et
1431 5357 1614 5416 deﬁcit
1651 5363 1830 5418 anima
1853 5379 1976 5421 mea

398 5445 454 5501 in
476 5449 611 5502 atria
632 5447 862 5504 Domini.
881 5448 987 5505 Cor
1012 5465 1192 5512 meum
1209 5459 1263 5508 et
1286 5466 1414 5508 oar-0
1427 5467 1548 5509 mea
1571 5455 1978 5512 exsultaverunt

399 5534 454 5590 in
482 5535 649 5592 Deum
678 5540 880 5594 vivum.
912 5539 1122 5596 Etenim
1147 5557 1335 5610 passer
1359 5543 1562 5598 invenit
1583 5545 1686 5600 sibi
1715 5546 1932 5602 domum
1958 5564 1971 5601 :

400 5632 456 5682 ct
482 5633 657 5678 turtur
678 5628 863 5681 nidum
890 5629 1014 5694 sibi,
1045 5631 1134 5685 ubi
1159 5641 1383 5701 reponat
1405 5634 1578 5704 pullos
1602 5651 1746 5691 suos.
1771 5637 1976 5696 Altaria

402 5719 514 5776 tua,
547 5711 769 5773 Domine
811 5716 1068 5772 virtutum
1101 5735 1114 5772 :
1147 5719 1260 5776 Rex
1314 5738 1466 5782 meus
1512 5731 1568 5779 et
1608 5725 1750 5784 Deus
1801 5744 1972 5787 meus.

1999 4516 2058 4576 Β

2072 3272 2337 3329 invenerit
2367 3272 2653 3343 vigilantes
2680 3272 2834 3344 (an.
2862 3289 2963 3338 xu,
2984 3273 3102 3343 57).
3123 3273 3288 3329 Beata
3317 3272 3522 3343 vigilia,
3547 3287 3664 3343 qua

2071 3365 2139 3422 ad
2179 3363 2465 3420 Dominum
2502 3366 2870 3422 universitatis
2905 3375 3204 3423 amatorem
3229 3366 3500 3436 vigilatur.
3533 3365 3665 3423 Uti—

2069 3472 2196 3514 nam
2225 3471 2312 3512 me
2337 3471 2553 3526 quoque
2598 3457 2778 3526 vilem,
2813 3459 2942 3516 licet
2970 3467 3123 3514 mum
3143 3467 3327 3515 tamen
3354 3461 3658 3526 servitium,

2071 3548 2147 3602 ita
2167 3547 2424 3618 digneris,
2453 3547 2696 3616 Domine,
2725 3552 2793 3607 de
2817 3567 3008 3609 somno
3033 3553 3247 3609 inertia
3272 3553 3546 3619 excitate;
3579 3553 3663 3609 ita

2071 3635 2165 3694 illo
2203 3636 2400 3694 divinae
2427 3639 2710 3696 charitatis
2737 3641 2860 3711 igne
2909 3642 3228 3706 accendere,
3273 3657 3380 3712 quo
3431 3644 3506 3700 de
3533 3657 3670 3700 meo

2074 3727 2238 3789 corde
2251 3741 2416 3798 supra
2427 3729 2602 3785 sidera
2616 3732 2995 3788 exardesceret
3007 3741 3114 3789 tute
3123 3731 3404 3790 charitatis
3415 3733 3664 3802 ﬂamma,

2076 3825 2181 3873 tute
2201 3817 2385 3874 nimiae
2399 3819 2708 3876 dilectionis
2729 3821 3078 3889 desiderium,
3099 3838 3417 3895 semperque
3443 3825 3668 3882 divinus

2073 3912 2216 3984 ignis
2253 3915 2397 3970 intra
2419 3929 2514 3970 me
2540 3915 2783 3974 arderet!
2825 3917 3045 3973 Utinam
3089 3918 3183 3973 illa
3213 3919 3354 3987 ligna
3377 3918 3665 3984 haberem,

2072 4009 2270 4077 quibus
2286 4008 2374 4063 ille
2393 4010 2532 4078 ignis
2541 4010 2746 4080 iugiter
2766 4011 3025 4077 aleretur,
3052 4020 3369 4082 pasceretur
3383 4051 3398 4077 ,
3429 4027 3667 4068 succen-

2074 4099 2314 4166 deretur,
2369 4107 2426 4156 et
2469 4100 2567 4156 illa
2613 4099 2827 4156 flamma
2870 4104 3191 4170 nutriretur,
3223 4118 3344 4173 quae
3387 4103 3674 4174 exstingui

2072 4191 2329 4257 nesciret,
2363 4192 2462 4247 sed
2487 4193 2674 4264 augeri
2699 4193 2892 4248 sciret!
2929 4193 3149 4250 Utinam
3177 4194 3302 4248 talis
3334 4209 3512 4250 essem
3543 4209 3672 4248 me-

2075 4281 2190 4347 riti,
2220 4289 2280 4336 ut
2323 4295 2444 4337 mea
2496 4282 2717 4339 lucerna
2763 4298 2977 4354 semper
3023 4291 3134 4339 tota
3183 4293 3342 4339 nocte
3379 4285 3434 4339 in
3461 4283 3672 4353 templo

2074 4366 2286 4424 Domini
2315 4367 2410 4424 Dei
2439 4369 2546 4424 mei
2577 4371 2814 4435 arderet,
2845 4379 2906 4426 ut
2928 4371 3182 4427 omnibus
3203 4371 3422 4427 domum
3454 4371 3551 4427 Dei
3580 4372 3674 4426 in-

2079 4456 2352 4512 trantibus
2373 4456 2609 4514 luceret!
2640 4458 2719 4513 Da
2748 4460 2904 4524 mihi,
2941 4459 3189 4527 Domine,
3218 4475 3352 4532 rogo
3377 4469 3452 4525 te,
3481 4461 3537 4516 in
3563 4475 3674 4515 no-

2079 4545 2362 4604 minequ
2375 4547 2604 4616 Christi,
2627 4549 2746 4606 Filii
2779 4551 2856 4606 tui
2880 4551 2975 4606 Dei
2995 4551 3124 4617 mei,
3152 4552 3316 4617 illam,
3345 4567 3466 4622 eum
3487 4550 3672 4608 nescit

2077 4637 2296 4703 cadere,
2329 4638 2649 4694 (maritatem
2683 4657 2698 4693 :
2733 4648 2795 4695 ut
2823 4656 2944 4697 mea
2986 4640 3205 4698 lucerna
3249 4641 3471 4698 accendi
3500 4641 3668 4708 sciat,

2074 4729 2344 4800 exstingui
2369 4731 2606 4796 nesciat;
2634 4732 2766 4788 mihi
2795 4733 3000 4799 ardeat,
3038 4734 3158 4789 aliis
3183 4734 3382 4790 luceat.
3416 4734 3496 4790 Tu
3521 4735 3666 4806 ipse,

2077 4818 2326 4886 Christe,
2377 4820 2626 4882 htcernas
2667 4831 2884 4879 nostras
2932 4826 3251 4890 accendere,
3276 4826 3551 4895 digneris,
3601 4841 3668 4880 ae

2074 4911 2404 4969 lucidissime
2445 4912 2695 4971 Salvator
2719 4924 2928 4980 noster,
2957 4932 3064 4986 quo
3085 4927 3347 4988 perpetuo
3366 4919 3583 4975 luceant
3607 4919 3664 4973 in

2071 5003 2272 5072 templo
2301 5011 2414 5069 uno,
2441 5019 2507 5060 ac
2547 5019 2787 5075 wrenne
2830 5006 3012 5063 lumen
3051 5024 3083 5063 a
3114 5017 3184 5072 te,
3210 5010 3434 5079 perenni
3465 5009 3668 5064 lumine

2077 5094 2365 5164 accipiant,
2405 5103 2468 5150 ut
2522 5095 2760 5156 tenebrae
2799 5106 3004 5153 nostra:
3056 5098 3449 5167 ilhuninentur,
3480 5095 3668 5156 mundi

2076 5193 2260 5242 autem
2291 5187 2525 5244 tenebrae
2567 5186 2822 5258 fugentur
2853 5207 2865 5243 :
2901 5190 2980 5246 sic
3009 5189 3190 5248 lumen
3238 5208 3372 5248 mete
3413 5193 3670 5266 largiaris

2078 5275 2334 5343 lucernae,
2359 5292 2492 5349 rogo
2515 5286 2592 5344 te,
2616 5277 2846 5334 Domine
2872 5277 3026 5348 Iesu,
3049 5290 3110 5338 nt
3129 5281 3274 5340 illius
3297 5282 3522 5344 luminis
3547 5285 3662 5340 da-

2083 5366 2249 5424 ritate
2273 5407 2290 5434 ,
2333 5368 2429 5424 illa
2476 5369 2552 5424 ita
2595 5371 2732 5426 mihi
2772 5379 2958 5430 sancta
2999 5383 3310 5431 sanctorum
3345 5382 3664 5446 appareant.

2082 5473 2204 5529 qua:
2226 5468 2280 5516 te
2309 5468 2572 5516 aeternum
2596 5460 2911 5532 pontiﬁcem
2935 5471 3262 5522 aeternorum
3301 5466 3359 5524 in
3381 5465 3662 5524 interiori.

2080 5552 2184 5610 bus
2205 5554 2385 5624 magni
2412 5554 2556 5610 illius
2591 5555 2670 5610 tui
2714 5554 2898 5625 templi
2931 5555 3025 5614 illo
3074 5556 3369 5614 intrantem
3401 5556 3664 5622 habeant,

2083 5660 2189 5715 quo
2218 5654 2271 5700 te
2285 5645 2488 5717 iugiter
2507 5647 2880 5703 tantummodo
2903 5648 3182 5717 aspiciam,
3217 5649 3541 5715 desiderem,
3564 5663 3666 5704 ex-

2086 5744 2345 5809 spectem.
2379 5736 2614 5793 Tantum
2638 5745 2690 5794 te
2712 5753 2902 5796 amans
2932 5741 3334 5809 concupiscam.
3364 5740 3541 5797 Tuum
3559 5740 3654 5807 sit,
