3894 6182
258 343 371 402 585

251 473 456 531 quaso,
487 460 562 515 ita
592 466 644 515 te
673 462 828 517 nobis
872 464 1209 532 pulsantibus
1236 471 1628 543 demonstrare,
1653 493 1839 535 aman-

250 551 460 606 tissime
504 549 758 607 Salvator
801 563 1006 621 noster,
1036 566 1096 612 ut
1126 567 1176 615 te
1213 564 1442 632 amplius
1483 568 1841 641 intelligentes

249 648 304 696 te
338 649 553 697 tantum
590 657 856 712 amemus,
890 655 943 702 te
992 649 1167 706 solum
1206 653 1293 709 die
1331 670 1396 710 ac
1426 667 1583 714 nocte
1611 662 1840 717 medite-

248 748 392 797 mur,
427 733 587 804 107
619 748 835 804 semper
875 738 941 792 de
973 747 1024 795 te
1066 744 1408 812 cogitemus:
1441 757 1494 803 et
1531 750 1583 804 in
1630 759 1839 808 tantum

246 824 402 879 nobis
436 832 586 880 tuam
617 826 887 897 inspirare
918 830 1156 902 digneris
1182 835 1543 905 dilectionem,
1574 857 1837 913 quantum

243 914 419 969 amar-i
439 915 611 970 Deum
633 916 793 972 decet
809 933 876 973 ac
896 919 1067 991 diligi,
1086 931 1145 977 ut
1164 927 1345 982 omnia
1368 929 1626 987 interiora
1652 942 1835 989 nostra

240 1012 333 1058 tua
354 1004 585 1076 impleat
596 1007 834 1075 dilectio,
855 1017 1102 1081 totosque
1116 1030 1218 1070 nos
1241 1024 1364 1073 tuus
1374 1021 1831 1089 possideatamor,

240 1103 331 1149 tua
374 1094 603 1164 impleat
635 1097 895 1165 charitas,
924 1110 986 1155 ut
1031 1111 1118 1158 tua
1152 1106 1305 1176 igniti
1336 1109 1604 1168 charitate
1636 1124 1837 1183 prmtcr

239 1194 290 1238 te
332 1184 484 1241 aliud
507 1202 696 1244 amare
727 1191 1054 1258 nesciamus,
1081 1210 1188 1265 quo
1216 1207 1362 1253 tanta
1390 1201 1633 1258 charitas
1678 1207 1834 1275 aquis

236 1274 427 1330 multis
449 1276 614 1345 hujus
640 1280 805 1345 aeris,
840 1281 1001 1352 hujus
1031 1293 1210 1352 terrae,
1236 1288 1502 1361 bujusque
1525 1296 1691 1351 maris
1715 1274 1833 1351 exs-

236 1365 410 1437 tingui
455 1367 514 1422 in
563 1370 723 1425 nobis
748 1384 983 1442 nequeat
1025 1394 1038 1429 :
1075 1376 1230 1446 juxta
1263 1379 1417 1446 illud,
1456 1382 1620 1454 Aqua:
1648 1385 1829 1441 multm

232 1470 334 1510 non
370 1467 620 1527 poterunt
645 1463 978 1533 exstinguere
1008 1469 1318 1523 charitatem
1359 1490 1372 1525 :
1406 1475 1550 1543 quod
1588 1475 1640 1530 in
1675 1478 1828 1532 nobis

226 1562 446 1617 quoque
471 1551 734 1620 compleri
770 1553 854 1608 vel
897 1570 963 1609 ex
1010 1566 1162 1625 parte
1191 1559 1332 1615 Deus
1376 1561 1575 1643 faciat,‘
1590 1566 1825 1620 donante

225 1637 461 1695 Domino
488 1650 678 1697 nostro
703 1642 830 1698 ἔθευ
860 1644 1098 1702 Christo.

708 1791 936 1834 EIUSDEM
968 1798 1092 1837 ALIA
1124 1799 1340 1842 ORATIO.

287 1889 454 1958 Apud
484 1904 583 1944 nos
612 1889 734 1957 ﬁas,
765 1907 1096 1961 quaesumus,
1134 1896 1383 1964 Domine,
1434 1910 1493 1956 ut
1520 1919 1620 1958 nos
1647 1905 1827 1959 defen-

216 1972 313 2034 das
340 1979 404 2035 in
431 1978 600 2051 gloria
624 1999 637 2033 :
684 1982 829 2037 intra
856 1999 957 2039 nos
987 1985 1121 2053 ﬁas,
1150 1997 1211 2043 ut
1237 2004 1339 2044 nos
1373 1992 1606 2062 recipias
1630 2012 1641 2046 :
1676 1995 1823 2049 circa

214 2084 313 2124 nos
338 2069 473 2135 ﬁas,
512 2079 573 2124 ut
601 2086 700 2126 nos
726 2087 1017 2131 conserves
1046 2094 1058 2130 :
1094 2086 1222 2134 ante
1249 2095 1350 2134 nos
1379 2080 1500 2146 ﬁas,
1521 2091 1582 2136 ut
1609 2099 1708 2137 nos
1736 2083 1825 2139 de-

212 2161 383 2218 ducas
409 2182 424 2217 :
450 2178 553 2235 pro
573 2164 729 2220 nobis
756 2168 876 2233 ﬁas,
904 2177 965 2223 ut
982 2185 1082 2240 pro
1106 2172 1262 2226 nobis
1280 2172 1588 2229 intercedas
1616 2195 1627 2229 :
1661 2192 1824 2245 super

211 2258 400 2311 omnia
438 2256 561 2323 ﬁas,
608 2266 669 2312 ut
689 2274 790 2315 nos
827 2260 1144 2329 benedicas,
1193 2272 1250 2321 et
1273 2280 1537 2335 provoces
1565 2269 1633 2322 ad
1670 2275 1819 2322 tuum

212 2365 468 2422 regnum,
498 2350 592 2420 qui
619 2351 756 2406 vivis
778 2359 833 2407 et
859 2368 1076 2425 regnas.

264 2484 474 2545 ITEM
519 2485 886 2550 SABBATO
920 2491 1001 2551 IN
1044 2493 1379 2555 HONORE
1422 2496 1750 2558 OMNIUM

760 2591 1248 2656 SANCTORUM

435 2730 696 2790 ORATlO
720 2732 966 2791 SANCTI
988 2734 1318 2793 GREGORII
1346 2739 1570 2795 ΡΑΡᾸΞ.

270 2843 427 2901 Deus
458 2846 803 2915 omnipotens
839 2846 1001 2903 Pater
1038 2856 1093 2904 et
1122 2848 1293 2919 Filius
1333 2864 1389 2908 et
1417 2852 1651 2924 Spiritus
1693 2873 1816 2913 san-

203 2943 345 3001 ctus,
400 2936 564 2991 unica
596 2935 835 2993 Trinitas
860 2939 915 2993 in
942 2939 1115 2996 tribus
1142 2944 1414 3012 personis,
1454 2945 1547 3015 qui
1578 2962 1638 3001 es
1668 2949 1809 3003 idem

203 3034 254 3081 et
276 3026 383 3097 qui
406 3041 555 3092 eras,
586 3035 642 3082 et
662 3029 755 3098 qui
780 3039 1041 3086 venturus
1067 3047 1148 3088 es.
1197 3033 1394 3089 Libera
1416 3051 1526 3102 me,
1558 3037 1806 3107 Domine,

200 3118 266 3172 ab
307 3119 576 3173 omnibus
604 3119 843 3190 peccatis
881 3121 1020 3177 meis
1062 3133 1118 3178 et
1143 3124 1246 3180 ista
1290 3127 1640 3195 mortalitate,
1689 3139 1745 3186 et
1775 3147 1807 3186 a

202 3218 385 3266 morte
408 3223 605 3280 paenae,
650 3227 680 3266 a
707 3213 891 3282 planta
918 3231 1094 3287 usque
1120 3217 1190 3272 ad
1227 3220 1485 3275 verticem
1507 3261 1521 3286 ,
1562 3222 1710 3278 intus
1752 3232 1809 3281 et
1835 3192 1882 3256 ο

200 3300 357 3358 foris.
402 3302 729 3360 lntereedite
764 3321 865 3376 pro
905 3323 993 3363 me
1021 3317 1211 3364 sancta
1251 3311 1534 3369 cherubim
1558 3356 1573 3381 ,
1616 3326 1806 3374 saneta

199 3392 502 3464 seraphim,
542 3395 719 3449 sancti
757 3397 961 3464 throni,
994 3408 1198 3456 sancte
1224 3402 1645 3473 dominationes,
1675 3424 1805 3465 san-

199 3486 269 3541 cti
294 3486 673 3557 principatus,
722 3497 925 3545 sanctae
963 3500 1285 3562 potestates,
1316 3506 1521 3554 sancta:
1548 3501 1802 3567 virtutes,

199 3578 377 3633 sancti
404 3577 608 3649 angeli,
640 3581 814 3635 sancti
843 3581 1172 3654 archangeli.
1204 3585 1403 3643 Sancte
1423 3588 1658 3657 Gabriel,
1684 3608 1805 3647 san-

197 3673 276 3720 cte
300 3665 566 3731 Michael,
592 3677 783 3724 sancte
811 3669 1076 3741 Rapliael,
1109 3682 1263 3729 orate
1296 3693 1395 3746 pro
1425 3695 1530 3734 me.
1574 3681 1805 3737 interce-

198 3755 303 3811 dite
330 3771 435 3825 pro
461 3773 583 3824 me,
618 3760 795 3814 sancti
822 3761 1168 3831 patriarcha,
1200 3766 1376 3819 sancti
1406 3766 1592 3835 duces,
1623 3774 1798 3827 sancti

190 3842 429 3912 judices,
467 3849 643 3902 sancti
689 3850 1023 3917 sacerdotes,
1067 3853 1245 3907 sancti
1285 3856 1583 3925 prophetae,
1622 3862 1796 3916 sancti

197 3954 375 4011 reges,
415 3941 593 3995 sancti
623 3939 935 4009 Machabtei,
981 3945 1155 3999 sancti
1183 3944 1442 4002 Infantes.
1474 3949 1797 4009 lntercedite

197 4046 290 4100 pro
310 4048 405 4088 me
428 4033 687 4088 nativitas
709 4033 933 4099 Christi,
963 4035 1164 4093 Christi
1196 4039 1562 4108 circumcisio,
1592 4042 1793 4101 Christi

196 4123 488 4195 baptisma,
517 4125 718 4182 Christi
759 4129 1027 4198 operatio,
1072 4128 1275 4186 Christi
1305 4132 1559 4200 virtutes,
1586 4135 1791 4193 Christi

194 4217 468 4284 doctrina,
504 4219 706 4277 Christi
737 4237 896 4288 crux,
926 4223 1129 4279 Christi
1158 4226 1362 4294 anima,
1407 4227 1610 4285 Christi
1638 4247 1787 4301 caro,

191 4304 404 4364 Christi
432 4311 778 4377 resurrectio,
807 4311 1012 4368 Christi
1036 4315 1344 4382 descensio,
1375 4317 1578 4375 Christi
1602 4337 1791 4378 ascen-

192 4398 291 4453 sio.
326 4396 533 4454 Sancta
571 4399 762 4465 Maria,
799 4402 978 4457 sancti
1004 4404 1260 4473 apostoli,
1306 4409 1481 4463 sancti
1512 4410 1784 4482 discipuli,

191 4492 367 4546 sancti
387 4505 757 4559 snceessores,
783 4495 960 4550 sancti
985 4495 1255 4567 baptistm,
1283 4501 1456 4555 sancti
1485 4503 1782 4575 principes,

190 4585 362 4639 sancti
405 4586 646 4658 episcopi
669 4630 686 4655 ,
728 4592 903 4646 sancti
947 4594 1272 4667 presbyteri,
1319 4599 1495 4654 sancti
1544 4601 1782 4671 diaconi,

189 4676 361 4731 sancti
403 4678 746 4747 subdiaconi,
776 4683 956 4738 sancti
982 4682 1236 4754 lectores,
1267 4691 1444 4744 sancti
1475 4695 1782 4761 exoreistaa,

189 4768 361 4821 sancti
390 4775 680 4840 martyres,
725 4774 903 4829 sancti
929 4775 1293 4846 confessores,
1335 4783 1511 4837 sancti
1553 4786 1787 4841 anacho-

188 4865 335 4923 reta,
351 4861 530 4914 sancti
553 4863 828 4930 monachi,
852 4866 1024 4920 sancti
1055 4867 1262 4935 clerici,
1284 4873 1461 4927 sancti
1488 4874 1635 4940 laici,
1661 4890 1783 4931 san-

185 4953 283 5000 cta
319 4947 598 5018 virgines,
640 4960 844 5007 sanctae
866 4968 1091 5022 uxores,
1122 4958 1300 5012 sancti
1327 4960 1556 5026 domini,
1601 4966 1779 5020 sancti

184 5037 349 5103 servi,
378 5040 557 5094 sancti
596 5042 815 5109 divites,
858 5046 1035 5101 sancti
1057 5062 1354 5118 pauperes,
1396 5052 1570 5106 sancti
1602 5053 1785 5111 docto-

184 5140 301 5193 res,
327 5132 507 5186 sancti
532 5131 752 5200 fratres,
790 5144 997 5192 sancta:
1019 5152 1257 5194 sorores.
1302 5138 1507 5196 Horum
1535 5145 1778 5201 omnium

182 5222 507 5288 generaliter
550 5228 771 5283 nomina
798 5270 814 5295 ,
854 5238 913 5285 et
957 5233 1231 5288 memoriae
1252 5275 1267 5299 ,
1318 5243 1374 5289 et
1414 5236 1639 5307 spiritus
1665 5282 1679 5306 ,
1722 5251 1779 5298 et

182 5314 394 5383 alumna,
442 5326 500 5372 et
527 5327 731 5375 sanetae
759 5323 1142 5394 cogitationes,
1187 5334 1244 5381 et
1282 5337 1471 5383 sancta
1501 5332 1689 5398 verba,
1721 5342 1777 5389 et

182 5417 362 5463 sancta
385 5424 577 5480 opera,
606 5421 664 5467 et
694 5416 889 5471 merita
924 5416 979 5470 in
1009 5418 1191 5484 caelis,
1225 5429 1282 5475 et
1309 5422 1552 5493 reliquiae
1578 5426 1633 5480 in
1664 5436 1773 5483 ter-

181 5496 273 5561 ris,
297 5506 353 5552 et
372 5499 581 5555 divitiae
606 5502 866 5559 bonitatis
895 5505 1024 5565 Dei.
1048 5516 1103 5562 et
1126 5509 1574 5581 longanimitatis,
1606 5525 1662 5571 et
1682 5534 1775 5588 pa—

180 5588 396 5658 tientiae,
428 5601 487 5648 et
514 5594 939 5653 misericordiae:
985 5599 1102 5655 haec
1126 5605 1309 5658 omnia
1334 5605 1390 5659 in
1418 5608 1639 5665 nomine
1667 5611 1774 5667 Do-

180 5681 311 5737 mini
342 5688 516 5742 nostri
539 5686 670 5743 Jesu
707 5689 932 5758 Christi,
963 5693 1076 5748 sint
1097 5705 1276 5763 scuta,
1306 5698 1418 5754 sint
1446 5702 1631 5773 galeae,
1662 5705 1774 5761 sint

180 5778 458 5849 sanitates,
489 5782 602 5837 sint
624 5782 902 5854 suffragia,
943 5786 1052 5841 sint
1088 5787 1269 5845 lorica!
1299 5795 1494 5851 animrc
1521 5812 1675 5863 mere,
1717 5808 1771 5854 et

497 5880 771 5946 ΡΑτιιοι..
819 5884 919 5952 CI.

1249 356 1644 419 LITURGICA.
1683 395 1751 405 —-
1790 366 2059 426 OFFlCIA
2103 370 2230 428 PER
2271 375 2538 436 FERIAS.

1848 1830 1895 1887 Β

1815 4545 1863 4603 Β

3429 404 3533 458 586

1867 484 1913 543 Α
1941 484 2164 556 spiritus
2184 492 2315 557 mei,
2351 502 2405 547 et
2431 500 2674 567 corporis
2705 516 2810 558 mei
2849 521 2970 560 cum
3000 511 3250 571 omnibus
3290 523 3539 586 personis

1946 577 2082 631 meis
2108 578 2256 635 intus
2286 591 2342 638 et
2370 584 2523 652 foris,
2553 604 2582 642 a
2617 591 2800 660 planta
2839 612 3011 669 usque
3037 601 3104 655 ad
3136 577 3393 664 verticem
3420 629 3432 665 :
3466 613 3536 667 vi-

1944 668 2051 730 sui,
2080 671 2311 737 auditui,
2343 676 2614 744 odoratui,
2661 688 2875 753 gustui,
2918 692 3084 746 taetui
3106 735 3120 759 ,
3154 697 3305 753 carni
3332 708 3388 754 et
3414 717 3535 757 san-

1943 756 2089 823 guini
2112 774 2237 814 cum
2268 765 2520 822 omnibus
2550 766 2787 837 ossibus,
2829 786 2885 830 et
2912 782 3116 847 nervis,
3160 794 3215 840 et
3237 788 3537 848 visceribus

1943 849 2098 913 meis,
2146 855 2323 919 venis,
2371 860 2642 928 medullis,
2687 871 3057 942 compagibus,
3105 879 3327 937 artubus
3374 884 3536 952 meis,

1941 940 2074 1005 cuti,
2105 946 2373 1001 meatibus
2395 951 2548 1007 meis.
2603 954 2706 1011 Per
2734 967 2788 1013 te
2811 940 2976 1029 enim,
2999 964 3127 1022 ἔθευ
3157 969 3392 1040 Christe,
3424 991 3539 1033 om-

1940 1030 2029 1084 nia
2054 1032 2420 1106 viviﬁcantur,
2449 1052 2503 1097 et
2522 1044 2879 1116 iuspimntur,
2911 1064 2966 1108 et
2995 1066 3292 1131 mutantur,
3320 1074 3375 1121 et
3402 1083 3536 1125 sana

1938 1130 2085 1176 sunt.
2136 1124 2365 1201 Protege
2405 1150 2510 1199 me,
2547 1135 2792 1206 Domine,
2822 1160 2852 1197 a
2893 1146 3104 1205 dextris
3129 1161 3185 1207 et
3209 1170 3237 1208 a
3272 1157 3534 1229 sinistris,

1936 1219 2063 1267 ante
2096 1223 2151 1268 ct
2178 1226 2343 1285 retro,
2393 1224 2582 1280 subtus
2624 1237 2677 1282 et
2701 1247 2881 1301 supra,
2924 1235 2977 1290 in
3010 1254 3156 1306 acre,
3196 1243 3248 1297 in
3278 1254 3444 1316 terra,
3474 1252 3533 1307 in

1934 1305 2112 1371 aquis,
2147 1307 2201 1361 in
2228 1313 2386 1378 mari,
2426 1314 2480 1369 in
2507 1314 2671 1385 ﬂexu,
2704 1323 2754 1376 in
2784 1329 3085 1397 erectionc,
3128 1334 3182 1387 in
3218 1353 3429 1409 gressu,
3474 1343 3533 1399 in

1932 1395 2081 1461 sede,
2116 1398 2170 1452 in
2201 1403 2418 1470 stando,
2449 1407 2503 1461 in
2532 1411 2881 1480 ambulando,
2919 1419 2971 1472 in
3000 1422 3301 1493 vigilando,
3339 1430 3392 1483 in
3416 1432 3534 1487 dor-

1931 1486 2170 1554 miendo,
2203 1491 2259 1545 in
2280 1492 2420 1560 loco,
2451 1497 2503 1551 in
2532 1502 2679 1555 omni
2719 1503 2872 1572 hora,
2907 1508 2960 1562 in
2992 1513 3137 1566 omni
3168 1515 3275 1580 die,
3304 1518 3358 1572 in
3383 1522 3532 1575 omni

1931 1585 2109 1644 nocte,
2144 1581 2196 1634 in
2229 1585 2377 1639 omni
2411 1588 2536 1642 vita.
2578 1590 2786 1661 Adjuva
2818 1612 2927 1662 me,
2959 1603 3171 1658 custodi
3216 1622 3325 1674 me,
3359 1604 3536 1667 Trini-

1931 1676 2013 1725 tas
2042 1684 2263 1736 saneta,
2305 1682 2651 1751 omnipotens
2679 1686 2841 1744 Deus.
2884 1692 3080 1751 Libera
3122 1714 3209 1755 me
3231 1742 3245 1767 ,
3279 1702 3529 1774 Domine,

1927 1761 1996 1815 ab
2053 1766 2200 1820 omni
2252 1770 2397 1825 malo
2435 1778 2744 1845 praeterito,
2792 1789 3048 1852 praesenti
3095 1798 3151 1846 et
3195 1761 3374 1853 futuro
3410 1818 3421 1854 :
3464 1761 3533 1858 de

1929 1855 2187 1922 periculis
2217 1869 2395 1931 terrae,
2440 1876 2496 1921 et
2525 1871 2714 1938 maris,
2745 1885 2800 1929 et
2830 1879 3072 1935 omnium
3117 1885 3414 1947 bestiarum
3433 1937 3447 1960 ,
3476 1904 3533 1951 et

1926 1945 2392 2019 pbantasmatum,
2436 1966 2494 2010 et
2535 1960 2838 2031 volucrum,
2884 1977 2939 2023 et
2978 1945 3447 2049 quadrupedum,
3474 1995 3531 2040 et

1926 2041 2281 2106 serpentium.
2324 2045 2564 2104 Defende
2595 2069 2681 2107 me
2710 2056 2780 2111 ab
2805 2058 2930 2129 igne
2955 2041 3010 2117 et
3049 2041 3278 2138 fulgure,
3322 2088 3353 2128 a
3393 2041 3530 2132 toni-

1928 2136 2067 2192 truo,
2113 2146 2145 2185 a
2174 2137 2460 2204 grandine,
2503 2158 2533 2195 a
2557 2144 2705 2212 nive,
2734 2164 2763 2202 a
2785 2149 2988 2219 pluvia,
3025 2172 3056 2211 a
3080 2162 3277 2230 ventis,
3306 2180 3337 2219 a
3374 2165 3523 2224 hiatu

1925 2227 2105 2285 terrae,
2129 2236 2162 2276 a
2209 2228 2444 2297 turbine,
2479 2248 2510 2286 a
2540 2243 2697 2291 teme
2720 2250 2892 2308 motu,
2918 2245 2990 2299 ab
3017 2250 3270 2310 omnibus
3292 2256 3524 2316 homini-

1921 2307 2022 2364 bus
2052 2312 2230 2380 inalis,
2277 2332 2307 2370 a
2339 2322 2641 2391 veneﬁciis,
2676 2328 2747 2383 ab
2785 2330 2983 2390 invidis
3011 2339 3205 2397 oculis.
3256 2344 3368 2416 Ego
3394 2364 3523 2405 con-

1819 2396 1822 2400 “
1920 2397 2077 2455 ﬁteor
2106 2401 2441 2475 impietatem
2476 2418 2687 2483 peccati
2714 2420 2861 2477 mei:
2906 2438 3167 2496 peccator
3197 2396 3347 2491 enim
3373 2454 3515 2508 sum,

1918 2497 1974 2542 et
1999 2490 2066 2545 de
2088 2504 2318 2562 peccato
2363 2509 2544 2558 natus.
2581 2505 2661 2562 Tu
2700 2519 2883 2569 autem
2906 2490 3074 2575 verus
3102 2520 3246 2580 Deus
3275 2490 3520 2601 omnipo:

1918 2590 2038 2637 tens
2066 2586 2185 2642 sine
2229 2601 2472 2659 peccato.
2518 2597 2669 2671 Rogo
2705 2602 2923 2662 Patrem
2960 2626 3060 2679 per
3098 2615 3316 2674 Filium.
3366 2586 3517 2696 Rdgo

1918 2671 2106 2696 ηενρ,
2258 2681 2296 2696 η
2338 2690 2349 2696 -
2550 2689 2581 2696 -
2735 2695 2746 2696 κ

1916 2671 2111 2730 Filium
2135 2693 2234 2747 per
2256 2681 2491 2742 Patrem.
2544 2689 2696 2764 Rogo
2725 2671 2987 2766 Spiritum
3013 2671 3274 2764 sanctum,
3290 2729 3390 2782 per
3413 2671 3515 2772 Pl;—

1914 2771 2054 2822 trem
2083 2779 2140 2824 et
2164 2771 2386 2843 Filium,
2429 2788 2488 2834 ut
2515 2790 2571 2838 et
2606 2788 2787 2843 omnia
2822 2790 2954 2846 vitia
2990 2771 3312 2870 elongentur
3339 2821 3370 2860 a
3400 2824 3510 2876 me,

1913 2865 1969 2910 et
2010 2874 2202 2918 omnes
2243 2879 2447 2926 sanctae
2489 2874 2720 2934 virtutes
2766 2881 3082 2952 plantentur
3120 2892 3174 2947 in
3221 2911 3327 2952 me.
3371 2900 3515 2960 Deus

1912 2947 2200 3020 immense,
2233 2958 2394 3032 108
2414 2978 2445 3017 a
2473 2980 2581 3035 quo
2606 2972 2810 3041 omnia,
2835 2990 2934 3045 per
2958 2994 3119 3048 quem
3144 2989 3327 3044 omnia
3349 3003 3508 3050 sunt:

1912 3041 1968 3094 in
1998 3057 2107 3113 quo
2148 3051 2331 3105 omnia
2360 3053 2502 3110 facta
2532 3070 2680 3128 sunt,
2712 3064 2947 3124 visibilia
2987 3079 3043 3125 et
3066 3073 3379 3150 invisibilia,
3420 3102 3510 3142 su-

1910 3146 2011 3204 pra
2035 3143 2247 3208 tegens,
2276 3150 2331 3198 et
2363 3145 2506 3203 infra
2530 3148 2736 3222 ferens,
2774 3174 2938 3229 opera
2975 3174 3062 3222 tua
3094 3181 3252 3227 extra
3281 3175 3488 3234 circum

1912 3224 2072 3294 dans,
2102 3230 2244 3286 intra
2272 3236 2507 3306 replens.
2535 3241 2757 3303 Custodi
2784 3266 2894 3318 me,
2918 3254 3167 3328 Domine,
3198 3275 3506 3327 creaturam

1909 3324 2058 3373 tuam
2084 3336 2257 3391 usque
2298 3325 2351 3379 in
2388 3333 2800 3402 sempiternum.
2850 3343 2960 3402 Hos
2986 3363 3176 3409 omnes
3217 3355 3411 3417 invoco
3449 3363 3506 3421 in

1906 3408 2165 3466 auxilium
2196 3430 2396 3472 meum.
2426 3419 2549 3478 Per.

1899 3869 2093 3925 scriba:
2139 3873 2403 3932 velociter
2449 3883 2759 3941 scribentis.
2824 3890 3114 3960 Speciosus
3163 3901 3335 3959 forma
3385 3925 3498 3978 pra:

1900 3956 2019 3978 0181-
2054 3961 2079 3978 I,
2105 3977 2114 3978 κ
2165 3963 2197 3978 ν·
2406 3967 2492 3978 ι...

1897 3956 2024 4014 ﬁliis
2054 3961 2355 4031 hominum,
2387 3967 2583 4026 diffusa
2615 3985 2700 4030 est
2719 3956 2892 4047 gratia
2924 3984 2979 4037 in
3008 3985 3166 4044 labiis
3198 3994 3341 4050 tuis:
3376 3956 3498 4069 pro-

1894 4059 2079 4118 pterea
2110 4054 2391 4113 benedixit
2416 4069 2469 4117 te
2493 4061 2639 4119 Deus
2667 4066 2723 4122 in
2746 4077 3030 4129 :eternum.
3060 4078 3358 4155 Accingere
3376 4054 3495 4162 ‘gla-

1892 4141 1982 4196 dio
2007 4153 2096 4199 tuo
2124 4163 2288 4216 super
2313 4149 2491 4207 femur
2518 4163 2692 4224 tuum,
2734 4166 3129 4230 potentissime.
3179 4141 3371 4245 Specie
3389 4141 3493 4238 ina

1892 4243 1948 4289 et
1970 4236 2372 4305 pulchritudine
2404 4252 2533 4302 tua:
2567 4250 2809 4321 intende,
2854 4273 3135 4332 prospere,
3164 4236 3399 4338 procede
3436 4288 3494 4331 et

1890 4340 2076 4397 regna.
2112 4328 2340 4401 Propter
2369 4338 2654 4398 veritatem
2683 4354 2738 4401 et
2761 4328 3232 4417 mansuetudinem
3257 4374 3309 4420 et
3331 4365 3490 4436 justi-

1890 4418 2021 4473 tiam
2047 4438 2060 4474 :
2092 4429 2163 4476 et
2179 4422 2411 4483 deducet
2432 4432 2827 4496 temirabiliter
2855 4444 3077 4504 dextera
3109 4460 3217 4508 tua.
3263 4418 3485 4530 Sagittae

1891 4526 1996 4571 ιυξθ
2022 4527 2215 4588 acute,
2266 4527 2451 4596 populi
2481 4531 2583 4586 sub
2611 4540 2663 4589 te
2693 4538 2890 4594 cadent
2938 4542 2993 4598 in
3035 4548 3199 4604 corda
3240 4526 3485 4611 inimico-

1893 4625 2015 4665 rum
2041 4614 2204 4684 regis.
2231 4615 2399 4676 Sedes
2429 4630 2518 4677 tua
2540 4624 2681 4683 Deus
2704 4630 2757 4683 in
2780 4634 3036 4690 szceulum
3067 4643 3249 4699 smculi
3275 4664 3287 4699 :
3331 4648 3482 4722 virga

1896 4700 2171 4722 Lup“.
2312 4710 2324 4722 .
2592 4717 2603 4722 -
2712 4719 2721 4722 -
2800 4720 2821 4722 μ

1891 4700 2227 4773 directionis,
2273 4710 2424 4783 virga
2454 4717 2605 4785 regni
2647 4719 2745 4772 tui.
2795 4720 3038 4780 Dilexisti
3075 4700 3383 4803 justitiam,
3418 4700 3479 4798 ξι

1887 4791 2052 4848 odisti
2095 4795 2477 4867 iniquitatem:
2529 4814 2811 4875 propterea
2861 4815 3016 4869 unxit
3056 4791 3108 4874 te
3147 4821 3311 4893 Deus,
3337 4791 3481 4886 Deus

1888 4889 2014 4939 tuus
2059 4886 2180 4944 oleo
2214 4889 2412 4946 lzetitia:
2456 4910 2568 4963 pra:
2609 4903 2954 4962 consortibus
3001 4911 3123 4968 tuis.
3173 4886 3385 4989 Myrrha
3425 4935 3482 4979 et

1888 4983 2036 5045 gutta
2057 4986 2112 5032 et
2136 4982 2286 5037 casia
2311 4998 2342 5038 a
2362 4987 2703 5048 vestimentis
2732 4995 2836 5051 tuis
2856 5005 2886 5051 a
2912 5000 3159 5063 domibus
3185 4982 3472 5074 eburneis:

1887 5077 1956 5117 ex
1982 5065 2180 5134 quibus
2225 5071 2633 5133 delectaverunt
2670 5088 2725 5137 te
2780 5084 2905 5143 ﬁlia:
2948 5106 3136 5165 regum
3182 5065 3477 5163 in

1885 5166 1997 5212 tuo.
2026 5158 2215 5216 Astitit
2233 5162 2438 5236 Regina
2456 5183 2486 5223 a
2508 5168 2715 5230 dextris
2739 5178 2848 5234 tuis
2868 5180 2924 5235 in
2951 5158 3153 5242 vestitu
3181 5158 3469 5254 deaurato;

1883 5248 2219 5309 circumdata
2246 5258 2526 5316 varietate.
2572 5265 2711 5322 Audi
2756 5269 2864 5327 ﬁlia
2894 5282 2950 5329 et
2985 5277 3144 5348 vide,
3183 5292 3239 5339 et
3267 5248 3469 5348 inclina

1881 5356 2069 5397 aurem
2109 5352 2295 5403 tuam:
2348 5360 2404 5407 et
2446 5354 2769 5416 obliviscere
2804 5366 3060 5436 populum
3088 5380 3239 5432 tuum
3281 5389 3338 5435 et
3379 5383 3470 5438 do-

1879 5446 2027 5487 mum
2055 5438 2225 5505 patris
2264 5441 2361 5496 tui.
2394 5443 2461 5498 Et
2488 5452 2835 5521 concupiscet
2859 5456 2975 5514 Rex
3010 5462 3262 5525 decorem
3291 5482 3465 5543 tuum,

1878 5628 2022 5668 eum.
2073 5616 2141 5670 Et
2164 5619 2288 5676 ﬁlire
2311 5621 2439 5696 Tyri
2469 5626 2525 5682 in
2550 5635 2867 5694 muneribus
2893 5658 2905 5694 :
2951 5616 3157 5704 vultum

1877 5708 2244 5775 precabuntur
2269 5729 2462 5775 omnes
2487 5720 2683 5781 divites
2708 5728 2899 5805 plebis.
2926 5733 3115 5796 Omnis
3139 5708 3463 5814 gloria-ﬁliae

1878 5802 2023 5873 regis
2058 5804 2127 5858 ab
2151 5805 2317 5876 intus,
2350 5810 2405 5866 in
2438 5812 2667 5875 ﬁmbriis
2696 5826 2899 5894 aureis,
2931 5830 3336 5897 circumamicta
3367 5860 3461 5900 va-

3042 5934 3114 5994 19
