3894 6182
371 333 471 387 587
1206 326 1265 379 Β.
1302 325 1362 379 F.
1406 321 1628 377 ALBINI
1671 319 1798 375 εει)
1843 318 2117 374 ALCUINI
2156 318 2440 374 OPERUM
2477 316 2656 373 PARS
2694 315 2782 371 Ν.
3520 312 3639 371 T188

369 444 673 502 rietatibus.
742 440 1097 500 Addat-eatur.
1148 437 1262 508 regi
1315 436 1551 506 virgines
1607 442 1729 503 post
1777 447 1896 486 eam
1934 451 1944 483 :
1984 436 2025 494 Α
2053 433 2188 500 Quia
2219 442 2426 488 rectum
2460 441 2547 488 est
2590 431 2814 487 verbum
2860 428 3094 493 Domini,
3146 436 3202 481 et
3245 426 3427 483 omnia
3470 444 3637 500 opera

368 536 627 606 proximae
652 534 769 602 ejus
792 530 1084 585 afferentur
1109 528 1225 583 tibi.
1268 525 1574 581 Allerentur
1597 524 1654 578 in
1683 521 1867 579 laetitia
1895 530 1950 575 et
2046 523 2163 591 ejus
2203 525 2257 578 in
2289 523 2412 579 ﬁde.
2453 521 2639 593 Diligit
2666 519 3095 575 misericordiam
3129 527 3185 573 et
3208 517 3508 588 judicium:
3542 520 3655 575 mi-

370 627 766 685 exsultatione:
799 624 1134 679 adducentur
1172 620 1227 674 in
1251 617 1508 686 templum
1534 615 1696 685 regis.
1730 613 1838 669 Pro
1862 629 1952 683 pa-
2047 615 2341 670 sericordia
2384 612 2599 668 Domini
2645 611 2805 681 plena
2853 620 2937 666 est
2979 618 3143 665 terra.
3202 606 3377 665 Verbo
3421 608 3651 665 Domini

370 719 542 776 tribus
569 716 678 772 tuis
706 715 821 771 nati
847 720 975 769 sunt
997 711 1093 769 tibi
1121 709 1254 765 ﬁlii:
1300 707 1598 763 constitues
1624 722 1718 764 eos
1753 705 1951 777 princi-
2049 703 2171 759 εαξη
2205 703 2403 759 ﬁrmati
2439 710 2602 758 sunt:
2637 710 2694 757 et
2732 701 2926 771 spiritu
2964 700 3078 756 oris
3108 700 3227 770 ejus
3261 700 3444 756 omnis
3467 700 3647 755 virtus

369 823 467 878 pes
509 822 673 879 super
706 818 924 861 omnem
958 811 1180 858 terram.
1229 797 1432 853 Memor
1478 811 1573 852 ero
1606 795 1841 852 nominis
1873 793 1951 849 tui
2049 808 2257 849 eorum.
2298 791 2645 865 Congregans
2680 792 2824 848 sicut
2857 792 2916 847 in
2949 799 3071 846 utre
3100 805 3271 862 aquas
3304 791 3473 847 maris
3500 808 3516 847 :
3550 807 3655 863 po-
3692 856 3700 860 δ

371 899 426 954 in
452 898 599 955 omni
630 896 975 971 generatione
1003 901 1057 946 et
1084 888 1506 962 generationem.
1536 887 1830 957 Propterea
1863 901 1955 956 po-

370 989 480 1057 puli
510 986 907 1043 conﬁtebuntur
934 983 1032 1037 tibi
1074 982 1129 1036 in
1158 988 1455 1043 aeternum,
1506 986 1563 1033 et
1598 994 1653 1032 ll]
1698 975 1955 1034 saeculum

374 1080 578 1138 saeculi.

442 1172 647 1228 Oratio.
681 1170 895 1225 Christe
921 1166 1147 1222 Domine
1172 1163 1409 1221 Verbum
1433 1162 1631 1229 Patris,
1674 1178 1772 1233 per
1794 1176 1957 1232 quem

369 1271 566 1318 cuncta
591 1268 774 1316 creata
802 1264 932 1313 sunt
959 1265 1015 1312 et
1037 1263 1294 1312 creantur
1316 1272 1330 1308 :
1355 1252 1589 1319 custodi,
1623 1266 1957 1323 quaesumus,

369 1353 670 1411 Ecclesiam
693 1361 840 1406 tuam
872 1349 1137 1404 varietate
1162 1347 1405 1420 gentium
1433 1352 1817 1417 congregatam
1844 1384 1860 1409 ,
1900 1350 1962 1398 ut

370 1448 497 1502 dum
529 1454 583 1501 te
606 1460 671 1500 ex
701 1444 817 1513 ipsa
846 1438 1179 1497 credulitatis
1199 1437 1412 1508 justitia
1439 1436 1601 1493 corde
1624 1449 1761 1507 puro
1786 1434 1962 1506 diligi-

370 1555 516 1606 mus,
537 1536 899 1609 principatum
925 1532 1116 1587 aeterni
1132 1530 1314 1586 saeculi
1336 1545 1462 1585 cum
1480 1528 1733 1584 Patribus
1761 1542 1964 1583 meret»

372 1646 511 1687 mur.
543 1627 668 1683 Per.

440 1716 562 1774 Alia
588 1718 778 1772 oratio.
811 1715 1039 1770 Domine
1070 1713 1211 1768 Deus
1256 1720 1465 1776 noster,
1515 1711 1670 1781 cujus
1700 1710 1859 1765 sedes
1902 1708 1960 1762 in

2052 898 2188 939 nens
2225 884 2281 938 in
2308 883 2577 939 thesauris
2609 883 2853 955 abyssos.
2902 881 3116 938 Timeat
3144 880 3436 937 Dominum
3463 884 3649 939 omnis

2052 983 2199 1031 terra
2227 994 2240 1029 :
2271 977 2341 1031 ab
2369 990 2436 1032 eo
2456 984 2636 1031 autem
2663 982 3109 1031 commoveantur
3130 987 3322 1029 omnes
3343 973 3651 1030 inhabitan-

2055 1073 2138 1121 tes
2163 1066 2370 1122 orbem.
2410 1064 2680 1134 Quoniam
2709 1066 2826 1136 ipse
2851 1064 3017 1130 dixit,
3057 1071 3115 1118 et
3147 1061 3291 1119 facta
3321 1072 3487 1120 sunt:
3527 1062 3650 1134 ipso

2055 1156 2354 1223 mandavit,
2378 1165 2435 1213 et
2467 1164 2651 1211 creata
2672 1164 2817 1212 sunt.
2845 1155 3112 1211 Dominus
3153 1153 3385 1225 dissipat
3414 1155 3650 1211 consilia

2057 1246 2339 1317 gentium:
2388 1246 2644 1317 reprobat
2690 1255 2871 1302 autem
2918 1244 3276 1319 cogitationes
3307 1245 3649 1318 populorum,

2058 1345 2114 1392 et
2156 1337 2411 1408 reprobat
2462 1337 2688 1393 consilia
2731 1337 3062 1408 principum.
3116 1335 3419 1392 Consilium
3467 1344 3654 1391 autem

2061 1427 2275 1482 Domini
2310 1428 2367 1482 in
2395 1436 2660 1484 mternum
2688 1437 2905 1483 manet:
2946 1428 3304 1500 cogitationes
3328 1427 3510 1483 cordis
3533 1425 3655 1495 ejus

2062 1519 2118 1572 in
2162 1518 2511 1588 generatione
2538 1527 2594 1574 et
2625 1519 3051 1590 generationem.
3096 1518 3260 1573 Beata
3290 1534 3424 1590 gens
3441 1562 3456 1583 ,
3495 1521 3657 1591 cujus

2061 1615 2146 1661 est
2176 1607 2437 1663 Dominus
2460 1606 2606 1662 Deus
2641 1607 2794 1677 ejus:
2832 1608 3060 1678 populus
3085 1623 3248 1677 quem
3276 1609 3438 1680 elegit
3469 1610 3525 1663 in
3548 1610 3657 1664 bte-

2064 1698 2347 1753 reditatem
2396 1698 2521 1753 sibi.
2576 1697 2653 1753 De
2702 1699 2841 1753 coelo
2877 1699 3119 1768 respexit
3168 1698 3463 1765 Dominus,
3518 1699 3655 1755 vidit

367 1807 629 1867 κυουιιιω
656 1807 840 1863 sagum
860 1814 1043 1861 manu
1070 1824 1082 1858 ;
1125 1812 1341 1875 pasta,
1371 1811 1432 1858 ιιι
1455 1802 1575 1867 ubi,
1606 1801 1722 1856 Rex
1748 1808 1955 1864 noster,
1985 1781 2036 1841 Β
2060 1802 2249 1843 omnes
2281 1787 2419 1842 ﬁlios
2450 1787 2747 1842 hominum.
2782 1787 2860 1843 De
2893 1798 3193 1858 praeparato
3217 1789 3526 1846 babitaculo
3557 1807 3657 1845 suo

370 1915 536 1970 opera
560 1907 748 1956 nostra
775 1898 1097 1970 pandamus,
1126 1895 1216 1949 cui
1242 1904 1533 1964 antequam
1562 1892 1694 1946 ﬁant
1722 1899 1869 1955 nota,
1903 1897 1958 1943 et

372 2008 468 2060 per
489 2000 542 2045 te
565 1998 862 2061 praesentes
882 1994 1179 2059 potestates
1206 1984 1430 2041 scimus.
1465 1983 1587 2039 Per.

725 2102 1045 2158 PSALMUS
1072 2098 1603 2155 APOSTOLORUM.

427 2206 626 2290 ’(Ρελι.
656 2215 837 2289 xvm.)
863 2213 999 2269 Caeli
1030 2223 1289 2269 enat-rant
1309 2212 1536 2284 gloriam
1552 2211 1646 2267 Dei
1675 2230 1686 2264 :
1717 2192 1960 2281 etopera

374 2323 633 2364 manuum
685 2307 807 2377 ejus
862 2304 1152 2358 annuntiat
1198 2302 1615 2358 ﬁrmamentum.
1685 2300 1810 2356 Dies
1854 2299 1963 2354 diei

373 2408 585 2457 emetat
601 2398 826 2454 verbum
852 2417 864 2451 :
895 2405 951 2451 et
974 2411 1080 2451 nox
1106 2396 1249 2450 nocti
1276 2395 1482 2450 indicat
1507 2393 1812 2448 scientiam.
1845 2390 1962 2446 Non

376 2500 502 2547 sunt
525 2488 753 2560 loquela:
778 2502 956 2558 neque
986 2500 1289 2551 sermones,
1338 2499 1569 2556 quorum
1607 2499 1717 2538 non
1746 2483 1966 2538 audian-

335 2572 339 2576 ὶ
375 2596 464 2640 tur
488 2596 648 2640 voces
670 2595 880 2637 eorum.
924 2579 985 2634 ιιι
1011 2592 1227 2634 omnem
1251 2585 1455 2632 terram
1479 2576 1649 2631 exivit
1672 2590 1839 2631 sonus
1880 2590 1966 2630 eo-

375 2690 533 2730 rum:
574 2682 631 2729 et
672 2672 729 2727 in
769 2671 904 2725 ﬁnes
931 2671 1080 2725 orbis
1121 2678 1281 2724 terrae
1307 2669 1474 2723 verba
1502 2682 1707 2723 eorum.
1754 2667 1813 2722 ln
1853 2666 1964 2723 sole

374 2766 556 2836 posuit
580 2760 989 2818 tabernaculum
1011 2775 1169 2815 suum
1195 2777 1210 2813 :
1236 2767 1292 2814 et
1319 2759 1436 2829 ipse
1454 2766 1713 2828 tanquam
1734 2772 1965 2828 sponsus

374 2855 673 2927 procedens
699 2852 766 2908 de
791 2851 1027 2906 thalamo
1049 2865 1167 2906 suo.
1191 2849 1496 2905 Exsultavit
1518 2859 1579 2904 ut
1600 2849 1749 2921 gigas
1765 2847 1831 2903 ad
1851 2864 1968 2903 cur-

376 2948 602 3005 rendam
642 2947 821 3001 viam:
855 2960 886 2998 a
916 2957 1127 2999 summo
1163 2941 1303 2997 coelo
1338 2939 1581 3012 egressio
1610 2938 1745 3008 ejus.
1786 2938 1854 2992 Et
1878 2952 1969 2993 oc-

376 3056 570 3099 cursus
594 3038 713 3110 ejus
737 3053 912 3109 usque
954 3036 1023 3091 ad
1046 3049 1318 3091 summum
1341 3032 1483 3102 ejus,
1508 3047 1611 3088 nec
1634 3042 1739 3099 est,
1782 3031 1875 3102 qui
1906 3046 1965 3087 se

2061 1881 2302 1949 respexit
2353 1894 2516 1949 super
2580 1894 2769 1933 omnes
2829 1880 2922 1949 qui
2985 1880 3233 1935 habitant
3275 1892 3500 1937 terram.
3549 1881 3656 1948 Qui

2061 1969 2219 2024 ﬁnxit
2247 1968 2559 2039 singillatim
2584 1968 2746 2023 corda
2779 1984 2967 2024 eorum
2998 1988 3010 2022 :
3048 1970 3141 2040 qui
3179 1969 3431 2043 intelligit
3468 1972 3652 2025 omnia

2061 2079 2224 2134 opera
2260 2077 2467 2117 eorum.
2517 2060 2633 2116 Non
2670 2062 2910 2117 salvatur
2953 2062 3070 2117 Rex
3100 2078 3199 2134 per
3230 2063 3457 2119 multam
3491 2065 3657 2118 virtu-

2064 2163 2210 2210 tem:
2248 2164 2303 2209 et
2337 2155 2485 2226 gigas
2520 2170 2628 2209 non
2661 2154 2961 2211 salvabitur
2990 2157 3043 2210 in
3073 2156 3418 2212 multitudine
3439 2158 3658 2213 virtutis

2062 2262 2193 2302 suae.
2222 2245 2407 2301 Fallax
2436 2261 2608 2317 equus
2632 2246 2698 2300 ad
2730 2246 2979 2313 salutem,
3012 2248 3069 2303 in
3106 2249 3437 2304 abundantia
3473 2260 3656 2306 autem

2062 2339 2281 2393 virtutis
2317 2353 2426 2393 sua:
2461 2353 2569 2392 non
2615 2338 2929 2394 salvabitur.
2976 2339 3118 2395 Ecce
3153 2340 3295 2396 oculi
3322 2341 3542 2398 Domini
3571 2359 3661 2398 su-

2063 2443 2161 2497 per
2182 2436 2487 2484 metuentes
2511 2443 2657 2495 eum,
2693 2436 2749 2484 et
2772 2430 2827 2483 in
2870 2429 2953 2484 eis
2997 2431 3091 2500 qui
3115 2440 3338 2501 sperant
3363 2431 3529 2504 super
3558 2434 3662 2488 mi-

2064 2520 2362 2575 sericordia
2396 2518 2532 2589 ejus.
2571 2520 2640 2576 Ut
2666 2529 2822 2576 emat
2858 2537 2889 2575 a
2915 2530 3089 2577 morte
3121 2524 3326 2578 animas
3349 2539 3563 2589 eorum,
3605 2535 3666 2581 et

2064 2608 2174 2664 alat
2196 2624 2292 2664 eos
2331 2610 2388 2664 in
2414 2608 2575 2665 fame.
2618 2610 2811 2665 Anima
2844 2619 3033 2667 nostra
3059 2614 3289 2668 sustinet
3321 2612 3615 2668 Dominum
3644 2634 3660 2668 :

2063 2703 2320 2772 quoniam
2354 2700 2570 2771 adjutor
2592 2710 2650 2757 et
2680 2711 2958 2773 protector
2980 2712 3168 2759 noster
3188 2712 3291 2760 est.
3328 2703 3465 2772 Quia
3502 2705 3560 2759 in
3595 2720 3669 2760 eo

2064 2794 2334 2848 lretabitur
2379 2809 2473 2850 cor
2514 2802 2761 2848 nostrum
2798 2813 2811 2848 :
2856 2803 2912 2848 et
2954 2794 3008 2849 in
3053 2797 3273 2851 nomine
3311 2804 3501 2851 sancto
3542 2795 3668 2866 ejus

2065 2886 2421 2956 speravimus.
2462 2884 2583 2939 Fiat
2619 2885 2996 2941 misericordia
3039 2896 3153 2952 tua,
3205 2888 3454 2954 Domine,
3497 2904 3669 2958 super

2068 2992 2190 3041 nos,
2216 2976 2667 3047 quemadmodum
2702 2976 3041 3045 speravimus
3071 2978 3126 3032 in
3157 2987 3227 3033 te.

2141 3066 2210 3121 Ut
2231 3082 2412 3137 supra.
2442 3066 2677 3133 Sanctis,
2711 3067 2803 3137 qui
2833 3075 2962 3121 sunt
2982 3069 3037 3122 in
3060 3076 3204 3123 terra
3231 3069 3371 3139 ejus.
3397 3068 3580 3124 Gloria
3608 3080 3669 3126 et

379 3132 676 3190 abscondat
722 3145 755 3185 a
795 3127 976 3184 calore
1014 3125 1151 3196 ejus.
1202 3125 1315 3180 Lex
1357 3122 1572 3179 Domini
1620 3120 1961 3224 immaculata
1992 3130 2034 3190 ρ
2070 3157 2274 3212 honore
2295 3120 2570 3213 armis“
2590 3120 3267 3224 θοὲυτροεώεηζῡῶὦὲ

382 3234 704 3283 convertens
740 3223 950 3276 animas
976 3238 989 3273 :
1021 3217 1397 3273 testimonium
1423 3215 1634 3269 Domini
1665 3211 1823 3269 ﬁdele
1843 3254 1856 3277 ,
1885 3227 1968 3267 sa-

380 3320 640 3390 pientiam
674 3323 941 3386 praestans
967 3310 1226 3382 parvulis.
1281 3307 1514 3363 Iustitia:
1539 3305 1752 3360 Domini
1782 3312 1964 3368 rectm,

383 3409 719 3463 laetiﬁcantes
744 3404 906 3459 corda
932 3421 945 3455 :
972 3409 1298 3470 praeceptum
1327 3397 1542 3452 Domini
1567 3395 1827 3459 lucidum,
1856 3394 1970 3449 illu-

382 3501 597 3555 minans
624 3494 829 3551 oculos.
870 3490 1056 3545 Timor
1094 3488 1306 3551 Domini
1347 3494 1568 3542 sanctus
1601 3492 1885 3554 permanet
1912 3483 1965 3537 in

384 3566 637 3645 saeculum
667 3582 849 3639 steculi
873 3600 885 3635 :
913 3578 1115 3649 judicia
1144 3576 1357 3631 Domini
1386 3590 1535 3640 vera,
1573 3572 1867 3642 justiﬁcata
1911 3573 1966 3626 in

385 3676 693 3746 semetipsa.
749 3668 1135 3727 Desiderabilia
1187 3680 1350 3736 super
1395 3679 1587 3719 aurum
1639 3671 1695 3717 et
1737 3663 1970 3733 lapidem

388 3771 680 3843 pretiosum
715 3764 944 3820 multum
970 3779 981 3815 :
1010 3768 1067 3815 et
1092 3758 1332 3815 dulciora
1358 3771 1523 3825 super
1550 3754 1658 3811 mel
1692 3762 1749 3809 et
1768 3752 1967 3808 favum.

387 3859 599 3917 Etenim
628 3869 818 3912 servus
843 3862 968 3909 tuus
992 3850 1230 3906 custodit
1255 3863 1319 3903 ea
1346 3865 1358 3901 :
1396 3848 1450 3901 in
1472 3845 1841 3902 custodiendis
1867 3845 1973 3900 illis

388 3949 675 4007 retributio
704 3945 891 4002 multa.
936 3942 1140 3997 Delicta
1170 3940 1291 4010 quis
1323 3937 1614 4010 intelligit?
1642 3938 1712 3992 ab
1748 3935 1973 3991 occultis

336 4066 343 4069 ·
388 4043 525 4098 meis
552 4038 751 4094 munda
779 4051 896 4103 me,
945 4042 1000 4089 et
1039 4034 1107 4087 ab
1143 4031 1334 4085 alienis
1374 4044 1538 4111 parce
1570 4042 1729 4084 servo
1760 4037 1872 4082 tuo.
1914 4026 1972 4081 Si

388 4137 495 4191 mei
525 4149 634 4190 non
660 4130 863 4187 fuerint
888 4126 1173 4190 dominati,
1201 4133 1331 4177 tunc
1356 4120 1733 4177 immaculatns
1756 4134 1852 4176 ero
1877 4138 1890 4173 :
1921 4127 1978 4174 et

388 4223 724 4283 emundabor
751 4236 783 4276 a
807 4218 1006 4274 delicto
1036 4215 1292 4270 maximo.
1333 4213 1403 4268 Et
1436 4220 1619 4277 erunt,
1660 4220 1722 4267 ut
1747 4210 1978 4281 compla-

349 4355 356 4374 .
384 4324 553 4372 ceant
587 4313 803 4385 eloquia
827 4310 941 4365 oris
967 4309 1098 4373 mei,
1143 4315 1199 4361 et
1238 4305 1522 4361 meditatio
1565 4304 1746 4359 cordis
1783 4304 1889 4360 mei
1920 4304 1976 4358 in

391 4413 687 4477 conspectu
728 4410 821 4459 tuo
849 4414 1079 4469 semper.
1128 4397 1376 4462 Domine,
1405 4396 1620 4467 adjutor
1643 4409 1798 4450 meus
1823 4402 1879 4451 et
1899 4408 1979 4449 re-

382 4502 640 4572 demptor
665 4514 837 4554 meus.

458 4590 535 4647 ‘Ut
560 4608 739 4663 supra.
787 4587 1024 4654 Sanctis,
1072 4583 1164 4656 qui
1212 4590 1375 4649 sunt;
1417 4582 1471 4636 in
1518 4594 1737 4636 omnem
1775 4589 1976 4637 terram

384 4684 566 4742 exivit
588 4698 754 4740 sonus
782 4696 987 4737 eorum.
1016 4676 1333 4735 Constitues
1360 4689 1474 4729 eos.
1521 4670 1693 4728 Nimis
1726 4672 1978 4730 honorati

396 4784 524 4832 sunt
547 4774 709 4830 amici
737 4773 816 4827 tui
843 4772 1004 4826 Deus.
1556 4810 1563 4820 .

472 4865 630 4939 109
656 4864 860 4920 Oratio.
888 4862 1137 4928 Domine,
1167 4867 1293 4916 ante
1312 4874 1474 4931 quem
1501 4858 1681 4915 nullus
1703 4859 1986 4915 abscondi-

390 4971 486 5016 .tur
513 5001 527 5026 ,
556 4975 589 5014 a
616 4956 766 5027 cujus
800 4954 1149 5025 inquisitione
1183 4952 1325 5024 quod
1359 4952 1555 5018 latitat,
1598 4966 1708 5008 non
1734 4951 1978 5021 uelatur;

398 5053 468 5109 ab
494 5048 723 5108 occultis
758 5045 965 5101 nostris
1007 5044 1208 5100 munda
1236 5059 1337 5099 nos
1362 5083 1378 5109 ,
1415 5051 1471 5099 et
1496 5043 1567 5099 ab
1592 5043 1785 5100 alienis
1819 5059 1983 5115 parce

398 5144 573 5201 servis
598 5141 707 5197 tuis
727 5180 743 5206 ,
783 5146 840 5196 et
876 5143 1074 5209 przesta
1118 5142 1180 5189 ut
1223 5134 1647 5190 examinationis
1671 5142 1777 5190 tua;
1803 5134 1983 5189 calore

399 5235 610 5306 paritas
633 5248 665 5288 a
694 5237 748 5287 te
768 5242 1029 5287 concessa
1050 5239 1162 5282 non
1189 5232 1401 5281 aestuet.

811 5339 1126 5398 PSALMUS
1164 5336 1355 5394 MART
1364 5336 1577 5395 YRUM.

474 5462 653 5533 (PSM..
683 5459 883 5532 xxxii.)
914 5450 1345 5526 Exsultatejusti
1389 5456 1448 5511 in
1490 5455 1758 5511 Domino:
1810 5462 1987 5511 rectos

404 5553 561 5609 decet
598 5553 940 5609 collaudatio.
986 5548 1332 5605 Conﬁtemini
1371 5547 1598 5603 Domino
1645 5547 1699 5602 in
1737 5546 1983 5603 cithara:

404 5651 462 5703 1n
491 5645 745 5717 psalterio
767 5644 952 5700 decem
978 5641 1302 5698 chordarum
1328 5638 1539 5711 psallite
1567 5639 1662 5695 illi.
1689 5639 1916 5697 Cantate
1937 5640 1988 5697 ei

409 5738 681 5794 canticum
706 5749 943 5790 novum:
984 5733 1123 5788 bene
1158 5730 1367 5801 psallite
1394 5733 1441 5787 ei
1487 5732 1539 5786 in
1578 5730 1985 5787 vociferatione.

2140 3247 2344 3303 Oratio.
2374 3247 2496 3303 Fiat
2518 3249 2890 3304 misericordia
2923 3258 3035 3316 tua,
3071 3246 3320 3315 Domine,
3355 3266 3520 3322 super
3539 3269 3665 3318 nos.

2067 3350 2122 3395 et
2144 3341 2428 3396 animabus
2463 3343 2665 3397 nostris
2704 3341 3024 3412 patientiam
3053 3344 3123 3399 ad
3155 3344 3339 3399 omnia
3384 3345 3669 3402 toleranda

2069 3430 2334 3499 adjutorio
2358 3440 2461 3485 tua:
2481 3432 2838 3502 protectionis
2860 3434 3076 3490 insinua
3101 3452 3116 3500 ;
3147 3445 3203 3491 et
3225 3437 3317 3506 qui
3348 3437 3669 3508 singillatim

2069 3520 2232 3575 corda
2268 3521 2547 3576 hominum
2581 3522 2764 3595 ﬁngis,
2807 3540 2903 3595 spe
2939 3533 3028 3580 tua
3071 3527 3404 3593 sanctiﬁces,
3449 3537 3505 3583 et
3538 3530 3672 3599 quia

2068 3610 2211 3666 oculi
2238 3612 2316 3666 tui
2349 3627 2512 3682 super
2543 3629 2637 3669 eos
2661 3623 2809 3680 sunt,
2838 3617 2931 3686 qui
3152 3615 3336 3689 [Forte
3357 3620 3530 3691 suppl.
3560 3637 3676 3676 mm

2070 3701 2273 3775 tuunt],
2313 3704 2522 3760 timoris
2559 3706 2635 3759 tui
2667 3708 2733 3763 da
2766 3708 2925 3763 nobis
2954 3709 3370 3779 plenitudinem,
3408 3720 3470 3766 ut
3501 3714 3672 3768 etiam

2073 3795 2316 3862 aspectui
2346 3794 2599 3851 conferas
2624 3796 2964 3867 dignitatem.

2376 3949 2696 4007 PSALMUS
2731 3952 2898 4007 ITEM
2934 3954 3349 4013 MARTYRUM.

2147 4082 2325 4154 (Psaa.
2372 4083 2624 4165 uxvut.)
2673 4083 2832 4149 Deus,
2868 4096 3133 4142 venerunt
3153 4095 3343 4159 gentes
3368 4087 3421 4142 in
3445 4088 3683 4144 haeredi-

2075 4178 2243 4226 tatem
2270 4180 2439 4237 tuam,
2466 4171 2771 4241 polluerunt
2796 4174 3058 4244 templum
3080 4185 3333 4232 sanctum
3356 4186 3505 4232 tuum
3531 4196 3546 4230 :
3583 4193 3683 4247 po-

2077 4272 2304 4319 suerunt
2334 4262 2669 4319 Hierusalem
2710 4265 2768 4319 in
2796 4280 3080 4335 pomorum
3114 4268 3438 4324 custodiam.
3478 4268 3682 4325 Posue-

2078 4364 2210 4410 runt
2259 4355 2545 4411 morticina
2587 4371 2869 4412 servorum
2913 4367 3131 4413 tuorum
3173 4373 3330 4415 escas
3365 4359 3683 4417 volatilibus

2080 4445 2243 4501 cceli:
2277 4460 2473 4502 carnes
2494 4455 2809 4503 sanctorum
2840 4455 3058 4503 tuorum
3092 4449 3287 4505 bestiis
3318 4438 3493 4505 terrae.
3534 4450 3683 4506 επη-

2079 4535 2278 4591 derunt
2296 4536 2616 4608 sanguinem
2642 4553 2832 4593 eorum
2865 4546 3123 4609 tanquam
3139 4554 3338 4610 aquam
3361 4539 3417 4594 in
3436 4540 3679 4597 circuitu

2081 4625 2417 4681 Hierusalem
2446 4646 2458 4681 :
2486 4636 2543 4683 et
2570 4643 2680 4683 non
2711 4638 2850 4694 erat,
2877 4629 2970 4699 qui
3001 4629 3276 4700 sepeliret.
3310 4629 3461 4687 Facti
3485 4647 3683 4690 sumus

2079 4719 2428 4789 opprobrium
2469 4721 2663 4775 vicinis
2707 4722 2940 4787 nostris,
2992 4723 3347 4779 subsannatio
3388 4731 3446 4779 et
3493 4722 3682 4779 illusio

1986 4844 1993 4855 ι
2080 4810 2168 4865 bis
2201 4810 2293 4880 qui
2327 4810 2384 4864 in
2406 4811 2637 4866 circuitu
2666 4820 2854 4868 nostro
2884 4821 3029 4869 sunt.
3064 4812 3375 4883 Usquequo,
3424 4813 3676 4877 Domine,

2084 4902 2341 4958 irasceris
2389 4903 2445 4957 in
2489 4901 2656 4958 ﬁnem
2697 4923 2710 4957 :
2749 4904 3078 4960 accendetur
3131 4904 3279 4961 velut
3330 4906 3471 4977 ignis
3526 4907 3679 4962 zelus

2088 4996 2257 5052 tuus?
2282 4993 2509 5050 Eﬁ'unde
2535 4995 2672 5049 iram
2703 5002 2852 5049 tuam
2875 4996 2931 5050 in
2967 5004 3178 5067 gentes,
3212 5011 3335 5067 qua:
3368 5005 3422 5051 te
3448 5012 3560 5051 non
3584 5012 3680 5052 no-

2086 5096 2318 5141 verunt:
2352 5094 2407 5139 et
2445 5085 2503 5139 in
2539 5100 2704 5158 regna
2749 5102 2869 5156 quae
2906 5101 3104 5144 nomen
3138 5095 3293 5143 tuum
3318 5102 3427 5143 non
3462 5087 3683 5143 invoca-

2088 5186 2304 5235 verunt.
2341 5178 2476 5246 Quia
2513 5177 2869 5235 comederunt
2891 5178 3093 5246 Jacob,
3125 5191 3183 5236 et
3222 5180 3403 5236 locum
3432 5180 3556 5249 ejus
3592 5180 3686 5236 de;

2090 5272 2417 5327 solaverunt.
2474 5268 2551 5325 Ne
2603 5273 2917 5329 memineris
2968 5273 3316 5344 iniquitatum
3366 5282 3679 5331 nostrarum

2092 5365 2471 5435 antiquarum:
2511 5364 2620 5419 cito
2649 5364 2953 5434 anticipent
2991 5381 3093 5422 nos
3129 5366 3517 5423 misericordia:
3547 5375 3681 5429 tuae,

2092 5457 2219 5528 quia
2251 5472 2518 5529 pauperes
2559 5455 2687 5511 facti
2720 5472 2907 5513 sumus
2932 5458 3115 5515 nimis.
3156 5458 3364 5531 Adjuva
3391 5474 3514 5525 nos,
3537 5458 3683 5513 Deus

2092 5547 2346 5603 salutaris
2370 5555 2557 5603 noster
2583 5566 2596 5602 :
2630 5556 2686 5603 et
2716 5556 2936 5619 propter
2958 5548 3185 5618 gloriam
3196 5549 3439 5606 nominis
3459 5548 3559 5614 tui,
3582 5548 3684 5602 De-

2092 5639 2261 5704 mine,
2303 5637 2472 5694 libera
2496 5653 2620 5703 nos,
2665 5646 2722 5694 et
2761 5638 3027 5709 propitius
3051 5648 3171 5698 esto
3201 5640 3443 5711 peccatis
3477 5637 3682 5696 nostris

2092 5736 2313 5799 propter
2354 5743 2548 5783 nomen
2592 5737 2762 5783 tuum.
2814 5728 2890 5785 Ne
2922 5729 3059 5786 forte
3085 5732 3270 5787 dicant
3303 5732 3357 5786 in
3384 5730 3675 5802 gentibus:
