3894 6182
262 264 360 325 589

1253 263 1647 323 LITURGICA.
1691 295 1761 305 --
1800 262 2067 319 OFFICIA
2107 253 2241 316 PER
2280 261 2547 317 FERIAS.

3421 262 3525 316 590

254 379 343 434 ubi
378 385 465 434 est
500 375 646 432 Deus
676 377 908 431 eorum?
959 383 1013 429 ct
1057 375 1398 431 innotescant
1444 376 1497 430 in
1537 375 1840 431 nationibus
1874 382 1916 437 Λ
1949 374 2083 427 cula.
2119 373 2449 431 Commendo
2480 375 2715 429 animam
2747 390 2918 427 meam
2955 392 3007 429 in
3044 393 3234 432 manus
3274 379 3529 448 potentia!

250 484 433 525 coram
464 468 640 523 oculis
674 467 895 522 nostris.
937 465 1082 522 Ultio
1104 467 1385 538 sanguinis
1417 482 1699 523 servorum
1731 475 1843 523 tuo-

248 575 393 625 rum,
444 559 541 630 qui
582 556 787 614 effusus
809 566 916 623 est,
960 557 1197 615 introeat
1222 558 1277 614 in
1312 568 1606 629 conspectu
1641 567 1734 614 tuo
1759 575 1845 630 ge-

248 653 418 707 mitus
443 650 897 721 compeditorum.
937 650 1250 706 Secundum
1272 651 1696 721 magnitudinem
1718 650 1844 705 bra-

246 742 356 798 chii
388 741 468 797 tui
500 739 721 810 posside
753 738 891 796 ﬁlios
921 740 1388 796 mortiﬁcatorum.
1418 740 1487 795 Et
1514 740 1678 797 redde
1708 739 1843 796 vici-

246 832 341 888 nis
363 824 577 887 nostris
598 830 902 904 septuplum
935 830 990 887 in
1026 831 1149 886 sinu
1184 846 1371 886 eorum
1401 850 1413 884 :
1459 831 1843 903 improperium

245 924 493 994 ipsorum
519 962 536 987 ,
582 921 726 992 quod
755 923 1221 993 exprobraverunt
1262 922 1382 989 tibi,
1427 921 1674 979 Domine.
1736 923 1844 979 Nos

244 1024 433 1072 autem
456 1015 689 1088 pupulas
723 1021 843 1070 tuus
868 1022 925 1069 et
950 1028 1080 1071 oves
1104 1030 1317 1086 pascua:
1340 1023 1445 1071 tua:
1467 1015 1844 1072 conﬁtebimur

248 1106 349 1161 tibi
381 1107 437 1162 in
462 1105 744 1162 saeculum.
777 1105 835 1162 ln
863 1107 1212 1178 generatione
1243 1113 1300 1163 et
1320 1105 1722 1178 generationem
1749 1122 1845 1162 an-

246 1197 625 1254 nuntiabimus
659 1198 872 1254 laudem
908 1206 1075 1253 tuam.

330 1289 488 1360 llo
524 1286 595 1343 Πι
622 1305 804 1359 supra.
842 1286 994 1345 Oculi
1033 1288 1245 1345 Domini
1288 1305 1453 1360 super
1476 1290 1672 1361 justos.
1723 1290 1846 1349 Pre-

242 1380 389 1435 tiosa
427 1380 483 1434 in
520 1387 821 1451 conspectu
849 1380 1084 1435 Domini.
1116 1379 1394 1436 Justorum
1427 1381 1642 1436 animm.

326 1470 530 1527 Oratio.
562 1469 641 1527 Ne
663 1471 977 1528 memineris
1010 1472 1358 1542 iniquitatum
1403 1480 1712 1529 nostrarum
1753 1490 1847 1527 an-

244 1563 526 1633 tiquarum
544 1603 562 1627 ,
589 1562 838 1627 Domine,
866 1576 1043 1633 neque
1086 1576 1184 1618 nos
1214 1563 1493 1634 originalis
1518 1563 1674 1634 culpa
1714 1579 1847 1619 con-

246 1655 456 1718 tristet,
491 1668 629 1726 quos
648 1653 886 1710 secunda
915 1652 1172 1708 nativitas
1208 1653 1264 1707 in
1286 1652 1502 1709 Christo
1536 1660 1840 1726 regenerat.

1946 474 2072 531 tum,
2111 474 2170 519 ut
2192 466 2469 522 custodias
2499 481 2618 520 eam
2646 466 2833 521 diebus
2857 482 2920 521 ac
2963 468 3234 534 noctibus,
3274 467 3423 523 horis
3452 475 3528 522 at-

1943 572 2046 625 que
2062 557 2367 613 momentis.
2395 556 2649 612 Miserere
2675 557 2801 621 mei,
2834 558 2974 613 Deus
2991 559 3323 630 angelorum.
3348 557 3530 631 Dirige

1944 663 2031 703 me
2061 649 2175 705 Rex
2209 649 2676 721 archangelorum.
2723 650 2944 707 Custodi
2988 642 3077 708 me
3120 668 3219 725 per
3256 652 3530 711 orationes

1943 738 2390 808 patriarcharum,
2418 754 2516 810 per
2547 741 2739 797 merita
2771 743 3174 816 prophetarum,
3215 760 3314 817 per
3344 743 3533 804 sum-a-

1944 828 2030 899 gia
2048 827 2445 898 apostolorum,
2467 843 2567 900 per
2588 830 2840 889 victorias
2871 842 3193 905 martyrum,
3226 850 3326 909 per
3366 835 3531 895 ﬁdem

1944 919 2313 976 confessorum
2340 962 2355 988 ,
2404 936 2504 991 per
2546 923 2991 982 intercessionem
3039 927 3281 985 omnium
3322 936 3535 986 sancto-

1944 1027 2088 1079 rum,
2122 1013 2213 1084 qui
2248 1013 2344 1070 tibi
2384 1014 2706 1085 placuerunt
2727 1017 2797 1073 ab
2818 1018 3027 1091 origine
3049 1020 3240 1077 mundi
3268 1037 3444 1095 usque
3463 1022 3533 1079 ad

1944 1106 2465 1163 consummationem
2490 1108 2693 1164 szeculi.
2732 1108 2864 1166 Oret
2887 1126 2986 1182 pro
3016 1127 3104 1167 me
3124 1120 3347 1170 sanctus
3372 1112 3530 1180 Abel,

1943 1197 2035 1267 qui
2058 1198 2264 1267 primus
2290 1207 2580 1255 coronatus
2609 1210 2691 1256 est
2715 1205 2992 1274 martyrio.
3018 1204 3149 1262 Oret
3170 1220 3271 1278 pro
3299 1222 3388 1263 me
3412 1222 3533 1264 δρη-

1945 1294 2067 1341 ctus
2104 1286 2269 1351 Seth,
2314 1288 2404 1360 qui
2447 1291 2654 1360 primus
2702 1294 2866 1364 coepit
2898 1295 3150 1351 invocare
3191 1312 3389 1354 nomen
3431 1297 3532 1355 Do-

1946 1378 2098 1432 mini.
2146 1378 2277 1434 Oret
2306 1396 2403 1450 pro
2453 1397 2538 1436 me
2584 1392 2806 1440 sanctus
2836 1386 3048 1452 Enoch,
3100 1386 3195 1458 qui
3239 1390 3535 1447 ambulavit

1946 1488 2068 1525 cum
2096 1471 2227 1537 Deo,
2267 1481 2321 1529 et
2356 1475 2651 1530 translatus
2677 1483 2763 1531 est
2792 1476 2859 1531 de
2895 1478 3114 1533 mundo.
3166 1479 3295 1535 Oret
3324 1497 3425 1552 pro
3446 1499 3533 1537 me

1946 1568 2167 1618 sanctus
2199 1562 2332 1629 Noe,
2365 1581 2525 1636 quem
2562 1566 2705 1623 Deus
2730 1569 2966 1626 servavit
2988 1570 3043 1625 in
3084 1571 3283 1628 diluvio
3317 1584 3536 1647 propter

1942 1652 2227 1723 justitiam.
2281 1656 2411 1712 Oret
2443 1673 2541 1728 pro
2566 1674 2653 1713 me
2685 1658 3073 1717 Melchisedech
3105 1679 3200 1719 rex
3218 1664 3416 1736 justus,
3442 1669 3534 1739 qui

242 1722 636 1817 Apprehendat
666 1759 768 1807 nos
809 1744 995 1815 itaque
1022 1744 1388 1800 misericordia
1431 1751 1546 1808 tua,
1589 1722 1837 1809 Domine,
1877 1722 2183 1801 Bobviavit
2219 1722 2486 1815 Abrahae,
2542 1757 2598 1803 et
2640 1750 2917 1807 benedixit
2962 1753 3033 1809 ei.
3092 1722 3265 1828 Roget
3304 1722 3415 1829 pro.
3449 1722 3537 1814 me

240 1837 381 1908 quia
403 1835 631 1895 Greater
657 1835 895 1891 hominis
938 1835 997 1890 in
1043 1835 1263 1891 homine
1298 1835 1561 1897 nascitur,
1595 1843 1650 1890 et
1680 1835 1843 1890 homo

244 1928 310 1982 in
357 1927 470 1982 Deo
507 1926 858 1999 gloriﬁcando
916 1924 1125 1998 [ρον-ω,
1170 1925 1575 1998 gloriﬁcandus]
1624 1928 1849 1980 assumi—

250 2029 369 2073 tur.

610 2104 933 2167 PSALMUS
967 2106 1368 2167 CONFESSOR
1378 2109 1473 2165 ΠΜ
1483 2150 1493 2162 .

320 2223 502 2296 (Pst.
559 2221 778 2295 cum.)
829 2220 944 2279 Nisi
977 2221 1106 2294 quia
1141 2223 1401 2278 Dominus
1429 2231 1550 2278 erat
1578 2222 1633 2277 in
1665 2223 1839 2283 nobis.

250 2314 397 2372 dicat
420 2323 556 2371 tunc
584 2314 752 2370 Israel
779 2332 794 2367 :
827 2314 934 2370 nisi
965 2313 1094 2385 quia
1132 2313 1392 2370 Dominus
1420 2320 1540 2368 erat
1575 2313 1631 2369 in
1667 2314 1840 2370 nobis.

247 2405 384 2462 Cum
408 2412 769 2477 exsurgerent
788 2406 1037 2462 homines
1064 2406 1119 2461 in
1159 2420 1281 2470 nos,
1326 2405 1463 2462 forte
1483 2405 1637 2462 vivos
1662 2406 1845 2478 deglu-

251 2496 448 2553 tissent
484 2510 604 2553 nos.
650 2493 786 2552 Cum
830 2496 1160 2552 irasceretur
1199 2496 1352 2553 furor
1380 2512 1567 2553 eorum
1608 2496 1663 2552 in
1703 2512 1840 2551 nos:

252 2586 478 2643 forsitan
510 2602 652 2658 aqua
686 2586 1056 2643 absorbuisset
1079 2602 1199 2644 nos.
1230 2585 1550 2645 Torrentem
1573 2597 1849 2659 pertrans-

253 2677 352 2732 ivit
404 2676 588 2734 anima
638 2684 826 2733 nostra
880 2695 893 2730 :
945 2675 1173 2733 forsitan
1217 2678 1605 2749 pertransisset
1662 2678 1842 2734 anima

252 2777 441 2828 nostra
489 2784 687 2842 aquam
725 2768 1146 2835 intolerabilem.
1192 2768 1516 2824 Benedictus
1560 2769 1843 2832 Dominus,

251 2859 346 2930 qui
383 2874 493 2916 non
545 2859 692 2916 dedit
737 2873 838 2915 nos
884 2858 939 2914 in
982 2859 1291 2931 captionem
1337 2858 1595 2915 dentibus
1631 2875 1840 2915 eorum.

256 2947 450 3006 Anima
493 2958 683 3006 nostra
713 2948 860 3005 sicut
890 2963 1083 3020 passer
1107 2956 1292 3019 erepta
1316 2957 1403 3002 est
1434 2949 1499 3002 de
1524 2948 1716 3019 laqueo
1746 2963 1841 3003 ve-

256 3039 523 3096 nantium.
572 3037 824 3111 Laqueus
851 3039 1119 3096 conttitus
1147 3046 1270 3094 est:
1311 3046 1365 3093 et
1396 3054 1495 3095 nos
1521 3039 1732 3095 liberati
1759 3056 1843 3094 su-

256 3146 396 3188 mus.
439 3130 782 3202 Adjutorium
812 3140 1055 3189 nostrum
1093 3131 1148 3185 in
1195 3132 1415 3187 nomine
1452 3132 1700 3187 Domini:
1750 3133 1841 3203 qui

259 3220 390 3278 fecit
418 3221 618 3276 ctelum
641 3229 698 3277 et
733 3229 953 3278 terram.
1064 3207 1069 3213 ’

327 3309 396 3365 Ut
450 3328 633 3382 supra.
683 3310 895 3367 Inimici
920 3311 1260 3369 defecerunt
1314 3312 1516 3369 framea
1563 3312 1841 3386 [Vulgata,

258 3400 499 3474 framea]
535 3401 592 3456 in
640 3400 826 3458 ﬁnem.
884 3402 1210 3459 Destruxisti
1258 3418 1448 3460 omnes
1502 3420 1660 3476 sepes
1703 3404 1839 3473 ejus.

260 3493 496 3550 Laudem
527 3493 742 3551 Domini
767 3493 1019 3567 loquetur
1041 3511 1103 3551 os
1124 3511 1323 3551 meum.

331 3584 538 3641 Oratio.
571 3585 862 3653 Converte,
911 3586 1173 3651 Domine,
1215 3588 1471 3659 laqueos,
1511 3605 1646 3660 quos
1687 3591 1845 3645 nobis

263 3678 340 3745 hi,
367 3679 460 3751 qui
484 3680 697 3735 animas
722 3686 937 3736 nostras
975 3680 1165 3735 venari
1201 3689 1490 3747 conantur,
1525 3689 1840 3752 opponunt;

262 3777 318 3824 et
339 3769 738 3843 adversantium
767 3779 929 3839 atque
957 3769 1347 3839 captivantium
1373 3784 1474 3825 nos
1505 3770 1730 3825 insidias
1754 3771 1848 3824 ad-

264 3857 439 3928 jutorii
476 3858 556 3913 tui
580 3857 934 3928 opitulatione
967 3858 1261 3923 conturba,
1292 3858 1418 3928 quia
1445 3858 1549 3913 nisi
1576 3866 1633 3913 tu
1664 3858 1720 3913 in
1753 3874 1848 3913 no-

266 3948 343 4003 bis
374 3947 568 4013 fueris,
593 3955 703 4001 tam
723 3963 826 4002 nos
856 3955 1037 4017 potest
1066 3947 1341 4002 contraria
1363 3947 1536 4002 virtus
1560 3946 1844 4018 deglutire,

265 4054 420 4109 quam
441 4040 751 4095 absorbere.
786 4038 919 4095 Esto
949 4054 1229 4097 servorum
1252 4047 1468 4095 tuorum
1492 4047 1549 4095 et
1578 4048 1763 4096 custos
1792 4049 1850 4097 et

262 4133 518 4202 praevius,
549 4139 612 4187 ut
632 4132 959 4205 spiritalium
990 4133 1353 4204 nequitiarmn
1373 4133 1704 4203 muscipulas
1736 4150 1845 4190 non

266 4222 547 4290 ineumt;
576 4232 639 4280 ut
663 4224 909 4289 volatus,
941 4224 1139 4294 quibus
1167 4224 1238 4279 ad
1273 4232 1326 4279 te
1357 4225 1544 4279 venire
1577 4226 1846 4292 nituntur,

267 4322 380 4370 tota
409 4313 685 4371 alacritate
706 4322 1022 4373 exerceant.

1946 1834 2117 1891 ﬁdelis
2156 1836 2452 1902 Abraham,
2501 1840 2592 1910 qui
2638 1841 2844 1910 primus
2871 1843 3120 1911 credidit,
3172 1846 3537 1919 cuireputata

1945 1935 2028 1981 cst
2049 1927 2183 1984 ﬁdes
2206 1930 2271 1983 ad
2294 1930 2582 1999 justitiam.
2608 1931 2911 1990 Intercedat
2930 1950 3028 2004 pro
3054 1952 3141 1992 me
3155 1937 3337 2009 justus
3360 1940 3532 2006 Isaac.

1946 2016 2037 2085 qui
2068 2016 2167 2072 fuit
2199 2018 2459 2073 obediens
2489 2020 2629 2088 patri
2670 2036 2840 2092 usque
2885 2024 2954 2079 ad
2985 2036 3239 2094 mortem,
3276 2029 3331 2085 in
3360 2047 3541 2088 exem-e

1946 2104 2091 2172 plum
2119 2104 2330 2161 Domini
2357 2109 2527 2162 nostri
2555 2107 2681 2164 Jesu
2719 2112 2941 2179 Christi,
2967 2116 3059 2185 qui
3082 2117 3294 2176 oblatus
3315 2128 3399 2177 est
3427 2122 3538 2179 Deo

1946 2194 2091 2250 Patri
2119 2212 2216 2266 pro
2238 2196 2407 2252 salute
2440 2199 2644 2254 mundi.
2695 2199 2937 2257 Postulet
2959 2219 3058 2275 pro
3089 2223 3175 2262 me
3197 2206 3326 2265 felix
3345 2210 3536 2277 Iacob,

1946 2287 2038 2357 qui
2069 2287 2200 2343 vidit
2234 2289 2454 2362 angelos
2502 2291 2596 2346 Dei
2629 2300 2683 2346 et
2726 2293 2940 2351 Domini
2984 2298 3266 2358 venientes
3300 2303 3355 2359 in
3387 2307 3542 2362 auxi-

1944 2381 2075 2436 lium
2119 2383 2238 2438 sibi.
2290 2383 2419 2439 Oret
2458 2401 2557 2455 pro
2589 2402 2675 2441 me
2725 2389 2914 2445 beatus
2958 2389 3193 2464 Ioseph,
3238 2396 3332 2466 qui
3380 2397 3542 2458 solvit

1946 2474 2155 2528 somnia
2180 2475 2343 2547 regis,
2371 2484 2425 2530 et
2448 2477 2831 2549 interpretatus
2858 2489 2964 2546 est,
3002 2492 3059 2537 et
3078 2483 3341 2547 liberatus
3364 2496 3448 2544 est
3472 2489 3541 2544 de

1947 2579 2188 2620 carcere.
2234 2566 2366 2621 Oret
2412 2583 2511 2637 pro
2546 2583 2633 2623 me
2668 2581 2890 2626 sanctus
2927 2572 3057 2639 Job,
3101 2591 3333 2647 magnus
3364 2586 3421 2636 et
3451 2596 3544 2652 pa-

1949 2655 2125 2720 tiens,
2165 2656 2258 2726 qui
2293 2657 2426 2713 nihil
2451 2660 2698 2727 peccavit
2739 2660 2793 2715 in
2838 2660 2996 2718 labiis
3024 2665 3162 2731 suis,
3204 2666 3259 2722 in
3287 2670 3543 2728 omnibus

1935 2760 2066 2814 aqua:
2101 2746 2417 2803 acciderunt
2465 2748 2557 2805 illi.
2616 2749 2743 2805 Oret
2794 2767 2893 2823 pro
2942 2768 3028 2809 me
3077 2755 3271 2814 beatus
3307 2759 3541 2833 Moyses,

1946 2852 2069 2892 cum
2094 2853 2202 2909 quo
2235 2838 2444 2897 locutus
2480 2853 2563 2898 est
2598 2843 2741 2901 Deus
2777 2844 2916 2902 facie
2938 2848 3005 2904 ad
3041 2847 3260 2908 faciem.
3295 2850 3543 2927 Oretpro

1946 2944 2034 2986 me
2068 2930 2265 2987 lliesus
2288 2932 2429 2995 illius
2453 2933 2595 3000 Nun,
2641 2952 2803 3006 quem
2841 2939 3075 3011 elegisti,
3122 2940 3373 3012 Domine,
3416 2955 3544 3018 post

1949 3022 2166 3093 Moysen
2228 3023 2485 3081 famulum
2519 3036 2689 3083 tuum.
2729 3028 2861 3086 Oret
2899 3046 3000 3103 pro
3031 3049 3119 3089 me
3174 3045 3399 3095 sanctus
3448 3039 3545 3098 Sa-

1951 3119 2090 3173 muel
2114 3120 2399 3190 propheta,
2429 3120 2518 3190 qui
2542 3120 2822 3179 benedixit
2845 3132 2900 3180 et
2929 3127 3087 3183 unxit
3107 3127 3245 3185 duos
3268 3144 3429 3202 reges
3458 3147 3547 3190 su-

1947 3225 2047 3279 per
2100 3209 2289 3265 lsrael.
2338 3209 2636 3266 Subveniat
2682 3213 2813 3269 mihi
2861 3223 3086 3273 sanctus
3128 3218 3330 3286 David,
3377 3236 3539 3295 quem

1947 3301 2157 3374 elegisti
2184 3302 2482 3358 secundum
2497 3317 2592 3358 cor
2618 3312 2788 3370 tuum,
2816 3307 3064 3365 Domine.
3092 3306 3427 3383 Depreeetur
3445 3330 3545 3389 pro

1947 3408 2033 3449 me
2073 3404 2297 3452 sanctus
2321 3396 2467 3453 Elias
2507 3398 2660 3471 ιιι
2699 3400 2986 3472 propheta,
3031 3419 3196 3475 quem
3221 3405 3447 3466 elevasti
3484 3409 3540 3466 in

1947 3501 2111 3542 curru
2154 3488 2315 3559 igneo
2350 3505 2523 3561 usque
2564 3492 2633 3546 ad
2676 3492 2896 3549 coelum.
2947 3490 3081 3551 Oret
3106 3511 3207 3567 pro
3232 3510 3321 3554 me
3352 3500 3545 3557 beatus

1946 3576 2137 3644 Isaias,
2180 3580 2333 3651 cujus
2367 3582 2626 3637 mundata
2658 3591 2787 3638 sunt
2809 3583 2953 3640 labia
2976 3587 3101 3656 igne
3121 3587 3354 3646 ctelesti.
3387 3589 3547 3649 Adsit

1949 3672 2082 3726 mihi
2128 3672 2321 3727 beatus
2354 3671 2655 3739 Jeremias,
2691 3690 2855 3745 quem
2897 3676 3253 3734 sanctiﬁcasti
3292 3680 3347 3734 in
3385 3688 3543 3738 utero

1948 3764 2139 3819 matris
2172 3778 2302 3818 sure.
2339 3762 2469 3819 Oret
2487 3780 2587 3832 pro
2608 3780 2694 3820 me
2720 3774 2943 3821 sanctus
2968 3767 3222 3826 Ezechiel
3255 3772 3541 3841 propheta,

1948 3855 2043 3925 qui
2073 3854 2208 3910 vidit
2239 3852 2477 3908 visiones
2516 3854 2793 3909 mirabiles
2822 3855 2954 3921 Dei,
3000 3865 3056 3911 et
3082 3859 3428 3930 prophetarit
3461 3878 3545 3920 re-

1949 3947 2346 4003 surrectionem
2370 3953 2725 3998 mortuorum.
2752 3946 3087 4016 Depreeetur
3111 3963 3210 4018 pro
3229 3964 3317 4006 me
3338 3952 3543 4008 electus

1950 4036 2163 4101 Daniel,
2214 4034 2590 4091 desiderabilis
2636 4034 2755 4099 Dei,
2792 4035 2886 4105 qui
2922 4035 3083 4099 solvit
3116 4026 3327 4095 somnia
3370 4044 3539 4113 regis,

1949 4136 2006 4182 et
2039 4129 2427 4197 interpretatus
2450 4132 2556 4191 est,
2585 4135 2642 4181 et
2660 4124 2920 4182 liberatus
2944 4136 3027 4183 est
3057 4128 3124 4184 de
3150 4128 3266 4185 lacu
3289 4130 3541 4189 leonum:

1950 4230 2008 4277 et
2035 4228 2148 4276 tres
2177 4218 2328 4290 pueri
2365 4215 2629 4284 Ananias,
2661 4218 2910 4285 Azarias,
2944 4219 3191 4288 Misahel,
3228 4220 3439 4277 liberati
3474 4225 3546 4280 ab

1953 4314 2096 4385 igne.
2152 4310 2446 4366 Duodecim
2501 4310 2799 4382 prophetae,
2841 4308 3004 4379 Osee,
3050 4311 3239 4379 Amos,
3267 4313 3541 4382 Michreas,

331 4407 573 4464 Laudate
601 4407 888 4463 Dominum
911 4407 978 4465 de
998 4406 1175 4464 ctelis.
1205 4407 1431 4482 Require
1450 4419 1588 4465 retro
1607 4411 1662 4464 in
1687 4407 1847 4464 Feria
1877 4436 1931 4497 ο
1953 4402 2131 4470 Johel,
2147 4400 2869 4497 dbdias,-Habacuc,lonas,
2886 4403 3081 4497 Deum,
3101 4403 3426 4497 §ophonias,
3445 4408 3545 4481 Ag-

266 4500 452 4570 prima.

767 4607 1005 4653 ιιι-ωλι
1038 4608 1111 4650 υτ
1144 4608 1332 4651 sum.

332 4704 473 4761 Iusti
505 4704 563 4758 in
605 4712 868 4775 perpetuo
907 4705 1109 4761 vivent.
1150 4704 1536 4764 Gloriabuntur
1568 4710 1624 4763 in
1654 4719 1708 4765 te
1741 4726 1854 4767 om-

270 4814 380 4867 nes,
401 4799 499 4871 qui
533 4797 760 4869 diligunt
786 4812 983 4854 nomen
1006 4806 1178 4853 tuum.
1211 4798 1571 4856 Exsultabunt
1591 4803 1767 4859 sancti
1794 4805 1852 4860 in

269 4887 452 4959 gloria.
502 4885 786 4943 Exsultent
808 4886 862 4942 in
885 4896 1181 4958 conspectu
1205 4887 1333 4955 Dei;
1366 4891 1508 4960 apud
1537 4899 1591 4947 te
1618 4902 1725 4960 est,
1752 4895 1854 4951 Do-

269 4978 431 5044 mine,
478 4976 604 5034 fons
640 4977 782 5033 vita.
830 4977 1090 5034 Mirabilis
1126 4979 1268 5034 Deus
1292 4981 1346 5034 in
1378 4983 1585 5037 sanctis
1611 4985 1743 5039 suis.
1792 4987 1850 5041 In

268 5076 563 5139 conspectu
594 5068 907 5140 angelorum
939 5069 1169 5140 psallam
1193 5070 1312 5125 tibi.
1343 5071 1574 5138 Exaudi,
1602 5073 1850 5143 Domine,

268 5174 455 5217 vocem
479 5174 687 5226 meam,
720 5177 826 5234 qna
854 5161 1104 5220 clamavi.

620 5293 873 5351 ORATIO
898 5294 1142 5352 SANCTI
1167 5295 1514 5355 GREGORII.

336 5406 656 5464 Dominator
690 5405 913 5463 Domine
942 5406 1084 5464 Deus
1124 5411 1489 5481 omnipotens,
1518 5413 1610 5481 qui
1649 5430 1710 5469 es
1735 5413 1855 5470 Tri-

273 5498 412 5556 nitas
441 5514 578 5565 una,
610 5497 770 5553 Pater
802 5499 858 5553 in
889 5497 1048 5563 Filio,
1074 5496 1242 5555 Filius
1268 5499 1325 5555 ῆι
1351 5500 1533 5568 Patre,
1580 5517 1704 5559 eum
1736 5502 1856 5575 Spi-

272 5587 375 5642 ritu
398 5596 628 5645 sancto:
664 5588 758 5661 qui
790 5603 851 5644 es
870 5604 1085 5660 semper
1104 5591 1157 5645 in
1195 5593 1464 5657 omnibus,
1501 5601 1557 5649 et
1580 5609 1701 5651 eras
1727 5604 1853 5651 ante

274 5681 478 5748 omnia,
529 5688 586 5736 et
615 5680 725 5736 eris
755 5695 917 5751 super
942 5682 1121 5737 omnia
1158 5682 1300 5739 Deus
1324 5684 1641 5742 benedictus
1675 5686 1729 5741 in
1755 5701 1854 5743 εξε-

1954 4509 2122 4565 εωιις,
2157 4492 2473 4559 Zacharias,
2509 4493 2843 4550 Malaebias:
2886 4496 3072 4560 Esras,
3101 4494 3321 4564 Tobias,
3352 4507 3409 4554 et
3440 4499 3548 4556 Ma-

1955 4584 2180 4641 chabtei.
2232 4582 2366 4649 llos,
2406 4591 2461 4639 et
2480 4598 2674 4639 omnes
2714 4591 2932 4638 sanctos
2968 4583 3181 4640 Veteris
3210 4585 3547 4646 Testamenti

1956 4678 2151 4732 invoco
2176 4677 2233 4731 in
2259 4676 2516 4731 auxilium
2545 4688 2746 4730 meum.
2792 4673 2923 4731 Oret
2948 4691 3049 4743 pro
3073 4692 3161 4732 me
3186 4688 3373 4735 sancta
3394 4682 3548 4753 virgo

1958 4768 2129 4823 Maria
2157 4775 2332 4823 mater
2361 4765 2682 4831 Salvatoris,
2710 4773 2768 4821 et
2788 4774 3012 4824 sanctus
3046 4767 3283 4826 Joannes
3304 4771 3543 4842 Baptista

1958 4873 2262 4931 praecursor
2293 4854 2530 4923 Domini,
2563 4864 2620 4915 et
2640 4873 2831 4915 omnes
2872 4861 3047 4917 sancti
3078 4864 3304 4933 apostoli
3331 4864 3548 4921 Domini

1910 4988 1913 4993 ›
1954 4948 2127 5006 nostri
2164 4947 2295 5002 Jesn
2338 4948 2564 5012 Christi,
2607 4948 2802 5006 Petrus
2831 4958 2889 5006 et
2934 4950 3166 5019 Paulus,
3204 4954 3449 5010 Andreas
3492 4965 3544 5011 et

1954 5044 2190 5101 Joannes
2210 5084 2224 5110 ,
2283 5051 2394 5099 tres
2428 5042 2639 5111 Jacobi,
2691 5044 2971 5118 Philippus
3010 5056 3066 5105 et
3097 5048 3542 5121 Bartbolomreus,

1955 5135 2191 5194 Thomas
2218 5144 2271 5191 et
2296 5134 2596 5205 Matthteus,
2641 5136 2894 5195 Tathams
2930 5138 3117 5196 Simon
3136 5183 3152 5208 ,
3185 5140 3463 5200 Barnabas
3492 5153 3550 5201 et

1956 5227 2208 5293 Mathias,
2236 5227 2471 5292 Marcus,
2494 5229 2693 5298 Lucas,
2726 5231 3053 5304 Stephanus.
3079 5234 3185 5292 Per
3206 5236 3398 5293 horum
3417 5254 3549 5311 ergo

1958 5328 2014 5375 et
2041 5327 2359 5375 ceterorum
2401 5321 2644 5377 omnium
2685 5333 2996 5379 sanctorum
3037 5324 3172 5382 Novi
3213 5327 3544 5386 Testamenti

1960 5413 2153 5469 merita
2209 5411 2417 5482 depelle
2474 5430 2505 5468 a
2560 5430 2647 5470 me
2672 5456 2687 5481 ,
2742 5416 2993 5486 Domine,
3048 5423 3546 5494 concupiscentiam

1959 5505 2116 5577 gulze,
2160 5513 2218 5561 et
2248 5506 2316 5561 da
2360 5508 2492 5563 mihi
2519 5510 2772 5567 virtutem
2817 5513 3159 5573 abstinentia:
3188 5537 3200 5573 :
3251 5518 3374 5590 fuga
3399 5537 3429 5576 a
3458 5536 3547 5576 me

1958 5597 2206 5669 spiritum
2246 5595 2655 5668 fornicationis,
2686 5612 2743 5660 et
2769 5605 2835 5676 da
2880 5607 3009 5663 mihi
3051 5610 3298 5667 ardorem
3329 5615 3549 5670 castita-

1960 5688 2069 5744 tis:
2107 5689 2395 5762 exstingue
2419 5692 2475 5747 in
2509 5710 2593 5750 mc
2619 5697 2739 5766 (τινὶ
2763 5698 2988 5766 ἷὶιςιιοιη,
3020 5708 3074 5756 et
3099 5702 3161 5757 da
3189 5703 3321 5758 mihi
3364 5704 3545 5760 volun-
