3894 6182
231 300 354 359 597
1243 283 1634 342 LITURGICA.
1678 310 1747 320 ——
1783 278 2047 336 OFFICIA
2090 278 2226 334 PER
2263 278 2532 332 FERIAS.
3408 254 3513 312 598

229 427 453 484 semper
474 410 730 465 adorent:
755 415 809 461 et
832 421 990 461 aures
1011 406 1262 467 intentas,
1289 415 1407 471 quae
1429 413 1623 454 nomen
1648 404 1820 456 tuum,
1856 399 1903 452 Α
1932 400 2090 448 terra:
2126 393 2290 462 petita
2341 390 2577 444 laudatio
2609 404 2618 437 :
2653 384 2722 440 ob
2760 385 2864 439 hoc
2911 380 3166 450 pietatem
3213 385 3384 434 tuam.
3411 372 3520 427 Do-

229 513 292 561 et
324 465 498 574 legem
527 507 697 561 tuam,
722 507 778 552 et
804 497 968 552 verba
997 505 1092 550 tua
1124 465 1380 549 audiant:
1414 500 1470 546 et
1502 489 1688 544 oculos
1729 485 1827 540 hu—
1931 486 2075 540 mine
2102 481 2522 539 clementissime
2540 478 2720 542 Pater,
2746 486 3056 535 exoramus,
3079 476 3261 538 optata
3283 465 3516 529 tribuas,

230 596 416 659 miles,
443 592 539 664 qui
585 598 639 645 te
666 589 902 651 videant,
933 600 1174 648 sensum,
1216 584 1308 652 qui
1337 591 1391 637 te
1420 581 1636 644 sentiat,
1672 578 1830 634 intel-
1933 576 2226 631 commissa
2267 572 2571 643 indulgeas,
2604 578 2663 624 ut
2693 568 2906 624 detersa
2936 579 2967 618 a
2997 561 3153 618 nobis
3180 555 3519 631 peccamina,

226 646 478 750 lectum:
491 683 585 752 qui
612 691 664 735 te
703 679 986 749 intelligat,
1017 685 1071 731 et
1117 676 1380 736 animum,
1413 672 1503 742 qui
1536 680 1589 725 te
1615 683 1832 738 semper
1935 681 2068 735 pura
2095 675 2149 720 et
2181 664 2352 719 libera
2382 661 2714 718 conscientia
2735 698 2748 723 ,
2779 665 2872 712 tua
2905 668 3213 710 mereamur
3246 646 3523 720 opulentia

230 780 446 852 cogitet
474 787 530 833 et
559 775 747 846 diligat
773 792 785 825 :
812 781 864 829 et
895 787 1004 826 non
1041 769 1218 824 veniat
1253 767 1386 822 mihi
1415 780 1510 836 pes
1544 763 1829 832 superbite,

230 887 295 934 et
337 887 540 929 munus
575 867 878 942 peccatoris
922 880 1028 920 non
1058 871 1272 918 moveat
1319 876 1426 915 me.
1456 858 1573 914 Non
1619 857 1836 912 hebetet

237 978 329 1020 me
373 959 775 1035 gastrimargia,
803 965 858 1011 et
889 971 994 1010 non
1025 955 1338 1023 coinquinet
1385 967 1473 1008 me
1520 950 1829 1006 fornicatio.

238 1055 365 1111 Non
391 1053 656 1125 gubernet
677 1063 764 1103 me
795 1062 930 1102 vana
962 1045 1150 1116 gloria,
1179 1060 1286 1098 non
1312 1043 1550 1099 obducat
1577 1057 1663 1096 me
1690 1039 1837 1094 illar-

237 1148 404 1218 giria,
429 1158 537 1198 non
561 1140 782 1196 dilaniet
804 1154 888 1192 me
912 1137 1014 1201 ira,
1039 1153 1144 1190 non
1175 1133 1467 1190 mortit'lcet
1486 1149 1574 1188 me
1597 1131 1834 1187 tristitia.
1860 1192 1876 1206 _

239 1239 368 1294 Non
397 1244 591 1291 vacuet
616 1248 703 1288 me
751 1231 956 1292 acedia,
997 1244 1103 1283 non
1134 1227 1382 1282 humiliet
1410 1239 1495 1280 me
1517 1222 1835 1287 cenodoxia,

199 1358 206 1362 -
239 1339 306 1387 et
336 1345 444 1385 non
479 1327 726 1382 destruat
755 1337 842 1377 me
866 1319 1136 1391 superbia.
1182 1317 1290 1373 Sed
1316 1317 1516 1388 largire
1545 1312 1700 1378 mihi,
1730 1311 1838 1368 cle—

241 1436 409 1477 mens
435 1418 701 1478 Trinitas,
724 1412 1111 1470 abstinentiam
1152 1421 1207 1465 et
1237 1410 1566 1472 castitatem,
1595 1405 1840 1461 volunta-

242 1516 395 1569 riam
438 1515 812 1581 paupertatem
853 1512 910 1559 et
945 1501 1455 1558 mansuetudinem:
1500 1497 1838 1567 largitatem,

244 1604 549 1673 pietatem,
589 1607 644 1654 et
689 1596 926 1666 quietem
967 1612 979 1647 :
1026 1591 1487 1652 misericordiam,
1533 1588 1836 1650 lenitatem,

247 1691 666 1762 indulgentiam,
714 1686 1102 1749 humilitatem,
1145 1683 1556 1753 benignitatem,
1587 1678 1840 1733 hilarita-

249 1796 400 1847 tem,
435 1782 771 1854 patientiam,
795 1776 1146 1840 modestiam,
1190 1773 1581 1836 sinceritatem,
1630 1768 1845 1837 sapien-

252 1877 436 1939 tiam,
468 1869 837 1931 concordiam,
886 1880 1076 1937 pacem
1116 1873 1170 1918 et
1211 1862 1552 1917 charitatem.
1595 1857 1848 1913 Miserere

254 1967 398 2023 mihi
419 2011 432 2033 ,
463 1964 702 2026 Domine,
734 1961 995 2016 miserere
1017 1957 1169 2012 mihi.
1197 1956 1274 2011 De
1295 1954 1585 2025 praeteritis
1611 1951 1845 2013 veniam,

257 2060 334 2114 de
380 2055 731 2128 praesentibus
775 2049 1241 2112 emendationem,
1288 2047 1355 2101 de
1405 2045 1602 2100 futuris
1650 2043 1849 2113 largire

259 2149 585 2205 custodiam.
637 2145 743 2200 Per
800 2143 1091 2197 Dominum
1143 2148 1387 2194 nostrum
1444 2138 1627 2194 Iesum
1679 2134 1841 2189 Chri-

267 2249 432 2294 stum.
672 2301 971 2359 HYMNUL“
1008 2298 1446 2356 DOMmchLE.

340 2419 416 2475 Te
444 2419 615 2473 Deum
652 2415 957 2479 laudamus,
988 2421 1039 2468 te
1066 2411 1355 2466 Dominum
1401 2407 1742 2463 conﬁtemur.
1778 2403 1852 2458 Te

264 2521 527 2568 aeternum
555 2507 772 2562 Patrem
810 2504 988 2559 omnis
1038 2511 1183 2558 terra
1223 2510 1531 2555 veneratur.
1587 2497 1708 2552 Tibi
1740 2511 1854 2549 ont-

266 2619 369 2663 nes
414 2602 623 2674 angeli,
664 2601 762 2656 tibi
800 2599 924 2655 cceli
971 2606 1026 2652 et
1061 2597 1326 2652 universa)
1370 2601 1686 2664 potestates.
1734 2589 1854 2644 Tibi

268 2697 556 2755 cherubim
581 2703 636 2751 et
668 2693 942 2762 seraphim
970 2689 1277 2746 incessabili
1307 2702 1440 2744 voce
1478 2685 1815 2757 proclamant
1839 2701 1849 2733 :

270 2790 529 2853 Sanctus,
568 2794 808 2850 sanctus,
837 2791 1076 2848 sanctus,
1119 2781 1378 2837 Dominus
1407 2780 1550 2833 Deus
1595 2775 1857 2832 Sabaoth.

270 2880 423 2936 Pleni
464 2885 593 2935 sunt
638 2876 761 2933 coeli
804 2883 859 2931 et
887 2883 1034 2930 terra
1067 2872 1370 2942 maiestatis
1397 2870 1580 2941 gloriae
1609 2877 1733 2924 tute.
1783 2867 1858 2921 Te

271 2971 541 3041 gloriosus
569 2967 936 3038 apostolorum
966 2967 1186 3022 chorus.
1216 2963 1292 3017 Te
1326 2961 1711 3031 prophetarum
1744 2958 1858 3010 lau-

276 3061 475 3118 dabilis
513 3074 794 3116 numerus.
845 3059 921 3113 Te
966 3063 1267 3127 martyrum
1317 3052 1634 3109 candidatus
1680 3047 1860 3103 laudat

275 3155 571 3212 exercitus.
607 3153 682 3208 Te
706 3167 806 3222 per
843 3153 1030 3207 orbem
1059 3158 1328 3206 terrarum
1362 3152 1546 3203 sancta
1573 3141 1859 3199 conﬁtetur

277 3247 538 3302 Ecclesia.
566 3240 785 3301 Patrem
812 3245 1090 3299 immensae
1123 3240 1444 3311 majestatis.
1480 3235 1859 3293 Venerandum

279 3348 427 3394 tuum
454 3352 648 3393 verum
673 3336 893 3391 unicum
925 3334 1139 3390 Filium.
1166 3331 1429 3388 Sanctum
1457 3343 1671 3400 quoque
1702 3341 1863 3396 para-

281 3429 476 3485 cletum
507 3428 789 3498 Spiritum.
822 3426 901 3482 Tu
927 3426 1040 3480 Rex
1069 3426 1252 3497 gloriae
1277 3423 1544 3480 Christus.
1580 3419 1659 3474 Tu
1687 3417 1864 3473 Patris

283 3520 644 3590 sempiternus
662 3532 723 3573 es
746 3517 936 3573 Filius.
963 3516 1043 3571 Tu
1065 3517 1132 3572 ad
1159 3514 1495 3571 liberandum
1518 3517 1868 3579 suscepturus

285 3609 558 3667 hominem
584 3623 693 3664 non
715 3608 977 3665 horruisti
1008 3606 1244 3678 Virginis
1282 3613 1520 3660 uterum.
1550 3603 1631 3657 Tu
1656 3601 1866 3657 devicto
1903 3623 1912 3628 ο

288 3700 477 3756 mortis
506 3700 697 3755 aculeo
721 3699 977 3769 aperuisti
1006 3695 1353 3752 credentibus
1382 3709 1548 3764 regna
1576 3692 1862 3749 caelorum.

291 3791 366 3847 Tu
395 3792 464 3848 ad
493 3791 776 3848 dexteram
805 3791 901 3846 Dei
940 3787 1096 3846 sedes
1141 3788 1197 3842 in
1249 3785 1418 3858 gloria
1464 3783 1662 3838 Patris.
1695 3781 1866 3838 Iudex

290 3883 528 3938 crederis
575 3882 732 3953 117
773 3896 894 3959 esse
930 3887 1208 3935 venturus.
1242 3877 1318 3932 Te
1364 3891 1495 3946 ergo
1537 3889 1868 3945 qumsumus,

292 3975 398 4030 tuis
418 3973 636 4028 famulis
664 3973 912 4038 subveni,
931 3987 1066 4042 quos
1093 3969 1334 4041 pretioso
1357 3967 1619 4038 sanguine
1642 3965 1872 4020 redemi-

292 4065 378 4120 sti.
405 4063 636 4120 }Eterna
658 4064 744 4120 fac
773 4079 898 4119 cum
932 4055 1138 4119 sa'nctis
1161 4062 1269 4117 tuis
1289 4060 1346 4115 in
1372 4057 1544 4130 gloria
1575 4058 1867 4112 numerari.

293 4153 510 4210 Salvum
537 4154 621 4211 fac
646 4155 900 4226 populum
932 4163 1104 4220 tuum,
1143 4152 1390 4217 Domine,
1416 4159 1472 4206 et
1508 4149 1736 4204 benedic
1765 4150 1872 4202 liae-

294 4248 508 4303 reditati
553 4257 680 4304 tuae.
708 4248 774 4302 Et
820 4262 948 4318 rege
989 4261 1084 4302 eos
1121 4255 1177 4301 et
1219 4243 1418 4301 extolle
1448 4242 1569 4298 illos
1601 4256 1770 4310 usque
1819 4240 1870 4293 in

294 4345 576 4393 aeternum.
608 4339 710 4393 Per
743 4337 983 4408 singulos
1011 4335 1128 4391 dies
1151 4333 1520 4391 benedicimus
1554 4339 1627 4386 te.
1664 4331 1731 4384 Et
1759 4329 1872 4384 lau-

297 4428 487 4484 damus
513 4442 709 4483 nomen
739 4437 888 4482 tuum
918 4428 972 4482 in
999 4426 1276 4491 saaculum,
1311 4433 1365 4480 et
1391 4424 1448 4480 in
1478 4422 1736 4479 saeculum
1778 4435 1874 4476 εξε-
1904 4444 1956 4505 D

296 4519 420 4574 culi.
448 4518 701 4590 Dignare,
725 4517 971 4583 Domine,
999 4516 1085 4572 die
1113 4516 1218 4570 isto
1249 4516 1368 4571 sine
1395 4520 1620 4586 peccato
1643 4526 1743 4567 nos
1784 4525 1878 4566 cu-

297 4611 519 4667 stodire.
559 4609 813 4665 Miserere
849 4608 1044 4675 nostri,
1091 4607 1345 4671 Domine,
1389 4606 1649 4662 miserere
1681 4602 1874 4658 nostri.

298 4700 415 4758 Fiat
441 4700 816 4757 misericordia
844 4708 958 4765 tua,
987 4698 1233 4763 Domine,
1263 4711 1426 4768 super
1456 4709 1556 4752 nos
1582 4713 1594 4750 :
1621 4692 1880 4764 quemad-

299 4790 518 4846 modum
538 4789 874 4858 speravimus
895 4789 951 4842 in
972 4796 1045 4842 te.
1067 4788 1122 4841 in
1146 4797 1219 4852 te,
1243 4785 1487 4851 Domine,
1511 4782 1722 4854 speravi
1743 4799 1754 4834 :
1775 4795 1881 4835 non

301 4881 604 4942 confundar
627 4885 683 4940 in
707 4891 991 4940 aeternum.

974 4989 1202 5030 ORATIO.

371 5068 518 5127 Deus
545 5080 730 5123 rerum
768 5066 1009 5122 omnium
1042 5063 1303 5121 Conditor
1331 5070 1498 5133 atque
1519 5061 1766 5125 Greater,
1793 5060 1886 5131 qui
1928 5099 1936 5103 -

308 5175 444 5216 unus
480 5162 536 5215 in
567 5157 861 5223 Trinitate,
889 5166 945 5212 et
972 5156 1147 5212 trinus
1189 5155 1244 5209 in
1272 5153 1478 5209 unitate
1520 5152 1884 5224 cognosceris,

309 5250 464 5322 cuius
505 5247 938 5320 magnitudinem
983 5243 1240 5303 deficiens
1287 5252 1374 5300 est
1417 5241 1600 5315 lingua
1653 5241 1887 5297 humana

309 5354 559 5405 ttat-rane;
588 5352 751 5409 quem
789 5337 908 5393 sine
950 5335 1254 5392 cessatione
1281 5333 1622 5404 proclamant
1663 5331 1837 5403 angeli
1872 5350 1886 5386 :

311 5447 543 5491 sanctus.
576 5433 702 5490 Ideo
729 5447 829 5488 nos
859 5431 1071 5487 minimi
1099 5429 1284 5484 famuli
1314 5428 1392 5483 tui
1421 5442 1517 5483 ore
1558 5426 1776 5496 quidem
1815 5425 1893 5480 in-

1941 757 2224 827 gratulari.
2251 756 2374 811 Per.

2337 866 2534 921 ΠΙ)Εὸ
2584 864 2770 920 APUD
2822 861 3108 918 ΝΙΟᾹΞΑΜ
3221 921 3224 925 ἴ

2136 962 2176 1013 Α
2207 960 2444 1014 trecentis
2473 959 2648 1012 decem
2675 965 2723 1010 et
2751 964 2864 1009 octo
2888 953 3139 1026 episcopis
3170 951 3330 1006 edita.

2012 1075 2298 1131 Credimus
2334 1074 2387 1128 in
2419 1087 2584 1127 unum
2615 1070 2784 1125 Deum
2815 1067 3032 1123 Patrem
3076 1065 3525 1136 omnipotentem,

1942 1169 2182 1224 omnium
2219 1165 2509 1221 visibilium
2554 1171 2608 1218 et
2657 1160 3008 1217 invisibiliqu
3043 1156 3339 1221 factorem,
3371 1161 3425 1209 et
3469 1154 3525 1211 in

1942 1275 2109 1314 unum
2154 1257 2438 1314 Dominum
2487 1261 2732 1308 nostrum
2775 1249 2958 1306 Iesum
3002 1249 3282 1304 Christum
3330 1244 3528 1300 Filium

1944 1351 2039 1406 Dei
2068 1349 2132 1404 de
2169 1347 2331 1402 Patre
2374 1355 2559 1400 natum
2600 1343 2958 1414 unigenitum,
3001 1341 3106 1395 hoc
3135 1347 3244 1402 est,
3291 1336 3356 1392 de
3403 1336 3531 1391 sub-

1947 1442 2142 1498 stantia
2167 1441 2362 1495 Patris.
2389 1440 2556 1512 Deum
2579 1451 2644 1491 ex
2670 1437 2801 1502 Deo,
2823 1435 3007 1489 lumen
3028 1449 3094 1488 ex
3116 1431 3337 1495 lumine,
3362 1429 3529 1484 Deum

1946 1549 2134 1589 verum
2162 1533 2227 1587 de
2257 1532 2366 1585 Deo
2397 1545 2544 1585 vero.
2595 1529 2814 1591 Natum,
2863 1541 2971 1580 non
3003 1524 3205 1578 factum
3235 1520 3531 1576 Omousion

1949 1623 2120 1688 Patri,
2150 1624 2251 1678 hoc
2289 1631 2392 1685 cst,
2426 1621 2664 1691 ejusdem
2699 1633 2820 1672 cum
2865 1616 3026 1670 Patre
3069 1612 3406 1678 substantiae,
3437 1625 3534 1682 per

1878 1742 1924 1800 Β
1950 1729 2110 1783 quem
2128 1713 2305 1767 omnia
2332 1711 2472 1765 facta
2495 1720 2618 1765 sunt
2637 1709 2690 1763 in
2707 1708 2844 1763 cmlo
2857 1714 2911 1761 et
2931 1708 2983 1760 in
3009 1716 3172 1760 terra.
3191 1703 3293 1771 Qui
3313 1710 3535 1775 propter

1952 1821 2068 1870 nos,
2091 1814 2144 1859 et
2171 1813 2388 1875 propter
2415 1812 2655 1858 nostram
2680 1801 2910 1856 salutem
2935 1797 3213 1854 descendit
3234 1803 3288 1852 et
3314 1810 3536 1852 carnem

1950 1898 2271 1966 assumpsit,
2317 1906 2369 1950 et
2411 1897 2575 1950 homo
2611 1893 2787 1949 factus
2831 1899 2932 1948 est.
2966 1891 3166 1946 Passus
3209 1897 3323 1955 est,
3352 1897 3408 1944 et
3455 1904 3538 1944 rc-

1950 1991 2186 2045 surrexit
2219 1989 2374 2042 tertia
2404 1989 2506 2041 die.
2541 1986 2798 2041 Ascendit
2829 1985 2894 2040 ad
2928 1983 3114 2047 caelos,
3143 1981 3294 2038 sedet
3329 1981 3384 2035 in
3415 1981 3540 2035 dex-

1953 2098 2122 2143 teram
2152 2087 2246 2140 Dei
2296 2084 2470 2138 Patris
2514 2082 2920 2152 omnipotentis.
2951 2080 3078 2136 Inde
3108 2085 3370 2134 venturus
3393 2076 3539 2147 judi-

1953 2195 2077 2235 care
2101 2180 2250 2232 vivos
2277 2185 2329 2232 et
2360 2185 2620 2230 mortuos.
2652 2173 2718 2227 Et
2749 2174 2802 2226 in
2837 2172 3099 2242 Spiritum
3128 2180 3396 2225 sanctum.
3432 2168 3540 2223 Eos

1952 2281 2152 2334 autem,
2179 2267 2270 2339 qui
2318 2269 2523 2331 dicunt,
2572 2265 2861 2334 aliquando
2891 2272 3008 2318 erat
3042 2272 3274 2331 tempus,
3319 2260 3538 2330 quando

1954 2381 2060 2418 non
2103 2367 2252 2423 erat,
2291 2367 2344 2413 et
2395 2360 2709 2428 priusquam
2755 2362 3105 2418 nasceretur,
3146 2369 3253 2408 non
3295 2361 3443 2413 erat;
3488 2358 3544 2403 et

1953 2456 2078 2526 quia
2123 2469 2188 2508 ex
2220 2451 2379 2506 nullis
2409 2449 2829 2505 subsistentibus
2855 2445 3031 2502 factus
3073 2452 3186 2512 est;
3219 2451 3314 2498 aut
3336 2458 3403 2498 ex
3435 2440 3540 2496 alia

1953 2543 2254 2600 substantia
2283 2542 2364 2595 vel
2403 2541 2659 2604 essentia,
2685 2546 2779 2592 aut
2808 2534 3117 2592 mutabilem
3165 2535 3352 2589 dicunt
3395 2546 3536 2596 esse,

1953 2636 2037 2691 vel
2071 2633 2472 2690 convertibilem
2503 2631 2700 2684 Filium
2734 2629 2857 2693 Dei,
2890 2626 3313 2681 anathematizat
3351 2625 3538 2680 catho-

1957 2730 2058 2783 lica
2087 2737 2141 2782 ct
2171 2725 2464 2798 apostolica
2492 2721 2755 2778 Ecclesia.

2318 2830 2572 2891 ORATIO
2611 2831 2856 2888 SANCII
2898 2828 3190 2892 IllLARlI,

1963 2931 2128 2996 Quam
2161 2945 2236 2982 xu
2268 2928 2436 2990 libris,
2463 2943 2590 2996 quos
2618 2926 2700 3046 dab
2715 2933 2898 3005 sancta
2929 2911 3233 2990 conscripsit
3265 2918 3540 2984 Trinitate,

2607 3013 2667 3046 su
2710 3003 2898 3046 Humi.

2607 3003 2898 3064 subjunxit.

1887 3094 1935 3156 δ
2039 3114 2236 3168 Sancta
2269 3111 2527 3174 Trinitas,
2576 3124 2858 3169 conserva,
2888 3120 3000 3166 oro,
3045 3103 3167 3159 lidei
3197 3117 3330 3158 mete
3362 3103 3551 3156 incon-

1967 3206 2284 3259 taminatam
2318 3202 2655 3272 religionem,
2685 3213 2856 3268 usque
2907 3197 2972 3251 ad
3016 3209 3298 3251 excessum
3328 3192 3552 3262 spiritus

1966 3297 2092 3351 mei.
2139 3295 2284 3350 Dona
2333 3293 2467 3357 mihi
2515 3293 2656 3347 hanc
2695 3289 3042 3346 conscientiae
3080 3301 3215 3342 mete
3241 3300 3451 3349 vocem,
3493 3293 3552 3338 ut

1966 3387 2109 3457 quod
2145 3387 2198 3440 in
2234 3381 2663 3455 regenerationis
2693 3394 2826 3434 meae
2869 3377 3131 3449 symbolo,
3159 3375 3467 3446 baptizatus
3497 3374 3553 3428 in

1965 3480 2128 3533 Patre
2151 3481 2207 3532 'et
2235 3476 2372 3532 Filio
2395 3483 2450 3530 et
2473 3472 2680 3545 Spiritu
2711 3479 2918 3533 sancto,
2945 3466 3220 3540 professus
3245 3481 3386 3529 smn,
3417 3478 3554 3520 sem-

1967 3585 2064 3640 per
2107 3568 2381 3624 obtineant
2411 3586 2422 3620 :
2451 3565 2671 3620 Patrem
2700 3561 2909 3616 scilicet
2955 3569 3008 3614 te
3054 3566 3326 3621 nostrum,
3353 3552 3550 3610 Filium

1970 3668 2123 3714 tuum
2148 3674 2254 3712 una
2280 3665 2458 3714 tecum
2479 3654 2721 3717 adorem,
2744 3660 2798 3706 et
2821 3657 3068 3707 sanctum
3093 3647 3356 3721 Spiritum
3382 3654 3554 3709 tuum,

1969 3751 2062 3820 qui
2089 3765 2157 3804 ex
2184 3757 2236 3803 te
2269 3763 2367 3818 per
2390 3745 2728 3816 unigenitum
2755 3751 2908 3797 tuum
2933 3749 3032 3803 est,
3063 3753 3406 3810 promerear;
3431 3737 3557 3805 quia

1973 3841 2104 3896 mihi
2133 3838 2358 3895 idoneus
2381 3835 2450 3890 ad
2480 3833 2640 3890 fidem
2667 3831 2822 3887 testis
2847 3839 2950 3894 est,
2980 3830 3166 3884 dicens
3193 3847 3204 3880 :
3233 3827 3420 3890 Pater,
3449 3842 3558 3881 om-

1974 3933 2061 3986 nia
2104 3946 2219 3984 utea
2253 3937 2344 3980 tua
2375 3933 2517 3988 sunt,
2548 3932 2594 3977 et
2634 3933 2724 3975 tua
2754 3938 2887 3976 mea.
2915 3918 2966 3990 [α
2994 3920 3138 3973 Deus
3172 3932 3345 3982 meus,
3375 3917 3559 3970 omnia

1973 4041 2093 4079 mea
2134 4033 2224 4077 tua
2251 4027 2408 4083 sunt,
2435 4025 2488 4070 et
2515 4023 2605 4068 tua
2635 4011 2800 4083 mea.]
2839 4010 2983 4065 Deus
3025 4024 3178 4063 meus
3201 4006 3360 4064 Iesus
3396 4005 3557 4063 Chri~

1976 4123 2090 4168 stus
2132 4125 2354 4167 manens
2398 4108 2451 4160 in
2498 4114 2570 4168 te,
2615 4113 2670 4157 et
2709 4119 2774 4157 ex
2821 4110 2902 4164 te,
2968 4109 3024 4155 et
3060 4099 3202 4168 apud
3243 4107 3296 4154 te
3346 4113 3561 4168 semper

1977 4202 2153 4264 Dens,
2206 4201 2296 4270 qui
2353 4207 2435 4252 est
2491 4194 2807 4252 benedictus
2863 4192 2915 4248 in
2972 4189 3168 4246 saecula
3215 4188 3554 4246 saeculorum.

1976 4295 2166 4348 Amen.

2121 4401 2377 4464 ORATIO
2407 4400 2650 4458 SANCTI
2680 4396 3053 4456 AUGUSTINI
3091 4391 3416 4451 EPISCOPI.

2050 4523 2190 4578 Deus
2209 4516 2454 4590 justitiae,
2470 4523 2522 4570 te
2537 4516 2819 4585 deprecor,
2836 4511 2980 4566 Deus
2995 4507 3402 4572 misericordiae,
3420 4505 3563 4562 Deus

1981 4612 2280 4677 invisibilis,
2304 4608 2447 4663 Deus
2469 4602 3044 4676 incomprehensibilis,
3067 4599 3210 4655 Deus
3229 4597 3562 4654 inenarrabi-

1983 4711 2066 4774 lis,
2096 4715 2316 4768 aeterne,
2347 4713 2622 4774 perpetue,
2645 4697 2925 4754 benedicte
2951 4713 2960 4747 :
2994 4694 3155 4758 Deus,
3184 4694 3338 4764 cujus
3357 4693 3562 4758 omnia,

1983 4803 2036 4856 in
2058 4815 2166 4868 quo
2185 4799 2385 4860 omnia,
2409 4795 2508 4850 sub
2533 4806 2640 4862 quo
2657 4789 2862 4852 omnia,
2890 4801 2988 4857 per
3011 4800 3173 4855 quem
3201 4785 3381 4842 omnia
3405 4793 3560 4841 sunt:

1982 4905 2148 4962 parce
2177 4889 2370 4943 anima:
2399 4897 2552 4950 meae,
2579 4895 2743 4953 parce
2768 4877 2924 4935 malis
2953 4878 3109 4943 meis,
3143 4892 3304 4947 parce
3328 4877 3568 4946 peccatis

1985 4981 2118 5037 meis
2141 4989 2302 5050 atque
2319 4975 2668 5034 criminibus:
2692 4971 2850 5026 visita
2871 4970 3164 5034 infirmum,
3187 4981 3316 5024 cura
3339 4981 3570 5038 aegrum,

1985 5089 2116 5130 sana
2140 5073 2498 5142 languentem.
2516 5067 2594 5122 Da
2610 5079 2725 5130 cor,
2743 5062 2884 5134 quod
2908 5070 2958 5118 te
2981 5061 3187 5125 timeat,
3209 5073 3447 5122 sensum,
3471 5061 3564 5130 qui

1988 5172 2039 5218 te
2069 5161 2350 5231 intelligat,
2379 5158 2566 5214 oculos
2611 5155 2810 5219 cordis,
2854 5152 2944 5224 qui
2976 5160 3028 5206 te
3055 5149 3294 5206 videant.
3323 5149 3400 5204 Da
3432 5147 3566 5203 mihi

1988 5251 2274 5310 scintillam
2327 5249 2606 5320 sapientia
2635 5255 2761 5311 tuae,
2791 5260 2910 5314 quae
2957 5241 3091 5297 mihi
3114 5237 3564 5311 justiﬁeationum

1991 5355 2204 5401 tuarum
2233 5342 2336 5396 iter
2362 5339 2636 5404 ostendat,
2662 5346 2716 5393 et
2747 5337 2928 5392 foveas
2957 5332 3157 5389 inimici
3185 5329 3457 5387 declinare
3481 5345 3568 5386 me

1988 5436 2199 5490 doceat.
2229 5430 2482 5487 Miserere
2507 5429 2632 5492 mei,
2662 5428 2786 5497 quia
2817 5424 3054 5496 peccavi,
3089 5431 3144 5478 et
3179 5429 3396 5492 propter
3421 5421 3572 5477 duri-

312 5523 472 5598 ἀίεηο
505 5538 614 5579 non
654 5531 768 5579 "'88
810 5531 1054 5586 “Delos.
1095 5521 1190 5577 86d
1235 5530 1320 5576 ῐεν
1350 5518 1596 5582 suum“,
1623 5517 1893 5588 Ρΐεεοοιιὶο
1993 5527 2122 5581 tiam
2150 5523 2329 5580 cordis
2358 5521 2493 5584 mei,
2522 5520 2577 5574 in
2606 5519 2722 5590 ipsa
2748 5523 3091 5588 peccatorum
3122 5528 3367 5569 meorum
3396 5522 3576 5568 mortes

314 5618 461 5675 vocis
478 5614 797 5682 attollimus,
821 5625 880 5672 ut
906 5628 1144 5672 consona
1169 5611 1532 5670 modulamina
1562 5610 1896 5684 proclamant
1993 5615 2224 5688 perduro
2256 5633 2269 5668 ;
2311 5626 2410 5682 ego
2447 5626 2563 5676 ore,
2595 5623 2694 5679 ego
2743 5606 2923 5672 corde,
2965 5620 3064 5676 ego
3095 5619 3276 5677 Opere,
3315 5618 3414 5678 ego
3453 5618 3570 5662 om-

388 5741 414 5772 ι
447 5728 613 5785 Uncis
639 5728 846 5784 inclusa
871 5729 1065 5784 desunt
1090 5729 1144 5783 in
1174 5723 1398 5782 llilario.
