3894 6182
316 260 422 316 599

1144 259 1206 318 Β.
1248 263 1309 319 F.
1350 262 1575 319 ALBINI
1614 260 1743 316 SEU
1786 258 2059 315 ALCUINI
2098 257 2381 316 OPERUM
2418 257 2603 315 PARS
2631 257 2720 313 IV.

3469 260 3589 319 600

315 374 474 431 nibus
515 375 661 431 vitiis
687 376 996 446 inquinatus
1026 396 1164 446 sunt,
1191 379 1440 433 omnibus
1467 378 1763 433 sceleribus
1803 389 1892 429 00-
1923 377 1968 435 A
1998 390 2172 439 mum,
2221 383 2280 430 ut
2324 384 2373 429 te
2416 375 2555 431 bene
2583 390 2796 445 rogem,
2832 381 2888 429 et
2915 382 2974 429 ut
3011 389 3098 429 me
3138 389 3293 447 agam
3330 375 3590 448 dignum,

313 478 536 541 opertus
563 485 703 525 sum.
750 471 972 525 Veniam
1020 480 1162 542 peto,
1211 473 1336 541 quia
1364 472 1568 526 crimen
1610 486 1888 541 agnosco:

316 561 519 616 scelera
550 575 670 615 mea
699 561 793 615 tibi
827 560 1020 628 fateor,
1049 577 1168 631 quae
1198 563 1301 616 etsi
1341 577 1446 617 non
1476 560 1783 624 conﬁterer,
1814 570 1894 614 ta-

318 666 442 705 men
472 659 525 705 te
549 650 719 705 latere
741 665 846 704 non
875 659 1117 720 possunt.
1142 650 1220 705 Tu
1248 650 1392 705 enim
1423 658 1693 705 scrutator
1712 651 1894 705 cordis

317 753 373 797 et
399 743 611 797 renium
638 758 732 809 es,
776 743 874 798 tibi
903 743 1108 798 occulta
1139 742 1575 807 manifestantur,
1604 753 1661 797 et
1686 753 1893 798 secreta

318 832 601 902 pateﬁunt.
627 832 884 887 Miserere
904 833 1032 898 mei,
1054 832 1297 893 Domine,
1326 848 1393 886 ne
1419 847 1505 887 me
1529 834 1705 903 perire
1735 833 1896 903 118

316 923 580 993 patiaris:
608 940 678 979 ne
704 939 789 977 me
816 923 1099 992 permittas
1135 923 1355 978 teternis
1394 923 1630 978 tenebris
1679 932 1733 978 et
1770 939 1895 993 per-

319 1023 482 1085 petua
526 1024 701 1071 morte
730 1015 994 1070 consumi.
1024 1000 1193 1068 Aufer
1228 1029 1258 1067 a
1297 1014 1458 1069 corde
1499 1028 1620 1069 meo
1658 1015 1894 1069 alienum

320 1123 559 1172 sensum,
592 1124 721 1163 cura
760 1107 812 1161 in
847 1123 932 1161 me
958 1115 1228 1176 stuporem
1257 1106 1453 1161 mentis
1478 1125 1489 1159 :
1520 1107 1729 1176 extiipa
1756 1122 1787 1160 a
1820 1107 1896 1160 vi-

318 1201 560 1255 sceribus
612 1199 748 1253 meis
791 1198 1015 1253 consilia
1065 1197 1393 1268 iniquitatis,
1439 1197 1601 1252 erade
1637 1214 1668 1251 a
1714 1197 1896 1270 lingua

321 1307 439 1347 mea
479 1290 795 1347 detrahendi
838 1288 1302 1354 consuetudinem,
1347 1289 1637 1344 mentiendi
1668 1287 1897 1344 facilita-

320 1392 450 1447 tem,
480 1380 732 1450 loquendi
768 1379 1182 1445 scurrilitatem,
1225 1388 1280 1433 ct
1323 1396 1512 1435 omnes
1559 1389 1713 1435 actus
1748 1396 1897 1435 meos

317 1481 435 1528 arte
466 1482 519 1528 et
557 1472 821 1528 medicina
855 1480 944 1525 tua
987 1486 1137 1525 sana.
1178 1469 1516 1525 Circumcide
1561 1471 1614 1525 in
1658 1486 1761 1535 me,
1795 1470 1898 1525 Do-

318 1566 486 1630 mine,
514 1564 644 1619 vitia
673 1563 853 1619 cordis
880 1571 934 1617 et
966 1561 1230 1631 corporis.
1270 1560 1526 1617 Miserere
1556 1562 1690 1628 mei,
1734 1561 1896 1626 Deus,

317 1660 442 1729 quia
478 1666 535 1712 tu
580 1658 721 1712 nosti
752 1656 891 1711 facta
925 1672 1064 1711 mea.
1094 1655 1151 1710 Si
1180 1664 1234 1710 tu
1263 1656 1722 1727 transgressiones
1751 1670 1898 1711 meas

311 1748 516 1819 judicio
560 1756 653 1803 tuo
696 1748 945 1817 persequi
987 1763 1051 1802 ac
1097 1745 1289 1817 punire
1326 1745 1610 1813 voluisses,
1643 1746 1769 1800 olim
1811 1762 1897 1801 me

318 1849 466 1893 terra
494 1838 679 1892 vivum
717 1836 1104 1893 absorbuisset.
1153 1836 1259 1892 Sed
1305 1838 1431 1908 quia
1464 1845 1611 1891 tanta
1654 1845 1738 1893 est
1783 1837 1895 1893 cle-

318 1936 520 1991 mentia
547 1934 846 2006 majestatis
867 1943 991 2000 tua),
1014 1942 1074 1989 ut
1097 1933 1301 1988 nullum
1325 1932 1502 2002 perire
1522 1933 1776 2004 patiaris;
1803 1932 1896 1986 sed

317 2043 507 2083 omnes
548 2037 834 2097 exspectas
871 2026 937 2081 ad
982 2028 1356 2097 pcenitentiam
1396 2028 1627 2091 reverti,
1669 2028 1759 2097 qui
1801 2027 1897 2082 das

317 2119 551 2190 spatium
592 2117 914 2189 pmnitendi;
960 2118 1026 2172 da
1063 2118 1475 2187 possibilitatem
1521 2119 1797 2189 operanti,
1840 2128 1898 2173 ut

317 2226 424 2265 non
462 2210 533 2265 sit
575 2209 678 2264 hoc
722 2224 916 2263 vanum
963 2208 1304 2279 indulgentia:
1344 2218 1449 2265 tuac
1493 2218 1723 2280 tempus,
1756 2212 1898 2281 quod

320 2304 451 2357 mihi
482 2294 674 2373 laagiri
713 2317 813 2371 pro
842 2309 932 2354 tua
960 2301 1159 2370 pietate
1190 2300 1447 2371 dignaris.
1479 2301 1734 2357 Miserere
1770 2303 1894 2365 mei,

320 2394 483 2459 Deus,
511 2408 578 2447 ne
608 2407 693 2447 me
722 2391 1009 2460 despicias,
1038 2407 1209 2462 neque
1232 2400 1447 2447 avertas
1471 2389 1665 2447 faciem
1700 2400 1844 2447 tuam
1867 2411 1898 2447 a

317 2501 426 2551 me,
452 2485 578 2555 quia
622 2500 729 2538 non
777 2500 875 2555 pro
907 2484 1120 2555 justitia
1169 2499 1288 2539 mea
1318 2492 1441 2555 pcto
1470 2486 1897 2541 miscricordiam

317 2584 463 2628 tuam
484 2614 498 2640 ,
537 2575 631 2632 sed
659 2581 879 2642 propter
905 2573 1242 2628 clementiam
1273 2582 1420 2627 tuam
1462 2575 1670 2644 respice
1704 2575 1770 2630 ad
1812 2592 1897 2630 me

316 2665 383 2716 de.
410 2661 537 2717 sede
567 2662 867 2731 majestatis
899 2669 1022 2725 tum,
1049 2670 1105 2715 et
1130 2663 1381 2718 tenebras
1407 2663 1588 2717 cordis
1612 2664 1717 2717 mei
1743 2665 1897 2719 radio

314 2751 615 2821 splendoris
642 2751 717 2804 tui
760 2751 1020 2804 illumiua.
1060 2750 1286 2820 Protege
1326 2768 1432 2817 me,
1466 2753 1709 2818 Domine,
1742 2765 1896 2811 scuto

315 2840 558 2895 veritatis
579 2854 643 2893 ac
668 2839 787 2893 fidei
806 2880 820 2904 ,
854 2848 910 2893 ut
942 2855 1026 2895 me
1055 2840 1250 2896 diaboli
1273 2840 1450 2910 iacula
1478 2842 1644 2910 ignita
1670 2861 1777 2900 non
1805 2862 1897 2916 pec

315 2939 622 2997 netrent,ct
648 2930 906 3002 quidquid
934 2930 1060 2986 illud
1091 2942 1194 2999 cst,
1224 2934 1367 3003 quod
1396 2933 1683 2991 infelicitas
1718 2954 1835 2993 mea
1865 2954 1893 2992 a

315 3033 367 3078 te
393 3031 578 3094 petere
606 3031 697 3076 aut
726 3039 831 3078 non
860 3024 1154 3093 prmsumit,
1185 3034 1278 3079 aut
1306 3040 1413 3080 non
1453 3026 1723 3098 intelligit,
1756 3030 1807 3083 id
1839 3037 1893 3084 tu

313 3132 410 3186 pro
438 3126 525 3172 tua
550 3117 752 3172 virtute
795 3117 988 3179 triiue,
1016 3126 1069 3172 ct
1100 3118 1202 3173 hoc
1238 3118 1456 3189 largire,
1485 3121 1630 3190 quod
1659 3121 1894 3176 animam

316 3229 490 3269 meam
513 3213 684 3268 salvet
723 3232 751 3266 a
784 3220 984 3277 morte;
1013 3220 1066 3267 et
1106 3213 1323 3267 exeunti
1353 3214 1483 3268 mihi
1512 3215 1579 3268 de
1618 3215 1719 3270 hac
1749 3215 1897 3270 clau-

311 3320 437 3358 sura
470 3304 813 3358 tenebrarum
850 3319 1066 3357 manum
1096 3304 1327 3373 porrige,
1357 3314 1413 3359 et
1438 3304 1618 3359 lumen
1649 3308 1891 3361 ostende.

314 3397 571 3450 Miserere
614 3396 752 3460 mei,
796 3396 1041 3461 Domine,
1092 3405 1146 3449 et
1194 3397 1496 3467 redintegra
1532 3398 1891 3464 confractum,

312 3502 442 3541 sana
473 3494 805 3556 corruptum,
833 3487 1058 3539 emenda
1089 3487 1354 3552 vitiatum,
1393 3496 1448 3543 et
1485 3489 1613 3544 illud
1657 3490 1890 3561 indulge,

310 3578 454 3648 quod
482 3575 609 3641 feci,
637 3584 691 3631 et
719 3577 840 3641 hoc,
874 3586 1089 3645 praesta,
1120 3591 1187 3631 ne
1216 3579 1409 3634 iterum
1440 3580 1653 3636 faciam.
1689 3581 1895 3639 Miseri-

310 3685 434 3725 cors
459 3676 513 3724 et
541 3668 825 3723 miserator
855 3667 1011 3733 Dens,
1040 3670 1131 3739 qui
1161 3679 1216 3725 et
1247 3671 1506 3729 barbaros
1553 3676 1763 3732 salvare
1790 3678 1892 3742 vis,

310 3770 367 3817 et
392 3762 457 3816 ad
495 3760 741 3815 veritatis
784 3760 1113 3830 agnitionem
1143 3762 1347 3828 venire,
1379 3763 1448 3819 ad
1491 3771 1541 3820 te
1571 3765 1787 3837 confugi
1828 3769 1891 3821 li-

311 3854 513 3910 delium
538 3852 894 3907 Salvatorem.
926 3851 1183 3909 Miserere
1208 3853 1338 3919 mei,
1365 3855 1491 3926 quia
1523 3864 1576 3911 te
1603 3857 1893 3927 plurimum

308 3942 651 4009 cxaccrbavi,
679 3950 733 3997 et
762 3942 1037 4021 inimicum
1065 3943 1303 4014 gaudere
1339 3944 1475 4013 feci,
1508 3957 1563 4002 et
1598 3963 1725 4003 ecce
1751 3964 1894 4003 mor-

311 4045 434 4090 tuus
463 4050 582 4090 sum
612 4034 868 4091 obediens
891 4034 961 4089 ei.
992 4034 1094 4101 Tu,
1143 4035 1389 4104 Domine,
1418 4046 1474 4094 et
1501 4039 1702 4109 impiis,
1726 4048 1781 4095 ct
1811 4040 1895 4097 his

309 4130 403 4199 qui
430 4136 558 4183 sunt
600 4128 714 4183 sine
740 4127 1134 4195 misericordia,
1166 4130 1443 4187 misereris
1469 4146 1482 4184 :
1509 4132 1769 4188 miserere
1794 4133 1895 4189 liu-

310 4217 524 4272 militati
545 4232 678 4271 mea:
697 4231 711 4270 :
730 4216 871 4286 apud
895 4225 945 4272 te
966 4218 1110 4272 enim
1136 4219 1465 4291 impossibile
1487 4221 1623 4277 nihil
1642 4231 1742 4291 est,
1766 4240 1894 4295 quo-

307 4311 451 4365 niam
480 4325 637 4364 secus
676 4307 946 4363 infernum
976 4309 1233 4379 dissipata
1260 4320 1343 4366 est
1373 4312 1553 4368 anima
1599 4329 1740 4370 mea.
1783 4315 1893 4371 Fac

1993 467 2133 535 quod
2174 483 2260 522 me
2308 460 2582 522 exaudias.
2610 466 2759 537 Auge
2806 466 2861 521 in
2907 481 3015 531 me,
3062 464 3308 532 Domine,
3347 483 3587 524 munera

1993 565 2105 621 tua,
2134 565 2192 610 ut
2216 558 2393 611 anima
2421 571 2537 612 mea
2565 556 2754 626 diligat
2776 564 2827 611 te
2867 563 2922 612 et
2950 555 3043 610 ﬁat
3066 556 3316 626 expedita
3339 557 3406 613 ab
3427 559 3589 613 omni

1992 648 2124 702 vitio
2161 648 2631 718 concupiscentiae.
2682 648 2833 720 Rogo
2870 657 2942 713 te,
2972 647 3158 714 Pater,
3199 648 3462 720 deprecor
3502 660 3587 711 te.

1993 738 2113 803 Fili,
2140 740 2365 793 obsecro
2387 746 2461 801 te,
2486 738 2722 808 Spiritus
2741 747 2946 805 sancte,
2969 746 3030 792 ut
3050 738 3275 794 evadam
3300 739 3367 794 de
3392 740 3590 797 mundi

1994 832 2236 896 miseria,
2266 839 2322 886 et
2351 830 2520 885 dones
2550 830 2682 884 mihi
2724 831 2914 885 mterni
2954 831 3106 902 regni
3144 840 3406 901 perpetua
3450 847 3592 902 gau-

1995 923 2104 978 dia.
2132 922 2423 977 Revertere
2439 919 2552 989 jam
2577 921 2720 977 Deus
2745 936 2919 987 meus,
2943 930 3000 978 et
3023 936 3090 977 ne
3114 922 3454 980 obliviscaris
3473 926 3592 980 mei

1995 1027 2166 1080 usque
2196 1013 2249 1066 in
2283 1010 2468 1078 ﬁnem,
2492 1028 2600 1066 non
2645 1012 2699 1066 in
2737 1018 3054 1081 perpetuum
3097 1012 3339 1078 deseras,
3368 1028 3468 1068 nec
3496 1029 3593 1069 me

1996 1099 2189 1155 cadere
2230 1100 2283 1154 in
2331 1108 2598 1171 potestate
2642 1100 2944 1155 dmmonum
2988 1101 3292 1170 permittas.
3338 1102 3489 1159 Licet
3525 1104 3592 1158 in

1981 1178 2197 1244 ~offensa
2231 1190 2475 1259 jaceam,
2526 1199 2582 1244 tu
2631 1198 2808 1244 tamen
2850 1189 3107 1255 clemens,
3146 1200 3203 1246 tu
3234 1193 3371 1263 pius,
3404 1202 3458 1247 tu
3488 1210 3594 1264 pa-

2000 1279 2168 1345 tiens,
2217 1290 2273 1335 tu
2323 1281 2551 1336 multum
2602 1281 2931 1346 misericors,
2978 1280 3186 1336 nullum
3233 1281 3586 1353 derelinquis,

1999 1371 2201 1426 nullum
2248 1372 2460 1442 spernis
2503 1371 2569 1426 ad
2600 1373 2885 1427 sanitatem
2921 1372 3261 1439 venientem,
3309 1375 3402 1430 sed
3437 1375 3595 1432 ultro

1998 1461 2231 1516 offerens
2271 1461 2764 1517 misericordiarum
2805 1461 3122 1517 clementias
3154 1472 3467 1533 peccatores
3492 1480 3598 1520 cx-

1999 1560 2234 1621 spectas,
2262 1562 2321 1608 ut
2349 1552 2592 1607 redeant.
2617 1551 2816 1619 Quanti
2843 1553 2987 1607 enim
3020 1552 3289 1620 scelerati,
3318 1564 3374 1610 et
3401 1556 3597 1611 multis

1999 1642 2217 1714 flagitiis
2245 1643 2487 1708 involuti,
2518 1658 2615 1713 per
2642 1642 2900 1699 bonitatis
2926 1650 3029 1698 ture
3057 1643 3289 1714 gratiam
3324 1645 3393 1700 ad
3416 1646 3598 1700 indul-

1934 1719 1978 1780 Β
2003 1734 2237 1805 gentiam
2267 1734 2662 1804 pervenerunt?
2705 1733 2859 1789 Sicut
2889 1733 3071 1790 multis
3114 1750 3221 1790 non
3252 1736 3593 1792 merentibus

1998 1826 2167 1896 gratis
2196 1826 2406 1880 veniam
2437 1827 2645 1882 donasti
2672 1844 2684 1879 :
2712 1826 2791 1882 sic
2818 1834 2870 1881 et
2902 1827 3033 1882 mihi
3060 1827 3277 1899 indigno
3306 1829 3594 1901 indulgen-

1999 1917 2130 1971 tiam
2161 1917 2343 1988 largiri
2370 1917 2609 1986 digneris
2638 1927 2859 1987 propter
2888 1928 3035 1973 tuam
3068 1918 3392 1975 ineffabilem
3420 1921 3591 1978 mise-

2000 2004 2307 2069 ricordiam,
2336 2006 2678 2076 omnipotens
2703 2006 2860 2070 Deus,
2898 2008 2990 2077 qni
3029 2008 3162 2063 vivis
3187 2016 3241 2063 et
3270 2024 3465 2081 regnas
3489 2025 3593 2081 per

1998 2097 2178 2151 omnia
2210 2097 2403 2151 smcula
2431 2097 2773 2152 sazculorum.
2798 2099 2991 2154 Amen.

2326 2249 2584 2305 ORATIO
2623 2247 2867 2306 SANCTI
2904 2251 3252 2309 GREGORII.

2070 2406 2294 2461 Domine
2341 2414 2544 2472 sancte,
2575 2406 2738 2461 Pater
2779 2408 3141 2478 omnipotens,
3173 2418 3371 2466 aeterne
3418 2413 3585 2477 Dens,

2000 2497 2092 2566 qui
2117 2496 2271 2551 sedes
2297 2495 2352 2549 in
2378 2496 2606 2565 septimo
2634 2497 2829 2552 throno
2856 2516 2868 2550 :
2897 2499 2996 2554 sub
3023 2496 3182 2568 cujus
3206 2502 3427 2571 pedibus
3456 2517 3584 2557 om-

1999 2587 2087 2641 nia
2117 2587 2570 2652 contremiscunt;
2606 2588 2865 2644 miserere
2902 2591 3030 2656 mei,
3059 2591 3151 2661 qui
3180 2590 3349 2647 fecisti
3373 2593 3581 2649 celum

1997 2685 2053 2732 et
2083 2685 2307 2743 terram,
2343 2692 2495 2732 mare
2519 2687 2575 2732 et
2604 2680 2785 2734 omnia
2810 2695 2929 2750 quae
2957 2680 3011 2735 in
3033 2682 3115 2736 eis
3145 2692 3290 2737 sunt.
3324 2683 3586 2741 Miserere

1999 2772 2137 2835 mei,
2168 2772 2259 2841 qui
2293 2772 2634 2829 altitudinem
2682 2775 2833 2841 cteli,
2864 2784 2918 2831 et
2947 2776 3288 2832 latitudinem
3319 2787 3497 2847 terra},
3523 2790 3588 2836 et

1998 2862 2322 2932 profundum
2343 2865 2522 2935 abyssi
2546 2866 2767 2922 metitus
2789 2882 2849 2922 es
2873 2885 2885 2921 :
2911 2869 3000 2938 qui
3030 2878 3288 2939 perpetua
3316 2871 3586 2940 sapientia

1997 2966 2089 3011 tua
2121 2956 2286 3012 cmlos
2316 2958 2603 3013 camerasti
2632 2966 2687 3013 et
2721 2959 2893 3014 stellis
2917 2962 3144 3024 ornasti,
3172 2971 3227 3017 et
3251 2972 3452 3018 terram
3488 2962 3585 3019 flo-

1921 3068 1968 3133 c
2000 3045 2150 3101 ribus
2197 3046 2514 3117 depinxisti;
2565 3061 2727 3117 quem
2770 3049 3005 3105 mundus
3044 3065 3149 3106 non
3179 3053 3356 3121 capit,
3389 3061 3445 3109 et
3489 3069 3581 3109 re-

1997 3136 2232 3205 quiescis
2256 3137 2312 3191 in
2366 3137 2530 3193 corde
2558 3138 2775 3193 mundo.
2808 3139 2937 3204 Fac,
2972 3140 3217 3207 Domine,
3253 3158 3349 3198 cor
3395 3160 3581 3201 meum

2001 3228 2161 3300 119
2189 3230 2626 3297 immaculatum,
2660 3232 2751 3301 qui
2797 3232 2942 3287 diem
2985 3248 3015 3287 a
3052 3243 3212 3290 nocte
3253 3251 3492 3306 separas,
3522 3246 3587 3293 et

1994 3329 2171 3374 mutas
2202 3321 2410 3391 linguas
2438 3321 2696 3386 ferarum,
2722 3331 2777 3376 et
2806 3324 2904 3378 das
2927 3325 3007 3379 eis
3036 3325 3357 3396 sapientiam
3381 3343 3395 3381 :
3418 3342 3583 3397 quem

1996 3414 2205 3469 diversa
2235 3414 2469 3468 volatilia
2509 3418 2725 3486 garrula
2769 3429 3067 3489 agnoscunt
3104 3435 3237 3476 voce
3276 3423 3578 3485 suavitatis,

1996 3504 2275 3560 laudantes
2301 3522 2457 3561 suum
2482 3508 2814 3565 Creatorem.
2839 3510 3118 3568 Gloriosus
3137 3529 3198 3569 es
3226 3524 3304 3579 tu,
3331 3514 3579 3581 Domine,

1994 3607 2047 3651 et
2091 3598 2322 3666 gloriosa
2350 3613 2512 3669 Opera
2564 3609 2676 3665 tua,
2707 3604 2797 3672 qui
2846 3603 3054 3669 fecisti,
3096 3621 3217 3677 qum
3250 3623 3354 3662 non
3391 3617 3575 3663 erant.

1992 3690 2177 3745 Justus
2201 3704 2281 3755 es,
2304 3691 2547 3759 Domine,
2575 3702 2631 3748 et
2648 3693 2854 3763 justum
2873 3695 3136 3765 judicium
3164 3707 3313 3754 tuum
3341 3721 3353 3755 :
3382 3716 3580 3772 magna

1994 3789 2048 3835 et
2076 3781 2211 3836 inira
2247 3792 2375 3837 sunt
2416 3799 2579 3853 opera
2612 3793 2722 3838 tua.
2756 3785 3077 3844 Benedictus
3105 3804 3166 3845 es
3200 3805 3361 3860 super
3388 3807 3586 3847 omnes

1995 3873 2415 3935 benedictiones.
2462 3876 2698 3931 Trinitas
2747 3878 2886 3932 Deus
2926 3881 3329 3951 inseparabilis,
3373 3884 3465 3954 qui
3515 3899 3581 3939 es

1993 3980 2132 4020 unus
2173 3974 2228 4021 et
2272 3983 2378 4023 non
2423 3967 2606 4023 solus:
2639 3985 2742 4023 una
2790 3971 3067 4051 divinitas,
3101 3974 3245 4029 trina
3292 3976 3578 4047 maiestas,

1994 4056 2282 4126 coaequalis
2315 4057 2507 4129 gloria,
2544 4058 2715 4129 Alpha
2754 4068 2809 4115 et
2837 4061 3059 4134 Omega,
3090 4065 3304 4120 initium
3344 4076 3399 4121 et
3429 4067 3576 4123 linis.

1994 4148 2138 4202 Deus
2165 4157 2349 4203 noster
2377 4148 2493 4203 Rex
2524 4159 2650 4204 ante
2675 4151 2892 4218 saecula,
2923 4155 3014 4225 qui
3042 4166 3298 4224 operatus
3326 4172 3387 4213 es
3427 4158 3580 4213 salu-

1997 4247 2103 4292 tem
2141 4240 2195 4293 in
2241 4240 2420 4295 medio
2446 4248 2622 4297 teme.
2667 4241 2810 4298 Deus
2853 4245 2945 4313 qui
2991 4246 3247 4301 sarculum
3292 4257 3579 4305 senectute

1993 4328 2287 4395 concludis,
2328 4338 2383 4385 et
2419 4338 2595 4385 tamen
2643 4332 2758 4402 ipse
2798 4348 2921 4389 cum
2951 4336 3148 4391 smculo
3178 4351 3285 4391 non
3314 4339 3577 4395 senescis.

307 4399 733 4456 misericordiam
755 4440 770 4465 ,
805 4400 931 4468 quia
961 4398 1224 4471 benignus
1249 4415 1308 4455 es
1335 4409 1390 4457 et
1418 4403 1750 4472 misericors,
1797 4406 1893 4478 ﬁg-

1994 4419 2076 4476 Ad
2107 4429 2160 4475 te
2181 4420 2428 4490 expando
2452 4437 2646 4479 manus
2665 4438 2814 4480 meas
2836 4426 2891 4480 in
2918 4427 3326 4484 similitudinem
3354 4432 3536 4487 crucis
3561 4451 3576 4487 :

306 4501 488 4548 mento
525 4502 645 4558 tuo;
696 4492 873 4562 quiet
912 4505 1171 4562 corpora,
1202 4507 1323 4562 qua:
1369 4509 1477 4550 non
1518 4504 1672 4561 sunt,
1706 4497 1761 4552 in
1804 4498 1891 4554 die

305 4582 719 4637 resurrectionis
747 4581 1109 4638 suscitaturus
1133 4597 1214 4637 es.
1258 4582 1465 4638 Exaudi
1497 4600 1603 4651 me,
1628 4586 1904 4654 Domine,

305 4672 430 4740 quia
454 4671 650 4728 defecit
675 4672 898 4743 spiritus
919 4687 1091 4739 meus,
1117 4681 1174 4729 et
1197 4671 1385 4730 infelix
1409 4674 1591 4730 anima
1613 4692 1755 4731 mea.
1785 4677 1887 4733 Ta-

302 4759 573 4815 befactum
592 4769 676 4816 est
701 4762 864 4819 etiam
887 4776 1085 4833 corpus
1111 4777 1313 4832 meum,
1335 4765 1481 4835 quod
1506 4767 1884 4838 coinquinavi:

300 4852 464 4906 etiam
507 4852 694 4908 vivere
735 4868 842 4908 non
873 4853 1027 4909 valeo
1064 4869 1164 4924 pro
1204 4871 1286 4920 eo,
1332 4856 1479 4927 quod
1507 4872 1613 4913 non
1654 4858 1883 4915 credidi.

295 4943 521 5015 Ignosce
547 4952 827 5015 peccatum
872 4961 1051 5002 meum
1094 4963 1193 5016 per
1236 4949 1641 5019 pmoitentiam,
1672 4950 1886 5008 vivitica

298 5051 386 5090 me
411 5036 723 5101 contritum,
749 5044 805 5091 et
832 5036 957 5107 igne
983 5037 1288 5105 splendoris
1316 5040 1392 5095 tui
1421 5041 1683 5108 illumina,
1714 5050 1770 5097 ct
1795 5058 1886 5099 ac-

299 5130 469 5185 cende
497 5140 595 5185 cor
620 5144 800 5183 meum
828 5147 841 5182 :
869 5137 931 5184 ut
956 5143 1057 5199 ego
1085 5130 1356 5200 accipiens
1385 5131 1636 5193 fiduciam
1674 5135 1887 5192 miseri-

297 5222 497 5277 cordiae
540 5228 597 5277 et
642 5221 988 5293 indulgentiae
1026 5230 1148 5288 tuae,
1180 5224 1455 5279 residuum
1484 5237 1695 5295 tempus
1738 5228 1880 5292 vitae,

297 5312 442 5381 quod
469 5312 602 5368 mihi
649 5312 959 5377 donaveris,
990 5314 1245 5368 mandata
1278 5323 1367 5369 tua
1410 5318 1743 5382 custodiam,
1771 5329 1826 5375 et
1852 5337 1881 5373 a

298 5405 491 5461 timore
533 5414 626 5459 tuo
652 5420 759 5460 non
806 5406 1090 5471 recedam;
1134 5405 1227 5461 sed
1267 5407 1458 5463 devote
1505 5410 1736 5464 serviam
1785 5411 1881 5466 tibi

296 5498 551 5570 amplius,
575 5513 738 5568 quam
782 5500 963 5556 modo.
998 5500 1169 5556 Parce
1211 5515 1342 5571 ergo
1370 5501 1538 5567 mihi,
1570 5510 1626 5558 et
1669 5502 1881 5557 vivitica

297 5604 407 5655 me,
442 5589 784 5659 omnipotens
813 5591 977 5657 Deus,
1020 5591 1244 5647 Domine
1272 5590 1399 5648 Jesu
1420 5592 1643 5649 Christe
1669 5595 1882 5650 univer-

299 5678 474 5735 sitatis
501 5668 767 5743 couditor,‘
794 5695 918 5748 spes
948 5680 1104 5736 unica
1133 5682 1336 5737 mundi.
1366 5682 1569 5739 Praesta
1596 5684 1726 5740 mihi
1766 5686 1878 5755 pri-

1992 4513 2059 4568 ad
2096 4522 2147 4567 te
2174 4514 2451 4581 humilior,
2482 4516 2550 4570 ad
2582 4524 2634 4571 te
2663 4531 2959 4590 resurgam.
2992 4520 3177 4590 Erigat
3218 4536 3306 4577 me
3343 4521 3573 4580 dextera

1991 4613 2101 4667 tua,
2127 4602 2253 4659 Jcsu
2280 4602 2515 4669 Christe,
2541 4609 2631 4676 qui
2656 4625 2841 4666 manes
2866 4611 2921 4665 in
2948 4610 3131 4679 Patre,
3161 4623 3217 4668 et
3242 4612 3406 4668 Pater
3427 4614 3485 4669 in
3519 4624 3574 4671 te

1990 4695 2045 4749 in
2067 4694 2474 4765 sempiternum.
2497 4695 2800 4765 Credimus,
2822 4701 3069 4768 Domine,
3094 4704 3386 4759 adventum
3417 4712 3574 4762 tuum

1989 4793 2046 4840 et
2081 4786 2536 4843 resurrectionem
2582 4796 2751 4844 tuam.
2796 4790 2875 4845 Tn
2915 4793 3085 4847 nostri
3116 4792 3437 4851 dominaris.
3469 4795 3575 4850 Do-

1990 4877 2157 4944 mine,
2188 4885 2480 4948 antequam
2522 4878 2783 4937 discutias
2814 4896 2918 4947 me,
2955 4884 3215 4940 miserere
3260 4886 3400 4952 mei;
3441 4901 3570 4942 sana

1987 4973 2335 5037 peccatorum
2362 4982 2607 5022 meorum
2635 4969 2877 5036 vulnera,
2905 4973 3030 5042 quia
3056 4975 3275 5042 peccavi
3305 4976 3362 5031 in
3395 4984 3466 5033 te.
3490 4976 3570 5031 Ab

1985 5056 2213 5113 occultis
2255 5055 2394 5113 meis
2433 5059 2632 5113 munda
2676 5074 2782 5125 me,
2823 5060 3068 5118 Domine.
3104 5062 3349 5118 lllumina
3395 5079 3492 5120 cor
3518 5073 3571 5120 et

1986 5161 2204 5202 sensum
2226 5162 2408 5203 meum
2434 5148 2635 5204 lumine
2654 5152 2962 5208 serenitatis
2987 5161 3109 5209 tum.
3136 5155 3213 5211 Te
3234 5164 3361 5212 ante
3383 5156 3565 5213 omnia

1986 5253 2176 5295 sensus
2210 5254 2363 5295 meus
2389 5239 2581 5309 sapiat.
2618 5240 2693 5295 Da
2724 5242 2854 5297 mihi
2901 5244 3261 5310 intellectum,
3296 5254 3358 5300 ut
3392 5247 3566 5303 scia

1988 5330 2292 5385 testimonia
2330 5338 2442 5395 tua,
2468 5337 2524 5384 et
2561 5333 2862 5388 custodiam
2906 5350 2969 5390 ea
3010 5336 3064 5390 in
3107 5337 3273 5393 corde
3304 5352 3446 5394 meo.
3490 5338 3567 5393 Da

1970 5423 2115 5477 'mihi
2148 5422 2377 5492 gratiam
2424 5430 2590 5485 tuam.
2616 5424 2738 5493 quia
2765 5440 2873 5480 non
2901 5435 3007 5493 est,
3031 5429 3124 5499 qui
3151 5429 3562 5486 convalescat...

1985 5513 2148 5568 Pater
2191 5515 2588 5584 orphanorum,
2639 5524 2930 5571 venerator
2970 5518 3277 5584 viduarum,
3323 5520 3566 5575 indultor

1984 5602 2282 5673 egentium,
2320 5602 2600 5660 confessor
2625 5605 3037 5675 pmnitentium;
3080 5617 3276 5678 praesta
3304 5609 3441 5665 mihi
3467 5623 3562 5663 ve-

1986 5694 2150 5759 niam,
2179 5709 2337 5764 quem
2365 5694 2641 5765 plasmasti
2663 5697 2729 5753 dc
2755 5698 2913 5768 limo;
2948 5706 3003 5755 et
3031 5701 3409 5773 cogitationes,
3439 5717 3558 5772 qua:
