3894 6182
299 286 406 343 603

1117 273 1177 331 Β.
1217 272 1278 328 F.
1321 263 1548 324 ALBINI
1587 258 1718 317 SEU
1758 251 2036 311 ALCUINI
2075 249 2359 308 OPERUM
2395 247 2573 305 PARS
2611 245 2702 303 IV.

3467 238 3587 295 60$

298 403 499 477 guine:
535 397 628 471 qui
659 397 800 451 intra
830 393 1024 449 matris
1049 392 1287 454 viscera,
1317 399 1436 441 mea
1462 380 1705 437 membra
1736 389 1883 431 com-
1913 373 1963 431 Α
1984 376 2042 424 et
2070 368 2301 433 reducis,
2335 370 2387 422 in
2417 364 2684 421 Trinitate
2710 373 2925 431 semper
2949 370 3276 430 permanens
3298 356 3355 411 in
3379 355 3591 413 saecula

301 466 594 565 paginasti,
619 496 674 543 et
698 487 767 542 ad
795 485 951 541 istius
973 483 1097 538 vitae
1121 480 1299 535 lucem
1329 468 1650 548 perduxisti.
1693 466 1893 565 Precor

304 555 671 636 dulcissimam
693 576 951 647 pietatem
974 582 1142 635 tuam,
1164 579 1223 624 ut
1242 581 1329 623 me
1350 573 1442 619 tuo
1462 559 1670 617 caelesti
1692 555 1894 647 lumine

305 672 613 729 illuminare
639 646 901 739 digneris,
949 672 1005 720 ct
1047 663 1168 716 vias
1196 654 1432 729 paradisi
1460 651 1593 708 mihi
1617 646 1890 708 ostendas,

306 773 362 820 et
384 764 453 818 ad
472 768 690 835 portum
708 738 903 815 salutis
924 765 1142 811 retenta!
1164 748 1445 821 perducas.
1483 741 1709 797 Domine
1734 738 1897 793 mise-

311 827 702 916 ricordissime,
728 851 952 921 dignare
980 846 1035 900 in
1060 858 1146 898 me
1173 837 1468 896 accendere
1492 835 1671 905 ignem
1695 827 1898 884 amoris

310 946 389 1001 tui
407 988 421 1012 ,
450 946 541 1017 qui
572 919 806 1015 peccata
824 953 943 994 mea
970 940 1288 996 consumat,
1334 937 1390 984 et
1415 927 1482 982 ad
1508 933 1659 981 tuum
1686 919 1899 977 deside-

312 1016 699 1105 riumisemper
726 1028 1020 1092 accendat;
1068 1032 1125 1081 et
1168 1021 1378 1078 habitet
1414 1016 1651 1088 Spiritus
1677 1019 1900 1069 sanctus

312 1132 369 1187 in
400 1130 565 1187 corde
593 1141 731 1188 meo,
762 1124 853 1196 qui
884 1137 971 1178 me
999 1121 1195 1176 doceat
1220 1115 1401 1172 facere
1424 1112 1729 1169 voluntates
1756 1117 1896 1164 tuas.

312 1221 541 1278 Domine
570 1218 814 1289 piissime
842 1215 1028 1279 Pater,
1074 1210 1327 1267 mellifica
1372 1222 1467 1264 cor
1494 1220 1676 1260 meum
1705 1203 1903 1257 durum

312 1322 369 1371 et
393 1313 684 1384 lapideum.
720 1307 943 1377 Largire
970 1305 1101 1361 mihi
1126 1298 1595 1371 compunctionem
1619 1293 1821 1357 cordis,
1844 1298 1904 1345 ut

316 1406 385 1462 de
437 1411 589 1459 reatu
641 1408 989 1472 peccatorum
1044 1405 1289 1449 meorum
1337 1387 1588 1461 profusas
1634 1384 1903 1453 lacrymas

313 1505 439 1551 ante
466 1492 813 1551 clementiam
844 1498 993 1543 tuam
1025 1486 1265 1541 fundam.
1318 1480 1567 1537 Concede
1610 1477 1764 1542 mihi,
1801 1475 1905 1530 Do-

312 1587 479 1651 mine,
524 1585 794 1654 lacrymas
838 1579 1044 1644 Mariae,
1094 1590 1216 1647 qua:
1262 1573 1427 1644 pedes
1472 1579 1591 1626 tuos
1631 1573 1906 1637 unguento

313 1677 488 1739 unxit,
513 1674 768 1745 iacrymis
790 1671 1008 1741 rigavit,
1037 1677 1093 1725 et
1118 1667 1270 1723 crine
1293 1664 1469 1720 tersit.
1502 1660 1749 1717 Concede
1776 1656 1905 1712 mihi

1994 460 2331 516 saeculorum.

2340 545 2598 606 ORATIO
2637 543 2882 601 SANCTI
2922 539 3228 597 MARTINI.

2067 641 2207 695 Deus
2232 638 2443 711 gloriae,
2463 636 2557 708 qui
2581 650 2723 690 unus
2746 641 2801 690 et
2824 647 3006 697 verus,
3035 631 3126 701 qui
3154 629 3303 686 solus
3329 641 3385 686 et
3402 629 3597 701 justus

1996 747 2075 795 es,
2109 732 2162 783 in
2190 743 2298 798 quo
2323 726 2503 782 omnia
2521 766 2537 792 ,
2568 722 2670 780 sub
2697 738 2807 795 quo
2832 722 3013 777 omnia
3032 762 3047 787 ,
3084 734 3185 792 per
3211 734 3370 791 quem
3398 720 3595 777 omnia

1998 824 2141 880 facta
2172 829 2315 879 sunt.
2355 819 2562 876 Exaudi
2590 834 2677 874 me
2702 825 2946 874 orantem
2966 857 2981 881 ,
3012 815 3154 871 sicut
3177 814 3447 870 exaudisti
3473 822 3598 872 tres

1998 918 2292 989 pueros'de
2327 912 2543 969 camino
2584 910 2723 983 ignis
2752 908 3014 965 ardentis.
3067 905 3274 961 Exaudi
3304 920 3391 961 me
3416 920 3593 962 oran-

2002 1019 2143 1072 tem,
2178 1008 2319 1064 sicut
2343 1005 2610 1063 exaudisti
2634 1001 2828 1059 Jonam
2859 1002 2927 1056 de
2959 1008 3152 1055 ventre
3181 999 3329 1055 ceti.
3379 998 3597 1055 Exaudi

2002 1115 2090 1157 me
2115 1108 2360 1156 orantem
2377 1139 2392 1163 ,
2428 1097 2571 1154 sicut
2597 1093 2865 1151 exaudisti
2892 1092 3197 1147 Susannam
3215 1132 3228 1156 ,
3258 1097 3319 1145 et
3340 1090 3601 1146 iiberasti

2002 1210 2125 1250 eam
2149 1194 2215 1249 de
2244 1180 2409 1248 manu
2435 1190 2742 1258 iniquorum
2772 1186 3012 1242 testium.
3065 1184 3273 1240 Exaudi
3307 1199 3393 1239 me
3424 1198 3600 1239 oran-

2005 1294 2112 1340 tem
2133 1325 2148 1350 ,
2178 1283 2319 1339 sicut
2346 1279 2616 1337 exaudisti
2641 1278 2862 1334 Petrum
2893 1278 2947 1332 in
2977 1276 3117 1331 mari
3137 1316 3151 1339 ,
3191 1281 3248 1330 et
3271 1272 3499 1329 Paulum
3537 1276 3599 1330 in

2004 1377 2250 1433 vinculis.
2272 1375 2442 1430 Parce
2462 1373 2657 1429 anima:
2675 1386 2838 1426 meae:
2865 1384 3033 1439 parce
3052 1367 3211 1423 factis
3230 1367 3367 1423 meis
3387 1384 3400 1420 :
3426 1383 3603 1438 parce

2007 1468 2217 1523 cunctis
2246 1465 2567 1521 criminibus
2592 1462 2812 1529 nostris,
2844 1461 2936 1531 qui
2966 1474 3173 1531 regnas
3197 1474 3319 1514 cum
3347 1458 3510 1514 Patre
3542 1468 3607 1514 et

2007 1559 2144 1614 Filio
2170 1559 2223 1613 in
2253 1557 2466 1613 saecula.

2306 1670 2562 1729 ORATIO
2602 1667 2847 1725 SANCTI
2885 1664 3299 1723 COLUMBANI.

315 1766 479 1822 ﬁdem
508 1765 752 1829 latronis,
780 1764 871 1834 qui
911 1763 963 1817 in
994 1774 1157 1816 cruce
1181 1757 1390 1828 positus
1418 1764 1469 1810 te
1497 1752 1776 1810 confessus
1799 1760 1904 1815 est,
1937 1735 1982 1794 Β
2084 1765 2309 1819 nomine
2339 1763 2504 1827 Deus,
2536 1761 2775 1823 destme,
2814 1766 2870 1813 ει
2899 1756 3159 1829 quidquid
3190 1756 3244 1810 ίη
3279 1771 3364 1811 me
3391 1755 3603 1824 Nam“

317 1858 529 1912 dicens:
556 1854 817 1909 Memento
841 1852 962 1915 mei,
985 1849 1228 1911 Domine,
1253 1862 1373 1901 cum
1394 1845 1592 1900 ueneris
1613 1844 1668 1897 in
1691 1857 1907 1912 regnum

316 1958 466 2002 tuum
494 1945 645 2018 (Luc.
672 1960 831 2008 χχιιι,
858 1940 950 2012 ιε)
974 1958 988 2006 ;
1029 1948 1083 1996 et
1120 1938 1306 1994 audire
1332 1934 1569 1991 meruit:
1600 1933 1765 1987 Amen
1790 1931 1907 1985 dico

316 2036 411 2091 tibi
435 2077 450 2102 ,
500 2035 654 2090 hodie
699 2049 902 2088 mecum
951 2032 1055 2085 eris
1103 2030 1161 2083 in
1204 2026 1455 2099 paradiso
1487 2023 1677 2097 (Ibid.,
1720 2039 1766 2076 υ.
1794 2020 1906 2093 45).

317 2127 523 2184 Praesta
561 2126 728 2191 mihi,
766 2123 1109 2193 omnipotens
1147 2119 1321 2183 Deus,
1360 2126 1423 2172 ut
1459 2118 1514 2171 in
1553 2114 1645 2191 illa
1680 2115 1767 2170 die
1804 2129 1913 2183 qua

317 2218 547 2290 iusseris
593 2218 832 2272 animam
881 2229 1059 2270 meam
1096 2227 1128 2267 a
1158 2225 1390 2283 corpore
1431 2207 1703 2279 separari,
1755 2206 1908 2276 121

321 2309 471 2382 piam
514 2307 841 2364 sententiam
889 2319 1103 2360 merear
1147 2302 1368 2368 audire,
1420 2308 1476 2355 et
1522 2297 1699 2369 angeli
1744 2296 1917 2351 sancti

319 2400 625 2473 perducant
662 2400 901 2453 animam
939 2411 1117 2451 meam
1149 2394 1214 2449 ad
1245 2393 1441 2465 gaudia
1464 2390 1756 2460 iustorum.
1806 2388 1905 2442 An-

322 2488 427 2564 geli
454 2507 584 2547 vero
612 2490 783 2561 iniqui
814 2490 1000 2545 tristes
1023 2487 1320 2544 abscedant
1346 2500 1377 2539 a
1405 2499 1512 2539 me.
1547 2481 1825 2551 Dirigatur
1850 2479 1919 2534 ad

322 2594 396 2650 te,
425 2583 671 2647 Domine,
694 2581 871 2636 oratio
896 2594 1038 2644 mea,
1062 2579 1200 2633 sicut
1225 2577 1508 2632 incensum
1538 2574 1591 2627 in
1619 2579 1917 2640 conspectu

325 2680 435 2728 tuo.
476 2671 709 2736 Exaudi,
735 2670 983 2734 Domine,
1008 2682 1197 2724 vocem
1228 2682 1427 2730 meam,
1458 2680 1567 2735 qua
1593 2662 1824 2719 clamavi
1852 2662 1920 2718 ad

325 2771 403 2828 te,
428 2763 686 2818 miserere
729 2763 835 2817 mei
857 2770 913 2816 et
932 2759 1130 2816 exaudi
1155 2774 1262 2815 me.
1299 2757 1550 2821 Domine,
1574 2754 1771 2810 exaudi
1798 2768 1921 2809 ora-

325 2851 532 2908 tionem
556 2864 753 2918 meam,
781 2859 837 2906 et
861 2850 1069 2906 clamor
1096 2863 1251 2904 meus
1276 2846 1345 2902 ad
1374 2854 1426 2901 te
1454 2844 1658 2901 veniat.

858 2960 1025 3018 ITESI
1062 2959 1396 3018 EIUSDEM.

2010 1855 2376 1919 adversarius,
2402 1852 2654 1914 eradica;
2697 1858 2758 1903 ut
2787 1848 3077 1904 destructis
3107 1846 3502 1917 iniquitatibus,
3541 1846 3603 1901 in

2011 1966 2073 2005 os
2099 1956 2156 2004 et
2177 1964 2275 2004 cor
2301 1961 2480 2001 meum
2508 1943 2839 1998 intellectum
2876 1951 2930 1996 et
2952 1956 3087 2011 Opus
3114 1940 3315 1994 bonum
3348 1937 3558 1994 inseras
3586 1956 3600 1991 :

2012 2030 2073 2093 tit
2101 2053 2267 2108 opere
2292 2043 2349 2090 et
2375 2033 2652 2090 voluntate
2681 2032 2779 2087 tibi
2818 2031 2920 2087 soli
2950 2030 3279 2094 deserviam,
3316 2036 3372 2083 et
3400 2028 3603 2083 intelli-

2014 2142 2137 2197 gam
2166 2126 2422 2180 mandata
2454 2132 2581 2189 tua,
2616 2131 2673 2179 et
2700 2121 2931 2193 teipsum
2963 2120 3258 2191 requiram.
3293 2119 3370 2175 Da
3397 2134 3607 2175 memo-

2016 2218 2173 2272 riam.
2219 2217 2297 2271 Da
2321 2216 2665 2271 charitatem.
2710 2212 2786 2268 Da
2820 2212 3152 2268 castitatem.
3192 2210 3273 2266 Da
3303 2210 3482 2267 Iidem.
3525 2210 3607 2268 Da

2016 2324 2195 2374 omne,
2225 2307 2367 2379 quod
2394 2308 2503 2363 scis
2526 2306 2594 2363 ad
2615 2305 2903 2362 utilitatem
2930 2304 3125 2360 animae
3150 2318 3285 2359 mea:
3310 2304 3607 2375 pertinere.

2019 2401 2264 2465 Domine,
2295 2400 2380 2457 fac
2404 2401 2460 2456 in
2487 2415 2574 2456 me
2596 2401 2818 2465 bonum,
2844 2405 2900 2455 et
2923 2405 3124 2470 praesta
3151 2397 3297 2461 mihi,
3329 2396 3470 2467 quod
3493 2396 3613 2452 scis

2018 2500 2292 2562 oportere,
2321 2492 2415 2562 qui
2440 2507 2656 2563 regnas.

2381 2607 2639 2665 ORATIO
2678 2606 2925 2663 SANCTI
2963 2604 3231 2662 ISIDORI.

2094 2705 2195 2771 Tu,
2225 2702 2471 2769 Domine,
2497 2716 2661 2757 verus
2692 2701 2882 2756 doctor
2906 2694 2965 2756 et
2991 2700 3283 2771 praestitor,
3311 2697 3616 2755 advocatus

2021 2806 2077 2854 et
2096 2797 2257 2869 judex
2275 2838 2289 2861 ,
2331 2796 2555 2868 largitor
2583 2805 2639 2851 et
2670 2794 2910 2850 munitor
2934 2812 2947 2848 :
2982 2791 3240 2848 terribilis
3267 2798 3324 2847 et
3345 2791 3613 2858 clemens,

2023 2891 2239 2961 adjutor
2286 2899 2341 2945 et
2388 2888 2726 2952 consolator,
2780 2887 2873 2958 qui
2918 2884 3077 2942 caecis
3122 2883 3396 2939 mentibus
3441 2883 3619 2939 donas

2023 2992 2318 3055 aspectum,
2350 2983 2441 3055 qui
2468 2980 2605 3037 facis
2637 2978 2869 3034 infirmis
2888 2976 3144 3049 possibile
3180 2976 3324 3045 quod
3343 2975 3620 3046 praecipis,

403 3079 481 3135 Da
511 3077 640 3134 mihi
660 3116 676 3143 ,
706 3075 935 3131 Domine
953 3114 968 3141 ,
997 3072 1466 3144 compunctionem
1496 3070 1695 3136 cordis,
1744 3079 1800 3125 et
1843 3071 1921 3125 la-

2030 3075 2120 3147 qui
2148 3075 2227 3130 sic
2250 3074 2373 3146 pius
2401 3087 2491 3136 es,
2533 3079 2595 3128 ut
2632 3070 2849 3126 assidue
2878 3067 3059 3139 rogari
3087 3066 3255 3131 velis;
3286 3066 3368 3122 sic
3397 3066 3621 3120 muniti—

331 3184 552 3243 crymas
577 3166 748 3224 oculis
774 3165 944 3230 meis;
992 3171 1051 3217 ut
1090 3160 1319 3217 deﬂeam
1349 3160 1540 3216 diebus
1577 3175 1642 3215 ac
1677 3159 1926 3215 noctibus

332 3276 524 3317 omnes
545 3260 660 3315 dies
680 3255 1019 3328 negligentia:
1047 3269 1183 3310 meae
1211 3267 1336 3307 cum
1364 3250 1666 3306 humilitate
1696 3258 1751 3305 et
1780 3250 1926 3321 puri-

335 3362 447 3407 tate
467 3349 647 3405 cordis
666 3356 721 3404 et
737 3347 1026 3402 charitate.
1051 3345 1353 3415 ApprOpiat
1372 3342 1551 3397 oratio
1572 3356 1691 3395 mea
1719 3341 1775 3395 in
1800 3356 1927 3396 con-

337 3455 527 3516 spectu
555 3450 668 3496 tuo.
707 3438 765 3494 Si
796 3440 968 3493 iratus
996 3436 1185 3501 fueris,
1213 3435 1459 3499 Domine,
1489 3433 1777 3487 adversum
1806 3447 1923 3497 me;

339 3549 501 3605 quem
527 3531 829 3602 adjutorem
854 3541 1114 3599 quaeram,
1143 3533 1238 3579 aut
1260 3524 1383 3594 quis
1405 3523 1756 3578 miserebitur
1781 3521 1930 3577 inﬁr-

338 3625 619 3681 mitatibus
638 3619 811 3676 meis?
834 3617 1122 3681 Memento,
1142 3615 1390 3679 Domine,
1406 3612 1550 3684 quod
1565 3612 1928 3667 Cbananaeam

340 3728 397 3775 et
422 3715 775 3775 Publicanum
805 3710 1010 3768 vocasti
1057 3710 1125 3765 ad
1170 3707 1578 3781 paenitentiam,
1618 3711 1675 3761 et
1709 3703 1932 3759 Petrum

341 3809 731 3880 laerymantem
783 3801 1101 3873 suscepisti;
1143 3800 1222 3856 sic
1257 3807 1311 3855 et
1347 3812 1497 3854 meas
1538 3795 1817 3866 suscipere
1850 3793 1933 3850 di-

344 3901 529 3974 gneris
551 3912 766 3972 preces,
801 3897 1113 3953 misericors
1153 3894 1315 3959 Deus,
1361 3892 1510 3948 salva
1542 3905 1650 3957 me,
1684 3888 1934 3945 Salvator

343 3992 554 4058 mundi,
583 3991 676 4063 qui
703 4004 921 4063 regnas.

647 4101 904 4160 ORATIO
942 4100 1188 4158 SANCTI
1228 4097 1631 4155 IIIERONYMI.

415 4196 528 4269 Ego
558 4205 638 4260 te,
679 4194 905 4249 Domine
933 4191 1062 4248 Iesu
1091 4190 1340 4254 Christe,
1371 4204 1499 4245 vere
1529 4188 1714 4253 credo,
1746 4202 1934 4243 verum

351 4290 556 4356 fateor;
600 4288 727 4361 quia
756 4301 884 4343 vere
921 4284 1201 4341 redemisti
1245 4298 1383 4339 nos:
1429 4296 1581 4346 vere,
1610 4281 1736 4352 quia
1754 4278 1939 4334 vivifi-

348 4383 637 4447 castilnos;
670 4394 882 4443 verum,
905 4376 1032 4446 quia
1054 4374 1274 4431 salvasti
1302 4388 1421 4428 nos.
1455 4371 1537 4427 Tu
1560 4370 1751 4426 fortior
1774 4370 1932 4436 forte,

2029 3184 2144 3234 cus,
2177 3176 2237 3223 ut
2262 3166 2534 3222 neminem
2563 3162 2854 3233 desperare
2880 3159 3185 3233 permittas.
3217 3158 3369 3213 Dona
3394 3158 3537 3228 quod
3565 3164 3622 3213 te

2026 3268 2318 3335 pratstante
2348 3260 2488 3315 bene
2513 3257 2828 3327 quaarimus,
2869 3268 3034 3324 parce
3072 3260 3129 3308 et
3168 3251 3371 3324 perduc
3410 3265 3509 3305 nos
3547 3251 3622 3304 ad

2029 3354 2179 3409 illam
2208 3348 2749 3421 contemplationem,
2799 3346 2894 3401 ubi
2934 3345 3049 3416 jam
3078 3358 3187 3400 non
3224 3342 3495 3414 possimus
3534 3354 3629 3394 er-

2031 3460 2173 3501 rare.
2224 3444 2377 3499 Dona
2403 3442 2630 3505 facere,
2679 3454 2800 3510 quae
2828 3446 2883 3495 te
2926 3439 3231 3516 inspirante
3278 3434 3428 3506 loqui
3474 3450 3622 3506 prae-

2031 3535 2255 3606 sumpsi.
2306 3532 2457 3588 Dona
2493 3531 2970 3603 complere,~quas
2999 3528 3144 3583 alios
3173 3526 3516 3591 commoniti,
3562 3533 3630 3579 ut

2031 3627 2125 3698 qui
2157 3624 2458 3697 priestitisti
2488 3624 2639 3693 pium
2666 3635 3005 3685 sermonem,
3040 3617 3376 3689 probabilem
3405 3632 3625 3687 quoque

2033 3714 2282 3773 conferas
2310 3714 2420 3769 tuis
2447 3711 2666 3767 famulis
2694 3711 2982 3766 actionem.
3032 3707 3229 3763 Libera
3258 3721 3380 3770 nos,
3408 3714 3628 3760 amator

2033 3808 2313 3864 hominum
2347 3804 2755 3877 benignissime,
2792 3802 2861 3857 ab
2904 3800 2995 3857 illo
3040 3798 3314 3871 periculo;
3367 3813 3435 3853 ne
3479 3797 3629 3853 sicut

2035 3901 2168 3957 dicit
2188 3899 2500 3973 Apostolus,
2524 3897 2651 3953 dum
2678 3896 2802 3951 aliis
2825 3894 3085 3965 praedico,
3117 3892 3233 3962 ipse
3256 3889 3517 3960 reprobus
3544 3888 3634 3942 in-

2037 3994 2245 4049 veniar.
2296 3992 2471 4060 Quam
2516 3989 2719 4045 infirmi
2770 3988 2979 4053 simus,
3030 3994 3089 4041 tu
3133 3984 3401 4040 veraciter
3442 3981 3634 4045 nosti;

2035 4087 2182 4157 quali
2228 4086 2385 4142 hoste
2428 4081 2820 4153 deprimamur,
2848 4079 3141 4152 agnoscis:
3177 4077 3254 4132 Te
3281 4074 3478 4146 quzerit
3505 4087 3637 4129 cer-

2038 4185 2220 4232 tamen
2249 4176 2444 4245 impar.
2496 4172 2574 4228 Te
2614 4171 2821 4243 expetit
2849 4169 3098 4226 mortalis
3127 4166 3453 4231 iniirmitas;
3501 4164 3640 4234 quia

2038 4268 2342 4340 maiestatis
2372 4275 2477 4323 tua:
2501 4264 2675 4338 gloria
2701 4272 2817 4331 est,
2868 4264 2915 4319 si
2957 4261 3043 4335 leo
3072 4261 3293 4333 rugiens
3319 4259 3388 4313 ab
3416 4256 3639 4312 inﬁma

2039 4377 2141 4418 ove
2168 4368 2485 4432 superetur;
2518 4360 2564 4415 si
2589 4359 2813 4430 spiritus
2842 4358 3001 4428 122
3026 4353 3452 4412 violentissimus
3475 4368 3507 4406 a
3532 4351 3636 4407 de—

348 4476 524 4531 victor
563 4435 637 4529 in,
660 4471 862 4544 praelio,
908 4435 1245 4541 praeparator
1283 4465 1425 4520 vitae.
1481 4463 1562 4518 Tu
1610 4435 1939 4519 resurrectio
1963 4435 2015 4497 υ
2040 4453 2306 4511 bilissima
2336 4466 2502 4509 carne
2526 4451 2794 4507 vincatur.
2827 4448 2920 4504 Ille
2946 4447 3041 4520 qui
3070 4448 3138 4504 de
3167 4446 3308 4504 coelo
3336 4443 3554 4509 cecidit,
3583 4452 3644 4499 et

350 4575 709 4623 mortuorum.
750 4563 863 4618 Tua
890 4576 1078 4617 sumus
1098 4574 1249 4624 vasa,
1281 4565 1340 4613 tu
1366 4563 1552 4612 noster
1580 4552 1795 4637 figulus.
1829 4551 1941 4608 Ro-

352 4674 541 4734 gamus
584 4667 658 4724 te,
702 4655 951 4722 Domine,
999 4661 1059 4709 ut
1104 4666 1277 4708 vacua
1324 4647 1519 4722 spiritu
1559 4653 1651 4701 tuo
1690 4643 1936 4714 impleas,

350 4751 510 4827 plena
537 4763 847 4808 conserves.
888 4746 965 4802 Te
992 4746 1047 4801 in
1073 4744 1237 4801 Patre
1268 4740 1578 4799 credimus:
1612 4736 1828 4793 Patrem
1864 4736 1938 4791 si-

354 4842 555 4900 militer
582 4840 637 4896 in
668 4848 721 4896 te
750 4837 1092 4904 conﬁtemur,
1132 4834 1396 4907 Spiritum
1435 4845 1650 4903 quoque
1687 4836 1938 4885 sanctum

356 4933 413 4989 in
459 4940 693 5001 utroque
736 4942 1078 4984 veneramur.
1129 4925 1357 4981 Trinum
1402 4922 1573 4978 Deum
1617 4919 1844 4977 colimus
1887 4917 1943 4973 in

355 5022 636 5097 personis,
685 5034 853 5075 unum
901 5018 957 5073 in
1003 5016 1303 5073 substantia
1334 5013 1571 5070 deitatis.
1610 5010 1807 5068 Munda
1835 5023 1942 5077 me,

358 5115 608 5183 Domine,
636 5128 734 5170 vas
774 5120 958 5176 tuum,
1003 5117 1059 5165 et
1085 5108 1396 5173 sanctifica,
1438 5106 1582 5177 quod
1621 5103 1843 5161 fecisti:
1879 5100 1947 5157 de

359 5191 564 5267 malitia
591 5221 818 5271 evacua,
846 5211 903 5260 et
932 5201 1094 5275 imple
1122 5200 1187 5256 de
1218 5198 1413 5272 gratia.
1451 5196 1657 5252 Praesta
1687 5193 1850 5257 mihi,
1890 5200 1949 5247 ut

360 5299 659 5356 fraternam
683 5312 897 5369 semper
922 5303 1135 5353 teneam
1165 5290 1484 5348 charitatem
1511 5308 1523 5343 :
1565 5287 1704 5344 mala
1728 5285 1948 5343 oblivis-

361 5409 478 5459 car,
510 5394 686 5450 aliena
729 5408 836 5449 non
882 5390 1175 5461 requiram.
1230 5385 1306 5442 Te
1352 5383 1527 5440 solum
1572 5389 1948 5437 creaturarum

366 5487 628 5551 omnium,
658 5487 750 5557 qui
776 5499 916 5539 unus
940 5491 997 5539 et
1020 5497 1182 5537 verus
1204 5495 1282 5544 es,
1312 5491 1526 5548 semper
1546 5474 1765 5545 diligam
1785 5470 1954 5527 Crea—

342 5580 564 5637 ‘torem,
595 5574 687 5643 qui
718 5572 1012 5627 mortificas
1038 5577 1091 5623 et
1115 5568 1375 5629 viviﬁcas,
1410 5564 1629 5621 deducis
1659 5562 1722 5617 ad
1753 5561 1954 5616 inferos

447 5720 467 5742 ιι
496 5702 569 5755 Ex
601 5701 752 5753 libris
779 5699 1230 5766 Synunymorum.

2043 4544 2134 4600 hic
2158 4554 2213 4598 te
2238 4549 2508 4614 pugnante
2532 4541 2825 4606 subdatur;
2855 4546 2916 4595 ut
2943 4539 2992 4594 si
3020 4544 3347 4611 potestatem
3372 4535 3544 4606 ipsius
3567 4535 3641 4590 ad

2044 4642 2260 4704 tempus
2299 4638 2394 4686 tua
2432 4631 2794 4702 permissione
2829 4628 3088 4701 patimur,
3132 4641 3477 4698 nequaquam
3518 4626 3642 4697 ejus

2044 4724 2440 4784 insatiabilibus
2461 4722 2710 4780 faucibus
2732 4721 3072 4779 sorbeamur.
3104 4719 3218 4775 Fac
3243 4718 3394 4774 illum
3421 4717 3645 4773 tristem

2044 4818 2112 4874 de
2138 4817 2375 4873 humana
2404 4813 2614 4879 laetitia,
2641 4814 2735 4885 qui
2761 4812 2829 4869 de
2847 4811 3146 4868 oﬂ'ensione
3166 4816 3355 4866 nostra
3374 4807 3643 4872 exsultat,

2045 4909 2262 4966 Christe
2280 4906 2410 4963 Jesu
2435 4904 2688 4961 Salvator
2712 4903 2922 4959 mundi.

2540 5016 2706 5073 ITEM
2742 5012 3054 5072 EIUSDEM
3077 5024 3126 5062 α.
3664 5067 3668 5070 ἠ

2118 5113 2237 5182 Quo
2267 5111 2396 5170 ﬂetu
2422 5110 2566 5168 mala
2595 5123 2715 5166 mea
2743 5104 2876 5164 ﬂere
2902 5104 3193 5175 incipiam,
3232 5100 3432 5172 quibus
3466 5097 3644 5169 laci-y-

2049 5208 2154 5263 mis
2176 5205 2421 5261 facinora
2448 5216 2569 5258 mea
2597 5200 2809 5271 lugeam
2826 5238 2841 5266 ,
2885 5197 3086 5268 quibus
3111 5192 3329 5250 ﬂetibus
3366 5187 3645 5260 angustias

2053 5313 2205 5354 meas
2230 5293 2526 5367 plangam?
2560 5291 2792 5347 Peccata
2831 5302 2955 5344 mea
2994 5285 3130 5342 mibi
3176 5295 3403 5354 sensum
3438 5277 3648 5367 doloris

2054 5391 2313 5445 tulerunt.
2344 5366 2389 5441 O
2416 5383 2708 5455 lacrymm!
2743 5380 2835 5436 ubi
2862 5393 2962 5435 vos
2989 5372 3367 5433 subduxistis?
3394 5368 3487 5425 ubi
3510 5366 3659 5423 estis

2055 5480 2232 5536 fontes
2259 5474 2662 5549 lacrymarum?
2693 5472 2785 5529 ubi
2811 5486 2871 5528 es
2899 5467 3155 5526 maeroris
3181 5463 3368 5522 unda?
3394 5461 3486 5518 ubi
3511 5457 3656 5515 estis.

2057 5573 2333 5627 lamenta?
2371 5547 2478 5639 quo
2505 5566 2723 5638 fugistis
2749 5562 2947 5619 ﬂetus?
2985 5574 3093 5630 quo
3124 5555 3332 5614 abiistis
3361 5547 3646 5624 ploratus?
