3894 6182
260 316 366 370 C05

1261 318 1652 376 LiTL'RGlCA.
1696 351 1763 358 —
1803 318 2070 374 OFFICIA
2110 317 2244 372 PER
2280 317 2548 373 FERIAS.

3440 323 3544 379 606

254 431 470 495 Redite,
502 430 733 485 obsecro
765 445 878 493 vos,
923 429 974 483 in
1016 429 1234 485 nomine
1263 431 1474 486 Domini
1515 432 1684 485 nostri
1719 428 1846 484 Jesu
1881 434 1922 492 Α
1954 429 2193 502 irrigatc.
2250 429 2446 484 Plenus
2493 445 2614 484 sum
2662 432 2990 499 sceleribus,
3032 435 3224 504 plenus
3249 451 3370 491 sum
3396 437 3549 494 vitiis

251 523 496 587 Christi;
530 522 726 588 redite,
751 523 1161 594 progredimini,
1189 533 1244 578 et
1268 526 1454 580 oculos
1479 541 1628 580 meos
1650 525 1850 592 replete

252 615 535 687 lacrymis.
586 613 868 670 Novemini
919 614 1096 670 fontes
1141 617 1534 687 lacrymarutn.
1581 616 1851 685 aspergite

202 724 209 730 '
249 723 348 762 me
387 705 630 772 ﬂetibus,
673 705 823 762 fluite
868 723 1032 776 super
1061 705 1254 762 faciem
1297 723 1494 773 meam,
1543 709 1851 762 lmmectate

199 847 208 856 .
251 797 512 853 maxillas
541 811 711 862 meas,
737 812 904 868 genas
929 812 1077 851 meas
1104 797 1343 868 irrigate.
1380 797 1510 850 Date
1534 797 1665 850 mihi
1697 796 1850 866 plan-

246 900 405 947 ctum
433 889 658 943 anxium
687 897 743 943 et
772 903 1040 942 amarum.
1075 887 1187 956 Ego
1215 888 1360 942 enim
1391 887 1576 942 infelix
1603 897 1658 942 et
1685 888 1851 942 miser

204 1037 212 1044 .
246 983 466 1040 ﬂendus
491 997 558 1038 ac
585 982 948 1046 miserandus,
981 981 1386 1037 infelicissimus
1413 982 1656 1036 omnium
1685 989 1848 1052 atque

249 1075 599 1130 miserrimus
643 1073 944 1130 foeditatem
989 1089 1166 1128 meam
1210 1075 1510 1144 conspicio,
1556 1088 1846 1142 meumque

248 1173 468 1221 reatum
493 1180 750 1235 agnosco.
783 1165 911 1221 Scio
941 1181 1026 1219 me
1057 1181 1178 1221 esse
1206 1175 1572 1237 peccatorem,
1601 1175 1655 1222 et
1680 1182 1844 1238 quam

251 1264 431 1332 turpis
457 1277 578 1317 sum
604 1261 782 1316 video.
815 1260 1065 1331 Iniquum
1094 1277 1181 1315 me
1207 1276 1328 1316 esse
1356 1261 1712 1330 reprehendo,
1743 1260 1843 1314 im-

249 1357 402 1426 pium
435 1369 521 1409 me
548 1368 668 1410 esse
695 1369 912 1409 accuso.
952 1353 1102 1424 Rogo
1129 1362 1203 1418 te,
1233 1353 1478 1418 Domine,
1509 1361 1569 1407 ut
1593 1355 1842 1422 ignoscas

247 1447 420 1512 mihi;
461 1461 562 1517 ego
591 1460 828 1514 agnosco
858 1445 1201 1513 iniquitatem
1232 1461 1427 1500 meam.
1481 1445 1624 1498 Inter
1651 1459 1840 1498 omnes

244 1543 399 1594 enim
431 1539 649 1610 gravius
677 1537 898 1602 corrui,
941 1537 1086 1592 inter
1113 1553 1304 1592 omnes
1343 1536 1585 1591 deterius
1627 1535 1836 1601 cecidi,

245 1631 398 1685 inter
422 1645 609 1684 omnes
638 1627 758 1699 plus
782 1636 1007 1696 peccato
1037 1627 1299 1696 suhjacui,
1321 1628 1444 1698 plus
1471 1628 1686 1683 ueteris
1715 1643 1840 1682 car-

245 1723 361 1777 nali
384 1721 726 1777 delectationi
748 1720 1026 1775 succubui.
1057 1719 1292 1775 Cunctos
1314 1719 1562 1774 carnales
1582 1719 1836 1790 squalore

1951 520 2235 574 omnibus:
2275 536 2370 574 vas
2402 521 2704 590 iniquitatis
2729 538 2829 594 ego
2861 540 3002 579 sum.
3033 525 3140 581 Per
3163 527 3344 582 omnia
3372 543 3541 583 mem-

1950 611 2046 665 bra
2086 626 2205 666 mea
2243 613 2508 667 scelerum
2551 615 2780 686 insignia
2811 628 3198 693 agnoscuntur.
3249 620 3392 676 Nihil
3421 633 3538 690 est,

1950 703 2092 772 quod
2115 702 2340 771 justitite
2370 710 2783 774 reservaverim,
2815 718 2990 766 totum
3021 713 3287 782 impietati
3317 730 3404 770 me
3433 726 3538 770 tra-

1949 796 2082 852 didi.
2121 796 2293 853 Omne
2321 798 2535 863 vitium,
2565 802 2707 870 quod
2738 801 3007 857 destinavi
3041 803 3093 857 in
3123 821 3305 871 carne,
3335 806 3537 876 perfeci

1950 888 2004 943 in
2037 903 2220 958 opere.
2269 889 2442 945 Omne
2476 892 2715 958 crimen,
2757 895 2902 965 quod
2938 897 3202 968 cogitavi,
3250 900 3534 969 complevi.

1947 980 2176 1037 Omnem
2203 997 2428 1051 pravam
2454 984 2838 1054 cogitationem
2863 987 2930 1040 ad
2959 989 3196 1044 studium
3222 991 3538 1061 perficiendi

1947 1073 2164 1126 deduxi.
2217 1073 2355 1127 Iiinc
2395 1083 2478 1128 est
2518 1076 2661 1144 quod
2699 1077 2842 1130 inter
2871 1079 3116 1134 homines
3145 1081 3433 1146 confusus,
3481 1084 3536 1137 in

1945 1165 2140 1220 ccelum
2167 1165 2352 1220 oculos
2379 1167 2589 1235 erigere
2619 1184 2726 1223 non
2751 1169 2928 1224 valeo.
2976 1170 3034 1224 In
3063 1171 3214 1226 vultu
3240 1174 3382 1227 enim
3413 1189 3534 1228 meo

1945 1257 2293 1326 ignominiam
2317 1273 2403 1327 p02
2419 1265 2492 1312 to.
2517 1259 2572 1312 lu
2595 1261 2844 1316 omnibus
2862 1263 3072 1316 actibus
3093 1264 3230 1317 meis
3247 1265 3530 1320 erubesco.

1943 1347 2157 1403 Faciem
2211 1365 2385 1403 meam
2436 1351 2784 1406 conscientia:
2840 1352 2997 1422 123
3052 1362 3236 1408 reatus
3288 1355 3529 1409 inclinat.

1942 1440 2198 1497 Confusio
2217 1444 2398 1512 operis
2422 1445 2528 1498 mei
2557 1456 2683 1498 ante
2703 1446 2890 1500 oculos
2913 1457 3178 1501 versatur.
3213 1449 3386 1502 Corde
3411 1465 3531 1502 meo

1941 1531 2306 1601 deprehensus
2350 1535 2551 1602 ubique
2593 1535 2936 1590 confundor:
2982 1552 3089 1590 non
3132 1538 3306 1591 audeo
3343 1554 3532 1607 quem-

1937 1626 2083 1694 piam
2114 1626 2434 1682 fiducialiter
2457 1629 2676 1682 intueri.
2709 1630 2899 1684 Fidem
2926 1632 3070 1685 enim
3097 1632 3327 1700 perdidi,
3359 1633 3532 1702 pieta-

1939 1725 2047 1771 tem
2076 1719 2436 1774 contaminavi
2456 1760 2470 1785 ,
2502 1723 2849 1777 sanctitatem
2878 1724 3072 1793 pollui,
3107 1724 3420 1794 religionem
3452 1727 3533 1780 vi-

241 1813 479 1869 luxuriaa
511 1811 788 1881 superavi,
835 1812 1184 1881 omniumque
1218 1811 1507 1880 impiorum
1536 1809 1676 1865 mala
1711 1823 1832 1864 sce-
1869 1787 1910 1848 Β
1939 1811 2030 1866 tiis
2051 1812 2287 1880 impiavi.
2310 1813 2502 1868 Divina
2524 1816 2705 1870 omnia
2729 1825 2895 1886 atque
2917 1818 3150 1871 humana
3166 1817 3291 1886 jura
3308 1819 3528 1874 violavi.

243 1906 364 1961 lere
403 1920 524 1960 meo
561 1905 702 1959 vici:
744 1905 817 1958 ita
858 1913 918 1957 ut
958 1899 1224 1960 tormenta
1270 1912 1505 1960 tartarea
1543 1905 1632 1958 vis
1676 1903 1834 1958 malis

242 1999 387 2054 meis
420 1997 715 2053 sufﬁciant.
768 1996 884 2052 Non
915 2005 999 2052 est
1031 1997 1176 2052 enim
1205 2005 1488 2068 peccatum
1519 2012 1683 2066 super
1708 2012 1835 2066 pec-

243 2103 429 2150 catum
458 2110 672 2159 meum,
719 2110 828 2149 non
871 2101 958 2148 est
1001 2093 1258 2163 iniquitas
1299 2108 1462 2170 super
1493 2093 1833 2162 iniquitatem

242 2200 444 2240 meam.
495 2183 564 2238 Et
592 2200 737 2238 nunc
766 2199 991 2238 summa;
1028 2183 1330 2239 clementiae
1373 2183 1534 2249 Deus,
1577 2184 1833 2252 quoniam

242 2275 436 2330 delicta
466 2290 586 2330 mea
613 2276 827 2343 cognita
859 2273 954 2328 tibi
984 2272 1146 2339 facio,
1177 2282 1234 2328 et
1263 2275 1318 2328 in
1353 2273 1624 2344 justitiam
1653 2289 1830 2330 meam

244 2381 348 2420 non
376 2365 686 2430 abscondo;
722 2365 1154 2420 misericordiam
1180 2373 1327 2419 tuam
1357 2365 1650 2435 deprecor,
1668 2365 1832 2420 mise-

247 2455 542 2510 ricordiam
574 2463 723 2509 tuam
751 2455 1002 2526 imploro.
1053 2454 1223 2510 Tuam
1262 2455 1495 2524 imploro
1523 2457 1828 2512 miseratio-

245 2562 398 2611 nem,
436 2556 586 2601 tuam
617 2561 802 2616 quaeso
830 2546 1213 2612 clementiam;
1259 2545 1378 2601 dele
1419 2561 1538 2602 mea
1581 2554 1825 2615 peccata,

242 2636 402 2693 ablue
441 2636 690 2692 facinora
719 2652 860 2692 mea.
908 2635 1263 2692 Peccatorum
1303 2650 1548 2692 meorum
1589 2636 1830 2693 maculas

245 2729 466 2794 munda,
492 2727 671 2783 labem
701 2727 994 2783 criminum
1024 2741 1266 2782 meorum
1296 2743 1488 2798 purga,
1519 2728 1709 2782 sordes
1735 2728 1830 2782 de-

245 2821 495 2886 lictorum
524 2835 766 2875 meorum
795 2819 1066 2890 absterge,
1095 2820 1282 2875 sordes
1308 2819 1652 2888 iniquitatem
1682 2833 1828 2873 mea-

245 2928 363 2966 rum
392 2911 570 2966 ablue.
617 2909 736 2967 Non
770 2908 988 2987 differas
1019 2909 1422 2965 mundationem
1454 2924 1631 2964 meam
1660 2909 1822 2964 Deus.

245 3005 437 3061 Totum
483 3019 572 3058 me
618 3003 714 3059 tibi
760 3001 1062 3058 sanandum
1099 3000 1289 3068 offero,
1331 3001 1557 3071 recipiat
1595 3001 1824 3056 salutem

245 3100 419 3155 anima
449 3110 593 3152 mea.
625 3094 703 3149 Da
727 3093 939 3149 vulneri
970 3108 1094 3150 meo
1121 3092 1372 3150 salutem.
1408 3091 1565 3156 Deus,
1597 3091 1824 3164 languo-

242 3190 388 3244 ribus
414 3189 554 3243 meis
582 3187 848 3243 medelam
890 3188 1106 3254 tribue,
1154 3195 1276 3258 post
1317 3186 1504 3257 plagas
1543 3186 1826 3240 vulnerum

241 3280 405 3336 redde
426 3279 774 3335 incolumem.
806 3279 1132 3335 Vulneratus
1153 3295 1294 3344 sum,
1325 3280 1593 3335 medicum
1619 3294 1824 3350 quzero.

239 3373 551 3445 Languidus
572 3388 711 3439 sum,
736 3373 1000 3429 medelam
1020 3388 1205 3445 posco.
1239 3372 1568 3443 Consumpta
1593 3380 1678 3428 est
1699 3387 1828 3428 caro

239 3480 387 3531 mea,
419 3465 702 3521 contabuit
727 3465 938 3536 species
964 3480 1104 3520 mea.
1152 3464 1289 3520 Ossa
1314 3479 1435 3520 mea
1460 3472 1824 3531 exaruerunt,

239 3557 479 3613 membra
529 3573 648 3613 mea
693 3559 1109 3614 contabuerunt.
1161 3557 1602 3628 Appropinquavi
1633 3572 1824 3613 corru-

238 3651 440 3721 ptioni,
487 3653 682 3707 umbra
729 3652 921 3707 mortis
969 3652 1380 3721 comprehendit
1407 3667 1514 3708 me.
1565 3651 1827 3708 Tenebrae

237 3751 569 3813 operuerunt
594 3760 702 3807 me,
725 3745 900 3815 caligo
925 3742 1122 3798 inferni
1150 3742 1377 3798 involvit
1399 3759 1506 3798 me.
1543 3743 1826 3814 Oppressit

240 3849 323 3889 me
350 3834 702 3890 tenebrarum
728 3835 941 3890 horror.
994 3835 1138 3890 Doce
1165 3849 1254 3888 me
1284 3833 1465 3890 facere
1489 3833 1822 3889 voluntatem

241 3936 418 3991 tuam,
446 3926 578 3996 quia
607 3926 748 3981 Deus
773 3942 924 3982 meus
961 3939 1020 3982 es
1056 3933 1135 3980 tu.
1179 3925 1301 3980 Tibi
1327 3925 1523 3990 honor,
1551 3933 1608 3980 et
1631 3925 1821 3995 gloria,

239 4028 291 4074 et
314 4021 513 4086 virtus,
543 4028 598 4074 et
622 4029 861 4090 potestas
888 4020 941 4074 in
969 4019 1168 4074 sazcula
1194 4018 1537 4074 saeculorum.
1567 4018 1760 4073 Amen.

602 4130 857 4188 ORATIO
895 4130 1141 4186 SANCTI
1178 4128 1449 4186 lSlDORl.

305 4212 580 4268 Succurre
599 4211 752 4277 mihi,
777 4210 919 4265 Deus
939 4225 1112 4276 meus,
1135 4218 1428 4281 antequam
1451 4224 1598 4265 mors
1617 4208 1821 4275 veniat,

236 4314 526 4375 antequam
554 4319 701 4359 mors
726 4317 812 4358 me
835 4303 1094 4373 perimat,
1137 4311 1428 4372 antequam
1457 4310 1700 4358 tartarus
1729 4317 1820 4357 ra-

235 4399 365 4469 piat,
390 4407 682 4468 antequam
705 4395 919 4452 ﬂamma
944 4397 1246 4462 comburat,
1272 4405 1564 4468 antequam
1586 4397 1822 4453 tenebrae

1933 1900 1991 1955 ln
2017 1916 2179 1957 omne
2209 1901 2290 1959 fas
2318 1904 2579 1976 nefasque
2615 1909 2922 1978 properavi.
2959 1909 3214 1967 Miserere
3253 1912 3380 1977 mei,
3421 1911 3530 1967 Do.

1935 1995 2103 2061 mine,
2132 1997 2395 2053 miserere
2421 2000 2547 2064 mei,
2579 2002 2670 2069 qui
2704 2016 2920 2071 regnas.

2125 2131 2382 2188 ORATIO
2424 2133 2671 2191 SANCTI
2709 2137 2988 2192 EFFREM
3031 2140 3325 2197 DIACONI.

2005 2245 2231 2300 Domine
2282 2247 2426 2302 Deus
2474 2258 2530 2303 et
2578 2249 2832 2305 Salvator
2883 2269 3056 2319 meus,
3109 2271 3279 2324 quare
3305 2273 3391 2311 me
3439 2257 3530 2314 dc-

1931 2335 2234 2405 reliquisti?
2267 2335 2523 2393 Miserere
2553 2339 2681 2404 mei,
2705 2341 2960 2409 quoniam
2997 2351 3051 2397 tu
3079 2359 3139 2399 es
3170 2354 3387 2400 amator
3411 2363 3524 2401 om-

1932 2424 2084 2478 nium
2129 2425 2295 2479 solus.
2337 2425 2498 2481 Salva
2530 2443 2617 2483 me
2657 2438 3020 2498 precatorem,
3065 2434 3321 2503 quoniam
3369 2443 3421 2490 tu
3466 2453 3526 2491 es

1931 2516 2053 2570 sine
2093 2527 2318 2587 peccato
2347 2519 2516 2573 solus.
2550 2519 2692 2575 Erue
2737 2538 2823 2576 me
2873 2523 2939 2578 de
2964 2539 3120 2579 coeno
3177 2526 3525 2595 iuiqritatum

1932 2621 2198 2673 mearum,
2247 2617 2307 2662 ut
2335 2625 2442 2664 non
2471 2610 2667 2681 infigar
2710 2613 2763 2666 in
2805 2622 3089 2668 azternum.
3123 2614 3315 2670 Libera
3347 2633 3432 2672 me
3461 2618 3527 2671 de

1930 2714 2026 2755 ore
2059 2701 2264 2756 inimici
2297 2704 2402 2758 mei
2432 2723 2443 2756 :
2470 2719 2597 2759 ecce
2627 2707 2775 2758 enim
2796 2714 2859 2759 ut
2885 2706 2970 2760 leo
3010 2707 3232 2778 rugiens
3259 2709 3524 2763 devorare

1930 2805 2019 2868 me
2056 2793 2222 2862 cupit.
2258 2792 2449 2848 Excita
2488 2796 2789 2865 potentiam
2834 2805 3002 2862 tuam,
3040 2807 3096 2852 et
3141 2799 3285 2862 veni,
3319 2808 3378 2852 ut
3423 2800 3527 2854 sal-

1929 2898 2057 2937 vum
2109 2899 2195 2937 me
2252 2885 2716 2949 facias;corusca
2779 2889 3190 2944 coruscationes
3248 2899 3387 2944 tuas.
3439 2889 3528 2943 Di-

1930 2989 2120 3045 sperge
2150 2974 2410 3030 virtutem
2440 2977 2663 3041 inimici,
2697 2987 2908 3033 amator
2937 2979 3218 3035 hominum
3248 2983 3524 3054 benignis-

1929 3065 2083 3119 sime.
2132 3065 2294 3130 Deus,
2350 3066 2540 3136 adjuro
2568 3077 2620 3123 te
2668 3085 2766 3140 per
2815 3072 3198 3129 miserationes
3257 3082 3398 3139 tuas,
3454 3092 3522 3130 ne

1852 3133 1900 3194 (ἶ
1933 3173 2019 3212 me
2049 3172 2170 3212 cum
2197 3159 2366 3215 haedis
2411 3176 2441 3214 a
2473 3161 2714 3217 sinistris
2743 3164 2848 3219 tuis
2875 3174 3108 3230 statuas,
3151 3183 3272 3222 cum
3315 3168 3398 3222 his
3425 3171 3518 3239 qni

1930 3258 1983 3304 te
2027 3249 2510 3306 exacerbaverunt.
2560 3251 2638 3308 Ne
2680 3254 2830 3310 dicas
2875 3255 3028 3322 mihi,
3076 3255 3270 3312 Nescio
3307 3267 3397 3313 te:
3426 3259 3524 3314 sed

1927 3341 2104 3396 tribue
2150 3341 2282 3396 mihi
2332 3352 2554 3414 propter
2603 3345 2827 3400 multam
2886 3347 3314 3403 misericordiam
3373 3357 3521 3404 tuam

1927 3431 2303 3488 indesinenter
2351 3435 2531 3489 cordis
2572 3437 3048 3506 compunctionem
3091 3446 3146 3492 et
3197 3437 3418 3495 fletum:
3466 3448 3524 3495 et

1925 3527 2201 3583 sanctifica
2250 3545 2359 3594 me,
2410 3539 2470 3585 ut
2514 3529 2642 3585 fiam
2695 3531 2956 3605 templum
3009 3534 3198 3606 gratiae
3243 3543 3368 3601 tute,
3423 3549 3520 3606 per

1928 3626 2000 3685 te,
2032 3619 2250 3677 Christe
2275 3620 2426 3678 Jesu.

2267 3753 2523 3812 ORATIO
2547 3755 2686 3814 PRO
2705 3757 2874 3816 OMNI
2901 3759 3195 3826 POPULO,

2208 3844 2277 3898 Ut
2324 3848 2379 3900 in
2419 3864 2598 3918 regum
2639 3850 2940 3904 continetur
2985 3850 3226 3905 historia.

1995 3961 2184 4026 Parce,
2238 3959 2483 4024 Domine,
2535 3974 2700 4029 parce
2746 3959 2944 4030 populo
2988 3968 3100 4026 tuo,
3151 3976 3314 4030 quem
3363 3962 3520 4018 rede-

1923 4053 2090 4118 misti,
2133 4051 2371 4117 Christe,
2425 4050 2690 4122 sanguine
2732 4058 2950 4116 tuo;ut
3002 4066 3113 4104 non
3152 4051 3208 4105 in
3248 4060 3514 4108 aeternum

1924 4142 2176 4197 irascaris
2204 4141 2378 4197 nobis.
2411 4140 2799 4212 Deprecamur,
2827 4140 3076 4204 Domine,
3103 4140 3158 4197 in
3179 4141 3328 4196 omni
3353 4141 3519 4197 mise-

1921 4231 2158 4286 ricordia
2200 4240 2311 4296 tua,
2353 4237 2412 4284 ut
2461 4228 2744 4286 auferatur
2791 4229 2942 4285 furor
2992 4239 3115 4286 tuus
3145 4239 3202 4286 et
3231 4231 3311 4285 ira
3343 4238 3434 4287 tua
3484 4244 3519 4286 a

1922 4319 2042 4375 loco
2071 4321 2194 4386 isto,
2225 4328 2280 4375 et
2307 4336 2338 4374 a
2379 4321 2542 4376 domo
2569 4328 2762 4376 sancta
2810 4329 2922 4388 tua,
2963 4322 3222 4392 quoniam
3266 4320 3521 4393 peccavi-

1923 4427 2063 4467 mus.
2116 4409 2466 4469 Peccavimus
2516 4412 2634 4479 tibi,
2657 4413 2904 4480 Domine,
2935 4423 2994 4470 et
3022 4421 3080 4469 tu
3105 4415 3277 4470 iratus
3306 4428 3368 4469 es
3418 4428 3514 4468 no-

236 4506 321 4544 me
347 4489 648 4554 involvam,
674 4496 967 4559 antequam
995 4489 1114 4544 sine
1143 4487 1248 4544 line
1277 4487 1546 4544 deficiam.
1580 4487 1816 4544 Subveni

1934 4502 2026 4568 bis,
2054 4511 2110 4558 et
2150 4518 2259 4558 non
2293 4513 2398 4568 est,
2430 4506 2521 4576 qui
2549 4503 2773 4577 effugiat
2821 4521 3018 4562 manus
3049 4515 3170 4562 tuas
3196 4525 3208 4560 :
3239 4505 3335 4562 sed
3387 4520 3517 4576 sup-

235 4582 363 4636 mihi
394 4581 544 4635 Deus
570 4595 741 4648 meus,
787 4580 1105 4651 priusquam
1132 4581 1376 4651 gehenna
1404 4581 1544 4653 ignis
1570 4581 1817 4646 devorer,

233 4675 550 4745 priusquam
597 4675 714 4730 sine
758 4673 990 4729 termino
1020 4673 1252 4729 crucier.
1302 4673 1394 4728 Va:
1438 4673 1572 4728 mihi
1620 4673 1821 4728 misero

233 4765 464 4830 homini,
494 4766 642 4820 omni
671 4765 877 4836 polluto
905 4765 1158 4836 contagio
1183 4766 1196 4818 !
1230 4765 1322 4820 Vte
1369 4764 1503 4819 mihi
1547 4763 1820 4834 peccatori

230 4858 474 4912 omnium
504 4857 776 4928 pessimo!
819 4857 912 4911 Va:
941 4857 1073 4911 mihi
1093 4897 1108 4922 ,
1142 4857 1233 4926 qui
1263 4855 1437 4911 factus
1465 4870 1583 4910 sum
1611 4855 1819 4910 sentina

232 4948 475 5004 omnium
506 4947 793 5001 criminum
819 4949 831 5000 ε
871 4946 986 5001 Heu
1016 4946 1171 5012 mihi,
1202 4945 1293 5017 qui
1321 4945 1571 5017 superavi
1599 4959 1820 5000 omnem

235 5040 663 5110 magnitudinem
694 5049 1036 5111 peccatorum
1063 5041 1075 5094 !
1112 5039 1226 5094 Heu
1259 5040 1409 5105 mihi,
1440 5039 1596 5110 cujus
1622 5039 1822 5109 iniqui-

232 5139 315 5187 tas
340 5132 590 5186 excrevit
615 5147 831 5186 omnem
862 5132 1285 5202 magnitudinem
1318 5131 1638 5187 delictorum
1664 5133 1676 5186 !
1715 5131 1822 5187 Ob-

233 5235 388 5278 secro
424 5238 548 5286 vos,
591 5238 780 5278 omnes
823 5223 1017 5287 sancti,
1071 5223 1306 5278 miseriis
1337 5223 1470 5278 meis
1512 5223 1816 5290 subvenite,

234 5315 588 5382 perditionem
626 5331 802 5370 meam
831 5316 1088 5387 plangite.
1143 5316 1293 5371 Flete
1337 5331 1423 5372 me
1465 5317 1724 5371 miserum
1767 5327 1822 5372 et

235 5407 558 5478 projectum.
592 5408 740 5464 Flete
766 5424 851 5464 me
877 5418 1149 5466 mortuum
1172 5419 1227 5465 et
1247 5410 1636 5465 abominatum.
1670 5409 1822 5466 Flete

237 5517 340 5565 me,
385 5501 584 5558 ctelum
614 5511 671 5556 et
715 5510 879 5556 terra.
930 5503 1146 5558 Ploratc
1172 5519 1278 5567 me,
1322 5503 1501 5558 omnia
1532 5501 1818 5558 elementa.

239 5592 532 5663 ingemiscc
562 5609 669 5657 me.
698 5610 857 5650 omne
885 5611 1056 5665 genus
1085 5598 1397 5651 humanum.
1425 5594 1632 5651 Sumite
1661 5610 1823 5664 super

243 5699 321 5736 me
353 5683 678 5747 lamentum,
715 5686 925 5740 veniam
970 5703 1068 5756 pro
1111 5703 1197 5741 me
1228 5686 1484 5757 lacrymis
1513 5687 1817 5754 impetrato,

245 5786 289 5828 rt
341 5794 528 5850 preces
575 5795 670 5849 pro
723 5796 806 5835 mc
855 5781 1017 5850 impio
1066 5781 1301 5844 fundite,
1337 5791 1538 5836 terram
1574 5782 1822 5850 larrymis

1919 4592 2205 4663 plicamus,
2265 4603 2325 4650 ut
2381 4597 2565 4652 veniat
2620 4597 2993 4653 misericordia
3034 4604 3130 4651 tua
3174 4612 3338 4668 super
3385 4611 3512 4662 nos,

1921 4686 2012 4756 qui
2048 4685 2256 4743 Ninivze
2292 4688 2603 4758 pepercisti.
2636 4687 2960 4742 lnvocantes
3006 4687 3295 4743 Dominum
3339 4686 3518 4744 excla-

1921 4794 2152 4848 memus,
2191 4789 2252 4835 ut
2277 4781 2535 4852 respiciat
2558 4780 2812 4850 p0pulum
2837 4778 3216 4835 conculcatum
3249 4788 3306 4835 et
3334 4779 3517 4836 dolen-

1923 4879 2033 4927 tem
2061 4891 2074 4926 :
2097 4881 2348 4944 protegat
2379 4873 2637 4944 templum
2665 4881 2914 4928 sanctum
2938 4889 3118 4939 suum,
3147 4889 3217 4929 ne
3233 4873 3302 4928 ab
3331 4874 3514 4944 impiis

1920 4963 2340 5030 contaminetur,
2397 4964 2493 5020 sed
2538 4964 2870 5019 misereatur
2909 4963 3085 5020 nobis.
3133 4963 3514 5038 Exclamemus

1921 5069 2110 5110 omnes
2135 5053 2202 5107 ad
2238 5051 2526 5108 Dominum
2557 5054 2801 5110 dicentes
2827 5074 2840 5110 :
2865 5054 3219 5111 Peccavimus
3259 5055 3383 5119 tibi,
3412 5052 3517 5108 Do-

1922 5144 2086 5209 mine,
2117 5143 2434 5214 patientiam
2473 5145 2616 5201 habe
2647 5146 2702 5200 in
2733 5147 2913 5213 nobis,
2944 5155 3002 5202 et
3038 5161 3170 5202 erue
3201 5161 3300 5202 nos
3339 5162 3368 5200 a
3401 5160 3516 5200 ma-

1923 5233 1987 5287 lis
2035 5234 2177 5298 istis,
2214 5249 2334 5305 qua:
2375 5236 2617 5304 quotidie
2658 5245 2979 5292 accrescunt
3031 5253 3194 5307 super
3242 5253 3362 5294 nos.
3422 5237 3515 5292 Di-

1925 5325 2097 5390 mitte,
2129 5325 2373 5390 Dnmine,
2406 5335 2628 5396 peccata
2656 5327 2835 5397 populi
2865 5328 2966 5392 tui,
2998 5328 3295 5384 secundum
3334 5329 3515 5386 multi-

1924 5415 2162 5471 tudinem
2226 5415 2613 5470 misericordim
2672 5426 2794 5483 tuae,
2844 5417 2987 5472 sicut
3037 5418 3300 5488 propitius
3361 5419 3509 5474 fuisti

1923 5505 2166 5575 patribus
2211 5505 2430 5560 nostris.
2463 5503 2736 5575 Propitius
2775 5515 2896 5562 esto
2921 5507 3097 5573 nobis,
3144 5516 3199 5564 et
3223 5507 3512 5578 impleatur

1924 5595 2087 5664 gloria
2134 5605 2224 5650 tua
2253 5596 2503 5651 universa
2544 5604 2709 5652 terra.
2752 5597 3080 5664 Recordare,
3126 5599 3375 5666 Domine,
3425 5603 3507 5657 ιιὶε.

1925 5687 2114 5756 angelo
2162 5687 2525 5756 percutienti:
2557 5687 2787 5754 Suﬂicit,
2826 5689 3043 5744 contine
3076 5705 3295 5745 manum
3337 5700 3506 5754 tuam,

1927 5789 1976 5833 ct
2010 5789 2186 5834 cesset
2219 5778 2526 5835 interfectio
2554 5799 2672 5852 quzr
2701 5791 2978 5852 grassatur
3016 5781 3067 5833 in
3103 5782 3317 5852 populo,
3351 5789 3404 5835 ct
3439 5795 3507 5834 ne
