3894 6182
357 309 459 369 6οἸ

1174 300 1234 360 Β.
1274 301 1336 357 F.
1378 293 1602 354 ALBINI
1644 290 1776 352 SEU
1816 287 2092 350 ALCUINI
2132 286 2417 347 OPERUM
2456 284 2635 346 PARS
2676 286 2761 345 IV.

3517 286 3639 343 608

355 432 553 505 perdas
572 443 788 486 onmem
818 427 1055 486 animam
1083 425 1373 479 viventem.
1398 419 1660 486 Exsurge,
1688 412 1936 474 Domine,
1968 417 2015 473 Α
2044 412 2098 460 et
2133 406 2332 475 perduc
2363 421 2449 460 me
2476 406 2542 460 ad
2574 402 2879 459 convivium
2919 402 3199 472 epularum
3250 408 3483 467 tuarum,
3524 402 3636 455 ubi

355 523 552 593 adjuva
573 536 673 577 nos
702 530 759 575 et
783 520 953 575 libera
982 533 1082 573 nos
1108 522 1329 586 propter
1356 510 1555 565 no‘ineu
1583 516 1752 561 tuum.
1786 536 1791 541 ο

699 630 956 690 ORATIO
991 625 1270 684 EFFREM
1298 619 1593 679 DIACONI.

430 746 597 812 Pone,
627 745 873 811 Domine,
914 742 1184 813 lacrymas
1222 752 1373 793 meas
1403 736 1459 791 in
1501 741 1793 804 conspectu
1823 742 1936 797 tuo,

358 840 499 896 sicut
552 839 608 899 in
655 836 1014 908 promissione
1070 840 1183 898 tua,
1243 839 1306 884 ut
1365 834 1644 883 avertatur
1689 826 1941 881 inimicus

356 944 512 985 meus
557 935 878 992 retrorsum,
929 933 984 980 et
1032 935 1402 993 expavescens
1454 918 1760 982 conturbet,
1814 930 1940 970 cum

358 1018 559 1073 viderit
598 1031 686 1071 me
735 1016 790 1069 in
830 1015 948 1070 loco
982 1028 1145 1084 quem
1187 1009 1514 1083 praeparavit
1564 1006 1940 1063 misericordia

359 1117 473 1163 tua.
527 1107 863 1175 ExSpectans
913 1112 1094 1159 autem
1151 1102 1404 1157 inimicus
1451 1098 1636 1154 videre
1689 1098 1746 1152 in
1797 1097 1938 1161 loco,

360 1213 521 1268 quem
555 1196 687 1251 mihi
725 1202 947 1267 propter
976 1195 1174 1250 delicta
1206 1207 1329 1248 mea
1364 1190 1707 1261 praeparavit,
1760 1188 1944 1243 videat

358 1301 446 1347 me
469 1287 525 1341 in
550 1285 671 1341 loco
702 1285 840 1340 lucis
861 1291 918 1340 et
943 1284 1070 1339 vita:
1093 1291 1330 1349 aeternae,
1362 1289 1419 1338 et
1445 1295 1744 1337 conversus
1778 1279 1836 1333 in
1861 1286 1942 1333 te—

357 1376 543 1433 nebris
566 1375 938 1441 conturbetur,
982 1374 1108 1444 quia
1146 1387 1489 1444 nequaquam
1532 1370 1784 1426 voluntas
1825 1369 1943 1439 ejus

358 1464 550 1521 eﬂ‘ecta
582 1473 686 1521 est.
717 1465 797 1519 Ita
832 1464 1243 1536 benignissime,
1273 1464 1352 1517 ita
1387 1470 1601 1517 amator
1638 1460 1941 1525 hominum,

359 1555 437 1609 ita
469 1556 561 1625 qui
602 1555 748 1610 solus
774 1555 893 1609 sine
918 1561 1143 1624 peccato
1167 1568 1249 1620 es,
1278 1552 1496 1608 eﬂ‘unde
1540 1566 1705 1622 super
1730 1564 1818 1605 me
1859 1550 1945 1604 in-

358 1645 730 1701 aestimabilem
770 1652 826 1701 et
873 1646 1197 1700 immensam
1231 1643 1663 1699 misericordiam
1693 1650 1861 1708 tuam,
1887 1646 1944 1695 et

2038 497 2321 566 epulantur
2372 512 2565 551 omnes
2617 494 2778 548 amici
2837 494 2914 548 tui
2962 502 3160 549 tecum.
3217 491 3300 547 Tu
3351 507 3411 547 es
3458 490 3638 548 Jesus

2038 586 2285 641 Christus
2342 586 2510 640 Filius
2564 585 2658 639 Dei
2717 585 2845 652 vivi,
2896 601 3019 640 cum
3079 585 3242 641 Patre
3305 592 3362 641 et
3412 583 3640 655 Spiritu

2039 686 2231 733 sancto
2259 692 2491 749 regnans
2517 677 2572 731 in
2594 676 2787 732 saecula
2813 677 3153 733 saeculorum.

2381 806 2640 865 ORATIO
2670 807 2921 865 SANCTI
2944 808 3351 876 AUGUSTINI,

2043 919 2221 985 Quam
2255 933 2325 972 xv
2352 918 2519 987 libris,
2549 936 2680 985 quos
2707 920 2772 993 de
2791 930 2978 993 sancta
3006 923 3312 993 conscripsit
3342 922 3639 993 Trinitate,

2683 990 2976 1061 subjunxit.

2112 1120 2339 1175 Domine
2373 1120 2536 1187 Deus,
2568 1120 2841 1178 credimus
2870 1122 2924 1177 in
2958 1130 3010 1177 te
3039 1122 3280 1191 Patrem,
3320 1133 3378 1179 et
3400 1124 3634 1193 Filium,

2042 1219 2099 1265 et
2122 1210 2384 1281 Spiritum
2413 1218 2682 1266 sanctum.
2729 1210 2916 1281 Neque
2944 1212 3091 1267 enim
3119 1212 3324 1270 diceret
3367 1214 3594 1271 Veritas
3617 1234 3635 1269 :

2044 1298 2141 1364 Ite,
2191 1301 2449 1372 baptizate
2488 1310 2662 1371 gentes
2702 1301 2755 1354 in
2796 1302 3005 1379 nomine
3047 1301 3249 1368 Patris,
3287 1312 3336 1358 et
3380 1301 3527 1370 Filii,
3580 1312 3639 1359 et

2046 1389 2276 1460 Spiritus
2331 1391 2499 1444 sancti
2553 1389 2769 1461 (Matth.
2828 1406 3023 1458 xxvm,
3060 1391 3174 1462 20),
3227 1393 3331 1448 nisi
3385 1393 3640 1450 Trinitas

2043 1497 2216 1538 esses.
2252 1482 2364 1538 Nec
2397 1483 2664 1553 baptizari
2708 1498 2808 1539 nos
2846 1484 3091 1554 juberes,
3129 1484 3356 1541 Domine
3373 1486 3533 1553 Deus,
3569 1488 3635 1542 in

2043 1574 2161 1646 ejus
2195 1575 2436 1639 nomine,
2466 1574 2558 1644 qui
2596 1589 2704 1629 non
2736 1585 2824 1630 est
2860 1575 3122 1630 Dominus
3155 1575 3316 1633 Deus.
3347 1574 3457 1631 Nec
3483 1576 3640 1632 dice-

2044 1678 2196 1725 retur
2217 1684 2350 1726 voce
2377 1670 2558 1725 divina
2584 1688 2598 1723 :
2625 1670 2789 1735 Audi,
2814 1669 3004 1735 Israel,
3027 1670 3286 1725 Dominus
3308 1671 3450 1725 Deus
3477 1681 3631 1737 tuus,

357 1744 554 1831 Ρῗῗθξίδ
582 1735 715 1831 mihi
751 1743 812 1790 ut
834 1743 890 1831 (ξι
921 1751 1021 1807 ego
1045 1736 1182 1831 “(lli
1210 1736 1302 1805 qui
1330 1734 1641 1831 widmgum
1662 1731 1817 1803 regni
1861 1730 1938 1831 Eni
1972 1757 2021 1817 Β
2044 1759 2301 1814 Dominus
2346 1776 2481 1815 unus
2528 1768 2604 1814 est
2639 1730 2818 1831 (Deut.
2866 1776 2944 1825 vn,
2984 1730 3062 1831 λ),
3113 1760 3221 1814 nisi
3272 1760 3512 1816 Trinitas
3546 1730 3632 1817 ita

359 1828 655 1885 eiliciamur
681 1829 961 1895 heredes;
992 1836 1048 1883 et
1074 1829 1322 1884 videntes
1348 1827 1576 1899 gloriam
1601 1834 1775 1890 tuam,
1813 1824 1943 1879 ado-

357 1939 540 1978 remus
561 1922 858 1978 bonitatem
884 1929 1032 1976 tuam
1057 1939 1070 1974 :
1096 1927 1152 1976 et
1170 1920 1415 1975 dicamus
1432 1919 1656 1990 pariter,
1678 1917 1771 1986 qui
1795 1915 1943 1986 digni

357 2013 618 2070 fuerimus
629 2015 813 2069 videre
826 2011 1187 2068 insatiabilem
1214 2008 1671 2082 pulchritudinem
1692 2005 1946 2075 majesta—

357 2107 428 2160 tis
470 2114 609 2161 tute:
637 2105 820 2162 Gloria
860 2104 1031 2170 Patri,
1074 2104 1168 2174 qui
1214 2101 1346 2157 fecit
1391 2115 1512 2165 nos,
1558 2098 1728 2173 gloria
1780 2097 1940 2163 Filio,

357 2200 449 2271 qui
490 2199 704 2255 sanavit
733 2213 852 2263 nos,
890 2196 1060 2269 gloria
1091 2194 1318 2266 Spiritui
1348 2201 1559 2259 sancto,
1591 2191 1685 2261 qui
1720 2204 1944 2245 renova-

355 2292 437 2347 vit
485 2290 887 2347 noszTrinitas
937 2296 1148 2355 sancta,
1208 2302 1315 2341 une
1373 2285 1537 2350 Deus,
1588 2282 1691 2338 sub
1750 2282 1941 2337 umbra

355 2382 564 2437 alarum
609 2389 823 2436 tuarum
856 2394 957 2435 nos
994 2386 1237 2455 protege,
1273 2375 1367 2446 qui
1408 2390 1470 2430 es
1519 2373 1841 2428 benedictus
1885 2371 1942 2426 in

356 2473 574 2530 seacula.

1016 2537 1274 2595 ORATIO

642 2652 749 2706 Pro
774 2649 977 2705 itineris
1002 2657 1050 2703 et
1076 2648 1271 2719 navigii
1293 2646 1651 2717 prosperita'e.

431 2761 526 2817 Dei
558 2760 735 2816 Patris
771 2757 1033 2813 festinare
1062 2756 1360 2811 maximum
1389 2755 1522 2811 mihi
1549 2755 1658 2811 cito
1686 2760 1814 2824 peto
1846 2753 1941 2807 ad-

351 2855 634 2925 iutorium.
657 2851 785 2907 Jesu
797 2850 1001 2906 Christi
1026 2850 1252 2921 imploro
1268 2847 1544 2920 suffragia,
1560 2847 1653 2918 qui
1675 2855 1836 2901 natus
1858 2852 1945 2899 est

358 2962 426 3000 ex
449 2945 655 3017 virgine
695 2941 884 2996 Maria.
935 2940 1119 2997 Sancti
1171 2955 1384 3012 quoque
1420 2939 1653 3011 Spiritus
1692 2937 1942 3008 praesidio

357 3038 554 3112 fungar
585 3051 801 3107 semper
829 3036 922 3092 hic
949 3035 1036 3092 vel
1060 3036 1117 3091 in
1147 3034 1359 3091 exsilio.
1388 3033 1638 3089 Christus
1669 3048 1700 3086 a
1729 3047 1817 3086 me
1853 3046 1945 3085 au-

2041 1866 2213 1917 esses,
2251 1860 2313 1906 ut
2347 1867 2489 1906 unus
2523 1851 2785 1906 Dominus
2823 1851 2964 1905 Deus
2990 1866 3161 1906 esses.
3193 1850 3261 1904 Et
3303 1851 3351 1905 si
3381 1860 3437 1906 tu
3481 1852 3635 1908 Deus

2041 1942 2205 1998 Pater
2256 1944 2374 2015 ipse
2415 1960 2587 2011 esses,
2637 1953 2694 2001 et
2743 1944 2913 2000 Filius
2961 1945 3199 2001 Verbum
3253 1953 3411 2000 tuum
3462 1945 3633 2002 Jesus

2041 2034 2291 2091 Christus
2340 2036 2457 2107 ipse
2509 2052 2684 2103 esses,
2733 2045 2791 2093 et
2845 2038 3044 2092 donum
3095 2044 3337 2093 vestrum
3391 2036 3633 2108 Spiritus

2042 2134 2299 2182 sanctus:
2325 2141 2434 2181 non
2476 2126 2776 2199 legeremus
2820 2127 2874 2181 in
2919 2126 3118 2182 litteris
3159 2127 3443 2183 veritatis:
3477 2127 3633 2183 Misit

2041 2214 2184 2270 Deus
2234 2213 2435 2270 Filium
2460 2233 2616 2271 suum
2648 2215 2793 2289 (Gal.
2850 2233 2905 2283 v,
2943 2216 3001 2288 4)
3028 2236 3041 2271 :
3072 2232 3176 2273 nec
3225 2224 3282 2271 tu
3340 2216 3636 2289 Unigenite

2042 2308 2252 2365 diceres
2297 2310 2364 2364 de
2394 2309 2599 2379 Spiritu
2627 2317 2818 2364 sancto
2841 2328 2853 2362 :
2880 2308 2985 2375 Qui
3034 2310 3202 2364 mittet
3238 2306 3400 2363 Pater
3430 2309 3488 2362 in
3536 2326 3637 2364 no-

2041 2398 2179 2453 mine
2201 2416 2334 2464 meo,
2361 2408 2409 2452 et
2443 2415 2595 2470 quem
2632 2415 2724 2469 ego
2754 2400 2957 2453 mittam
2992 2398 3135 2453 vobis
3161 2415 3193 2451 a
3226 2395 3386 2451 Putre
3410 2397 3632 2468 (Joan...

2044 2502 2128 2553 ιιι,
2169 2487 2280 2559 i7).
2330 2487 2413 2543 Ad
2447 2488 2592 2542 hanc
2635 2487 2878 2559 regulam
2926 2486 3053 2543 ﬁdei
3089 2488 3320 2558 dirigens
3363 2486 3635 2540 intentio-

2042 2594 2168 2634 nem
2228 2594 2426 2646 meam,
2484 2588 2757 2650 quantum:
2793 2580 2966 2651 potui,
3012 2588 3268 2650 quantum
3321 2594 3409 2634 me
3455 2594 3633 2650 posse

2041 2669 2256 2737 fecisti;
2299 2674 2522 2741 quaesivi
2568 2683 2640 2739 te,
2678 2681 2735 2728 et
2766 2673 3071 2729 desideravi
3123 2673 3395 2730 intellectu
3437 2675 3634 2732 videre

2042 2763 2184 2832 quod
2233 2764 2461 2830 credidi,
2526 2773 2582 2819 et
2631 2764 2859 2819 multum
2921 2765 3190 2836 disputavi
3236 2774 3294 2820 et
3358 2765 3628 2830 laboravi.

2042 2854 2268 2911 Domine
2310 2856 2453 2911 Deus
2496 2872 2669 2923 incus,
2714 2872 2821 2911 una
2848 2872 2973 2928 spes
2998 2872 3141 2923 mea,
3173 2858 3370 2914 exaudi
3399 2872 3506 2925 me,
3556 2877 3631 2915 ne

2043 2943 2302 3017 fatigatus
2351 2946 2515 3002 nolim
2567 2955 2621 3002 te
2667 2963 2950 3019 quaerere;
2994 2949 3090 3004 sed
3130 2964 3370 3018 quaeram
3422 2949 3627 3007 faciem

2046 3048 2193 3095 tuam
2242 3055 2458 3112 semper
2482 3042 2756 3097 ardenter.
2790 3042 2868 3097 Tu
2899 3042 2968 3097 da
2989 3041 3265 3111 quaerendi
3307 3042 3470 3107 vires,
3520 3046 3624 3113 qui

357 3132 501 3187 ferat
556 3129 796 3203 pericula
852 3138 1069 3195 cuncta,
1115 3144 1342 3199 quaeque
1387 3128 1692 3183 daemonum
1736 3123 1938 3194 jacula.
1971 3119 2017 3182 C
2047 3139 2101 3186 te
2131 3131 2360 3187 inveniri
2390 3131 2589 3200 fecisti,
2618 3142 2674 3189 et
2709 3135 2881 3207 magis
2908 3135 3189 3206 magisque
3231 3135 3538 3193 inveniendi
3570 3146 3629 3194 te

355 3222 436 3278 Ne
478 3238 566 3278 me
620 3229 841 3292 captent
877 3220 1062 3276 hostes
1114 3228 1278 3289 atque
1319 3218 1579 3283 latrones,
1642 3232 1713 3274 ne
1769 3215 1937 3282 iures,

357 3329 535 3383 neque
572 3313 759 3367 mundi
785 3311 1087 3382 praedones.
1116 3310 1193 3364 Ne
1219 3324 1307 3364 me
1334 3309 1493 3363 unda:
1526 3307 1714 3371 maris,
1764 3320 1941 3375 neque

356 3404 598 3467 ﬂumina,
622 3417 798 3472 neque
819 3417 992 3471 aqum,
1017 3400 1161 3454 nulla
1186 3398 1671 3454 noceantnumina.
1701 3395 1779 3451 Ne
1793 3404 1942 3453 tene-

354 3495 490 3560 bris,
515 3493 600 3547 vel
624 3492 792 3557 venti,
814 3491 899 3546 vel
921 3490 1161 3555 ﬂumine,
1189 3488 1325 3544 velis
1362 3488 1538 3559 plenis
1565 3500 1591 3528 ι
1608 3487 1784 3542 ventis
1807 3503 1941 3558 quo-

355 3601 463 3657 que
487 3583 758 3654 prosperis
789 3580 975 3646 maris,
1004 3580 1216 3635 cunctis
1241 3577 1420 3634 solvar
1442 3593 1473 3632 a
1499 3576 1771 3648 periculis.
1787 3575 1942 3632 Chri-

356 3686 474 3734 stus
496 3691 709 3731 mecum
727 3676 890 3730 duras
916 3689 981 3729 ac
1000 3671 1289 3744 pestiferas
1316 3672 1498 3727 vincat
1528 3678 1688 3726 terra:
1709 3678 1765 3726 et
1775 3686 1942 3741 aqua-

356 3783 477 3824 rum
504 3766 704 3823 bestias
730 3786 742 3821 :
766 3767 951 3821 vincat
974 3765 1079 3819 tela
1103 3764 1247 3819 aeris
1273 3762 1457 3819 vitalia
1493 3759 1613 3834 [F.,
1640 3760 1858 3817 lethalia
1869 3759 1940 3833 η,

353 3859 541 3913 vincat
566 3856 725 3930 124
747 3865 942 3913 cuncta
971 3855 1197 3913 tonitrui
1232 3854 1461 3927 fulgura.
1495 3855 1690 3910 Vincat
1716 3866 1941 3924 qumque

354 3966 561 4006 venena
602 3951 944 4021 serpentina,
986 3949 1167 4005 vincat
1211 3963 1356 4004 saava
1402 3946 1589 4003 mundi
1638 3946 1936 4002 veneﬁcia:

2041 3237 2191 3293 spem
2229 3222 2445 3278 dedisti.
2490 3223 2685 3279 Coram
2734 3233 2788 3279 te
2830 3233 2916 3280 est
2959 3223 3190 3283 ﬁrmitas
3228 3237 3288 3284 et
3335 3228 3630 3284 inﬁrmitas

2041 3332 2162 3372 mea
2193 3336 2206 3372 :
2232 3317 2376 3372 illam
2421 3334 2600 3383 serva,
2623 3320 2781 3376 istam
2811 3335 2964 3376 sana.
2997 3320 3195 3377 Coram
3232 3330 3287 3377 te
3315 3332 3398 3378 est
3445 3324 3627 3379 scien-

2040 3404 2115 3458 tia
2156 3413 2212 3460 et
2240 3406 2542 3476 ignorantia
2571 3424 2732 3463 mea:
2780 3410 2871 3465 ubi
2900 3410 3032 3465 mihi
3080 3412 3357 3482 aperuisti,
3408 3413 3631 3482 suscipe

2041 3493 2331 3549 intrantem
2362 3513 2376 3561 ;
2406 3497 2496 3552 ubi
2525 3498 2795 3565 clausisti,
2819 3501 2971 3570 aperi
3006 3501 3261 3571 pulsanti.
3286 3501 3630 3557 Meminerim

2040 3585 2140 3651 tui,
2170 3586 2464 3659 intelligam
2505 3596 2577 3654 te,
2607 3590 2828 3662 diligam
2857 3599 2927 3646 te.
2971 3591 3122 3665 Auge
3156 3594 3210 3647 in
3255 3608 3339 3648 me
3364 3594 3490 3658 ista,
3529 3595 3625 3649 do-

2041 3690 2142 3731 nec
2167 3692 2255 3732 me
2273 3676 2476 3734 formes
2495 3680 2864 3753 adintegrum.
2887 3683 3030 3749 Scio,
3047 3684 3309 3755 scriptum
3334 3684 3624 3756 estIAug.,

2041 3766 2303 3837 scriptum
2349 3768 2492 3842 esse]
2522 3788 2534 3824 :
2569 3769 2636 3823 In
2670 3770 2995 3844 multiloquio
3042 3790 3146 3829 non
3180 3775 3397 3845 e/fugies
3435 3793 3627 3846 pecca-

2040 3866 2151 3911 tum
2178 3857 2360 3930 (Prov.
2383 3876 2438 3926 x,
2470 3859 2578 3930 l9).
2624 3860 2732 3916 Sed
2770 3862 2978 3917 utinam
3018 3865 3361 3934 praedicando
3392 3866 3620 3921 verbum

2043 3954 2213 4013 tuum,
2237 3956 2293 4002 et
2312 3948 2578 4005 laudando
2609 3956 2681 4016 te,
2706 3953 3077 4009 tantummodo
3097 3953 3386 4023 loquerer:
3409 3971 3516 4011 non
3541 3973 3625 4011 so-

354 4048 415 4094 ut
450 4038 566 4094 hate
595 4047 790 4095 cuncta
826 4056 936 4095 non
976 4040 1109 4095 mihi
1144 4054 1264 4109 qua:
1297 4038 1554 4104 diximus,
1590 4051 1768 4107 neque
1803 4037 1941 4092 meis
2041 4036 2152 4093 lum
2198 4039 2441 4112 fugerem
2487 4051 2790 4114 peccatum,
2839 4045 2934 4101 sed
2978 4047 3231 4102 meritum
3269 4048 3471 4103 bonum
3527 4067 3621 4107 ac-

354 4139 590 4187 noceant
634 4132 942 4188 comitibus.
990 4130 1168 4188 Sanus
1200 4147 1319 4203 ego,
1366 4131 1485 4186 sani
1532 4132 1640 4187 mei
1689 4130 1936 4194 comites,
2040 4132 2341 4201 quirerem;
2366 4135 2760 4206 quantumlibet
2791 4139 3104 4205 meruisses,
3141 4139 3393 4211 loquerer
3428 4141 3615 4214 [Aug.,

354 4218 473 4277 sine
508 4222 706 4279 damno
740 4238 1029 4293 pergamus
1057 4223 1375 4278 incolumes.
1418 4220 1562 4278 Sana
1593 4236 1732 4277 nave
1774 4222 1829 4275 in
1853 4235 1944 4291 pe-
2040 4225 2339 4293 quamlibet
2369 4227 2597 4283 multum
2631 4229 2711 4284 sic
2751 4230 3044 4305 loquerer].
3077 4232 3261 4303 Neque
3287 4237 3433 4290 enim
3458 4236 3623 4293 homo

354 4312 457 4384 lagi
513 4312 781 4379 ﬂuctibus,
835 4314 986 4368 sanis
1034 4315 1190 4384 equis
1247 4314 1381 4369 velis
1432 4314 1488 4368 in
1542 4310 1936 4369 terrestribus:
2041 4313 2108 4368 de
2156 4324 2209 4370 te
2237 4316 2428 4372 beatus
2456 4328 2739 4388 peccatum
2781 4322 3100 4394 praeciperet
3127 4340 3389 4395 germano
3417 4327 3470 4382 in
3516 4328 3623 4382 ﬁde

354 4419 489 4458 sana
528 4412 716 4459 nostra
750 4403 980 4458 vehatur
1007 4404 1258 4473 pecunia,
1290 4409 1352 4457 ut
1385 4403 1456 4457 sit
1489 4410 1614 4473 apta
1651 4403 1719 4457 ad
1749 4412 1938 4460 nostra
1967 4463 2014 4485 ﬁ
2042 4407 2154 4465 ﬁlio
2196 4426 2315 4476 suo,
2356 4412 2443 4466 cui
2471 4413 2707 4484 scripsit,
2744 4415 2965 4472 dicens:
2998 4417 3243 4473 Prwdica
3270 4420 3501 4485 verbum,
3538 4424 3622 4476 in-

353 4496 525 4551 utilia.
555 4495 762 4550 Inilnici
797 4510 865 4549 ne
885 4494 998 4549 sint
1042 4493 1197 4548 nobis
1243 4493 1457 4582 nociva,
1481 4493 1745 4582 quamvis
1793 4492 1935 4549 mala
1967 4492 2015 4525 ν
2039 4509 2123 4556 sta
2166 4512 2471 4573 opportune,
2519 4504 2815 4575 importune
2861 4505 2948 4579 (II
2981 4506 3115 4562 Tim.
3150 4524 3229 4575 tv,
3258 4508 3336 4582 2).
3368 4509 3620 4581 Nunquid

354 4594 710 4657 prorumpunt
751 4583 999 4641 consilia.
1044 4582 1247 4638 Christi
1295 4581 1427 4637 mihi
1476 4581 1531 4635 in
1577 4588 1781 4635 aeterno
1835 4598 1935 4637 no-
2040 4589 2326 4646 dicendum
2368 4600 2454 4647 est
2481 4593 2644 4650 istum
2678 4611 2787 4652 ηοη
2824 4597 3051 4653 multum
3083 4581 3354 4665 locutum,
3378 4601 3468 4671 qui
3509 4617 3618 4656 ηοη

354 4677 502 4733 mine
533 4677 633 4732 viae
671 4685 882 4733 cunctae
916 4682 1138 4746 pateant
1168 4688 1516 4745 magnopere,
1555 4672 1601 4726 si
1644 4673 1935 4730 ascendam
2036 4680 2210 4736 solum
2242 4680 2566 4753 opportune,
2615 4701 2805 4742 verum
2839 4689 3003 4743 etiam
3045 4689 3353 4760 importune
3392 4692 3617 4747 verbum

350 4768 519 4824 ardua
540 4768 596 4822 in
622 4768 903 4834 montium,
928 4767 975 4821 si
995 4767 1319 4823 descendam
1345 4780 1584 4820 convexa
1615 4763 1671 4819 in
1690 4764 1933 4832 vallium,
2037 4781 2207 4840 suum,
2238 4773 2479 4839 nomine,
2508 4791 2618 4831 non
2644 4779 2893 4835 iacebat?
2917 4779 3012 4835 sed
3040 4780 3163 4836 ideo
3189 4797 3297 4837 ηοη
3328 4792 3447 4838 om
3481 4783 3617 4838 mu]-

351 4859 466 4915 si...
498 4858 614 4914 vias
640 4872 738 4927 per
759 4857 1101 4912 vastissimas
1131 4857 1408 4923 silvarum,
1439 4856 1572 4912 rubo
1604 4871 1701 4926 per
1731 4855 1936 4913 densis-
2037 4870 2175 4927 tum,
2225 4864 2354 4934 quia
2409 4872 2620 4921 tantum
2671 4875 2792 4922 erat
2837 4870 3227 4925 necessarium.
3270 4860 3465 4928 Libera
3506 4891 3612 4938 nte,

350 4951 519 5008 simas
547 4966 563 5004 :
589 4950 678 5005 via
722 4947 883 5020 plana
928 4962 1148 5019 pergam
1197 4959 1359 5018 atque
1385 4947 1563 5002 lucida
1610 4961 1782 5016 usque
1826 4945 1931 5002 loci

2043 4954 2175 5010 Deus
2224 4970 2397 5023 meus,
2451 4971 2482 5011 a
2531 4957 2886 5028 multiloquio,
2939 4960 3083 5031 quod
3138 4963 3318 5032 patior
3378 4964 3525 5020 intus
3560 4964 3614 5018 in

350 5038 717 5096 destinati.....
2032 5044 2211 5099 anima
2256 5061 2377 5102 mea
2413 5046 2612 5102 misera
2646 5047 2701 5101 in
2729 5058 3023 5120 conspectu
3059 5058 3174 5117 tuo,
3210 5060 3267 5107 et
3306 5053 3617 5125 confugien-

421 5135 648 5191 Domine
680 5131 810 5189 Jesu
840 5131 1077 5198 Christe,
1113 5138 1167 5186 te
1208 5130 1434 5189 obsecro
1475 5150 1573 5205 per
1619 5138 1929 5193 misericor-
2031 5143 2140 5189 tem
2176 5135 2244 5189 ad
2273 5136 2702 5192 misericordiam
2742 5145 2910 5195 tuam.
2948 5139 3065 5195 Non
3094 5142 3245 5197 enim
3276 5144 3614 5215 cogitationi-

348 5225 492 5281 diam
533 5233 587 5280 et
615 5224 958 5282 clementiam
998 5230 1166 5289 tuam,
1196 5231 1257 5278 ut
1293 5232 1515 5294 praestes
1545 5226 1676 5281 mihi
1715 5229 1929 5283 veniam
2030 5223 2131 5280 bus
2175 5235 2346 5293 taceo,
2374 5229 2539 5283 etiam
2580 5237 2768 5284 tacens
2794 5245 2927 5287 voce
2953 5230 3134 5305 [Aug.,
3164 5232 3430 5306 vocibus].
3474 5234 3541 5288 Et
3567 5234 3610 5287 si

346 5316 663 5372 delictorum
708 5330 970 5371 meorum.
1020 5312 1183 5384 Aperi
1227 5315 1358 5368 mihi
1402 5312 1627 5383 ianuam
1673 5318 1819 5384 vitae,
1869 5327 1925 5374 et
2030 5319 2246 5390 quidem
2273 5336 2381 5376 non
2415 5321 2712 5393 cogitarem
2744 5322 2852 5378 nisi
2891 5324 3036 5395 quod
3070 5325 3308 5395 placeret
3343 5327 3461 5389 tibi,
3507 5340 3611 5379 non

347 5406 596 5476 princeps
627 5406 973 5462 tenebrarum
1000 5419 1109 5460 non
1139 5414 1393 5460 occurrat
1420 5406 1572 5462 mihi.
1596 5406 1714 5463 Non
1742 5408 1927 5464 veniat
2030 5412 2213 5481 utique
2237 5428 2484 5483 rogarem
2506 5422 2566 5469 ut
2592 5428 2678 5469 me
2707 5413 2775 5469 ab
2820 5416 2924 5471 hoc
2974 5415 3312 5487 mnltiloquio
3331 5417 3606 5471 liherares.

348 5495 478 5550 mihi
514 5511 610 5566 pes
637 5496 923 5567 superbiai,
968 5504 1023 5553 et
1048 5512 1243 5553 manus
1268 5504 1528 5553 extranea
1570 5514 1676 5555 non
1717 5500 1926 5556 contin—
2006 5500 2137 5556 Sed
2188 5503 2369 5558 multa:
2406 5504 2908 5576 suntcogitationes
2938 5521 3072 5561 mea:
3097 5506 3251 5573 tales,
3295 5507 3484 5577 quales
3513 5520 3607 5559 no-

348 5594 438 5653 gat
484 5587 617 5641 mihi
642 5607 654 5640 :
681 5588 775 5641 sed
816 5588 1031 5645 suscipe
1069 5603 1156 5645 me
1182 5590 1478 5645 semiudum
1503 5591 1720 5672 verbum
1752 5600 1921 5656 tuum,
2032 5594 2099 5647 sti
2126 5594 2478 5661 cogitationes
2505 5596 2802 5663 hominum,
2827 5597 3082 5667 quoniam
3114 5614 3264 5653 value
3288 5606 3413 5653 sunt
3435 5593 3604 5669 (Psal.

419 5708 444 5735 ι
479 5691 654 5749 Locus
681 5703 987 5766 corruptus.
