3894 6182
262 289 378 344 809
1274 289 1671 347 LITURGICA.
1713 321 1784 330 —
1818 289 2085 346 OFFICIA
2126 289 2260 346 PER
2292 286 2561 344 FERIAS.
3447 290 3555 347 6l0

259 397 426 448 sem,
461 379 574 453 ll).
600 380 748 435 Dona
772 380 904 435 mihi
927 394 1037 435 non
1056 381 1138 437 eis
1156 384 1487 448 consentire,
1510 392 1566 438 et
1587 383 1863 452 siquando
1892 387 1942 444 Α

254 488 355 531 me
395 471 743 529 delectantur
776 470 961 544 [Aug.,
1011 472 1330 545 delectam],
1372 488 1471 529 eas
1515 473 1869 528 nihilominus

249 563 608 634 improbare,
648 577 749 618 nec
793 562 851 616 in
879 563 961 617 eis
1002 562 1152 617 velut
1188 562 1531 618 dormitando
1557 563 1865 618 immorari:

246 671 369 712 nec
394 656 455 711 in
481 663 697 710 tantum
725 654 943 710 valeant
969 655 1111 725 apud
1149 671 1258 723 me,
1287 664 1350 710 ut
1379 655 1583 726 aliquid
1608 657 1663 711 in
1701 672 1868 726 opera

246 761 391 803 mea
444 747 712 818 procedat
750 763 820 803 ex
866 747 995 812 illis,
1049 748 1146 803 sed
1173 749 1244 804 ab
1268 749 1350 804 eis
1395 764 1518 803 mea
1556 752 1742 805 statim
1797 752 1871 804 sit

252 847 388 895 tuta
426 837 722 903 sententia,
766 846 885 893 tuta
906 839 1240 895 conscientia
1286 847 1340 894 te
1381 847 1587 895 tuente.
1636 840 1869 911 Sapiens

251 931 498 1002 quidam
541 944 668 984 cum
693 929 761 984 de
799 938 853 984 te
895 929 1211 999 loqueretur
1235 930 1292 985 in
1323 930 1466 986 libro
1494 947 1612 998 suo,
1645 934 1738 1002 qui
1767 933 1869 988 Ee-

252 1021 619 1078 clesiasticus
665 1021 891 1092 proprio
937 1023 1161 1078 nomine
1202 1021 1319 1093 jam
1372 1031 1639 1078 vocatur:
1671 1024 1864 1092 Multa,

257 1113 469 1184 inquit,
517 1114 762 1178 dicimus,
793 1124 843 1169 et
868 1130 974 1170 non
1001 1116 1325 1186 pervenimus
1348 1132 1369 1183 ;
1401 1126 1451 1170 et
1480 1123 1865 1175 consummatio

260 1224 577 1264 sermonum
625 1210 870 1263 universa
914 1209 1024 1280 ipse
1053 1218 1129 1264 est
1170 1209 1361 1283 (Eccli.
1391 1227 1546 1277 nm,
1583 1210 1697 1284 29).
1730 1211 1866 1268 Cum

264 1315 404 1372 ergo
440 1300 856 1370 pervenerimus
879 1301 947 1355 ad
976 1308 1048 1367 te,
1073 1301 1367 1357 cessabunt
1401 1302 1570 1358 multa
1613 1304 1719 1359 ista
1745 1320 1868 1375 quae

273 1391 437 1463 125
473 1392 729 1457 dicimus,
756 1401 803 1445 et
835 1408 939 1445 non
970 1393 1337 1463 pervenimus;
1364 1401 1419 1449 et
1454 1395 1699 1451 manebis
1724 1411 1865 1450 unus

272 1484 459 1538 omnia
491 1482 545 1537 in
571 1482 865 1549 omnibus;
889 1490 945 1537 et
969 1483 1089 1538 sine
1114 1483 1224 1539 ﬂne
1260 1484 1503 1541 dicemus
1531 1502 1722 1553 unum,
1748 1486 1865 1542 lau-

272 1578 470 1632 dantes
505 1583 562 1630 te
603 1577 657 1630 in
686 1592 879 1641 unum,
927 1584 983 1632 et
1012 1576 1069 1631 in
1100 1586 1154 1633 te
1188 1578 1353 1633 etiam
1386 1579 1515 1636 facti
1546 1596 1644 1638 nos
1672 1598 1861 1647 unum,

275 1669 506 1726 Domine
538 1671 683 1725 Deus
723 1687 832 1727 une
872 1684 922 1725 ει.
964 1672 1109 1729 Deus
1154 1673 1416 1742 Trinitas,
1464 1676 1688 1747 ignosce
1727 1678 1859 1733 mihi

272 1762 466 1816 omnia
512 1772 733 1833 peccata
766 1778 906 1829 mea,
945 1774 1002 1820 et
1027 1766 1082 1820 in
1118 1766 1221 1821 bac
1255 1767 1568 1839 integritate
1610 1768 1755 1837 fidei,
1805 1780 1862 1828 et

276 1854 543 1909 bonorum
578 1871 800 1926 cperum
828 1857 1163 1927 perfectione
1186 1861 1397 1916 custodi
1426 1877 1534 1929 me,
1572 1871 1628 1918 et
1652 1864 1722 1919 ab
1746 1878 1861 1918 om-

278 1948 444 2003 nibus
472 1948 680 2004 insidiis
710 1950 907 2005 diaboli
938 1959 992 2006 et
1032 1952 1313 2008 hominum
1341 1952 1509 2010 libera
1539 1960 1648 2021 me;
1682 1964 1739 2011 et
1761 1955 1861 2010 sub

281 2040 471 2096 umbra
506 2042 714 2097 alarum
747 2051 963 2097 tuarum
1008 2051 1231 2116 protege
1259 2059 1368 2111 me,
1401 2046 1496 2115 qui
1523 2062 1582 2101 es
1613 2047 1864 2103 benedic-

284 2141 367 2187 tus
394 2133 449 2188 in
478 2133 698 2190 saecula.

416 2246 709 2304 HYMNUS
748 2247 950 2303 ΒΕΑἹῚ
987 2246 1294 2303 EPISCOPI
1333 2248 1604 2304 SEDULII
1631 2249 1659 2288 ι’
1689 2290 1704 2315 ,

285 2338 357 2394 De
380 2342 669 2407 nativitate,
690 2350 739 2396 et
762 2341 1039 2412 baptismo,
1067 2351 1114 2395 et
1144 2342 1350 2406 virtute,
1377 2351 1425 2395 et
1449 2342 1733 2395 traditione
1755 2380 1771 2405 ,
1811 2351 1867 2396 et

347 2413 632 2537 50881-0316,.
653 2411 1030 2493 resurrectione
1055 2422 1103 2466 et
1129 2412 1432 2465 ascensione
1458 2411 1671 2465 Domini
1695 2413 1860 2467 nostri

383 2498 471 2536 esu
563 2492 721 2537 mstt.

1894 1730 1937 1787 Β

557 2603 603 2657 Α
630 2601 760 2657 solis
782 2608 934 2656 ortus
959 2599 1181 2656 cardine

490 2696 574 2751 Ad
600 2710 774 2765 usque
803 2703 964 2750 teme
988 2694 1217 2749 limitem
1246 2734 1261 2759 ,

493 2786 768 2843 Christum
794 2801 1052 2842 canamus
1074 2785 1376 2856 principem

492 2877 686 2934 Natum
715 2878 885 2932 Maria
911 2877 1140 2948 virgine.

560 2973 761 3028 Beatus
788 2979 979 3027 auctor
1003 2969 1185 3025 saeculi

488 3063 701 3121 Servile
722 3078 919 3134 corpus
945 3061 1120 3160 induit
1144 3100 1159 3125 ,
1885 3100 1927 3160 ρ

490 3155 561 3212 llt
586 3170 750 3212 carne
777 3168 995 3211 carnem
1027 3151 1265 3207 liberans
1887 3142 1928 3160 “

484 3247 565 3304 Ne
582 3247 839 3318 perderet
865 3260 1002 3315 quos
1032 3242 1167 3315 [Al.,
1195 3238 1363 3313 quod]
1391 3238 1653 3295 condidit.

553 3337 765 3394 Clausae
791 3334 927 3408 [Al.,
952 3331 1159 3403 clausa]
1191 3330 1437 3402 parentis
1466 3329 1676 3383 viscera

485 3427 735 3484 Caelestis
757 3427 928 3480 intrat
949 3423 1120 3495 gratia
1146 3440 1159 3475 :

490 3517 687 3574 Venter
711 3514 901 3587 puellae
926 3513 1131 3582 baiulat

487 3606 707 3666 Secreta
739 3624 860 3679 qua:
884 3620 992 3660 non
1020 3613 1269 3659 noverat.

557 3700 758 3756 Domus
778 3698 957 3769 pudici
982 3694 1228 3765 corporis
1256 3691 1388 3765 [ΑΙ.,
1412 3693 1670 3764 pectoris]

495 3790 776 3861 Templum
806 3795 1028 3857 repente
1056 3784 1117 3839 fit
1141 3784 1235 3839 Dei
1267 3801 1280 3837 :

488 3882 692 3937 Intacta
721 3880 969 3936 nesciens
993 3879 1171 3933 virum

490 3970 664 4026 Verbo
693 3971 939 4042 concepit
964 3970 1179 4025 Filium.

554 4063 730 4119 Enixa
752 4072 837 4118 est
860 4076 1127 4133 puerpera
1148 4061 1257 4135 [ΑΙ.
1277 4101 1292 4129 ,
1322 4060 1495 4116 Enixa
1530 4057 1643 4127 jam
1691 4072 1851 4128 puer-

1492 4152 1643 4227 [μετα
1672 4151 1779 4225 est]

488 4248 655 4319 Quem
676 4249 895 4307 Gabriel
922 4249 1246 4321 praedixerat
1278 4266 1293 4303 :

486 4344 656 4412 Quem
685 4344 877 4398 matris
906 4342 1028 4397 alvo
1055 4342 1296 4413 gestiens

482 4433 709 4491 Clausus
734 4433 970 4491 Joannes
999 4441 1263 4490 senserat.
1878 4447 1930 4510 ι)

551 4528 699 4584 Feno
719 4527 900 4598 jacere
926 4526 1149 4598 pertulit
1176 4566 1193 4593 ,

483 4619 727 4691 Praesepe
753 4635 860 4675 non
887 4618 1170 4674 abhorruit
1202 4635 1216 4672 :

480 4709 765 4780 Parvoque
790 4709 929 4765 lacte
951 4717 1141 4779 pastus
1164 4715 1249 4764 est
1264 4748 1280 4774 ,

482 4798 589 4856 Per
613 4816 773 4870 quem
802 4815 903 4856 nec
930 4800 1042 4854 ales
1069 4800 1260 4854 esurit.

550 4892 763 4948 Gaudet
789 4893 988 4947 chorus
1016 4890 1316 4947 caelestium
1333 4930 1348 4955 ,

481 4982 550 5038 Et
583 4983 757 5053 angeli
785 4991 986 5037 canunt
1021 4981 1133 5036 Deo
1156 4997 1170 5034 :

476 5074 772 5145 Palamque
799 5072 861 5128 lit
886 5073 1192 5144 pastoribus

480 5166 673 5222 Pastor
693 5164 922 5219 Creator
947 5164 1211 5220 omnium.

550 5255 732 5312 Hostis
758 5253 1000 5311 Herodes
1030 5254 1215 5324 impie,

2183 383 2461 439 Christum
2490 381 2678 437 venire
2706 380 2835 451 quid
2863 381 3056 436 times?

2186 475 2304 531 Non
2332 476 2497 545 eripit
2516 472 2649 547 [Al.,
2677 490 2783 529 non
2804 472 3024 544 abripit]
3049 472 3296 527 mortalia

2183 566 2287 634 Qui
2318 581 2482 639 regna
2512 568 2609 623 dat
2639 566 2906 623 coelestia.

2136 708 2152 725 ,
2251 657 2409 714 Ibant
2436 656 2599 728 Magi,
2633 673 2740 728 qua
2766 664 3029 713 venerant
3055 654 3189 728 [Al.,
3216 670 3381 725 quam
3411 654 3558 711 vide-

2493 797 2498 801 .
3308 747 3479 822 [rant]

2187 842 2414 898 Stellam
2436 852 2726 914 sequentes
2747 845 3008 915 prazviam
3035 862 3047 897 :

2183 933 2389 989 Lumen
2416 935 2699 1004 requirunt
2733 949 2959 990 munere
2981 932 3111 1005 [Al.,
3142 932 3368 1004 lumine]
3394 974 3415 999 ,

2188 1022 2358 1079 Deum
2388 1023 2629 1081 fatentur
2650 1041 2898 1082 munere.

2247 1116 2482 1173 Katerva
2508 1129 2741 1175 matrum
2768 1127 3026 1189 personat

2180 1207 2379 1264 Collisa
2413 1209 2616 1267 deﬂens
2641 1211 2870 1281 pignora
2898 1230 2911 1264 :

2180 1297 2423 1365 Quorum
2444 1296 2708 1372 tyrannus
2734 1302 2899 1357 millia

2182 1391 2402 1448 Christo
2428 1394 2667 1448 sacravit
2691 1394 2912 1449 victima
2937 1393 3074 1466 [Al.,
3100 1394 3425 1468 victimam].

2246 1482 2487 1538 Lavacra
2520 1484 2640 1554 puri
2671 1484 2898 1555 gurgitis

2178 1573 2432 1630 Caelestis
2455 1574 2645 1645 Agnus
2674 1575 2856 1645 attigit
2882 1592 2895 1627 :

2190 1666 2423 1721 Peccata
2447 1680 2568 1735 qua:
2594 1681 2702 1720 non
2722 1665 2927 1720 detulit

2177 1755 2288 1812 Nos
2309 1756 2577 1812 abluendo
2601 1758 2839 1812 sustulit.

2251 1845 2526 1900 Miraculis
2555 1844 2706 1900 dedit
2732 1846 2895 1911 ﬁdem

2178 1935 2390 1993 Habere
2442 1938 2740 1994 secundum
2785 1939 3004 1995 Patrem
3045 1939 3152 2013 [ΑΙ.
3177 1982 3194 2008 ,
3239 1942 3452 2000 Habere
3492 1961 3553 2003 se

2961 2031 3163 2104 [Deum
3190 2031 3432 2108 Patrem]
3461 2054 3473 2089 :

2176 2121 2393 2176 lnﬁrma
2424 2136 2626 2178 sanans
2650 2138 2880 2194 corpora
2906 2164 2921 2190 ,

2172 2214 2241 2269 Et
2267 2215 2538 2272 suscitans
2558 2214 2691 2289 [Al.,
2714 2215 3068 2290 resuscitans]
3094 2219 3379 2275 cadavera.

2248 2304 2455 2361 Novum
2486 2322 2655 2379 genus
2691 2308 2946 2377 potentia:

2175 2398 2332 2466 Aqua
2367 2397 2503 2470 [Al.,
2534 2398 2709 2472 aquae]
2734 2401 3030 2456 rubescunt
3049 2402 3253 2475 hydria:
3281 2421 3295 2457 :

2175 2488 2481 2558 Vinumque
2503 2487 2654 2557 jussa
2683 2489 2909 2546 fundere

2173 2579 2402 2634 Mutavit
2424 2580 2569 2634 unda
2592 2581 2879 2651 originem.

2240 2670 2374 2727 Orat
2395 2670 2624 2725 salutem
2651 2672 2866 2727 servulo

2175 2762 2345 2817 Nixus
2368 2760 2500 2835 [Al.,
2531 2761 2750 2835 Flcxus]
2780 2777 2921 2834 genu
2946 2764 3203 2821 Centurio
3233 2783 3247 2820 :

2174 2852 2460 2908 Credentis
2491 2852 2656 2907 ardor
2676 2852 2944 2923 plurimus

2173 2945 2447 3001 Exstinxit
2476 2945 2629 3017 ignes
2654 2945 2904 3001 febrium.

2243 3034 2434 3090 Petrus
2454 3049 2553 3104 per
2578 3036 2752 3091 undas
2778 3037 3019 3093 ambulat
3043 3038 3178 3111 [Al.,
3204 3042 3510 3119 ambulans]

2172 3129 2376 3185 Christi
2403 3130 2611 3185 levatus
2640 3130 2771 3204 [Α1.,
2798 3132 3032 3206 levatur]
3065 3135 3287 3191 dextera
3314 3151 3328 3190 :

2170 3220 2373 3276 Natura
2399 3237 2561 3292 quam
2586 3231 2879 3292 negaverat
2905 3264 2920 3288 ,

2165 3313 2326 3368 Fides
2347 3314 2560 3382 paravit
2583 3315 2857 3369 semitam.

2233 3403 2438 3472 Quarta
2466 3405 2555 3460 die
2576 3404 2689 3474 jam
2715 3405 2916 3463 fetidus

2168 3495 2347 3551 Vitam
2373 3499 2579 3567 recepit
2599 3498 2877 3556 Lazarus:

2171 3586 2460 3659 Martisque
2491 3590 2628 3646 liber
2659 3589 2766 3664 [ΑΙ.
2798 3633 2811 3661 ,
2859 3592 3191 3666 Cunctisque
3234 3597 3392 3673 liber]
3429 3602 3546 3658 vin-

3310 3691 3471 3762 [culis

2166 3788 2364 3845 Factus
2391 3799 2475 3846 est
2503 3801 2777 3862 superstes
2807 3795 2930 3850 sibi.

2238 3877 2405 3933 Rivos
2431 3881 2646 3936 cruoris
2674 3884 2863 3937 torridi
2888 3883 3024 3955 [Al.,
3052 3885 3283 3960 horridi]

2164 3970 2426 4025 Contacta
2455 3972 2625 4027 vestis
2653 3974 2888 4029 obstruit
2913 3990 2928 4029 :

2166 4061 2318 4117 Fletu
2347 4062 2579 4133 rigantis
2605 4062 2737 4135 [Al.,
2762 4064 2997 4139 rigante]
3025 4068 3280 4138 supplicis

2163 4151 2371 4207 Clausit
2390 4150 2588 4207 ﬂuenta
2607 4152 2742 4226 [Al.,
2757 4153 2932 4211 Arent
2947 4154 3190 4231 ﬂuentia]
3212 4162 3509 4233 sanguinis.

2236 4243 2458 4299 Solutus
2483 4245 2633 4299 omni
2665 4245 2923 4319 languore
2954 4247 3091 4323 [Αι.,
3113 4253 3259 4307 omni
3290 4255 3538 4329 corpore]

2169 4332 2367 4391 Jussus
2392 4342 2616 4407 repente
2654 4352 2877 4410 surgere
2909 4379 2926 4407 ,

2172 4425 2300 4482 Suis
2324 4425 2568 4483 vicissim
2592 4430 2871 4499 gressibus

2172 4512 2342 4586 Eger
2366 4516 2602 4572 vehebat
2625 4517 2902 4575 lectulum.

2232 4605 2388 4661 Tunc
2408 4607 2497 4662 ille
2523 4606 2693 4664 Judas
2716 4608 2960 4665 carnifex

2167 4694 2347 4751 Ausus
2375 4696 2690 4768 Magistrum
2719 4699 2957 4767 tradere,

2168 4787 2366 4844 Pacem
2395 4788 2603 4845 ferebat
2625 4790 2814 4846 osculo

2169 4879 2344 4946 Quam
2371 4896 2478 4936 non
2506 4880 2741 4937 habebat
2763 4891 3004 4953 pectore.

2231 4969 2410 5025 Verax
2438 4971 2597 5026 datur
2620 4971 2905 5032 fallacibus
2928 5016 2944 5042 ,

2159 5063 2315 5119 Pium
2344 5064 2578 5135 ﬂagellat
2606 5066 2805 5137 impius
2837 5084 2853 5122 :

2159 5155 2428 5226 Crucique
2461 5155 2602 5212 fixus
2628 5158 2889 5215 innocens

2166 5245 2500 5316 Conjunctus
2525 5256 2610 5304 est
2639 5248 2774 5321 [ΛΑ.
2812 5248 3179 5325 coniungitur]
3208 5228 3526 5312 latronibus.

344 5450 365 5479 ι
395 5436 553 5509 Apud
577 5435 717 5507 Aug.
766 5435 845 5490 ita
883 5430 1218 5509 hzecoratio
1260 5427 1594 5509 clauditur:
1645 5444 1665 5477 α
1703 5425 1845 5483 Deus
1946 5428 2232 5509 presbyter:
2256 5428 2823 5509 [gymnaLacrostichjs
2850 5471 2888 5509 ,.
2915 5440 3080 5486 totam
3129 5434 3287 5509 vitam
3330 5433 3527 5509 Christi

285 5498 523 5573 munis,
556 5498 891 5578 quagigunque
921 5502 1031 5578 dixi
1062 5502 1116 5556 in
1150 5501 1237 5556 his
1267 5498 1420 5578 libris
1446 5499 1513 5553 de
1542 5506 1655 5561 tuo,
1672 5512 1847 5578 agno-
1948 5498 2239 5578 continens.
2272 5498 2733 5578 lndediﬂ‘erentes
2769 5500 3027 5578 lectiones
3059 5505 3387 5578 accepimus.
3422 5508 3530 5564 No-

286 5589 419 5635 scant
452 5568 518 5647 et
545 5568 620 5633 tui
661 5594 675 5631 :
710 5575 756 5631 si
793 5568 897 5647 qua
934 5574 1001 5628 de
1031 5586 1179 5647 meo,
1216 5578 1273 5627 et
1296 5569 1685 5647 tunignosce-et
1709 5568 1838 5647 tui.)
1950 5569 2089 5647 tabit
2142 5568 2314 5624 lector
2347 5568 2550 5647 primas
2587 5569 2804 5647 litteras
2839 5568 3374 5645 stropharum-hujus
3408 5594 3524 5635 ear-

340 5651 365 5689 δ
392 5644 581 5706 Exstat
604 5648 692 5704 hic
716 5636 951 5706 hvmnus
980 5644 1155 5697 editus
1180 5639 1385 5695 tom.“
1406 5636 1552 5693 Bibl.
1582 5636 1681 5690 PP.
1712 5637 1842 5690 edit.

290 5719 538 5793 Lugtluuq
571 5734 693 5794 pag.
722 5706 858 5782 4⁷71,
909 5714 1010 5770 sub
1043 5713 1145 5768 hoc
1195 5711 1351 5767 titulo
1396 5729 1410 5769 :
1463 5708 1588 5763 (Σωιί
1644 5706 1847 5763 Sedulii

1953 5639 2112 5694 minis
2142 5648 2310 5694 totum
2346 5639 2686 5710 alphabetum
2720 5641 2951 5717 refcrre._
