  <div class='ocr_page' id='page_1' title='image "/cluster/home/n/w/nwhite01/storage/ocr_20150623/101/hvd.32044054759683/311.png"; bbox 0 0 3894 6182; ppageno 0'>
   <div class='ocr_carea' id='block_1_1' title="bbox 379 284 474 340">
    <p class='ocr_par' dir='ltr' id='par_1_1' title="bbox 379 284 474 340">
     <span class='ocr_line' id='line_1_1' title="bbox 379 284 474 340; baseline 0 0"><span class='ocrx_word' id='word_1_1' title='bbox 379 284 474 340; x_wconf 81' lang='lat' dir='ltr'><strong>6H</strong></span> 
     </span>
    </p>
   </div>
   <div class='ocr_carea' id='block_1_2' title="bbox 1190 276 2785 340">
    <p class='ocr_par' dir='ltr' id='par_1_2' title="bbox 1190 276 2785 340">
     <span class='ocr_line' id='line_1_2' title="bbox 1190 276 2785 340; baseline -0.004 -2"><span class='ocrx_word' id='word_1_2' title='bbox 1190 283 1250 339; x_wconf 75' lang='grc' dir='ltr'><strong>Β.</strong></span> <span class='ocrx_word' id='word_1_3' title='bbox 1292 284 1354 339; x_wconf 81' lang='lat' dir='ltr'><strong>F.</strong></span> <span class='ocrx_word' id='word_1_4' title='bbox 1394 282 1622 340; x_wconf 68' lang='lat' dir='ltr'><strong>ALBINI</strong></span> <span class='ocrx_word' id='word_1_5' title='bbox 1663 281 1797 338; x_wconf 74' lang='lat' dir='ltr'><strong>SE1}</strong></span> <span class='ocrx_word' id='word_1_6' title='bbox 1838 277 2115 335; x_wconf 71' lang='lat' dir='ltr'><strong>ALCUINI</strong></span> <span class='ocrx_word' id='word_1_7' title='bbox 2153 277 2438 335; x_wconf 78' lang='lat' dir='ltr'><strong>OPERUM</strong></span> <span class='ocrx_word' id='word_1_8' title='bbox 2477 276 2659 334; x_wconf 75' lang='lat' dir='ltr'><strong>PARS</strong></span> <span class='ocrx_word' id='word_1_9' title='bbox 2696 276 2785 333; x_wconf 80' lang='lat' dir='ltr'><strong>IV.</strong></span> 
     </span>
    </p>
   </div>
   <div class='ocr_carea' id='block_1_3' title="bbox 3549 285 3663 342">
    <p class='ocr_par' dir='ltr' id='par_1_3' title="bbox 3549 285 3663 342">
     <span class='ocr_line' id='line_1_3' title="bbox 3549 285 3663 342; baseline 0.018 -2"><span class='ocrx_word' id='word_1_10' title='bbox 3549 285 3663 342; x_wconf 74' lang='grc' dir='ltr'><strong>6ιὶ</strong></span> 
     </span>
    </p>
   </div>
   <div class='ocr_carea' id='block_1_4' title="bbox 664 394 3664 477">
    <p class='ocr_par' dir='ltr' id='par_1_4' title="bbox 664 394 3664 477">
     <span class='ocr_line' id='line_1_4' title="bbox 664 394 3664 477; baseline 0.004 -29"><span class='ocrx_word' id='word_1_11' title='bbox 664 402 824 476; x_wconf 70' lang='grc'><strong>126</strong></span> <span class='ocrx_word' id='word_1_12' title='bbox 851 400 996 474; x_wconf 70' lang='lat' dir='ltr'><strong>xym</strong></span> <span class='ocrx_word' id='word_1_13' title='bbox 1014 400 1148 477; x_wconf 74' lang='lat' dir='ltr'><strong>[Al.,</strong></span> <span class='ocrx_word' id='word_1_14' title='bbox 1170 399 1343 465; x_wconf 75' lang='lat' dir='ltr'><strong>Xero;</strong></span> <span class='ocrx_word' id='word_1_15' title='bbox 1368 400 1501 471; x_wconf 77' lang='lat' dir='ltr'><strong>forte</strong></span> <span class='ocrx_word' id='word_1_16' title='bbox 1523 399 1622 470; x_wconf 79' lang='lat' dir='ltr'><strong>leg.</strong></span> <span class='ocrx_word' id='word_1_17' title='bbox 1647 397 1783 463; x_wconf 62' lang='lat' dir='ltr'><strong>Xﬁ,</strong></span> <span class='ocrx_word' id='word_1_18' title='bbox 1801 398 1856 452; x_wconf 81' lang='lat' dir='ltr'><strong>id</strong></span> <span class='ocrx_word' id='word_1_19' title='bbox 1876 406 1949 451; x_wconf 80' lang='lat' dir='ltr'><strong>est</strong></span> <span class='ocrx_word' id='word_1_20' title='bbox 1978 399 2025 456; x_wconf 79' lang='grc' dir='ltr'><strong>Α</strong></span> <span class='ocrx_word' id='word_1_21' title='bbox 2052 394 2312 463; x_wconf 73' lang='lat' dir='ltr'><strong>perculit;</strong></span> <span class='ocrx_word' id='word_1_22' title='bbox 2336 408 2506 464; x_wconf 88' lang='lat' dir='ltr'><strong>quare</strong></span> <span class='ocrx_word' id='word_1_23' title='bbox 2554 395 2885 465; x_wconf 85' lang='lat' dir='ltr'><strong>quotidianis</strong></span> <span class='ocrx_word' id='word_1_24' title='bbox 2910 394 3314 467; x_wconf 86' lang='lat' dir='ltr'><strong>deceptionibus</strong></span> <span class='ocrx_word' id='word_1_25' title='bbox 3341 399 3541 472; x_wconf 87' lang='lat' dir='ltr'><strong>impius</strong></span> <span class='ocrx_word' id='word_1_26' title='bbox 3563 418 3664 460; x_wconf 81' lang='lat' dir='ltr'><strong>ca-</strong></span> 
     </span>
    </p>
   </div>
   <div class='ocr_carea' id='block_1_5' title="bbox 864 490 1888 565">
    <p class='ocr_par' dir='ltr' id='par_1_5' title="bbox 864 490 1888 565">
     <span class='ocr_line' id='line_1_5' title="bbox 864 490 1888 565; baseline -0.006 -17"><span class='ocrx_word' id='word_1_27' title='bbox 864 491 1127 565; x_wconf 79' lang='lat' dir='ltr'><strong>[Christo]</strong></span> <span class='ocrx_word' id='word_1_28' title='bbox 1146 490 1422 562; x_wconf 79' lang='lat' dir='ltr'><strong>myrrham</strong></span> <span class='ocrx_word' id='word_1_29' title='bbox 1451 498 1576 559; x_wconf 89' lang='lat' dir='ltr'><strong>post</strong></span> <span class='ocrx_word' id='word_1_30' title='bbox 1603 490 1888 545; x_wconf 76' lang='lat' dir='ltr'><strong>sabbatum</strong></span> 
     </span>
    </p>
   </div>
   <div class='ocr_carea' id='block_1_6' title="bbox 591 579 1925 652">
    <p class='ocr_par' dir='ltr' id='par_1_6' title="bbox 591 579 1925 652">
     <span class='ocr_line' id='line_1_6' title="bbox 591 579 1925 652; baseline -0.003 -14"><span class='ocrx_word' id='word_1_31' title='bbox 591 583 848 652; x_wconf 59' lang='lat' dir='ltr'><strong>Quaedam</strong></span> <span class='ocrx_word' id='word_1_32' title='bbox 882 583 1152 639; x_wconf 76' lang='lat' dir='ltr'><strong>vehebant</strong></span> <span class='ocrx_word' id='word_1_33' title='bbox 1174 595 1457 651; x_wconf 87' lang='lat' dir='ltr'><strong>compares</strong></span> <span class='ocrx_word' id='word_1_34' title='bbox 1483 579 1618 651; x_wconf 74' lang='lat' dir='ltr'><strong>[AI.,</strong></span> <span class='ocrx_word' id='word_1_35' title='bbox 1642 579 1882 651; x_wconf 83' lang='lat' dir='ltr'><strong>corpori]</strong></span> <span class='ocrx_word' id='word_1_36' title='bbox 1911 619 1925 643; x_wconf 93' lang='lat'><strong>,</strong></span> 
     </span>
    </p>
   </div>
   <div class='ocr_carea' id='block_1_7' title="bbox 591 673 1929 745">
    <p class='ocr_par' dir='ltr' id='par_1_7' title="bbox 591 673 1929 745">
     <span class='ocr_line' id='line_1_7' title="bbox 591 673 1929 745; baseline -0.007 -14"><span class='ocrx_word' id='word_1_37' title='bbox 591 676 739 744; x_wconf 88' lang='lat' dir='ltr'><strong>Quas</strong></span> <span class='ocrx_word' id='word_1_38' title='bbox 771 675 1036 730; x_wconf 78' lang='lat' dir='ltr'><strong>allocutus</strong></span> <span class='ocrx_word' id='word_1_39' title='bbox 1064 673 1289 745; x_wconf 81' lang='lat' dir='ltr'><strong>angelus</strong></span> <span class='ocrx_word' id='word_1_40' title='bbox 1316 687 1332 726; x_wconf 88' lang='lat'><strong>:</strong></span> <span class='ocrx_word' id='word_1_41' title='bbox 1752 706 1768 722; x_wconf 92' lang='lat'><strong>.</strong></span> <span class='ocrx_word' id='word_1_42' title='bbox 1926 734 1929 735; x_wconf 17' lang='grc' dir='ltr'><em>ν</em></span> 
     </span>
    </p>
   </div>
   <div class='ocr_carea' id='block_1_8' title="bbox 599 762 1962 839">
    <p class='ocr_par' dir='ltr' id='par_1_8' title="bbox 599 762 1962 839">
     <span class='ocr_line' id='line_1_8' title="bbox 599 762 1962 839; baseline -0.005 -15"><span class='ocrx_word' id='word_1_43' title='bbox 599 768 794 825; x_wconf 80' lang='lat' dir='ltr'><strong>Vivum</strong></span> <span class='ocrx_word' id='word_1_44' title='bbox 819 767 1125 839; x_wconf 83' lang='lat' dir='ltr'><strong>sepulcrum</strong></span> <span class='ocrx_word' id='word_1_45' title='bbox 1169 780 1275 820; x_wconf 90' lang='lat' dir='ltr'><strong>non</strong></span> <span class='ocrx_word' id='word_1_46' title='bbox 1309 764 1439 834; x_wconf 90' lang='lat' dir='ltr'><strong>tegit</strong></span> <span class='ocrx_word' id='word_1_47' title='bbox 1478 762 1612 836; x_wconf 81' lang='grc' dir='ltr'><strong>[Αι.,</strong></span> <span class='ocrx_word' id='word_1_48' title='bbox 1657 764 1838 818; x_wconf 85' lang='lat' dir='ltr'><strong>vivum</strong></span> <span class='ocrx_word' id='word_1_49' title='bbox 1876 777 1962 818; x_wconf 88' lang='lat' dir='ltr'><strong>se-</strong></span> 
     </span>
    </p>
   </div>
   <div class='ocr_carea' id='block_1_9' title="bbox 1364 854 1889 929">
    <p class='ocr_par' dir='ltr' id='par_1_9' title="bbox 1364 854 1889 929">
     <span class='ocr_line' id='line_1_9' title="bbox 1364 854 1889 929; baseline -0.004 -18"><span class='ocrx_word' id='word_1_50' title='bbox 1364 855 1578 929; x_wconf 86' lang='lat' dir='ltr'><strong>[pulcro</strong></span> <span class='ocrx_word' id='word_1_51' title='bbox 1604 870 1712 911; x_wconf 88' lang='lat' dir='ltr'><strong>non</strong></span> <span class='ocrx_word' id='word_1_52' title='bbox 1735 854 1889 928; x_wconf 84' lang='lat' dir='ltr'><strong>tegi].</strong></span> 
     </span>
    </p>
   </div>
   <div class='ocr_carea' id='block_1_10' title="bbox 663 948 1321 1009">
    <p class='ocr_par' dir='ltr' id='par_1_10' title="bbox 663 948 1321 1009">
     <span class='ocr_line' id='line_1_10' title="bbox 663 948 1321 1009; baseline -0.006 -1"><span class='ocrx_word' id='word_1_53' title='bbox 663 950 854 1009; x_wconf 75' lang='lat' dir='ltr'><strong>Ymuis</strong></span> <span class='ocrx_word' id='word_1_54' title='bbox 881 951 1055 1007; x_wconf 88' lang='lat' dir='ltr'><strong>venite</strong></span> <span class='ocrx_word' id='word_1_55' title='bbox 1074 948 1321 1006; x_wconf 80' lang='lat' dir='ltr'><strong>dulcibus</strong></span> 
     </span>
    </p>
   </div>
   <div class='ocr_carea' id='block_1_11' title="bbox 590 1037 1381 1099">
    <p class='ocr_par' dir='ltr' id='par_1_11' title="bbox 590 1037 1381 1099">
     <span class='ocr_line' id='line_1_11' title="bbox 590 1037 1381 1099; baseline -0.009 0"><span class='ocrx_word' id='word_1_56' title='bbox 590 1041 794 1099; x_wconf 83' lang='lat' dir='ltr'><strong>Omnes</strong></span> <span class='ocrx_word' id='word_1_57' title='bbox 821 1054 1083 1096; x_wconf 76' lang='lat' dir='ltr'><strong>canamus</strong></span> <span class='ocrx_word' id='word_1_58' title='bbox 1104 1037 1381 1095; x_wconf 87' lang='lat' dir='ltr'><strong>subditum</strong></span> 
     </span>
    </p>
   </div>
   <div class='ocr_carea' id='block_1_12' title="bbox 593 1128 1433 1203">
    <p class='ocr_par' dir='ltr' id='par_1_12' title="bbox 593 1128 1433 1203">
     <span class='ocr_line' id='line_1_12' title="bbox 593 1128 1433 1203; baseline -0.006 -14"><span class='ocrx_word' id='word_1_59' title='bbox 593 1132 792 1189; x_wconf 78' lang='lat' dir='ltr'><strong>Christi</strong></span> <span class='ocrx_word' id='word_1_60' title='bbox 822 1128 1098 1203; x_wconf 84' lang='lat' dir='ltr'><strong>triumpho</strong></span> <span class='ocrx_word' id='word_1_61' title='bbox 1122 1138 1390 1186; x_wconf 84' lang='lat' dir='ltr'><strong>tartarum</strong></span> <span class='ocrx_word' id='word_1_62' title='bbox 1416 1169 1433 1196; x_wconf 93' lang='lat'><strong>,</strong></span> 
     </span>
    </p>
   </div>
   <div class='ocr_carea' id='block_1_13' title="bbox 592 1219 1781 1294">
    <p class='ocr_par' dir='ltr' id='par_1_13' title="bbox 592 1219 1781 1294">
     <span class='ocr_line' id='line_1_13' title="bbox 592 1219 1781 1294; baseline -0.002 -17"><span class='ocrx_word' id='word_1_63' title='bbox 592 1221 695 1289; x_wconf 85' lang='lat' dir='ltr'><strong>Qui</strong></span> <span class='ocrx_word' id='word_1_64' title='bbox 726 1237 827 1277; x_wconf 90' lang='lat' dir='ltr'><strong>nos</strong></span> <span class='ocrx_word' id='word_1_65' title='bbox 846 1220 985 1294; x_wconf 80' lang='lat' dir='ltr'><strong>[Al.,</strong></span> <span class='ocrx_word' id='word_1_66' title='bbox 1006 1221 1100 1293; x_wconf 88' lang='lat' dir='ltr'><strong>qui</strong></span> <span class='ocrx_word' id='word_1_67' title='bbox 1120 1219 1241 1293; x_wconf 86' lang='lat' dir='ltr'><strong>vos]</strong></span> <span class='ocrx_word' id='word_1_68' title='bbox 1265 1220 1495 1276; x_wconf 82' lang='lat' dir='ltr'><strong>redemit</strong></span> <span class='ocrx_word' id='word_1_69' title='bbox 1515 1219 1781 1277; x_wconf 84' lang='lat' dir='ltr'><strong>venditos.</strong></span> 
     </span>
    </p>
   </div>
   <div class='ocr_carea' id='block_1_14' title="bbox 663 1311 1322 1370">
    <p class='ocr_par' dir='ltr' id='par_1_14' title="bbox 663 1311 1322 1370">
     <span class='ocr_line' id='line_1_14' title="bbox 663 1311 1322 1370; baseline -0.003 -3"><span class='ocrx_word' id='word_1_70' title='bbox 663 1311 849 1368; x_wconf 88' lang='lat' dir='ltr'><strong>Zelum</strong></span> <span class='ocrx_word' id='word_1_71' title='bbox 878 1312 1133 1370; x_wconf 84' lang='lat' dir='ltr'><strong>draconis</strong></span> <span class='ocrx_word' id='word_1_72' title='bbox 1154 1311 1322 1367; x_wconf 81' lang='lat' dir='ltr'><strong>invidi</strong></span> 
     </span>
    </p>
   </div>
   <div class='ocr_carea' id='block_1_15' title="bbox 588 1403 1185 1474">
    <p class='ocr_par' dir='ltr' id='par_1_15' title="bbox 588 1403 1185 1474">
     <span class='ocr_line' id='line_1_15' title="bbox 588 1403 1185 1474; baseline -0.005 -14"><span class='ocrx_word' id='word_1_73' title='bbox 588 1404 659 1460; x_wconf 85' lang='lat' dir='ltr'><strong>Et</strong></span> <span class='ocrx_word' id='word_1_74' title='bbox 679 1419 741 1458; x_wconf 90' lang='lat' dir='ltr'><strong>os</strong></span> <span class='ocrx_word' id='word_1_75' title='bbox 767 1403 941 1458; x_wconf 87' lang='lat' dir='ltr'><strong>leonis</strong></span> <span class='ocrx_word' id='word_1_76' title='bbox 965 1404 1185 1474; x_wconf 87' lang='lat' dir='ltr'><strong>pessimi</strong></span> 
     </span>
    </p>
   </div>
   <div class='ocr_carea' id='block_1_16' title="bbox 587 1495 1195 1560">
    <p class='ocr_par' dir='ltr' id='par_1_16' title="bbox 587 1495 1195 1560">
     <span class='ocr_line' id='line_1_16' title="bbox 587 1495 1195 1560; baseline 0 -9"><span class='ocrx_word' id='word_1_77' title='bbox 587 1495 829 1551; x_wconf 89' lang='lat' dir='ltr'><strong>Calcavit</strong></span> <span class='ocrx_word' id='word_1_78' title='bbox 854 1496 1049 1550; x_wconf 89' lang='lat' dir='ltr'><strong>unicus</strong></span> <span class='ocrx_word' id='word_1_79' title='bbox 1076 1496 1195 1560; x_wconf 91' lang='lat' dir='ltr'><strong>Dei,</strong></span> 
     </span>
    </p>
   </div>
   <div class='ocr_carea' id='block_1_17' title="bbox 590 1586 1743 1661">
    <p class='ocr_par' dir='ltr' id='par_1_17' title="bbox 590 1586 1743 1661">
     <span class='ocr_line' id='line_1_17' title="bbox 590 1586 1743 1661; baseline 0.001 -19"><span class='ocrx_word' id='word_1_80' title='bbox 590 1586 724 1642; x_wconf 87' lang='lat' dir='ltr'><strong>Sese</strong></span> <span class='ocrx_word' id='word_1_81' title='bbox 751 1588 845 1656; x_wconf 87' lang='lat' dir='ltr'><strong>qui</strong></span> <span class='ocrx_word' id='word_1_82' title='bbox 870 1587 1007 1659; x_wconf 79' lang='lat' dir='ltr'><strong>[Al.,</strong></span> <span class='ocrx_word' id='word_1_83' title='bbox 1035 1587 1284 1661; x_wconf 87' lang='lat' dir='ltr'><strong>seseque]</strong></span> <span class='ocrx_word' id='word_1_84' title='bbox 1308 1587 1462 1644; x_wconf 84' lang='lat' dir='ltr'><strong>caelis</strong></span> <span class='ocrx_word' id='word_1_85' title='bbox 1492 1588 1743 1645; x_wconf 85' lang='lat' dir='ltr'><strong>reddidit.</strong></span> 
     </span>
    </p>
   </div>
   <div class='ocr_carea' id='block_1_18' title="bbox 655 1677 1322 1750">
    <p class='ocr_par' dir='ltr' id='par_1_18' title="bbox 655 1677 1322 1750">
     <span class='ocr_line' id='line_1_18' title="bbox 655 1677 1322 1750; baseline 0 -17"><span class='ocrx_word' id='word_1_86' title='bbox 655 1677 839 1733; x_wconf 84' lang='lat' dir='ltr'><strong>Gloria</strong></span> <span class='ocrx_word' id='word_1_87' title='bbox 868 1678 1017 1733; x_wconf 85' lang='lat' dir='ltr'><strong>Patri</strong></span> <span class='ocrx_word' id='word_1_88' title='bbox 1044 1679 1282 1750; x_wconf 86' lang='lat' dir='ltr'><strong>ingenito</strong></span> <span class='ocrx_word' id='word_1_89' title='bbox 1306 1719 1322 1744; x_wconf 93' lang='lat'><strong>,</strong></span> 
     </span>
    </p>
   </div>
   <div class='ocr_carea' id='block_1_19' title="bbox 595 1768 1137 1843">
    <p class='ocr_par' dir='ltr' id='par_1_19' title="bbox 595 1768 1137 1843">
     <span class='ocr_line' id='line_1_19' title="bbox 595 1768 1137 1843; baseline 0.002 -17"><span class='ocrx_word' id='word_1_90' title='bbox 595 1769 779 1826; x_wconf 85' lang='lat' dir='ltr'><strong>Gloria</strong></span> <span class='ocrx_word' id='word_1_91' title='bbox 802 1768 1093 1843; x_wconf 81' lang='lat' dir='ltr'><strong>Unigenito</strong></span> <span class='ocrx_word' id='word_1_92' title='bbox 1122 1812 1137 1837; x_wconf 92' lang='lat'><strong>,</strong></span> 
     </span>
    </p>
   </div>
   <div class='ocr_carea' id='block_1_20' title="bbox 587 1860 1316 1932">
    <p class='ocr_par' dir='ltr' id='par_1_20' title="bbox 587 1860 1316 1932">
     <span class='ocr_line' id='line_1_20' title="bbox 587 1860 1316 1932; baseline 0 -16"><span class='ocrx_word' id='word_1_93' title='bbox 587 1860 705 1916; x_wconf 84' lang='lat' dir='ltr'><strong>Una</strong></span> <span class='ocrx_word' id='word_1_94' title='bbox 742 1875 864 1915; x_wconf 90' lang='lat' dir='ltr'><strong>cum</strong></span> <span class='ocrx_word' id='word_1_95' title='bbox 890 1868 1080 1916; x_wconf 90' lang='lat' dir='ltr'><strong>sancto</strong></span> <span class='ocrx_word' id='word_1_96' title='bbox 1106 1860 1316 1932; x_wconf 89' lang='lat' dir='ltr'><strong>Spiritu</strong></span> 
     </span>
    </p>
   </div>
   <div class='ocr_carea' id='block_1_21' title="bbox 587 1948 1242 2019">
    <p class='ocr_par' dir='ltr' id='par_1_21' title="bbox 587 1948 1242 2019">
     <span class='ocr_line' id='line_1_21' title="bbox 587 1948 1242 2019; baseline -0.002 -15"><span class='ocrx_word' id='word_1_97' title='bbox 587 1948 647 2004; x_wconf 88' lang='lat' dir='ltr'><strong>In</strong></span> <span class='ocrx_word' id='word_1_98' title='bbox 676 1950 1004 2019; x_wconf 85' lang='lat' dir='ltr'><strong>sempiterna</strong></span> <span class='ocrx_word' id='word_1_99' title='bbox 1027 1949 1242 2004; x_wconf 82' lang='lat' dir='ltr'><strong>saecula.</strong></span> 
     </span>
    </p>
   </div>
   <div class='ocr_carea' id='block_1_22' title="bbox 1061 2079 1283 2119">
    <p class='ocr_par' dir='ltr' id='par_1_22' title="bbox 1061 2079 1283 2119">
     <span class='ocr_line' id='line_1_22' title="bbox 1061 2079 1283 2119; baseline 0 0"><span class='ocrx_word' id='word_1_100' title='bbox 1061 2079 1283 2119; x_wconf 71' lang='lat' dir='ltr'><strong>ORATIO.</strong></span> 
     </span>
    </p>
   </div>
   <div class='ocr_carea' id='block_1_23' title="bbox 444 2170 1960 2250">
    <p class='ocr_par' dir='ltr' id='par_1_23' title="bbox 444 2170 1960 2250">
     <span class='ocr_line' id='line_1_23' title="bbox 444 2170 1960 2250; baseline 0.003 -21"><span class='ocrx_word' id='word_1_101' title='bbox 444 2173 669 2242; x_wconf 64' lang='lat' dir='ltr'><strong>Praesta,</strong></span> <span class='ocrx_word' id='word_1_102' title='bbox 698 2173 944 2240; x_wconf 88' lang='lat' dir='ltr'><strong>Domine,</strong></span> <span class='ocrx_word' id='word_1_103' title='bbox 975 2170 1278 2249; x_wconf 77' lang='lat' dir='ltr'><strong>legentibus</strong></span> <span class='ocrx_word' id='word_1_104' title='bbox 1316 2176 1635 2249; x_wconf 87' lang='lat' dir='ltr'><strong>profectum,</strong></span> <span class='ocrx_word' id='word_1_105' title='bbox 1668 2179 1960 2250; x_wconf 57' lang='lat' dir='ltr'><strong>quaerenti-</strong></span> 
     </span>
    </p>
   </div>
   <div class='ocr_carea' id='block_1_24' title="bbox 374 2266 1953 2338">
    <p class='ocr_par' dir='ltr' id='par_1_24' title="bbox 374 2266 1953 2338">
     <span class='ocr_line' id='line_1_24' title="bbox 374 2266 1953 2338; baseline 0.001 -17"><span class='ocrx_word' id='word_1_106' title='bbox 374 2266 477 2322; x_wconf 85' lang='lat' dir='ltr'><strong>bus</strong></span> <span class='ocrx_word' id='word_1_107' title='bbox 504 2266 673 2338; x_wconf 89' lang='lat' dir='ltr'><strong>legem</strong></span> <span class='ocrx_word' id='word_1_108' title='bbox 705 2275 871 2331; x_wconf 89' lang='lat' dir='ltr'><strong>tuam,</strong></span> <span class='ocrx_word' id='word_1_109' title='bbox 899 2276 1246 2336; x_wconf 86' lang='lat' dir='ltr'><strong>peccatorum</strong></span> <span class='ocrx_word' id='word_1_110' title='bbox 1271 2269 1514 2324; x_wconf 90' lang='lat' dir='ltr'><strong>omnium</strong></span> <span class='ocrx_word' id='word_1_111' title='bbox 1539 2269 1911 2325; x_wconf 86' lang='lat' dir='ltr'><strong>remissionem</strong></span> <span class='ocrx_word' id='word_1_112' title='bbox 1941 2287 1953 2323; x_wconf 90' lang='lat'><strong>:</strong></span> 
     </span>
    </p>
   </div>
   <div class='ocr_carea' id='block_1_25' title="bbox 374 2360 1957 2433">
    <p class='ocr_par' dir='ltr' id='par_1_25' title="bbox 374 2360 1957 2433">
     <span class='ocr_line' id='line_1_25' title="bbox 374 2360 1957 2433; baseline 0.003 -19"><span class='ocrx_word' id='word_1_113' title='bbox 374 2367 436 2414; x_wconf 92' lang='lat' dir='ltr'><strong>ut</strong></span> <span class='ocrx_word' id='word_1_114' title='bbox 461 2360 553 2429; x_wconf 87' lang='lat' dir='ltr'><strong>qui</strong></span> <span class='ocrx_word' id='word_1_115' title='bbox 579 2360 845 2416; x_wconf 90' lang='lat' dir='ltr'><strong>desiderio</strong></span> <span class='ocrx_word' id='word_1_116' title='bbox 868 2376 1065 2433; x_wconf 88' lang='lat' dir='ltr'><strong>magno</strong></span> <span class='ocrx_word' id='word_1_117' title='bbox 1087 2362 1156 2419; x_wconf 88' lang='lat' dir='ltr'><strong>ad</strong></span> <span class='ocrx_word' id='word_1_118' title='bbox 1184 2360 1365 2418; x_wconf 84' lang='lat' dir='ltr'><strong>lumen</strong></span> <span class='ocrx_word' id='word_1_119' title='bbox 1406 2361 1810 2426; x_wconf 79' lang='lat' dir='ltr'><strong>Scripturarum</strong></span> <span class='ocrx_word' id='word_1_120' title='bbox 1840 2373 1957 2419; x_wconf 89' lang='lat' dir='ltr'><strong>tua-</strong></span> 
     </span>
    </p>
   </div>
   <div class='ocr_carea' id='block_1_26' title="bbox 376 2452 1958 2528">
    <p class='ocr_par' dir='ltr' id='par_1_26' title="bbox 376 2452 1958 2528">
     <span class='ocr_line' id='line_1_26' title="bbox 376 2452 1958 2528; baseline 0.005 -23"><span class='ocrx_word' id='word_1_121' title='bbox 376 2467 497 2506; x_wconf 92' lang='lat' dir='ltr'><strong>rum</strong></span> <span class='ocrx_word' id='word_1_122' title='bbox 521 2452 807 2522; x_wconf 79' lang='lat' dir='ltr'><strong>pervenire</strong></span> <span class='ocrx_word' id='word_1_123' title='bbox 833 2453 1102 2524; x_wconf 88' lang='lat' dir='ltr'><strong>cupimus,</strong></span> <span class='ocrx_word' id='word_1_124' title='bbox 1148 2454 1310 2511; x_wconf 88' lang='lat' dir='ltr'><strong>nullis</strong></span> <span class='ocrx_word' id='word_1_125' title='bbox 1336 2465 1575 2526; x_wconf 77' lang='lat' dir='ltr'><strong>peccatis</strong></span> <span class='ocrx_word' id='word_1_126' title='bbox 1599 2457 1958 2528; x_wconf 81' lang='lat' dir='ltr'><strong>caligantibus</strong></span> 
     </span>
    </p>
   </div>
   <div class='ocr_carea' id='block_1_27' title="bbox 374 2543 1959 2619">
    <p class='ocr_par' dir='ltr' id='par_1_27' title="bbox 374 2543 1959 2619">
     <span class='ocr_line' id='line_1_27' title="bbox 374 2543 1959 2619; baseline 0.003 -20"><span class='ocrx_word' id='word_1_127' title='bbox 374 2545 747 2600; x_wconf 89' lang='lat' dir='ltr'><strong>obscuremur.</strong></span> <span class='ocrx_word' id='word_1_128' title='bbox 781 2543 1009 2599; x_wconf 86' lang='lat' dir='ltr'><strong>Attrahe</strong></span> <span class='ocrx_word' id='word_1_129' title='bbox 1030 2561 1130 2600; x_wconf 91' lang='lat' dir='ltr'><strong>nos</strong></span> <span class='ocrx_word' id='word_1_130' title='bbox 1157 2547 1225 2602; x_wconf 89' lang='lat' dir='ltr'><strong>ad</strong></span> <span class='ocrx_word' id='word_1_131' title='bbox 1257 2556 1308 2601; x_wconf 91' lang='lat' dir='ltr'><strong>te</strong></span> <span class='ocrx_word' id='word_1_132' title='bbox 1336 2548 1534 2603; x_wconf 89' lang='lat' dir='ltr'><strong>virtute</strong></span> <span class='ocrx_word' id='word_1_133' title='bbox 1556 2548 1959 2619; x_wconf 63' lang='lat' dir='ltr'><strong>omnipotentiae</strong></span> 
     </span>
    </p>
   </div>
   <div class='ocr_carea' id='block_1_28' title="bbox 376 2634 1957 2713">
    <p class='ocr_par' dir='ltr' id='par_1_28' title="bbox 376 2634 1957 2713">
     <span class='ocr_line' id='line_1_28' title="bbox 376 2634 1957 2713; baseline 0.008 -23"><span class='ocrx_word' id='word_1_134' title='bbox 376 2646 501 2690; x_wconf 62' lang='lat' dir='ltr'><strong>tuae.</strong></span> <span class='ocrx_word' id='word_1_135' title='bbox 520 2634 598 2689; x_wconf 86' lang='lat' dir='ltr'><strong>Ne</strong></span> <span class='ocrx_word' id='word_1_136' title='bbox 620 2636 895 2706; x_wconf 88' lang='lat' dir='ltr'><strong>relinquas</strong></span> <span class='ocrx_word' id='word_1_137' title='bbox 921 2653 1015 2691; x_wconf 91' lang='lat' dir='ltr'><strong>sua</strong></span> <span class='ocrx_word' id='word_1_138' title='bbox 1038 2638 1310 2696; x_wconf 78' lang='lat' dir='ltr'><strong>voluntate</strong></span> <span class='ocrx_word' id='word_1_139' title='bbox 1333 2643 1536 2711; x_wconf 85' lang='lat' dir='ltr'><strong>vagari,</strong></span> <span class='ocrx_word' id='word_1_140' title='bbox 1559 2657 1694 2712; x_wconf 91' lang='lat' dir='ltr'><strong>quos</strong></span> <span class='ocrx_word' id='word_1_141' title='bbox 1720 2645 1957 2713; x_wconf 77' lang='lat' dir='ltr'><strong>pretioso</strong></span> 
     </span>
    </p>
   </div>
   <div class='ocr_carea' id='block_1_29' title="bbox 372 2725 1957 2800">
    <p class='ocr_par' dir='ltr' id='par_1_29' title="bbox 372 2725 1957 2800">
     <span class='ocr_line' id='line_1_29' title="bbox 372 2725 1957 2800; baseline 0.007 -20"><span class='ocrx_word' id='word_1_142' title='bbox 372 2725 634 2796; x_wconf 80' lang='lat' dir='ltr'><strong>sanguine</strong></span> <span class='ocrx_word' id='word_1_143' title='bbox 663 2726 955 2781; x_wconf 87' lang='lat' dir='ltr'><strong>redemisti.</strong></span> <span class='ocrx_word' id='word_1_144' title='bbox 981 2727 1275 2800; x_wconf 88' lang='lat' dir='ltr'><strong>Imaginem</strong></span> <span class='ocrx_word' id='word_1_145' title='bbox 1302 2738 1448 2785; x_wconf 88' lang='lat' dir='ltr'><strong>tuam</strong></span> <span class='ocrx_word' id='word_1_146' title='bbox 1476 2732 1528 2787; x_wconf 90' lang='lat' dir='ltr'><strong>in</strong></span> <span class='ocrx_word' id='word_1_147' title='bbox 1552 2734 1709 2790; x_wconf 90' lang='lat' dir='ltr'><strong>nobis</strong></span> <span class='ocrx_word' id='word_1_148' title='bbox 1749 2750 1857 2790; x_wconf 89' lang='lat' dir='ltr'><strong>non</strong></span> <span class='ocrx_word' id='word_1_149' title='bbox 1884 2736 1957 2790; x_wconf 88' lang='lat' dir='ltr'><strong>si-</strong></span> 
     </span>
    </p>
   </div>
   <div class='ocr_carea' id='block_1_30' title="bbox 373 2817 1954 2892">
    <p class='ocr_par' dir='ltr' id='par_1_30' title="bbox 373 2817 1954 2892">
     <span class='ocr_line' id='line_1_30' title="bbox 373 2817 1954 2892; baseline 0.007 -20"><span class='ocrx_word' id='word_1_150' title='bbox 373 2832 476 2872; x_wconf 89' lang='lat' dir='ltr'><strong>nas</strong></span> <span class='ocrx_word' id='word_1_151' title='bbox 496 2817 804 2884; x_wconf 86' lang='lat' dir='ltr'><strong>obscurari,</strong></span> <span class='ocrx_word' id='word_1_152' title='bbox 826 2834 947 2888; x_wconf 79' lang='lat' dir='ltr'><strong>qua:</strong></span> <span class='ocrx_word' id='word_1_153' title='bbox 973 2819 1017 2875; x_wconf 91' lang='lat' dir='ltr'><strong>si</strong></span> <span class='ocrx_word' id='word_1_154' title='bbox 1048 2828 1102 2875; x_wconf 92' lang='lat' dir='ltr'><strong>te</strong></span> <span class='ocrx_word' id='word_1_155' title='bbox 1135 2831 1426 2891; x_wconf 89' lang='lat' dir='ltr'><strong>praestante</strong></span> <span class='ocrx_word' id='word_1_156' title='bbox 1467 2824 1803 2892; x_wconf 80' lang='lat' dir='ltr'><strong>defendatur,</strong></span> <span class='ocrx_word' id='word_1_157' title='bbox 1847 2843 1954 2884; x_wconf 91' lang='lat' dir='ltr'><strong>non</strong></span> 
     </span>
    </p>
   </div>
   <div class='ocr_carea' id='block_1_31' title="bbox 374 2905 1952 2988">
    <p class='ocr_par' dir='ltr' id='par_1_31' title="bbox 374 2905 1952 2988">
     <span class='ocr_line' id='line_1_31' title="bbox 374 2905 1952 2988; baseline 0.008 -28"><span class='ocrx_word' id='word_1_158' title='bbox 374 2905 609 2970; x_wconf 88' lang='lat' dir='ltr'><strong>diabolo,</strong></span> <span class='ocrx_word' id='word_1_159' title='bbox 652 2922 759 2963; x_wconf 90' lang='lat' dir='ltr'><strong>non</strong></span> <span class='ocrx_word' id='word_1_160' title='bbox 801 2909 958 2965; x_wconf 91' lang='lat' dir='ltr'><strong>nobis</strong></span> <span class='ocrx_word' id='word_1_161' title='bbox 982 2909 1143 2966; x_wconf 88' lang='lat' dir='ltr'><strong>liceat</strong></span> <span class='ocrx_word' id='word_1_162' title='bbox 1172 2918 1260 2966; x_wconf 89' lang='lat' dir='ltr'><strong>tua</strong></span> <span class='ocrx_word' id='word_1_163' title='bbox 1286 2913 1426 2968; x_wconf 92' lang='lat' dir='ltr'><strong>dona</strong></span> <span class='ocrx_word' id='word_1_164' title='bbox 1452 2917 1797 2984; x_wconf 89' lang='lat' dir='ltr'><strong>subvertere;</strong></span> <span class='ocrx_word' id='word_1_165' title='bbox 1829 2918 1952 2988; x_wconf 86' lang='lat' dir='ltr'><strong>quia</strong></span> 
     </span>
    </p>
   </div>
   <div class='ocr_carea' id='block_1_32' title="bbox 372 2998 1955 3074">
    <p class='ocr_par' dir='ltr' id='par_1_32' title="bbox 372 2998 1955 3074">
     <span class='ocr_line' id='line_1_32' title="bbox 372 2998 1955 3074; baseline 0.01 -23"><span class='ocrx_word' id='word_1_166' title='bbox 372 3005 546 3054; x_wconf 82' lang='lat' dir='ltr'><strong>tntum</strong></span> <span class='ocrx_word' id='word_1_167' title='bbox 596 2998 787 3071; x_wconf 79' lang='lat' dir='ltr'><strong>fragile</strong></span> <span class='ocrx_word' id='word_1_168' title='bbox 812 3042 827 3067; x_wconf 94' lang='lat'><strong>,</strong></span> <span class='ocrx_word' id='word_1_169' title='bbox 869 3003 1129 3074; x_wconf 85' lang='lat' dir='ltr'><strong>quidquid</strong></span> <span class='ocrx_word' id='word_1_170' title='bbox 1166 3005 1262 3060; x_wconf 85' lang='lat' dir='ltr'><strong>tibi</strong></span> <span class='ocrx_word' id='word_1_171' title='bbox 1309 3006 1499 3062; x_wconf 87' lang='lat' dir='ltr'><strong>nititur</strong></span> <span class='ocrx_word' id='word_1_172' title='bbox 1541 3009 1780 3065; x_wconf 82' lang='lat' dir='ltr'><strong>obviare.</strong></span> <span class='ocrx_word' id='word_1_173' title='bbox 1814 3010 1955 3067; x_wconf 84' lang='lat' dir='ltr'><strong>Audi</strong></span> 
     </span>
    </p>
   </div>
   <div class='ocr_carea' id='block_1_33' title="bbox 372 3090 2393 3194">
    <p class='ocr_par' dir='ltr' id='par_1_33' title="bbox 372 3090 2393 3194">
     <span class='ocr_line' id='line_1_33' title="bbox 372 3090 2393 3194; baseline 0.018 -58"><span class='ocrx_word' id='word_1_174' title='bbox 372 3106 496 3194; x_wconf 49' lang='lat' dir='ltr'><strong>nos,</strong></span> <span class='ocrx_word' id='word_1_175' title='bbox 517 3090 602 3161; x_wconf 83' lang='lat' dir='ltr'><strong>pie</strong></span> <span class='ocrx_word' id='word_1_176' title='bbox 627 3091 765 3159; x_wconf 80' lang='lat' dir='ltr'><strong>Rex,</strong></span> <span class='ocrx_word' id='word_1_177' title='bbox 790 3102 979 3150; x_wconf 89' lang='lat' dir='ltr'><strong>contra</strong></span> <span class='ocrx_word' id='word_1_178' title='bbox 1010 3105 1232 3165; x_wconf 90' lang='lat' dir='ltr'><strong>peccata</strong></span> <span class='ocrx_word' id='word_1_179' title='bbox 1274 3106 1459 3154; x_wconf 82' lang='lat' dir='ltr'><strong>nostra</strong></span> <span class='ocrx_word' id='word_1_180' title='bbox 1484 3108 1583 3194; x_wconf 56' lang='lat' dir='ltr'><strong>;_et</strong></span> <span class='ocrx_word' id='word_1_181' title='bbox 1606 3102 1758 3172; x_wconf 91' lang='lat' dir='ltr'><strong>prius</strong></span> <span class='ocrx_word' id='word_1_182' title='bbox 1793 3103 1878 3158; x_wconf 87' lang='lat' dir='ltr'><strong>illa</strong></span> <span class='ocrx_word' id='word_1_183' title='bbox 1898 3193 1902 3194; x_wconf 11' lang='grc' dir='ltr'><em>ν</em></span> <span class='ocrx_word' id='word_1_184' title='bbox 1922 3120 1953 3159; x_wconf 88' lang='lat' dir='ltr'><strong>a</strong></span> <span class='ocrx_word' id='word_1_185' title='bbox 1981 3115 2029 3179; x_wconf 75' lang='grc' dir='ltr'><strong>ο</strong></span> 
     </span>
    </p>
   </div>
   <div class='ocr_carea' id='block_1_34' title="bbox 371 3183 1948 3263">
    <p class='ocr_par' dir='ltr' id='par_1_34' title="bbox 371 3183 1948 3263">
     <span class='ocr_line' id='line_1_34' title="bbox 371 3183 1948 3263; baseline 0.008 -27"><span class='ocrx_word' id='word_1_186' title='bbox 371 3183 529 3237; x_wconf 82' lang='lat' dir='ltr'><strong>nobis</strong></span> <span class='ocrx_word' id='word_1_187' title='bbox 554 3198 769 3239; x_wconf 83' lang='lat' dir='ltr'><strong>remove</strong></span> <span class='ocrx_word' id='word_1_188' title='bbox 789 3226 804 3250; x_wconf 95' lang='lat'><strong>,</strong></span> <span class='ocrx_word' id='word_1_189' title='bbox 826 3195 1116 3257; x_wconf 87' lang='lat' dir='ltr'><strong>antequam</strong></span> <span class='ocrx_word' id='word_1_190' title='bbox 1148 3203 1246 3244; x_wconf 92' lang='lat' dir='ltr'><strong>nos</strong></span> <span class='ocrx_word' id='word_1_191' title='bbox 1271 3203 1368 3257; x_wconf 90' lang='lat' dir='ltr'><strong>per</strong></span> <span class='ocrx_word' id='word_1_192' title='bbox 1396 3205 1459 3244; x_wconf 92' lang='lat' dir='ltr'><strong>ea</strong></span> <span class='ocrx_word' id='word_1_193' title='bbox 1489 3189 1635 3258; x_wconf 89' lang='lat' dir='ltr'><strong>justc</strong></span> <span class='ocrx_word' id='word_1_194' title='bbox 1676 3193 1851 3263; x_wconf 91' lang='lat' dir='ltr'><strong>possis</strong></span> <span class='ocrx_word' id='word_1_195' title='bbox 1892 3193 1948 3248; x_wconf 92' lang='lat' dir='ltr'><strong>in</strong></span> 
     </span>
    </p>
   </div>
   <div class='ocr_carea' id='block_1_35' title="bbox 373 3277 1951 3350">
    <p class='ocr_par' dir='ltr' id='par_1_35' title="bbox 373 3277 1951 3350">
     <span class='ocr_line' id='line_1_35' title="bbox 373 3277 1951 3350; baseline 0.008 -21"><span class='ocrx_word' id='word_1_196' title='bbox 373 3285 462 3330; x_wconf 89' lang='lat' dir='ltr'><strong>tua</strong></span> <span class='ocrx_word' id='word_1_197' title='bbox 491 3277 891 3334; x_wconf 76' lang='lat' dir='ltr'><strong>examinatione</strong></span> <span class='ocrx_word' id='word_1_198' title='bbox 934 3281 1209 3336; x_wconf 85' lang='lat' dir='ltr'><strong>damnare.</strong></span> <span class='ocrx_word' id='word_1_199' title='bbox 1258 3282 1396 3350; x_wconf 83' lang='lat' dir='ltr'><strong>Quid</strong></span> <span class='ocrx_word' id='word_1_200' title='bbox 1426 3283 1579 3338; x_wconf 88' lang='lat' dir='ltr'><strong>nobis</strong></span> <span class='ocrx_word' id='word_1_201' title='bbox 1605 3293 1788 3340; x_wconf 90' lang='lat' dir='ltr'><strong>nostra</strong></span> <span class='ocrx_word' id='word_1_202' title='bbox 1820 3285 1951 3341; x_wconf 93' lang='lat' dir='ltr'><strong>insi-</strong></span> 
     </span>
    </p>
   </div>
   <div class='ocr_carea' id='block_1_36' title="bbox 372 3364 1952 3445">
    <p class='ocr_par' dir='ltr' id='par_1_36' title="bbox 372 3364 1952 3445">
     <span class='ocr_line' id='line_1_36' title="bbox 372 3364 1952 3445; baseline 0.008 -29"><span class='ocrx_word' id='word_1_203' title='bbox 372 3364 556 3418; x_wconf 79' lang='lat' dir='ltr'><strong>diatur</strong></span> <span class='ocrx_word' id='word_1_204' title='bbox 583 3365 873 3434; x_wconf 87' lang='lat' dir='ltr'><strong>iniquitas?</strong></span> <span class='ocrx_word' id='word_1_205' title='bbox 896 3367 1035 3434; x_wconf 83' lang='lat' dir='ltr'><strong>Quid</strong></span> <span class='ocrx_word' id='word_1_206' title='bbox 1059 3379 1246 3424; x_wconf 90' lang='lat' dir='ltr'><strong>contra</strong></span> <span class='ocrx_word' id='word_1_207' title='bbox 1273 3386 1372 3426; x_wconf 88' lang='lat' dir='ltr'><strong>nos</strong></span> <span class='ocrx_word' id='word_1_208' title='bbox 1399 3372 1592 3427; x_wconf 87' lang='lat' dir='ltr'><strong>delicta</strong></span> <span class='ocrx_word' id='word_1_209' title='bbox 1615 3373 1952 3445; x_wconf 81' lang='lat' dir='ltr'><strong>conﬂigunt?</strong></span> 
     </span>
    </p>
   </div>
   <div class='ocr_carea' id='block_1_37' title="bbox 370 3452 1953 3532">
    <p class='ocr_par' dir='ltr' id='par_1_37' title="bbox 370 3452 1953 3532">
     <span class='ocr_line' id='line_1_37' title="bbox 370 3452 1953 3532; baseline 0.009 -25"><span class='ocrx_word' id='word_1_210' title='bbox 370 3452 690 3508; x_wconf 86' lang='lat' dir='ltr'><strong>Creaturam</strong></span> <span class='ocrx_word' id='word_1_211' title='bbox 719 3463 863 3509; x_wconf 90' lang='lat' dir='ltr'><strong>tuam</strong></span> <span class='ocrx_word' id='word_1_212' title='bbox 891 3466 1137 3512; x_wconf 89' lang='lat' dir='ltr'><strong>evertere</strong></span> <span class='ocrx_word' id='word_1_213' title='bbox 1167 3460 1410 3528; x_wconf 89' lang='lat' dir='ltr'><strong>cupiunt,</strong></span> <span class='ocrx_word' id='word_1_214' title='bbox 1432 3462 1522 3532; x_wconf 92' lang='lat' dir='ltr'><strong>qui</strong></span> <span class='ocrx_word' id='word_1_215' title='bbox 1544 3462 1688 3516; x_wconf 89' lang='lat' dir='ltr'><strong>nulla</strong></span> <span class='ocrx_word' id='word_1_216' title='bbox 1709 3466 1953 3520; x_wconf 87' lang='lat' dir='ltr'><strong>substan—</strong></span> 
     </span>
    </p>
   </div>
   <div class='ocr_carea' id='block_1_38' title="bbox 373 3542 1951 3617">
    <p class='ocr_par' dir='ltr' id='par_1_38' title="bbox 373 3542 1951 3617">
     <span class='ocr_line' id='line_1_38' title="bbox 373 3542 1951 3617; baseline 0.01 -21"><span class='ocrx_word' id='word_1_217' title='bbox 373 3542 447 3598; x_wconf 85' lang='lat' dir='ltr'><strong>tia</strong></span> <span class='ocrx_word' id='word_1_218' title='bbox 479 3543 731 3598; x_wconf 82' lang='lat' dir='ltr'><strong>ﬁrmilate</strong></span> <span class='ocrx_word' id='word_1_219' title='bbox 764 3547 1182 3602; x_wconf 91' lang='lat' dir='ltr'><strong>consistunt.....</strong></span> <span class='ocrx_word' id='word_1_220' title='bbox 1214 3549 1482 3617; x_wconf 89' lang='lat' dir='ltr'><strong>diabolus,</strong></span> <span class='ocrx_word' id='word_1_221' title='bbox 1504 3568 1603 3607; x_wconf 88' lang='lat' dir='ltr'><strong>cur</strong></span> <span class='ocrx_word' id='word_1_222' title='bbox 1624 3570 1723 3609; x_wconf 90' lang='lat' dir='ltr'><strong>nos</strong></span> <span class='ocrx_word' id='word_1_223' title='bbox 1748 3556 1951 3612; x_wconf 89' lang='lat' dir='ltr'><strong>insatu-</strong></span> 
     </span>
    </p>
   </div>
   <div class='ocr_carea' id='block_1_39' title="bbox 373 3633 1952 3710">
    <p class='ocr_par' dir='ltr' id='par_1_39' title="bbox 373 3633 1952 3710">
     <span class='ocr_line' id='line_1_39' title="bbox 373 3633 1952 3710; baseline 0.009 -23"><span class='ocrx_word' id='word_1_224' title='bbox 373 3634 530 3687; x_wconf 87' lang='lat' dir='ltr'><strong>rabili</strong></span> <span class='ocrx_word' id='word_1_225' title='bbox 576 3633 760 3689; x_wconf 82' lang='lat' dir='ltr'><strong>dolore</strong></span> <span class='ocrx_word' id='word_1_226' title='bbox 803 3638 1192 3707; x_wconf 85' lang='lat' dir='ltr'><strong>prosequitur?</strong></span> <span class='ocrx_word' id='word_1_227' title='bbox 1252 3637 1506 3710; x_wconf 88' lang='lat' dir='ltr'><strong>Nunquid</strong></span> <span class='ocrx_word' id='word_1_228' title='bbox 1548 3642 1620 3697; x_wconf 90' lang='lat' dir='ltr'><strong>illi</strong></span> <span class='ocrx_word' id='word_1_229' title='bbox 1669 3646 1952 3703; x_wconf 89' lang='lat' dir='ltr'><strong>consilium</strong></span> 
     </span>
    </p>
   </div>
   <div class='ocr_carea' id='block_1_40' title="bbox 373 3726 1955 3807">
    <p class='ocr_par' dir='ltr' id='par_1_40' title="bbox 373 3726 1955 3807">
     <span class='ocr_line' id='line_1_40' title="bbox 373 3726 1955 3807; baseline 0.012 -28"><span class='ocrx_word' id='word_1_230' title='bbox 373 3726 620 3783; x_wconf 84' lang='lat' dir='ltr'><strong>dedimus</strong></span> <span class='ocrx_word' id='word_1_231' title='bbox 643 3770 657 3793; x_wconf 93' lang='lat'><strong>,</strong></span> <span class='ocrx_word' id='word_1_232' title='bbox 682 3738 739 3782; x_wconf 91' lang='lat' dir='ltr'><strong>ut</strong></span> <span class='ocrx_word' id='word_1_233' title='bbox 770 3730 862 3785; x_wconf 89' lang='lat' dir='ltr'><strong>tibi</strong></span> <span class='ocrx_word' id='word_1_234' title='bbox 908 3730 1136 3787; x_wconf 89' lang='lat' dir='ltr'><strong>Domino</strong></span> <span class='ocrx_word' id='word_1_235' title='bbox 1185 3736 1447 3805; x_wconf 88' lang='lat' dir='ltr'><strong>superbus</strong></span> <span class='ocrx_word' id='word_1_236' title='bbox 1474 3738 1771 3807; x_wconf 78' lang='lat' dir='ltr'><strong>existeret,</strong></span> <span class='ocrx_word' id='word_1_237' title='bbox 1796 3750 1850 3795; x_wconf 89' lang='lat' dir='ltr'><strong>ct</strong></span> <span class='ocrx_word' id='word_1_238' title='bbox 1888 3743 1955 3799; x_wconf 92' lang='lat' dir='ltr'><strong>de</strong></span> 
     </span>
    </p>
   </div>
   <div class='ocr_carea' id='block_1_41' title="bbox 296 3805 1956 3900">
    <p class='ocr_par' dir='ltr' id='par_1_41' title="bbox 296 3805 1956 3900">
     <span class='ocr_line' id='line_1_41' title="bbox 296 3805 1956 3900; baseline 0.012 -32"><span class='ocrx_word' id='word_1_239' title='bbox 296 3805 304 3813; x_wconf 80' lang='grc'><em>’</em></span> <span class='ocrx_word' id='word_1_240' title='bbox 376 3817 704 3873; x_wconf 70' lang='lat' dir='ltr'><strong>beatitudine</strong></span> <span class='ocrx_word' id='word_1_241' title='bbox 730 3820 926 3875; x_wconf 88' lang='lat' dir='ltr'><strong>collata</strong></span> <span class='ocrx_word' id='word_1_242' title='bbox 956 3823 1213 3890; x_wconf 82' lang='lat' dir='ltr'><strong>caderet,</strong></span> <span class='ocrx_word' id='word_1_243' title='bbox 1258 3841 1379 3879; x_wconf 90' lang='lat' dir='ltr'><strong>cum</strong></span> <span class='ocrx_word' id='word_1_244' title='bbox 1422 3834 1583 3882; x_wconf 63' lang='lat' dir='ltr'><strong>tantae</strong></span> <span class='ocrx_word' id='word_1_245' title='bbox 1625 3846 1723 3900; x_wconf 84' lang='lat' dir='ltr'><strong>per</strong></span> <span class='ocrx_word' id='word_1_246' title='bbox 1760 3805 1813 3887; x_wconf 84' lang='lat' dir='ltr'><strong>te</strong></span> <span class='ocrx_word' id='word_1_247' title='bbox 1845 3834 1956 3887; x_wconf 89' lang='lat' dir='ltr'><strong>vir-</strong></span> 
     </span>
    </p>
   </div>
   <div class='ocr_carea' id='block_1_42' title="bbox 376 3910 1953 3990">
    <p class='ocr_par' dir='ltr' id='par_1_42' title="bbox 376 3910 1953 3990">
     <span class='ocr_line' id='line_1_42' title="bbox 376 3910 1953 3990; baseline 0.008 -27"><span class='ocrx_word' id='word_1_248' title='bbox 376 3910 507 3963; x_wconf 90' lang='lat' dir='ltr'><strong>tutis</strong></span> <span class='ocrx_word' id='word_1_249' title='bbox 528 3911 754 3982; x_wconf 82' lang='lat' dir='ltr'><strong>insignia</strong></span> <span class='ocrx_word' id='word_1_250' title='bbox 780 3913 1133 3981; x_wconf 81' lang='lat' dir='ltr'><strong>possideret?</strong></span> <span class='ocrx_word' id='word_1_251' title='bbox 1156 3913 1397 3972; x_wconf 79' lang='lat' dir='ltr'><strong>Sulllciat</strong></span> <span class='ocrx_word' id='word_1_252' title='bbox 1416 3921 1559 3990; x_wconf 89' lang='lat' dir='ltr'><strong>quod</strong></span> <span class='ocrx_word' id='word_1_253' title='bbox 1581 3936 1679 3976; x_wconf 88' lang='lat' dir='ltr'><strong>nos</strong></span> <span class='ocrx_word' id='word_1_254' title='bbox 1707 3921 1762 3976; x_wconf 91' lang='lat' dir='ltr'><strong>in</strong></span> <span class='ocrx_word' id='word_1_255' title='bbox 1783 3921 1953 3978; x_wconf 85' lang='lat' dir='ltr'><strong>Adam</strong></span> 
     </span>
    </p>
   </div>
   <div class='ocr_carea' id='block_1_43' title="bbox 445 4043 1955 4113">
    <p class='ocr_par' dir='ltr' id='par_1_43' title="bbox 445 4043 1955 4113">
     <span class='ocr_line' id='line_1_43' title="bbox 445 4043 1955 4113; baseline 0.009 -16"><span class='ocrx_word' id='word_1_256' title='bbox 445 4051 469 4078; x_wconf 78' lang='grc'>⁸</span> <span class='ocrx_word' id='word_1_257' title='bbox 498 4043 611 4099; x_wconf 83' lang='lat' dir='ltr'><strong>Hoc</strong></span> <span class='ocrx_word' id='word_1_258' title='bbox 637 4060 855 4100; x_wconf 89' lang='lat' dir='ltr'><strong>carmen</strong></span> <span class='ocrx_word' id='word_1_259' title='bbox 883 4055 1061 4102; x_wconf 78' lang='lat' dir='ltr'><strong>exstat</strong></span> <span class='ocrx_word' id='word_1_260' title='bbox 1084 4049 1184 4103; x_wconf 90' lang='lat' dir='ltr'><strong>sub</strong></span> <span class='ocrx_word' id='word_1_261' title='bbox 1206 4050 1646 4107; x_wconf 83' lang='lat' dir='ltr'><strong>nomineAlcuini</strong></span> <span class='ocrx_word' id='word_1_262' title='bbox 1672 4054 1725 4108; x_wconf 91' lang='lat' dir='ltr'><strong>in</strong></span> <span class='ocrx_word' id='word_1_263' title='bbox 1750 4054 1955 4113; x_wconf 88' lang='lat' dir='ltr'><strong>Libello</strong></span> 
     </span>
    </p>
   </div>
   <div class='ocr_carea' id='block_1_44' title="bbox 371 4114 1957 4184">
    <p class='ocr_par' dir='ltr' id='par_1_44' title="bbox 371 4114 1957 4184">
     <span class='ocr_line' id='line_1_44' title="bbox 371 4114 1957 4184; baseline 0.011 -20"><span class='ocrx_word' id='word_1_264' title='bbox 371 4114 737 4182; x_wconf 83' lang='lat' dir='ltr'><strong>precatiunum</strong></span> <span class='ocrx_word' id='word_1_265' title='bbox 775 4115 952 4171; x_wconf 86' lang='lat' dir='ltr'><strong>Caroli</strong></span> <span class='ocrx_word' id='word_1_266' title='bbox 997 4117 1143 4173; x_wconf 84' lang='lat' dir='ltr'><strong>Calvi</strong></span> <span class='ocrx_word' id='word_1_267' title='bbox 1176 4160 1190 4184; x_wconf 93' lang='lat'><strong>,</strong></span> <span class='ocrx_word' id='word_1_268' title='bbox 1234 4135 1301 4174; x_wconf 79' lang='lat' dir='ltr'><strong>ex</strong></span> <span class='ocrx_word' id='word_1_269' title='bbox 1329 4123 1512 4177; x_wconf 87' lang='lat' dir='ltr'><strong>codice</strong></span> <span class='ocrx_word' id='word_1_270' title='bbox 1548 4125 1730 4179; x_wconf 82' lang='lat' dir='ltr'><strong>aureis</strong></span> <span class='ocrx_word' id='word_1_271' title='bbox 1762 4125 1957 4183; x_wconf 87' lang='lat' dir='ltr'><strong>litteris</strong></span> 
     </span>
    </p>
   </div>
   <div class='ocr_carea' id='block_1_45' title="bbox 371 4184 1958 4264">
    <p class='ocr_par' dir='ltr' id='par_1_45' title="bbox 371 4184 1958 4264">
     <span class='ocr_line' id='line_1_45' title="bbox 371 4184 1958 4264; baseline 0.011 -28"><span class='ocrx_word' id='word_1_272' title='bbox 371 4184 575 4252; x_wconf 87' lang='lat' dir='ltr'><strong>scripto</strong></span> <span class='ocrx_word' id='word_1_273' title='bbox 608 4194 663 4239; x_wconf 88' lang='lat' dir='ltr'><strong>et</strong></span> <span class='ocrx_word' id='word_1_274' title='bbox 696 4187 934 4254; x_wconf 89' lang='lat' dir='ltr'><strong>pretiose</strong></span> <span class='ocrx_word' id='word_1_275' title='bbox 965 4191 1236 4257; x_wconf 88' lang='lat' dir='ltr'><strong>quondam</strong></span> <span class='ocrx_word' id='word_1_276' title='bbox 1260 4199 1452 4246; x_wconf 90' lang='lat' dir='ltr'><strong>ornato</strong></span> <span class='ocrx_word' id='word_1_277' title='bbox 1475 4202 1637 4264; x_wconf 88' lang='lat' dir='ltr'><strong>atque</strong></span> <span class='ocrx_word' id='word_1_278' title='bbox 1666 4196 1718 4249; x_wconf 92' lang='lat' dir='ltr'><strong>in</strong></span> <span class='ocrx_word' id='word_1_279' title='bbox 1745 4196 1958 4253; x_wconf 84' lang='lat' dir='ltr'><strong>Eiecto-</strong></span> 
     </span>
    </p>
   </div>
   <div class='ocr_carea' id='block_1_46' title="bbox 2063 483 3664 561">
    <p class='ocr_par' dir='ltr' id='par_1_46' title="bbox 2063 483 3664 561">
     <span class='ocr_line' id='line_1_46' title="bbox 2063 483 3664 561; baseline 0.007 -25"><span class='ocrx_word' id='word_1_280' title='bbox 2063 483 2353 540; x_wconf 88' lang='lat' dir='ltr'><strong>lumniator</strong></span> <span class='ocrx_word' id='word_1_281' title='bbox 2382 485 2727 554; x_wconf 84' lang='lat' dir='ltr'><strong>insequitur?</strong></span> <span class='ocrx_word' id='word_1_282' title='bbox 2754 485 2821 540; x_wconf 90' lang='lat' dir='ltr'><strong>Et</strong></span> <span class='ocrx_word' id='word_1_283' title='bbox 2851 486 2993 541; x_wconf 86' lang='lat' dir='ltr'><strong>sicut</strong></span> <span class='ocrx_word' id='word_1_284' title='bbox 3039 486 3130 544; x_wconf 89' lang='lat' dir='ltr'><strong>ille</strong></span> <span class='ocrx_word' id='word_1_285' title='bbox 3169 486 3522 561; x_wconf 73' lang='lat' dir='ltr'><strong>fragilitatem</strong></span> <span class='ocrx_word' id='word_1_286' title='bbox 3555 510 3664 552; x_wconf 85' lang='lat' dir='ltr'><strong>no-</strong></span> 
     </span>
    </p>
   </div>
   <div class='ocr_carea' id='block_1_47' title="bbox 2062 577 3661 652">
    <p class='ocr_par' dir='ltr' id='par_1_47' title="bbox 2062 577 3661 652">
     <span class='ocr_line' id='line_1_47' title="bbox 2062 577 3661 652; baseline 0.008 -20"><span class='ocrx_word' id='word_1_287' title='bbox 2062 586 2229 633; x_wconf 89' lang='lat' dir='ltr'><strong>stram</strong></span> <span class='ocrx_word' id='word_1_288' title='bbox 2256 594 2359 633; x_wconf 90' lang='lat' dir='ltr'><strong>non</strong></span> <span class='ocrx_word' id='word_1_289' title='bbox 2404 577 2605 633; x_wconf 83' lang='lat' dir='ltr'><strong>desinit</strong></span> <span class='ocrx_word' id='word_1_290' title='bbox 2649 578 2931 648; x_wconf 89' lang='lat' dir='ltr'><strong>impetere,</strong></span> <span class='ocrx_word' id='word_1_291' title='bbox 2961 580 3037 634; x_wconf 89' lang='lat' dir='ltr'><strong>ita</strong></span> <span class='ocrx_word' id='word_1_292' title='bbox 3080 580 3191 636; x_wconf 85' lang='lat' dir='ltr'><strong>tuis</strong></span> <span class='ocrx_word' id='word_1_293' title='bbox 3231 585 3407 652; x_wconf 82' lang='lat' dir='ltr'><strong>possit</strong></span> <span class='ocrx_word' id='word_1_294' title='bbox 3440 585 3661 643; x_wconf 83' lang='lat' dir='ltr'><strong>viribus</strong></span> 
     </span>
    </p>
   </div>
   <div class='ocr_carea' id='block_1_48' title="bbox 2061 667 3656 743">
    <p class='ocr_par' dir='ltr' id='par_1_48' title="bbox 2061 667 3656 743">
     <span class='ocr_line' id='line_1_48' title="bbox 2061 667 3656 743; baseline 0.008 -21"><span class='ocrx_word' id='word_1_295' title='bbox 2061 668 2319 723; x_wconf 85' lang='lat' dir='ltr'><strong>confusus</strong></span> <span class='ocrx_word' id='word_1_296' title='bbox 2358 669 2669 723; x_wconf 87' lang='lat' dir='ltr'><strong>abscedere.</strong></span> <span class='ocrx_word' id='word_1_297' title='bbox 2708 667 2825 724; x_wconf 82' lang='lat' dir='ltr'><strong>Non</strong></span> <span class='ocrx_word' id='word_1_298' title='bbox 2853 672 3138 740; x_wconf 83' lang='lat' dir='ltr'><strong>permittas</strong></span> <span class='ocrx_word' id='word_1_299' title='bbox 3163 712 3178 739; x_wconf 94' lang='lat'><strong>,</strong></span> <span class='ocrx_word' id='word_1_300' title='bbox 3214 675 3356 729; x_wconf 81' lang='lat' dir='ltr'><strong>bone</strong></span> <span class='ocrx_word' id='word_1_301' title='bbox 3404 675 3548 743; x_wconf 75' lang='lat' dir='ltr'><strong>Rex,</strong></span> <span class='ocrx_word' id='word_1_302' title='bbox 3596 678 3656 734; x_wconf 89' lang='lat' dir='ltr'><strong>in</strong></span> 
     </span>
    </p>
   </div>
   <div class='ocr_carea' id='block_1_49' title="bbox 2063 760 3659 840">
    <p class='ocr_par' dir='ltr' id='par_1_49' title="bbox 2063 760 3659 840">
     <span class='ocr_line' id='line_1_49' title="bbox 2063 760 3659 840; baseline 0.009 -28"><span class='ocrx_word' id='word_1_303' title='bbox 2063 760 2219 814; x_wconf 90' lang='lat' dir='ltr'><strong>nobis</strong></span> <span class='ocrx_word' id='word_1_304' title='bbox 2247 760 2604 815; x_wconf 62' lang='lat' dir='ltr'><strong>saevissimum</strong></span> <span class='ocrx_word' id='word_1_305' title='bbox 2646 760 2855 816; x_wconf 86' lang='lat' dir='ltr'><strong>hostem</strong></span> <span class='ocrx_word' id='word_1_306' title='bbox 2884 776 2981 817; x_wconf 88' lang='lat' dir='ltr'><strong>sua</strong></span> <span class='ocrx_word' id='word_1_307' title='bbox 3003 773 3128 819; x_wconf 86' lang='lat' dir='ltr'><strong>vota</strong></span> <span class='ocrx_word' id='word_1_308' title='bbox 3159 766 3452 836; x_wconf 89' lang='lat' dir='ltr'><strong>complere,</strong></span> <span class='ocrx_word' id='word_1_309' title='bbox 3476 770 3569 840; x_wconf 84' lang='lat' dir='ltr'><strong>qui</strong></span> <span class='ocrx_word' id='word_1_310' title='bbox 3599 780 3659 827; x_wconf 89' lang='lat' dir='ltr'><strong>te</strong></span> 
     </span>
    </p>
   </div>
   <div class='ocr_carea' id='block_1_50' title="bbox 2061 850 3663 933">
    <p class='ocr_par' dir='ltr' id='par_1_50' title="bbox 2061 850 3663 933">
     <span class='ocr_line' id='line_1_50' title="bbox 2061 850 3663 933; baseline 0.009 -30"><span class='ocrx_word' id='word_1_311' title='bbox 2061 850 2303 921; x_wconf 77' lang='lat' dir='ltr'><strong>graviter</strong></span> <span class='ocrx_word' id='word_1_312' title='bbox 2326 850 2480 919; x_wconf 84' lang='lat' dir='ltr'><strong>eligit</strong></span> <span class='ocrx_word' id='word_1_313' title='bbox 2504 850 2799 907; x_wconf 79' lang='lat' dir='ltr'><strong>oll‘endere.</strong></span> <span class='ocrx_word' id='word_1_314' title='bbox 2834 851 2976 920; x_wconf 86' lang='lat' dir='ltr'><strong>Quid</strong></span> <span class='ocrx_word' id='word_1_315' title='bbox 3011 869 3112 910; x_wconf 92' lang='lat' dir='ltr'><strong>nos</strong></span> <span class='ocrx_word' id='word_1_316' title='bbox 3135 856 3279 912; x_wconf 88' lang='lat' dir='ltr'><strong>sicut</strong></span> <span class='ocrx_word' id='word_1_317' title='bbox 3304 857 3389 914; x_wconf 89' lang='lat' dir='ltr'><strong>leo</strong></span> <span class='ocrx_word' id='word_1_318' title='bbox 3426 861 3663 933; x_wconf 87' lang='lat' dir='ltr'><strong>rugiens</strong></span> 
     </span>
    </p>
   </div>
   <div class='ocr_carea' id='block_1_51' title="bbox 2060 938 3665 1009">
    <p class='ocr_par' dir='ltr' id='par_1_51' title="bbox 2060 938 3665 1009">
     <span class='ocr_line' id='line_1_51' title="bbox 2060 938 3665 1009; baseline 0.008 -13"><span class='ocrx_word' id='word_1_319' title='bbox 2060 941 2292 996; x_wconf 82' lang='lat' dir='ltr'><strong>circuit?</strong></span> <span class='ocrx_word' id='word_1_320' title='bbox 2312 938 2453 1008; x_wconf 89' lang='lat' dir='ltr'><strong>Quid</strong></span> <span class='ocrx_word' id='word_1_321' title='bbox 2471 940 2732 997; x_wconf 90' lang='lat' dir='ltr'><strong>devorare</strong></span> <span class='ocrx_word' id='word_1_322' title='bbox 2768 944 3088 1000; x_wconf 80' lang='lat' dir='ltr'><strong>contendit?</strong></span> <span class='ocrx_word' id='word_1_323' title='bbox 3117 943 3301 1002; x_wconf 84' lang='lat' dir='ltr'><strong>Semel</strong></span> <span class='ocrx_word' id='word_1_324' title='bbox 3338 948 3415 1003; x_wconf 91' lang='lat' dir='ltr'><strong>illi</strong></span> <span class='ocrx_word' id='word_1_325' title='bbox 3459 949 3514 1005; x_wconf 92' lang='lat' dir='ltr'><strong>in</strong></span> <span class='ocrx_word' id='word_1_326' title='bbox 3559 952 3665 1009; x_wconf 78' lang='lat' dir='ltr'><strong>ba-</strong></span> 
     </span>
    </p>
   </div>
   <div class='ocr_carea' id='block_1_52' title="bbox 2042 1030 3661 1100">
    <p class='ocr_par' dir='ltr' id='par_1_52' title="bbox 2042 1030 3661 1100">
     <span class='ocr_line' id='line_1_52' title="bbox 2042 1030 3661 1100; baseline 0.011 -21"><span class='ocrx_word' id='word_1_327' title='bbox 2042 1030 2318 1100; x_wconf 79' lang='lat' dir='ltr'><strong>ptismate</strong></span> <span class='ocrx_word' id='word_1_328' title='bbox 2347 1044 2507 1085; x_wconf 87' lang='lat' dir='ltr'><strong>sacro</strong></span> <span class='ocrx_word' id='word_1_329' title='bbox 2546 1031 3017 1099; x_wconf 86' lang='lat' dir='ltr'><strong>renuntiavimus;</strong></span> <span class='ocrx_word' id='word_1_330' title='bbox 3068 1035 3236 1090; x_wconf 88' lang='lat' dir='ltr'><strong>semel</strong></span> <span class='ocrx_word' id='word_1_331' title='bbox 3280 1036 3375 1092; x_wconf 87' lang='lat' dir='ltr'><strong>tibi</strong></span> <span class='ocrx_word' id='word_1_332' title='bbox 3420 1037 3661 1097; x_wconf 86' lang='lat' dir='ltr'><strong>Domino</strong></span> 
     </span>
    </p>
   </div>
   <div class='ocr_carea' id='block_1_53' title="bbox 2061 1120 3655 1199">
    <p class='ocr_par' dir='ltr' id='par_1_53' title="bbox 2061 1120 3655 1199">
     <span class='ocr_line' id='line_1_53' title="bbox 2061 1120 3655 1199; baseline 0.008 -23"><span class='ocrx_word' id='word_1_333' title='bbox 2061 1121 2288 1177; x_wconf 86' lang='lat' dir='ltr'><strong>credere</strong></span> <span class='ocrx_word' id='word_1_334' title='bbox 2320 1120 2550 1193; x_wconf 83' lang='lat' dir='ltr'><strong>professi</strong></span> <span class='ocrx_word' id='word_1_335' title='bbox 2579 1137 2788 1179; x_wconf 87' lang='lat' dir='ltr'><strong>sumus.</strong></span> <span class='ocrx_word' id='word_1_336' title='bbox 2818 1124 2981 1181; x_wconf 85' lang='lat' dir='ltr'><strong>Tales</strong></span> <span class='ocrx_word' id='word_1_337' title='bbox 3018 1142 3118 1183; x_wconf 88' lang='lat' dir='ltr'><strong>nos</strong></span> <span class='ocrx_word' id='word_1_338' title='bbox 3164 1142 3264 1199; x_wconf 89' lang='lat' dir='ltr'><strong>per</strong></span> <span class='ocrx_word' id='word_1_339' title='bbox 3289 1137 3437 1185; x_wconf 79' lang='lat' dir='ltr'><strong>tuam</strong></span> <span class='ocrx_word' id='word_1_340' title='bbox 3458 1130 3655 1189; x_wconf 84' lang='lat' dir='ltr'><strong>defen-</strong></span> 
     </span>
    </p>
   </div>
   <div class='ocr_carea' id='block_1_54' title="bbox 2062 1213 3649 1292">
    <p class='ocr_par' dir='ltr' id='par_1_54' title="bbox 2062 1213 3649 1292">
     <span class='ocr_line' id='line_1_54' title="bbox 2062 1213 3649 1292; baseline 0.006 -23"><span class='ocrx_word' id='word_1_341' title='bbox 2062 1213 2271 1269; x_wconf 83' lang='lat' dir='ltr'><strong>sionem</strong></span> <span class='ocrx_word' id='word_1_342' title='bbox 2306 1215 2544 1270; x_wconf 86' lang='lat' dir='ltr'><strong>concede</strong></span> <span class='ocrx_word' id='word_1_343' title='bbox 2564 1215 2793 1281; x_wconf 87' lang='lat' dir='ltr'><strong>servari,</strong></span> <span class='ocrx_word' id='word_1_344' title='bbox 2826 1216 3015 1286; x_wconf 86' lang='lat' dir='ltr'><strong>quales</strong></span> <span class='ocrx_word' id='word_1_345' title='bbox 3043 1232 3143 1273; x_wconf 92' lang='lat' dir='ltr'><strong>nos</strong></span> <span class='ocrx_word' id='word_1_346' title='bbox 3169 1217 3290 1275; x_wconf 84' lang='lat' dir='ltr'><strong>ﬁeri</strong></span> <span class='ocrx_word' id='word_1_347' title='bbox 3326 1234 3426 1290; x_wconf 88' lang='lat' dir='ltr'><strong>per</strong></span> <span class='ocrx_word' id='word_1_348' title='bbox 3446 1236 3649 1292; x_wconf 85' lang='lat' dir='ltr'><strong>aquam</strong></span> 
     </span>
    </p>
   </div>
   <div class='ocr_carea' id='block_1_55' title="bbox 2062 1308 3651 1385">
    <p class='ocr_par' dir='ltr' id='par_1_55' title="bbox 2062 1308 3651 1385">
     <span class='ocr_line' id='line_1_55' title="bbox 2062 1308 3651 1385; baseline 0.005 -21"><span class='ocrx_word' id='word_1_349' title='bbox 2062 1309 2515 1380; x_wconf 88' lang='lat' dir='ltr'><strong>regenerationis,</strong></span> <span class='ocrx_word' id='word_1_350' title='bbox 2566 1308 2795 1366; x_wconf 89' lang='lat' dir='ltr'><strong>Creator</strong></span> <span class='ocrx_word' id='word_1_351' title='bbox 2842 1311 3142 1379; x_wconf 87' lang='lat' dir='ltr'><strong>altissime,</strong></span> <span class='ocrx_word' id='word_1_352' title='bbox 3188 1316 3511 1384; x_wconf 68' lang='lat' dir='ltr'><strong>praestitisti.</strong></span> <span class='ocrx_word' id='word_1_353' title='bbox 3541 1316 3651 1385; x_wconf 86' lang='lat' dir='ltr'><strong>Qui</strong></span> 
     </span>
    </p>
   </div>
   <div class='ocr_carea' id='block_1_56' title="bbox 2062 1388 3654 1473">
    <p class='ocr_par' dir='ltr' id='par_1_56' title="bbox 2062 1388 3654 1473">
     <span class='ocr_line' id='line_1_56' title="bbox 2062 1388 3654 1473; baseline 0.007 -18"><span class='ocrx_word' id='word_1_354' title='bbox 2062 1402 2142 1457; x_wconf 88' lang='lat' dir='ltr'><strong>tui</strong></span> <span class='ocrx_word' id='word_1_355' title='bbox 2198 1416 2319 1458; x_wconf 86' lang='lat' dir='ltr'><strong>esse</strong></span> <span class='ocrx_word' id='word_1_356' title='bbox 2369 1388 2669 1473; x_wconf 57' lang='lat' dir='ltr'><strong>capimus,</strong></span> <span class='ocrx_word' id='word_1_357' title='bbox 2719 1403 2885 1459; x_wconf 90' lang='lat' dir='ltr'><strong>alium</strong></span> <span class='ocrx_word' id='word_1_358' title='bbox 2936 1403 3108 1461; x_wconf 88' lang='lat' dir='ltr'><strong>Deum</strong></span> <span class='ocrx_word' id='word_1_359' title='bbox 3164 1408 3490 1464; x_wconf 85' lang='lat' dir='ltr'><strong>nesciamus.</strong></span> <span class='ocrx_word' id='word_1_360' title='bbox 3530 1410 3654 1466; x_wconf 85' lang='lat' dir='ltr'><strong>Tua</strong></span> 
     </span>
    </p>
   </div>
   <div class='ocr_carea' id='block_1_57' title="bbox 2061 1496 3650 1569">
    <p class='ocr_par' dir='ltr' id='par_1_57' title="bbox 2061 1496 3650 1569">
     <span class='ocr_line' id='line_1_57' title="bbox 2061 1496 3650 1569; baseline 0.004 -18"><span class='ocrx_word' id='word_1_361' title='bbox 2061 1496 2236 1565; x_wconf 85' lang='lat' dir='ltr'><strong>gratia</strong></span> <span class='ocrx_word' id='word_1_362' title='bbox 2261 1496 2526 1567; x_wconf 85' lang='lat' dir='ltr'><strong>redempti</strong></span> <span class='ocrx_word' id='word_1_363' title='bbox 2570 1510 2756 1551; x_wconf 89' lang='lat' dir='ltr'><strong>sumus</strong></span> <span class='ocrx_word' id='word_1_364' title='bbox 2778 1535 2794 1561; x_wconf 92' lang='lat'><strong>,</strong></span> <span class='ocrx_word' id='word_1_365' title='bbox 2825 1504 2915 1552; x_wconf 91' lang='lat' dir='ltr'><strong>tua</strong></span> <span class='ocrx_word' id='word_1_366' title='bbox 2958 1500 3213 1553; x_wconf 86' lang='lat' dir='ltr'><strong>mandata</strong></span> <span class='ocrx_word' id='word_1_367' title='bbox 3233 1541 3249 1567; x_wconf 94' lang='lat'><strong>,</strong></span> <span class='ocrx_word' id='word_1_368' title='bbox 3288 1509 3342 1556; x_wconf 88' lang='lat' dir='ltr'><strong>te</strong></span> <span class='ocrx_word' id='word_1_369' title='bbox 3372 1502 3609 1557; x_wconf 88' lang='lat' dir='ltr'><strong>donante</strong></span> <span class='ocrx_word' id='word_1_370' title='bbox 3630 1540 3650 1569; x_wconf 89' lang='lat'><strong>,</strong></span> 
     </span>
    </p>
   </div>
   <div class='ocr_carea' id='block_1_58' title="bbox 2064 1583 3647 1659">
    <p class='ocr_par' dir='ltr' id='par_1_58' title="bbox 2064 1583 3647 1659">
     <span class='ocr_line' id='line_1_58' title="bbox 2064 1583 3647 1659; baseline 0.005 -20"><span class='ocrx_word' id='word_1_371' title='bbox 2064 1586 2348 1641; x_wconf 86' lang='lat' dir='ltr'><strong>faciamus.</strong></span> <span class='ocrx_word' id='word_1_372' title='bbox 2381 1583 2440 1641; x_wconf 90' lang='lat' dir='ltr'><strong>Si</strong></span> <span class='ocrx_word' id='word_1_373' title='bbox 2480 1601 2582 1641; x_wconf 89' lang='lat' dir='ltr'><strong>nos</strong></span> <span class='ocrx_word' id='word_1_374' title='bbox 2611 1585 2876 1656; x_wconf 87' lang='lat' dir='ltr'><strong>relinquis</strong></span> <span class='ocrx_word' id='word_1_375' title='bbox 2906 1628 2921 1653; x_wconf 91' lang='lat'><strong>,</strong></span> <span class='ocrx_word' id='word_1_376' title='bbox 2978 1590 3366 1659; x_wconf 87' lang='lat' dir='ltr'><strong>tergiversator</strong></span> <span class='ocrx_word' id='word_1_377' title='bbox 3418 1592 3647 1650; x_wconf 79' lang='lat' dir='ltr'><strong>invadit.</strong></span> 
     </span>
    </p>
   </div>
   <div class='ocr_carea' id='block_1_59' title="bbox 2064 1677 3649 1751">
    <p class='ocr_par' dir='ltr' id='par_1_59' title="bbox 2064 1677 3649 1751">
     <span class='ocr_line' id='line_1_59' title="bbox 2064 1677 3649 1751; baseline 0.006 -18"><span class='ocrx_word' id='word_1_378' title='bbox 2064 1677 2369 1735; x_wconf 89' lang='lat' dir='ltr'><strong>lndefessus</strong></span> <span class='ocrx_word' id='word_1_379' title='bbox 2392 1688 2556 1749; x_wconf 90' lang='lat' dir='ltr'><strong>atque</strong></span> <span class='ocrx_word' id='word_1_380' title='bbox 2584 1678 2868 1750; x_wconf 89' lang='lat' dir='ltr'><strong>impudens</strong></span> <span class='ocrx_word' id='word_1_381' title='bbox 2888 1694 3105 1751; x_wconf 87' lang='lat' dir='ltr'><strong>semper</strong></span> <span class='ocrx_word' id='word_1_382' title='bbox 3124 1683 3352 1750; x_wconf 87' lang='lat' dir='ltr'><strong>assistit,</strong></span> <span class='ocrx_word' id='word_1_383' title='bbox 3373 1684 3525 1741; x_wconf 86' lang='lat' dir='ltr'><strong>lucra</strong></span> <span class='ocrx_word' id='word_1_384' title='bbox 3547 1701 3649 1743; x_wconf 88' lang='lat' dir='ltr'><strong>sua</strong></span> 
     </span>
    </p>
   </div>
   <div class='ocr_carea' id='block_1_60' title="bbox 1991 1767 3646 1849">
    <p class='ocr_par' dir='ltr' id='par_1_60' title="bbox 1991 1767 3646 1849">
     <span class='ocr_line' id='line_1_60' title="bbox 1991 1767 3646 1849; baseline 0.005 -22"><span class='ocrx_word' id='word_1_385' title='bbox 1991 1767 2037 1827; x_wconf 89' lang='lat' dir='ltr'><strong>B</strong></span> <span class='ocrx_word' id='word_1_386' title='bbox 2063 1777 2381 1839; x_wconf 89' lang='lat' dir='ltr'><strong>computans</strong></span> <span class='ocrx_word' id='word_1_387' title='bbox 2411 1771 2678 1826; x_wconf 86' lang='lat' dir='ltr'><strong>humanas</strong></span> <span class='ocrx_word' id='word_1_388' title='bbox 2711 1771 2917 1826; x_wconf 85' lang='lat' dir='ltr'><strong>ruinas.</strong></span> <span class='ocrx_word' id='word_1_389' title='bbox 2947 1771 3229 1830; x_wconf 85' lang='lat' dir='ltr'><strong>Blanditur</strong></span> <span class='ocrx_word' id='word_1_390' title='bbox 3264 1784 3324 1831; x_wconf 93' lang='lat' dir='ltr'><strong>ut</strong></span> <span class='ocrx_word' id='word_1_391' title='bbox 3370 1777 3646 1849; x_wconf 83' lang='lat' dir='ltr'><strong>decipiat,</strong></span> 
     </span>
    </p>
   </div>
   <div class='ocr_carea' id='block_1_61' title="bbox 2066 1852 3648 1938">
    <p class='ocr_par' dir='ltr' id='par_1_61' title="bbox 2066 1852 3648 1938">
     <span class='ocr_line' id='line_1_61' title="bbox 2066 1852 3648 1938; baseline 0.008 -24"><span class='ocrx_word' id='word_1_392' title='bbox 2066 1860 2290 1930; x_wconf 86' lang='lat' dir='ltr'><strong>instigat</strong></span> <span class='ocrx_word' id='word_1_393' title='bbox 2316 1869 2373 1915; x_wconf 87' lang='lat' dir='ltr'><strong>ut</strong></span> <span class='ocrx_word' id='word_1_394' title='bbox 2427 1861 2680 1932; x_wconf 88' lang='lat' dir='ltr'><strong>perimat.</strong></span> <span class='ocrx_word' id='word_1_395' title='bbox 2733 1852 2967 1919; x_wconf 72' lang='lat' dir='ltr'><strong>Maxime</strong></span> <span class='ocrx_word' id='word_1_396' title='bbox 3006 1879 3105 1935; x_wconf 88' lang='lat' dir='ltr'><strong>per</strong></span> <span class='ocrx_word' id='word_1_397' title='bbox 3154 1881 3356 1938; x_wconf 89' lang='lat' dir='ltr'><strong>corpus</strong></span> <span class='ocrx_word' id='word_1_398' title='bbox 3402 1878 3648 1927; x_wconf 87' lang='lat' dir='ltr'><strong>nostrum</strong></span> 
     </span>
    </p>
   </div>
   <div class='ocr_carea' id='block_1_62' title="bbox 2061 1952 3651 2027">
    <p class='ocr_par' dir='ltr' id='par_1_62' title="bbox 2061 1952 3651 2027">
     <span class='ocr_line' id='line_1_62' title="bbox 2061 1952 3651 2027; baseline 0.008 -20"><span class='ocrx_word' id='word_1_399' title='bbox 2061 1953 2275 2009; x_wconf 91' lang='lat' dir='ltr'><strong>animas</strong></span> <span class='ocrx_word' id='word_1_400' title='bbox 2317 1952 2537 2023; x_wconf 89' lang='lat' dir='ltr'><strong>decipit,</strong></span> <span class='ocrx_word' id='word_1_401' title='bbox 2562 1962 2617 2008; x_wconf 88' lang='lat' dir='ltr'><strong>et</strong></span> <span class='ocrx_word' id='word_1_402' title='bbox 2639 1954 2716 2009; x_wconf 89' lang='lat' dir='ltr'><strong>ita</strong></span> <span class='ocrx_word' id='word_1_403' title='bbox 2743 1954 2923 2011; x_wconf 89' lang='lat' dir='ltr'><strong>labilis</strong></span> <span class='ocrx_word' id='word_1_404' title='bbox 2951 1971 3049 2027; x_wconf 89' lang='lat' dir='ltr'><strong>per</strong></span> <span class='ocrx_word' id='word_1_405' title='bbox 3095 1957 3366 2014; x_wconf 59' lang='lat' dir='ltr'><strong>desideria</strong></span> <span class='ocrx_word' id='word_1_406' title='bbox 3413 1960 3651 2019; x_wconf 84' lang='lat' dir='ltr'><strong>humana</strong></span> 
     </span>
    </p>
   </div>
   <div class='ocr_carea' id='block_1_63' title="bbox 2060 2042 3652 2125">
    <p class='ocr_par' dir='ltr' id='par_1_63' title="bbox 2060 2042 3652 2125">
     <span class='ocr_line' id='line_1_63' title="bbox 2060 2042 3652 2125; baseline 0.009 -29"><span class='ocrx_word' id='word_1_407' title='bbox 2060 2042 2414 2111; x_wconf 75' lang='lat' dir='ltr'><strong>diffunditur,</strong></span> <span class='ocrx_word' id='word_1_408' title='bbox 2450 2053 2510 2098; x_wconf 90' lang='lat' dir='ltr'><strong>ut</strong></span> <span class='ocrx_word' id='word_1_409' title='bbox 2537 2044 2683 2098; x_wconf 90' lang='lat' dir='ltr'><strong>nulla</strong></span> <span class='ocrx_word' id='word_1_410' title='bbox 2711 2060 2849 2117; x_wconf 88' lang='lat' dir='ltr'><strong>pene</strong></span> <span class='ocrx_word' id='word_1_411' title='bbox 2884 2047 3219 2118; x_wconf 83' lang='lat' dir='ltr'><strong>providentia</strong></span> <span class='ocrx_word' id='word_1_412' title='bbox 3245 2089 3263 2115; x_wconf 93' lang='lat'><strong>,</strong></span> <span class='ocrx_word' id='word_1_413' title='bbox 3307 2051 3460 2108; x_wconf 91' lang='lat' dir='ltr'><strong>nullo</strong></span> <span class='ocrx_word' id='word_1_414' title='bbox 3498 2054 3652 2125; x_wconf 85' lang='lat' dir='ltr'><strong>prius</strong></span> 
     </span>
    </p>
   </div>
   <div class='ocr_carea' id='block_1_64' title="bbox 2060 2133 3650 2212">
    <p class='ocr_par' dir='ltr' id='par_1_64' title="bbox 2060 2133 3650 2212">
     <span class='ocr_line' id='line_1_64' title="bbox 2060 2133 3650 2212; baseline 0.007 -25"><span class='ocrx_word' id='word_1_415' title='bbox 2060 2133 2291 2189; x_wconf 89' lang='lat' dir='ltr'><strong>consilio</strong></span> <span class='ocrx_word' id='word_1_416' title='bbox 2334 2135 2619 2189; x_wconf 88' lang='lat' dir='ltr'><strong>sentiatur.</strong></span> <span class='ocrx_word' id='word_1_417' title='bbox 2654 2134 2897 2208; x_wconf 89' lang='lat' dir='ltr'><strong>Longum</strong></span> <span class='ocrx_word' id='word_1_418' title='bbox 2923 2146 3010 2193; x_wconf 89' lang='lat' dir='ltr'><strong>est</strong></span> <span class='ocrx_word' id='word_1_419' title='bbox 3034 2152 3134 2207; x_wconf 88' lang='lat' dir='ltr'><strong>per</strong></span> <span class='ocrx_word' id='word_1_420' title='bbox 3178 2138 3389 2212; x_wconf 85' lang='lat' dir='ltr'><strong>singula</strong></span> <span class='ocrx_word' id='word_1_421' title='bbox 3436 2142 3650 2200; x_wconf 82' lang='lat' dir='ltr'><strong>discur-</strong></span> 
     </span>
    </p>
   </div>
   <div class='ocr_carea' id='block_1_65' title="bbox 2059 2223 3648 2299">
    <p class='ocr_par' dir='ltr' id='par_1_65' title="bbox 2059 2223 3648 2299">
     <span class='ocr_line' id='line_1_65' title="bbox 2059 2223 3648 2299; baseline 0.008 -22"><span class='ocrx_word' id='word_1_422' title='bbox 2059 2237 2204 2278; x_wconf 86' lang='lat' dir='ltr'><strong>rere.</strong></span> <span class='ocrx_word' id='word_1_423' title='bbox 2237 2223 2355 2278; x_wconf 86' lang='lat' dir='ltr'><strong>Tali</strong></span> <span class='ocrx_word' id='word_1_424' title='bbox 2385 2224 2507 2293; x_wconf 91' lang='lat' dir='ltr'><strong>quis</strong></span> <span class='ocrx_word' id='word_1_425' title='bbox 2530 2224 2706 2294; x_wconf 89' lang='lat' dir='ltr'><strong>possit</strong></span> <span class='ocrx_word' id='word_1_426' title='bbox 2731 2225 3016 2294; x_wconf 82' lang='lat' dir='ltr'><strong>obsistere,</strong></span> <span class='ocrx_word' id='word_1_427' title='bbox 3060 2228 3167 2283; x_wconf 84' lang='lat' dir='ltr'><strong>nisi</strong></span> <span class='ocrx_word' id='word_1_428' title='bbox 3193 2237 3270 2295; x_wconf 89' lang='lat' dir='ltr'><strong>tu,</strong></span> <span class='ocrx_word' id='word_1_429' title='bbox 3301 2231 3548 2299; x_wconf 86' lang='lat' dir='ltr'><strong>Domine,</strong></span> <span class='ocrx_word' id='word_1_430' title='bbox 3574 2233 3648 2290; x_wconf 91' lang='lat' dir='ltr'><strong>illi</strong></span> 
     </span>
    </p>
   </div>
   <div class='ocr_carea' id='block_1_66' title="bbox 2063 2313 3651 2393">
    <p class='ocr_par' dir='ltr' id='par_1_66' title="bbox 2063 2313 3651 2393">
     <span class='ocr_line' id='line_1_66' title="bbox 2063 2313 3651 2393; baseline 0.008 -24"><span class='ocrx_word' id='word_1_431' title='bbox 2063 2313 2374 2369; x_wconf 89' lang='lat' dir='ltr'><strong>decreveris</strong></span> <span class='ocrx_word' id='word_1_432' title='bbox 2406 2314 2671 2370; x_wconf 81' lang='lat' dir='ltr'><strong>obviare?</strong></span> <span class='ocrx_word' id='word_1_433' title='bbox 2704 2313 2843 2383; x_wconf 88' lang='lat' dir='ltr'><strong>Quid</strong></span> <span class='ocrx_word' id='word_1_434' title='bbox 2872 2316 3017 2373; x_wconf 84' lang='lat' dir='ltr'><strong>enim</strong></span> <span class='ocrx_word' id='word_1_435' title='bbox 3059 2318 3128 2374; x_wconf 88' lang='lat' dir='ltr'><strong>de</strong></span> <span class='ocrx_word' id='word_1_436' title='bbox 3157 2320 3314 2377; x_wconf 89' lang='lat' dir='ltr'><strong>nobis</strong></span> <span class='ocrx_word' id='word_1_437' title='bbox 3353 2325 3530 2393; x_wconf 87' lang='lat' dir='ltr'><strong>possit</strong></span> <span class='ocrx_word' id='word_1_438' title='bbox 3571 2323 3651 2381; x_wconf 81' lang='lat' dir='ltr'><strong>fa-</strong></span> 
     </span>
    </p>
   </div>
   <div class='ocr_carea' id='block_1_67' title="bbox 2061 2405 3651 2482">
    <p class='ocr_par' dir='ltr' id='par_1_67' title="bbox 2061 2405 3651 2482">
     <span class='ocr_line' id='line_1_67' title="bbox 2061 2405 3651 2482; baseline 0.009 -23"><span class='ocrx_word' id='word_1_439' title='bbox 2061 2420 2208 2471; x_wconf 90' lang='lat' dir='ltr'><strong>cere,</strong></span> <span class='ocrx_word' id='word_1_440' title='bbox 2235 2405 2327 2474; x_wconf 91' lang='lat' dir='ltr'><strong>qui</strong></span> <span class='ocrx_word' id='word_1_441' title='bbox 2360 2414 2410 2461; x_wconf 86' lang='lat' dir='ltr'><strong>te</strong></span> <span class='ocrx_word' id='word_1_442' title='bbox 2436 2406 2491 2461; x_wconf 90' lang='lat' dir='ltr'><strong>in</strong></span> <span class='ocrx_word' id='word_1_443' title='bbox 2518 2412 2705 2462; x_wconf 88' lang='lat' dir='ltr'><strong>nostro</strong></span> <span class='ocrx_word' id='word_1_444' title='bbox 2723 2421 2953 2479; x_wconf 88' lang='lat' dir='ltr'><strong>corpore</strong></span> <span class='ocrx_word' id='word_1_445' title='bbox 2980 2424 3148 2467; x_wconf 80' lang='lat' dir='ltr'><strong>ausus</strong></span> <span class='ocrx_word' id='word_1_446' title='bbox 3172 2408 3272 2466; x_wconf 88' lang='lat' dir='ltr'><strong>fuit</strong></span> <span class='ocrx_word' id='word_1_447' title='bbox 3294 2426 3394 2482; x_wconf 90' lang='lat' dir='ltr'><strong>per</strong></span> <span class='ocrx_word' id='word_1_448' title='bbox 3419 2415 3651 2472; x_wconf 78' lang='lat' dir='ltr'><strong>subdola</strong></span> 
     </span>
    </p>
   </div>
   <div class='ocr_carea' id='block_1_68' title="bbox 2060 2496 3649 2562">
    <p class='ocr_par' dir='ltr' id='par_1_68' title="bbox 2060 2496 3649 2562">
     <span class='ocr_line' id='line_1_68' title="bbox 2060 2496 3649 2562; baseline 0.006 -12"><span class='ocrx_word' id='word_1_449' title='bbox 2060 2496 2498 2552; x_wconf 86' lang='lat' dir='ltr'><strong>machinamenta</strong></span> <span class='ocrx_word' id='word_1_450' title='bbox 2529 2497 2783 2552; x_wconf 84' lang='lat' dir='ltr'><strong>tentare?</strong></span> <span class='ocrx_word' id='word_1_451' title='bbox 2811 2498 3018 2554; x_wconf 74' lang='lat' dir='ltr'><strong>Exaudi</strong></span> <span class='ocrx_word' id='word_1_452' title='bbox 3050 2515 3166 2562; x_wconf 83' lang='lat' dir='ltr'><strong>nos,</strong></span> <span class='ocrx_word' id='word_1_453' title='bbox 3189 2515 3222 2555; x_wconf 90' lang='grc' dir='ltr'><strong>ο</strong></span> <span class='ocrx_word' id='word_1_454' title='bbox 3252 2511 3437 2558; x_wconf 88' lang='lat' dir='ltr'><strong>custos</strong></span> <span class='ocrx_word' id='word_1_455' title='bbox 3457 2504 3649 2560; x_wconf 79' lang='lat' dir='ltr'><strong>homi-</strong></span> 
     </span>
    </p>
   </div>
   <div class='ocr_carea' id='block_1_69' title="bbox 2060 2587 3652 2664">
    <p class='ocr_par' dir='ltr' id='par_1_69' title="bbox 2060 2587 3652 2664">
     <span class='ocr_line' id='line_1_69' title="bbox 2060 2587 3652 2664; baseline 0.006 -21"><span class='ocrx_word' id='word_1_456' title='bbox 2060 2604 2210 2643; x_wconf 90' lang='lat' dir='ltr'><strong>num.</strong></span> <span class='ocrx_word' id='word_1_457' title='bbox 2241 2587 2343 2645; x_wconf 83' lang='lat' dir='ltr'><strong>llic</strong></span> <span class='ocrx_word' id='word_1_458' title='bbox 2368 2605 2470 2644; x_wconf 78' lang='lat' dir='ltr'><strong>nos</strong></span> <span class='ocrx_word' id='word_1_459' title='bbox 2499 2589 2568 2645; x_wconf 88' lang='lat' dir='ltr'><strong>ab</strong></span> <span class='ocrx_word' id='word_1_460' title='bbox 2592 2589 2684 2645; x_wconf 91' lang='lat' dir='ltr'><strong>illo</strong></span> <span class='ocrx_word' id='word_1_461' title='bbox 2707 2589 3041 2662; x_wconf 82' lang='lat' dir='ltr'><strong>indulgentia</strong></span> <span class='ocrx_word' id='word_1_462' title='bbox 3065 2601 3154 2647; x_wconf 84' lang='lat' dir='ltr'><strong>tua</strong></span> <span class='ocrx_word' id='word_1_463' title='bbox 3181 2592 3343 2648; x_wconf 87' lang='lat' dir='ltr'><strong>libera</strong></span> <span class='ocrx_word' id='word_1_464' title='bbox 3361 2634 3377 2660; x_wconf 93' lang='lat'><strong>,</strong></span> <span class='ocrx_word' id='word_1_465' title='bbox 3403 2596 3501 2664; x_wconf 86' lang='lat' dir='ltr'><strong>qui</strong></span> <span class='ocrx_word' id='word_1_466' title='bbox 3545 2612 3652 2653; x_wconf 89' lang='lat' dir='ltr'><strong>nos</strong></span> 
     </span>
    </p>
   </div>
   <div class='ocr_carea' id='block_1_70' title="bbox 2060 2682 3650 2755">
    <p class='ocr_par' dir='ltr' id='par_1_70' title="bbox 2060 2682 3650 2755">
     <span class='ocr_line' id='line_1_70' title="bbox 2060 2682 3650 2755; baseline 0.006 -18"><span class='ocrx_word' id='word_1_467' title='bbox 2060 2682 2279 2737; x_wconf 84' lang='lat' dir='ltr'><strong>trahere</strong></span> <span class='ocrx_word' id='word_1_468' title='bbox 2316 2682 2510 2738; x_wconf 87' lang='lat' dir='ltr'><strong>nititur</strong></span> <span class='ocrx_word' id='word_1_469' title='bbox 2543 2683 2611 2739; x_wconf 91' lang='lat' dir='ltr'><strong>ad</strong></span> <span class='ocrx_word' id='word_1_470' title='bbox 2652 2684 2980 2755; x_wconf 88' lang='lat' dir='ltr'><strong>gehennam.</strong></span> <span class='ocrx_word' id='word_1_471' title='bbox 3011 2685 3145 2742; x_wconf 87' lang='lat' dir='ltr'><strong>Cum</strong></span> <span class='ocrx_word' id='word_1_472' title='bbox 3174 2686 3264 2743; x_wconf 87' lang='lat' dir='ltr'><strong>illo</strong></span> <span class='ocrx_word' id='word_1_473' title='bbox 3288 2695 3496 2745; x_wconf 84' lang='lat' dir='ltr'><strong>sortem</strong></span> <span class='ocrx_word' id='word_1_474' title='bbox 3540 2705 3650 2747; x_wconf 88' lang='lat' dir='ltr'><strong>non</strong></span> 
     </span>
    </p>
   </div>
   <div class='ocr_carea' id='block_1_71' title="bbox 2059 2775 3652 2852">
    <p class='ocr_par' dir='ltr' id='par_1_71' title="bbox 2059 2775 3652 2852">
     <span class='ocr_line' id='line_1_71' title="bbox 2059 2775 3652 2852; baseline 0.006 -23"><span class='ocrx_word' id='word_1_475' title='bbox 2059 2775 2379 2841; x_wconf 79' lang='lat' dir='ltr'><strong>habeamus,</strong></span> <span class='ocrx_word' id='word_1_476' title='bbox 2399 2783 2460 2831; x_wconf 86' lang='lat' dir='ltr'><strong>ut</strong></span> <span class='ocrx_word' id='word_1_477' title='bbox 2478 2784 2681 2842; x_wconf 91' lang='lat' dir='ltr'><strong>tecum,</strong></span> <span class='ocrx_word' id='word_1_478' title='bbox 2706 2775 2956 2844; x_wconf 89' lang='lat' dir='ltr'><strong>Domine,</strong></span> <span class='ocrx_word' id='word_1_479' title='bbox 2984 2779 3185 2836; x_wconf 82' lang='lat' dir='ltr'><strong>habere</strong></span> <span class='ocrx_word' id='word_1_480' title='bbox 3208 2780 3503 2852; x_wconf 86' lang='lat' dir='ltr'><strong>possimus.</strong></span> <span class='ocrx_word' id='word_1_481' title='bbox 3519 2780 3652 2840; x_wconf 77' lang='lat' dir='ltr'><strong>Vin-</strong></span> 
     </span>
    </p>
   </div>
   <div class='ocr_carea' id='block_1_72' title="bbox 2061 2865 3649 2940">
    <p class='ocr_par' dir='ltr' id='par_1_72' title="bbox 2061 2865 3649 2940">
     <span class='ocr_line' id='line_1_72' title="bbox 2061 2865 3649 2940; baseline 0.006 -19"><span class='ocrx_word' id='word_1_482' title='bbox 2061 2866 2181 2922; x_wconf 82' lang='lat' dir='ltr'><strong>dica</strong></span> <span class='ocrx_word' id='word_1_483' title='bbox 2233 2865 2496 2922; x_wconf 89' lang='lat' dir='ltr'><strong>fabricam</strong></span> <span class='ocrx_word' id='word_1_484' title='bbox 2553 2874 2698 2922; x_wconf 91' lang='lat' dir='ltr'><strong>tuam</strong></span> <span class='ocrx_word' id='word_1_485' title='bbox 2732 2868 2802 2924; x_wconf 88' lang='lat' dir='ltr'><strong>ab</strong></span> <span class='ocrx_word' id='word_1_486' title='bbox 2838 2868 2932 2925; x_wconf 87' lang='lat' dir='ltr'><strong>illo</strong></span> <span class='ocrx_word' id='word_1_487' title='bbox 2965 2872 3056 2940; x_wconf 88' lang='lat' dir='ltr'><strong>qui</strong></span> <span class='ocrx_word' id='word_1_488' title='bbox 3086 2872 3337 2930; x_wconf 88' lang='lat' dir='ltr'><strong>destruit.</strong></span> <span class='ocrx_word' id='word_1_489' title='bbox 3370 2873 3649 2931; x_wconf 86' lang='lat' dir='ltr'><strong>Dominari</strong></span> 
     </span>
    </p>
   </div>
   <div class='ocr_carea' id='block_1_73' title="bbox 2060 2955 3647 3034">
    <p class='ocr_par' dir='ltr' id='par_1_73' title="bbox 2060 2955 3647 3034">
     <span class='ocr_line' id='line_1_73' title="bbox 2060 2955 3647 3034; baseline 0.008 -25"><span class='ocrx_word' id='word_1_490' title='bbox 2060 2955 2197 3011; x_wconf 91' lang='lat' dir='ltr'><strong>alios</strong></span> <span class='ocrx_word' id='word_1_491' title='bbox 2234 2956 2280 3012; x_wconf 90' lang='lat' dir='ltr'><strong>si</strong></span> <span class='ocrx_word' id='word_1_492' title='bbox 2322 2955 2530 3011; x_wconf 84' lang='lat' dir='ltr'><strong>faciunt</strong></span> <span class='ocrx_word' id='word_1_493' title='bbox 2554 2956 2672 3030; x_wconf 65' lang='grc' dir='ltr'><strong>[Ρη</strong></span> <span class='ocrx_word' id='word_1_494' title='bbox 2699 2959 2782 3015; x_wconf 88' lang='lat' dir='ltr'><strong>sic</strong></span> <span class='ocrx_word' id='word_1_495' title='bbox 2798 2956 2974 3034; x_wconf 84' lang='lat' dir='ltr'><strong>facit],</strong></span> <span class='ocrx_word' id='word_1_496' title='bbox 2989 2962 3083 3033; x_wconf 90' lang='lat' dir='ltr'><strong>qui</strong></span> <span class='ocrx_word' id='word_1_497' title='bbox 3110 2978 3170 3020; x_wconf 89' lang='lat' dir='ltr'><strong>se</strong></span> <span class='ocrx_word' id='word_1_498' title='bbox 3194 2964 3310 3034; x_wconf 86' lang='lat' dir='ltr'><strong>ipse</strong></span> <span class='ocrx_word' id='word_1_499' title='bbox 3328 2965 3647 3022; x_wconf 77' lang='lat' dir='ltr'><strong>damnavit:</strong></span> 
     </span>
    </p>
   </div>
   <div class='ocr_carea' id='block_1_74' title="bbox 2062 3048 3652 3125">
    <p class='ocr_par' dir='ltr' id='par_1_74' title="bbox 2062 3048 3652 3125">
     <span class='ocr_line' id='line_1_74' title="bbox 2062 3048 3652 3125; baseline 0.008 -23"><span class='ocrx_word' id='word_1_500' title='bbox 2062 3048 2157 3102; x_wconf 89' lang='lat' dir='ltr'><strong>sed</strong></span> <span class='ocrx_word' id='word_1_501' title='bbox 2182 3048 2361 3118; x_wconf 90' lang='lat' dir='ltr'><strong>potius</strong></span> <span class='ocrx_word' id='word_1_502' title='bbox 2385 3048 2474 3102; x_wconf 91' lang='lat' dir='ltr'><strong>ille</strong></span> <span class='ocrx_word' id='word_1_503' title='bbox 2495 3063 2617 3103; x_wconf 91' lang='lat' dir='ltr'><strong>cum</strong></span> <span class='ocrx_word' id='word_1_504' title='bbox 2641 3050 2754 3107; x_wconf 83' lang='lat' dir='ltr'><strong>suis</strong></span> <span class='ocrx_word' id='word_1_505' title='bbox 2789 3060 2978 3121; x_wconf 88' lang='lat' dir='ltr'><strong>pereat</strong></span> <span class='ocrx_word' id='word_1_506' title='bbox 3003 3092 3020 3118; x_wconf 94' lang='lat'><strong>,</strong></span> <span class='ocrx_word' id='word_1_507' title='bbox 3062 3055 3154 3123; x_wconf 91' lang='lat' dir='ltr'><strong>qui</strong></span> <span class='ocrx_word' id='word_1_508' title='bbox 3183 3058 3413 3125; x_wconf 84' lang='lat' dir='ltr'><strong>perdere</strong></span> <span class='ocrx_word' id='word_1_509' title='bbox 3453 3066 3652 3114; x_wconf 86' lang='lat' dir='ltr'><strong>cuncta</strong></span> 
     </span>
    </p>
   </div>
   <div class='ocr_carea' id='block_1_75' title="bbox 2430 3139 2864 3199">
    <p class='ocr_par' dir='ltr' id='par_1_75' title="bbox 2430 3139 2864 3199">
     <span class='ocr_line' id='line_1_75' title="bbox 2430 3139 2864 3199; baseline 0.007 -5"><span class='ocrx_word' id='word_1_510' title='bbox 2430 3139 2635 3196; x_wconf 66' lang='grc' dir='ltr'><strong>δίαιτα</strong></span> <span class='ocrx_word' id='word_1_511' title='bbox 2659 3141 2864 3199; x_wconf 75' lang='lat' dir='ltr'><strong>desunt.</strong></span> 
     </span>
    </p>
   </div>
   <div class='ocr_carea' id='block_1_76' title="bbox 2288 3317 3411 3382">
    <p class='ocr_par' dir='ltr' id='par_1_76' title="bbox 2288 3317 3411 3382">
     <span class='ocr_line' id='line_1_76' title="bbox 2288 3317 3411 3382; baseline 0.006 -6"><span class='ocrx_word' id='word_1_512' title='bbox 2288 3317 2549 3376; x_wconf 81' lang='lat' dir='ltr'><strong>ORATIO</strong></span> <span class='ocrx_word' id='word_1_513' title='bbox 2585 3319 2648 3375; x_wconf 91' lang='lat' dir='ltr'><strong>D.</strong></span> <span class='ocrx_word' id='word_1_514' title='bbox 2688 3321 2965 3378; x_wconf 79' lang='lat' dir='ltr'><strong>ALCUINI</strong></span> <span class='ocrx_word' id='word_1_515' title='bbox 2998 3323 3068 3378; x_wconf 76' lang='lat' dir='ltr'><strong>IN</strong></span> <span class='ocrx_word' id='word_1_516' title='bbox 3104 3323 3331 3382; x_wconf 84' lang='lat' dir='ltr'><strong>NOCTE</strong></span> <span class='ocrx_word' id='word_1_517' title='bbox 3360 3339 3411 3381; x_wconf 70' lang='grc'><strong>⁸.</strong></span> 
     </span>
    </p>
   </div>
   <div class='ocr_carea' id='block_1_77' title="bbox 2060 3469 3532 3544">
    <p class='ocr_par' dir='ltr' id='par_1_77' title="bbox 2060 3469 3532 3544">
     <span class='ocr_line' id='line_1_77' title="bbox 2060 3469 3532 3544; baseline 0.003 -19"><span class='ocrx_word' id='word_1_518' title='bbox 2060 3469 2162 3537; x_wconf 89' lang='lat' dir='ltr'><strong>Qui</strong></span> <span class='ocrx_word' id='word_1_519' title='bbox 2189 3470 2402 3540; x_wconf 87' lang='lat' dir='ltr'><strong>placido</strong></span> <span class='ocrx_word' id='word_1_520' title='bbox 2428 3471 2481 3524; x_wconf 89' lang='lat' dir='ltr'><strong>in</strong></span> <span class='ocrx_word' id='word_1_521' title='bbox 2505 3472 2669 3541; x_wconf 90' lang='lat' dir='ltr'><strong>puppi</strong></span> <span class='ocrx_word' id='word_1_522' title='bbox 2699 3471 2954 3542; x_wconf 87' lang='lat' dir='ltr'><strong>carpebat</strong></span> <span class='ocrx_word' id='word_1_523' title='bbox 2982 3483 3202 3544; x_wconf 89' lang='lat' dir='ltr'><strong>pectore</strong></span> <span class='ocrx_word' id='word_1_524' title='bbox 3241 3491 3486 3531; x_wconf 79' lang='lat' dir='ltr'><strong>somnum</strong></span> <span class='ocrx_word' id='word_1_525' title='bbox 3517 3518 3532 3540; x_wconf 92' lang='lat'><strong>,</strong></span> 
     </span>
    </p>
   </div>
   <div class='ocr_carea' id='block_1_78' title="bbox 2129 3544 3234 3635">
    <p class='ocr_par' dir='ltr' id='par_1_78' title="bbox 2129 3544 3234 3635">
     <span class='ocr_line' id='line_1_78' title="bbox 2129 3544 3234 3635; baseline 0.004 -22"><span class='ocrx_word' id='word_1_526' title='bbox 2129 3560 2443 3631; x_wconf 76' lang='lat' dir='ltr'><strong>Exsurgens</strong></span> <span class='ocrx_word' id='word_1_527' title='bbox 2474 3561 2651 3615; x_wconf 84' lang='lat' dir='ltr'><strong>ventis</strong></span> <span class='ocrx_word' id='word_1_528' title='bbox 2680 3544 2909 3632; x_wconf 80' lang='lat' dir='ltr'><strong>imperat</strong></span> <span class='ocrx_word' id='word_1_529' title='bbox 2937 3572 2993 3617; x_wconf 92' lang='lat' dir='ltr'><strong>et</strong></span> <span class='ocrx_word' id='word_1_530' title='bbox 3024 3563 3234 3635; x_wconf 84' lang='lat' dir='ltr'><strong>pelago.</strong></span> 
     </span>
    </p>
   </div>
   <div class='ocr_carea' id='block_1_79' title="bbox 2061 3652 3604 3727">
    <p class='ocr_par' dir='ltr' id='par_1_79' title="bbox 2061 3652 3604 3727">
     <span class='ocr_line' id='line_1_79' title="bbox 2061 3652 3604 3727; baseline 0.003 -20"><span class='ocrx_word' id='word_1_531' title='bbox 2061 3653 2224 3709; x_wconf 84' lang='lat' dir='ltr'><strong>Fessa</strong></span> <span class='ocrx_word' id='word_1_532' title='bbox 2257 3652 2444 3707; x_wconf 90' lang='lat' dir='ltr'><strong>labore</strong></span> <span class='ocrx_word' id='word_1_533' title='bbox 2473 3654 2626 3723; x_wconf 80' lang='lat' dir='ltr'><strong>gravi</strong></span> <span class='ocrx_word' id='word_1_534' title='bbox 2654 3655 2904 3724; x_wconf 84' lang='lat' dir='ltr'><strong>quamvis</strong></span> <span class='ocrx_word' id='word_1_535' title='bbox 2930 3655 3018 3710; x_wconf 88' lang='lat' dir='ltr'><strong>hic</strong></span> <span class='ocrx_word' id='word_1_536' title='bbox 3046 3657 3289 3711; x_wconf 89' lang='lat' dir='ltr'><strong>membra</strong></span> <span class='ocrx_word' id='word_1_537' title='bbox 3314 3656 3604 3727; x_wconf 84' lang='lat' dir='ltr'><strong>quiescant</strong></span> 
     </span>
    </p>
   </div>
   <div class='ocr_carea' id='block_1_80' title="bbox 2129 3743 3174 3814">
    <p class='ocr_par' dir='ltr' id='par_1_80' title="bbox 2129 3743 3174 3814">
     <span class='ocr_line' id='line_1_80' title="bbox 2129 3743 3174 3814; baseline 0.001 -17"><span class='ocrx_word' id='word_1_538' title='bbox 2129 3743 2210 3799; x_wconf 83' lang='lat' dir='ltr'><strong>Ad</strong></span> <span class='ocrx_word' id='word_1_539' title='bbox 2234 3758 2292 3798; x_wconf 92' lang='lat' dir='ltr'><strong>se</strong></span> <span class='ocrx_word' id='word_1_540' title='bbox 2312 3744 2577 3798; x_wconf 87' lang='lat' dir='ltr'><strong>concedat</strong></span> <span class='ocrx_word' id='word_1_541' title='bbox 2597 3758 2692 3798; x_wconf 90' lang='lat' dir='ltr'><strong>cor</strong></span> <span class='ocrx_word' id='word_1_542' title='bbox 2719 3744 2945 3814; x_wconf 86' lang='lat' dir='ltr'><strong>vigilare</strong></span> <span class='ocrx_word' id='word_1_543' title='bbox 2972 3761 3174 3800; x_wconf 89' lang='lat' dir='ltr'><strong>meum.</strong></span> 
     </span>
    </p>
   </div>
   <div class='ocr_carea' id='block_1_81' title="bbox 2060 3835 3447 3907">
    <p class='ocr_par' dir='ltr' id='par_1_81' title="bbox 2060 3835 3447 3907">
     <span class='ocr_line' id='line_1_81' title="bbox 2060 3835 3447 3907; baseline 0.004 -19"><span class='ocrx_word' id='word_1_544' title='bbox 2060 3836 2210 3907; x_wconf 79' lang='lat' dir='ltr'><strong>Agne</strong></span> <span class='ocrx_word' id='word_1_545' title='bbox 2236 3835 2355 3901; x_wconf 87' lang='lat' dir='ltr'><strong>Dei,</strong></span> <span class='ocrx_word' id='word_1_546' title='bbox 2382 3835 2564 3889; x_wconf 90' lang='lat' dir='ltr'><strong>mundi</strong></span> <span class='ocrx_word' id='word_1_547' title='bbox 2602 3835 2694 3905; x_wconf 88' lang='lat' dir='ltr'><strong>qui</strong></span> <span class='ocrx_word' id='word_1_548' title='bbox 2729 3837 2959 3891; x_wconf 89' lang='lat' dir='ltr'><strong>crimina</strong></span> <span class='ocrx_word' id='word_1_549' title='bbox 2994 3847 3185 3893; x_wconf 88' lang='lat' dir='ltr'><strong>cuncta</strong></span> <span class='ocrx_word' id='word_1_550' title='bbox 3230 3838 3401 3894; x_wconf 88' lang='lat' dir='ltr'><strong>tulisti</strong></span> <span class='ocrx_word' id='word_1_551' title='bbox 3432 3881 3447 3905; x_wconf 95' lang='lat'><strong>,</strong></span> 
     </span>
    </p>
   </div>
   <div class='ocr_carea' id='block_1_82' title="bbox 2128 3926 3353 3996">
    <p class='ocr_par' dir='ltr' id='par_1_82' title="bbox 2128 3926 3353 3996">
     <span class='ocr_line' id='line_1_82' title="bbox 2128 3926 3353 3996; baseline 0.002 -14"><span class='ocrx_word' id='word_1_552' title='bbox 2128 3926 2399 3982; x_wconf 86' lang='lat' dir='ltr'><strong>Conserva</strong></span> <span class='ocrx_word' id='word_1_553' title='bbox 2434 3927 2673 3996; x_wconf 90' lang='lat' dir='ltr'><strong>requiem</strong></span> <span class='ocrx_word' id='word_1_554' title='bbox 2703 3927 2852 3982; x_wconf 89' lang='lat' dir='ltr'><strong>mitis</strong></span> <span class='ocrx_word' id='word_1_555' title='bbox 2876 3928 2945 3982; x_wconf 88' lang='lat' dir='ltr'><strong>ab</strong></span> <span class='ocrx_word' id='word_1_556' title='bbox 2972 3929 3127 3984; x_wconf 89' lang='lat' dir='ltr'><strong>hoste</strong></span> <span class='ocrx_word' id='word_1_557' title='bbox 3158 3945 3353 3984; x_wconf 90' lang='lat' dir='ltr'><strong>meam.</strong></span> 
     </span>
    </p>
   </div>
   <div class='ocr_carea' id='block_1_83' title="bbox 2058 4058 3649 4137">
    <p class='ocr_par' dir='ltr' id='par_1_83' title="bbox 2058 4058 3649 4137">
     <span class='ocr_line' id='line_1_83' title="bbox 2058 4058 3649 4137; baseline 0.004 -24"><span class='ocrx_word' id='word_1_558' title='bbox 2058 4059 2517 4137; x_wconf 64' lang='lat' dir='ltr'><strong>rali_bililigtheca</strong></span> <span class='ocrx_word' id='word_1_559' title='bbox 2537 4058 2846 4137; x_wconf 74' lang='lat' dir='ltr'><strong>Monacensi</strong></span> <span class='ocrx_word' id='word_1_560' title='bbox 2874 4072 3111 4137; x_wconf 65' lang='lat' dir='ltr'><strong>servato,</strong></span> <span class='ocrx_word' id='word_1_561' title='bbox 3134 4080 3298 4137; x_wconf 80' lang='lat' dir='ltr'><strong>quem</strong></span> <span class='ocrx_word' id='word_1_562' title='bbox 3326 4066 3471 4137; x_wconf 75' lang='lat' dir='ltr'><strong>typis</strong></span> <span class='ocrx_word' id='word_1_563' title='bbox 3492 4081 3649 4137; x_wconf 40' lang='lat' dir='ltr'><strong>manf</strong></span> 
     </span>
    </p>
   </div>
   <div class='ocr_carea' id='block_1_84' title="bbox 2060 4129 3647 4208">
    <p class='ocr_par' dir='ltr' id='par_1_84' title="bbox 2060 4129 3647 4208">
     <span class='ocr_line' id='line_1_84' title="bbox 2060 4129 3647 4208; baseline 0.004 -23"><span class='ocrx_word' id='word_1_564' title='bbox 2060 4130 2210 4185; x_wconf 88' lang='lat' dir='ltr'><strong>davit</strong></span> <span class='ocrx_word' id='word_1_565' title='bbox 2231 4129 2632 4208; x_wconf 56' lang='lat' dir='ltr'><strong>If._l:eli_cialius</strong></span> <span class='ocrx_word' id='word_1_566' title='bbox 2663 4130 2951 4202; x_wconf 89' lang='lat' dir='ltr'><strong>episcopus</strong></span> <span class='ocrx_word' id='word_1_567' title='bbox 2987 4129 3300 4191; x_wconf 81' lang='lat' dir='ltr'><strong>Scaldcnsis</strong></span> <span class='ocrx_word' id='word_1_568' title='bbox 3327 4129 3647 4208; x_wconf 73' lang='lat' dir='ltr'><strong>Ingolstadii</strong></span> 
     </span>
    </p>
   </div>
   <div class='ocr_carea' id='block_1_85' title="bbox 2060 4200 2588 4258">
    <p class='ocr_par' dir='ltr' id='par_1_85' title="bbox 2060 4200 2588 4258">
     <span class='ocr_line' id='line_1_85' title="bbox 2060 4200 2588 4258; baseline 0 -4"><span class='ocrx_word' id='word_1_569' title='bbox 2060 4215 2203 4254; x_wconf 87' lang='lat' dir='ltr'><strong>anno</strong></span> <span class='ocrx_word' id='word_1_570' title='bbox 2239 4200 2401 4258; x_wconf 79' lang='lat' dir='ltr'><strong>I583.</strong></span> <span class='ocrx_word' id='word_1_571' title='bbox 2428 4201 2588 4256; x_wconf 77' lang='lat' dir='ltr'><strong>in~8°.</strong></span> 
     </span>
    </p>
   </div>
   <div class='ocr_carea' id='block_1_86' title="bbox 370 4349 3635 4391">
    <p class='ocr_par' dir='ltr' id='par_1_86' title="bbox 370 4349 3635 4391">
     <span class='ocr_line' id='line_1_86' title="bbox 370 4349 3635 4391; baseline 0.006 -22"><span class='ocrx_word' id='word_1_572' title='bbox 370 4349 3635 4391; x_wconf 57' lang='grc' dir='ltr'>Ἥ</span> 
     </span>
    </p>
   </div>
   <div class='ocr_carea' id='block_1_87' title="bbox 1077 4512 2933 4654">
    <p class='ocr_par' dir='ltr' id='par_1_87' title="bbox 1077 4512 2933 4654">
     <span class='ocr_line' id='line_1_87' title="bbox 1077 4512 2933 4654; baseline 0.017 -46"><span class='ocrx_word' id='word_1_573' title='bbox 1077 4539 1237 4611; x_wconf 84' lang='lat'><strong>127</strong></span> <span class='ocrx_word' id='word_1_574' title='bbox 1274 4512 1716 4629; x_wconf 84' lang='lat' dir='ltr'><strong>OPUSC</strong></span> <span class='ocrx_word' id='word_1_575' title='bbox 1734 4518 2120 4636; x_wconf 91' lang='lat' dir='ltr'><strong>ULUM</strong></span> <span class='ocrx_word' id='word_1_576' title='bbox 2205 4518 2933 4654; x_wconf 83' lang='lat' dir='ltr'><strong>QUARTUM.</strong></span> 
     </span>
    </p>
   </div>
   <div class='ocr_carea' id='block_1_88' title="bbox 929 4742 3078 4846">
    <p class='ocr_par' dir='ltr' id='par_1_88' title="bbox 929 4742 3078 4846">
     <span class='ocr_line' id='line_1_88' title="bbox 929 4742 3078 4846; baseline 0.01 -22"><span class='ocrx_word' id='word_1_577' title='bbox 929 4742 1410 4829; x_wconf 79' lang='lat' dir='ltr'><strong>ALCUINI</strong></span> <span class='ocrx_word' id='word_1_578' title='bbox 1478 4746 1637 4830; x_wconf 88' lang='lat' dir='ltr'><strong>DE</strong></span> <span class='ocrx_word' id='word_1_579' title='bbox 1720 4746 2262 4834; x_wconf 91' lang='lat' dir='ltr'><strong>BAPTISMI</strong></span> <span class='ocrx_word' id='word_1_580' title='bbox 2330 4752 3078 4846; x_wconf 65' lang='lat' dir='ltr'><strong>CEREMONIIS</strong></span> 
     </span>
    </p>
   </div>
   <div class='ocr_carea' id='block_1_89' title="bbox 1202 4929 2812 5002">
    <p class='ocr_par' dir='ltr' id='par_1_89' title="bbox 1202 4929 2812 5002">
     <span class='ocr_line' id='line_1_89' title="bbox 1202 4929 2812 5002; baseline 0.006 -11"><span class='ocrx_word' id='word_1_581' title='bbox 1202 4931 1314 4992; x_wconf 83' lang='lat' dir='ltr'><strong>AD</strong></span> <span class='ocrx_word' id='word_1_582' title='bbox 1357 4929 1724 4996; x_wconf 78' lang='lat' dir='ltr'><strong>ODUINUM</strong></span> <span class='ocrx_word' id='word_1_583' title='bbox 1779 4934 2360 4998; x_wconf 78' lang='lat' dir='ltr'><strong>PBESBYTERUM</strong></span> <span class='ocrx_word' id='word_1_584' title='bbox 2402 4936 2812 5002; x_wconf 82' lang='lat' dir='ltr'><strong>EPISTOLA.</strong></span> 
     </span>
    </p>
   </div>
   <div class='ocr_carea' id='block_1_90' title="bbox 440 5138 3646 5237">
    <p class='ocr_par' dir='ltr' id='par_1_90' title="bbox 440 5138 3646 5237">
     <span class='ocr_line' id='line_1_90' title="bbox 440 5138 3646 5237; baseline 0.008 -38"><span class='ocrx_word' id='word_1_585' title='bbox 440 5144 663 5199; x_wconf 78' lang='lat' dir='ltr'><strong>Albinus</strong></span> <span class='ocrx_word' id='word_1_586' title='bbox 709 5139 967 5212; x_wconf 87' lang='lat' dir='ltr'><strong>magister</strong></span> <span class='ocrx_word' id='word_1_587' title='bbox 1022 5138 1133 5237; x_wconf 61' lang='lat' dir='ltr'><strong>lilio</strong></span> <span class='ocrx_word' id='word_1_588' title='bbox 1179 5138 1501 5237; x_wconf 69' lang='lat' dir='ltr'><strong>charissima</strong></span> <span class='ocrx_word' id='word_1_589' title='bbox 1545 5139 1779 5237; x_wconf 68' lang='lat' dir='ltr'><strong>Oduino_</strong></span> <span class='ocrx_word' id='word_1_590' title='bbox 1810 5140 1940 5213; x_wconf 66' lang='grc' dir='ltr'><strong>[Με.</strong></span> <span class='ocrx_word' id='word_1_591' title='bbox 1975 5143 2020 5203; x_wconf 90' lang='lat' dir='ltr'><strong>D</strong></span> <span class='ocrx_word' id='word_1_592' title='bbox 2047 5151 2101 5198; x_wconf 88' lang='lat' dir='ltr'><strong>te</strong></span> <span class='ocrx_word' id='word_1_593' title='bbox 2136 5143 2421 5222; x_wconf 76' lang='lat' dir='ltr'><strong>diligenter</strong></span> <span class='ocrx_word' id='word_1_594' title='bbox 2445 5163 2544 5218; x_wconf 87' lang='lat' dir='ltr'><strong>per</strong></span> <span class='ocrx_word' id='word_1_595' title='bbox 2575 5149 2776 5205; x_wconf 91' lang='lat' dir='ltr'><strong>donum</strong></span> <span class='ocrx_word' id='word_1_596' title='bbox 2813 5151 2909 5208; x_wconf 89' lang='lat' dir='ltr'><strong>Dei</strong></span> <span class='ocrx_word' id='word_1_597' title='bbox 2941 5156 3157 5214; x_wconf 89' lang='lat' dir='ltr'><strong>erudire</strong></span> <span class='ocrx_word' id='word_1_598' title='bbox 3183 5162 3418 5237; x_wconf 84' lang='lat' dir='ltr'><strong>curavi),</strong></span> <span class='ocrx_word' id='word_1_599' title='bbox 3443 5167 3515 5223; x_wconf 78' lang='lat' dir='ltr'><strong>ad</strong></span> <span class='ocrx_word' id='word_1_600' title='bbox 3547 5182 3646 5225; x_wconf 81' lang='lat' dir='ltr'><strong>co-</strong></span> 
     </span>
    </p>
   </div>
   <div class='ocr_carea' id='block_1_91' title="bbox 371 5225 1957 5304">
    <p class='ocr_par' dir='ltr' id='par_1_91' title="bbox 371 5225 1957 5304">
     <span class='ocr_line' id='line_1_91' title="bbox 371 5225 1957 5304; baseline 0.001 -18"><span class='ocrx_word' id='word_1_601' title='bbox 371 5225 598 5289; x_wconf 74' lang='grc' dir='ltr'><strong>Εἰηεὶάι.</strong></span> <span class='ocrx_word' id='word_1_602' title='bbox 621 5271 636 5299; x_wconf 88' lang='grc'><strong><em>,</em></strong></span> <span class='ocrx_word' id='word_1_603' title='bbox 668 5229 948 5297; x_wconf 89' lang='lat' dir='ltr'><strong>Oduuino;</strong></span> <span class='ocrx_word' id='word_1_604' title='bbox 1002 5226 1105 5285; x_wconf 79' lang='lat' dir='ltr'><strong>Ms.</strong></span> <span class='ocrx_word' id='word_1_605' title='bbox 1139 5228 1268 5300; x_wconf 79' lang='lat' dir='ltr'><strong>Reg.</strong></span> <span class='ocrx_word' id='word_1_606' title='bbox 1301 5225 1479 5284; x_wconf 74' lang='lat' dir='ltr'><strong>Paris.</strong></span> <span class='ocrx_word' id='word_1_607' title='bbox 1501 5271 1517 5290; x_wconf 88' lang='lat'><strong>.</strong></span> <span class='ocrx_word' id='word_1_608' title='bbox 1547 5230 1781 5304; x_wconf 81' lang='lat' dir='ltr'><strong>Adoino]</strong></span> <span class='ocrx_word' id='word_1_609' title='bbox 1811 5246 1957 5301; x_wconf 87' lang='lat' dir='ltr'><strong>pres-</strong></span> 
     </span>
    </p>
   </div>
   <div class='ocr_carea' id='block_1_92' title="bbox 368 5321 837 5394">
    <p class='ocr_par' dir='ltr' id='par_1_92' title="bbox 368 5321 837 5394">
     <span class='ocr_line' id='line_1_92' title="bbox 368 5321 837 5394; baseline -0.004 -16"><span class='ocrx_word' id='word_1_610' title='bbox 368 5321 560 5394; x_wconf 86' lang='lat' dir='ltr'><strong>bytero</strong></span> <span class='ocrx_word' id='word_1_611' title='bbox 587 5322 837 5379; x_wconf 90' lang='lat' dir='ltr'><strong>salutem.</strong></span> 
     </span>
    </p>
   </div>
   <div class='ocr_carea' id='block_1_93' title="bbox 438 5412 1956 5485">
    <p class='ocr_par' dir='ltr' id='par_1_93' title="bbox 438 5412 1956 5485">
     <span class='ocr_line' id='line_1_93' title="bbox 438 5412 1956 5485; baseline 0.001 -16"><span class='ocrx_word' id='word_1_612' title='bbox 438 5412 574 5482; x_wconf 79' lang='lat' dir='ltr'><strong>Quia</strong></span> <span class='ocrx_word' id='word_1_613' title='bbox 613 5413 796 5469; x_wconf 88' lang='lat' dir='ltr'><strong>divina</strong></span> <span class='ocrx_word' id='word_1_614' title='bbox 839 5413 1077 5470; x_wconf 83' lang='lat' dir='ltr'><strong>donante</strong></span> <span class='ocrx_word' id='word_1_615' title='bbox 1106 5412 1277 5484; x_wconf 83' lang='lat' dir='ltr'><strong>gratia</strong></span> <span class='ocrx_word' id='word_1_616' title='bbox 1320 5414 1387 5467; x_wconf 87' lang='lat' dir='ltr'><strong>ad</strong></span> <span class='ocrx_word' id='word_1_617' title='bbox 1430 5412 1483 5469; x_wconf 93' lang='lat' dir='ltr'><strong>id</strong></span> <span class='ocrx_word' id='word_1_618' title='bbox 1519 5413 1728 5470; x_wconf 88' lang='lat' dir='ltr'><strong>diutino</strong></span> <span class='ocrx_word' id='word_1_619' title='bbox 1753 5422 1807 5469; x_wconf 87' lang='lat' dir='ltr'><strong>te</strong></span> <span class='ocrx_word' id='word_1_620' title='bbox 1835 5430 1956 5485; x_wconf 88' lang='lat' dir='ltr'><strong>per-</strong></span> 
     </span>
    </p>
   </div>
   <div class='ocr_carea' id='block_1_94' title="bbox 263 5480 1947 5577">
    <p class='ocr_par' dir='ltr' id='par_1_94' title="bbox 263 5480 1947 5577">
     <span class='ocr_line' id='line_1_94' title="bbox 263 5480 1947 5577; baseline 0 -17"><span class='ocrx_word' id='word_1_621' title='bbox 263 5480 271 5487; x_wconf 26' lang='lat'><strong><em>.</em></strong></span> <span class='ocrx_word' id='word_1_622' title='bbox 312 5504 317 5509; x_wconf 85' lang='grc'><em>’</em></span> <span class='ocrx_word' id='word_1_623' title='bbox 367 5480 498 5560; x_wconf 74' lang='lat' dir='ltr'><strong>duxi</strong></span> <span class='ocrx_word' id='word_1_624' title='bbox 524 5504 732 5569; x_wconf 89' lang='lat' dir='ltr'><strong>labore,</strong></span> <span class='ocrx_word' id='word_1_625' title='bbox 754 5511 817 5559; x_wconf 91' lang='lat' dir='ltr'><strong>ut</strong></span> <span class='ocrx_word' id='word_1_626' title='bbox 835 5480 1153 5561; x_wconf 77' lang='lat' dir='ltr'><strong>sacerdotali</strong></span> <span class='ocrx_word' id='word_1_627' title='bbox 1183 5505 1388 5560; x_wconf 90' lang='lat' dir='ltr'><strong>honore</strong></span> <span class='ocrx_word' id='word_1_628' title='bbox 1413 5503 1542 5577; x_wconf 78' lang='lat' dir='ltr'><strong>[Ms.</strong></span> <span class='ocrx_word' id='word_1_629' title='bbox 1574 5480 1947 5571; x_wconf 42' lang='lat' dir='ltr'><strong>Eimidlq—sa-</strong></span> 
     </span>
    </p>
   </div>
   <div class='ocr_carea' id='block_1_95' title="bbox 366 5594 1941 5668">
    <p class='ocr_par' dir='ltr' id='par_1_95' title="bbox 366 5594 1941 5668">
     <span class='ocr_line' id='line_1_95' title="bbox 366 5594 1941 5668; baseline 0 -18"><span class='ocrx_word' id='word_1_630' title='bbox 366 5594 658 5650; x_wconf 86' lang='lat' dir='ltr'><strong>eerdotalis</strong></span> <span class='ocrx_word' id='word_1_631' title='bbox 679 5595 926 5667; x_wconf 90' lang='lat' dir='ltr'><strong>honoris]</strong></span> <span class='ocrx_word' id='word_1_632' title='bbox 946 5596 1139 5666; x_wconf 85' lang='lat' dir='ltr'><strong>dignus</strong></span> <span class='ocrx_word' id='word_1_633' title='bbox 1161 5596 1413 5651; x_wconf 87' lang='lat' dir='ltr'><strong>habearis</strong></span> <span class='ocrx_word' id='word_1_634' title='bbox 1434 5595 1525 5667; x_wconf 86' lang='lat' dir='ltr'><strong>(Et</strong></span> <span class='ocrx_word' id='word_1_635' title='bbox 1552 5594 1805 5668; x_wconf 90' lang='lat' dir='ltr'><strong>[utinam]</strong></span> <span class='ocrx_word' id='word_1_636' title='bbox 1834 5605 1941 5650; x_wconf 89' lang='lat' dir='ltr'><strong>tam</strong></span> 
     </span>
    </p>
   </div>
   <div class='ocr_carea' id='block_1_96' title="bbox 368 5681 1939 5757">
    <p class='ocr_par' dir='ltr' id='par_1_96' title="bbox 368 5681 1939 5757">
     <span class='ocr_line' id='line_1_96' title="bbox 368 5681 1939 5757; baseline 0.003 -22"><span class='ocrx_word' id='word_1_637' title='bbox 368 5683 647 5754; x_wconf 82' lang='lat' dir='ltr'><strong>eleganter</strong></span> <span class='ocrx_word' id='word_1_638' title='bbox 667 5681 792 5737; x_wconf 90' lang='lat' dir='ltr'><strong>illud</strong></span> <span class='ocrx_word' id='word_1_639' title='bbox 815 5683 868 5735; x_wconf 93' lang='lat' dir='ltr'><strong>in</strong></span> <span class='ocrx_word' id='word_1_640' title='bbox 896 5684 1054 5740; x_wconf 90' lang='lat' dir='ltr'><strong>domo</strong></span> <span class='ocrx_word' id='word_1_641' title='bbox 1073 5684 1168 5737; x_wconf 89' lang='lat' dir='ltr'><strong>Dei</strong></span> <span class='ocrx_word' id='word_1_642' title='bbox 1193 5686 1468 5740; x_wconf 82' lang='lat' dir='ltr'><strong>ministres</strong></span> <span class='ocrx_word' id='word_1_643' title='bbox 1493 5685 1747 5752; x_wconf 80' lang='lat' dir='ltr'><strong>ofﬁcium,</strong></span> <span class='ocrx_word' id='word_1_644' title='bbox 1778 5702 1939 5757; x_wconf 87' lang='lat' dir='ltr'><strong>quam</strong></span> 
     </span>
    </p>
   </div>
   <div class='ocr_carea' id='block_1_97' title="bbox 2055 5238 3635 5323">
    <p class='ocr_par' dir='ltr' id='par_1_97' title="bbox 2055 5238 3635 5323">
     <span class='ocr_line' id='line_1_97' title="bbox 2055 5238 3635 5323; baseline 0.016 -34"><span class='ocrx_word' id='word_1_645' title='bbox 2055 5238 2422 5305; x_wconf 88' lang='lat' dir='ltr'><strong>gnoscendum</strong></span> <span class='ocrx_word' id='word_1_646' title='bbox 2446 5240 2823 5298; x_wconf 88' lang='lat' dir='ltr'><strong>rationabilem</strong></span> <span class='ocrx_word' id='word_1_647' title='bbox 2844 5246 2984 5301; x_wconf 90' lang='lat' dir='ltr'><strong>sacri</strong></span> <span class='ocrx_word' id='word_1_648' title='bbox 3000 5246 3345 5320; x_wconf 82' lang='lat' dir='ltr'><strong>baptismatis</strong></span> <span class='ocrx_word' id='word_1_649' title='bbox 3365 5257 3635 5323; x_wconf 89' lang='lat' dir='ltr'><strong>ordinem,</strong></span> 
     </span>
    </p>
   </div>
   <div class='ocr_carea' id='block_1_98' title="bbox 2053 5326 3634 5417">
    <p class='ocr_par' dir='ltr' id='par_1_98' title="bbox 2053 5326 3634 5417">
     <span class='ocr_line' id='line_1_98' title="bbox 2053 5326 3634 5417; baseline 0.015 -37"><span class='ocrx_word' id='word_1_650' title='bbox 2053 5326 2121 5380; x_wconf 90' lang='lat' dir='ltr'><strong>de</strong></span> <span class='ocrx_word' id='word_1_651' title='bbox 2148 5328 2464 5386; x_wconf 89' lang='lat' dir='ltr'><strong>ministeriis</strong></span> <span class='ocrx_word' id='word_1_652' title='bbox 2498 5331 2626 5404; x_wconf 79' lang='lat' dir='ltr'><strong>[Ms.</strong></span> <span class='ocrx_word' id='word_1_653' title='bbox 2657 5334 2886 5391; x_wconf 77' lang='lat' dir='ltr'><strong>Einsidl.</strong></span> <span class='ocrx_word' id='word_1_654' title='bbox 2908 5380 2924 5403; x_wconf 89' lang='lat'><strong>,</strong></span> <span class='ocrx_word' id='word_1_655' title='bbox 2953 5343 3249 5417; x_wconf 82' lang='lat' dir='ltr'><strong>mysteriis]</strong></span> <span class='ocrx_word' id='word_1_656' title='bbox 3280 5347 3450 5404; x_wconf 85' lang='lat' dir='ltr'><strong>totius</strong></span> <span class='ocrx_word' id='word_1_657' title='bbox 3476 5348 3634 5404; x_wconf 81' lang='lat' dir='ltr'><strong>oﬂicii</strong></span> 
     </span>
    </p>
   </div>
   <div class='ocr_carea' id='block_1_99' title="bbox 2052 5417 3637 5509">
    <p class='ocr_par' dir='ltr' id='par_1_99' title="bbox 2052 5417 3637 5509">
     <span class='ocr_line' id='line_1_99' title="bbox 2052 5417 3637 5509; baseline 0.016 -38"><span class='ocrx_word' id='word_1_658' title='bbox 2052 5417 2151 5472; x_wconf 90' lang='lat' dir='ltr'><strong>tibi</strong></span> <span class='ocrx_word' id='word_1_659' title='bbox 2178 5418 2417 5476; x_wconf 89' lang='lat' dir='ltr'><strong>breviter</strong></span> <span class='ocrx_word' id='word_1_660' title='bbox 2454 5423 2693 5480; x_wconf 87' lang='lat' dir='ltr'><strong>scribere</strong></span> <span class='ocrx_word' id='word_1_661' title='bbox 2734 5427 2897 5495; x_wconf 86' lang='lat' dir='ltr'><strong>volui,</strong></span> <span class='ocrx_word' id='word_1_662' title='bbox 2924 5439 2985 5486; x_wconf 90' lang='lat' dir='ltr'><strong>ut</strong></span> <span class='ocrx_word' id='word_1_663' title='bbox 3007 5447 3306 5502; x_wconf 85' lang='lat' dir='ltr'><strong>cognoscas</strong></span> <span class='ocrx_word' id='word_1_664' title='bbox 3342 5452 3505 5509; x_wconf 87' lang='lat' dir='ltr'><strong>quam</strong></span> <span class='ocrx_word' id='word_1_665' title='bbox 3538 5454 3637 5496; x_wconf 86' lang='lat' dir='ltr'><strong>ne-</strong></span> 
     </span>
    </p>
   </div>
   <div class='ocr_carea' id='block_1_100' title="bbox 2050 5508 3636 5592">
    <p class='ocr_par' dir='ltr' id='par_1_100' title="bbox 2050 5508 3636 5592">
     <span class='ocr_line' id='line_1_100' title="bbox 2050 5508 3636 5592; baseline 0.013 -30"><span class='ocrx_word' id='word_1_666' title='bbox 2050 5508 2348 5563; x_wconf 86' lang='lat' dir='ltr'><strong>cessarium</strong></span> <span class='ocrx_word' id='word_1_667' title='bbox 2374 5511 2447 5565; x_wconf 90' lang='lat' dir='ltr'><strong>sit</strong></span> <span class='ocrx_word' id='word_1_668' title='bbox 2473 5513 2607 5568; x_wconf 88' lang='lat' dir='ltr'><strong>nihil</strong></span> <span class='ocrx_word' id='word_1_669' title='bbox 2629 5519 3040 5584; x_wconf 83' lang='lat' dir='ltr'><strong>praetermittere</strong></span> <span class='ocrx_word' id='word_1_670' title='bbox 3064 5523 3208 5592; x_wconf 89' lang='lat' dir='ltr'><strong>quod</strong></span> <span class='ocrx_word' id='word_1_671' title='bbox 3236 5540 3267 5579; x_wconf 89' lang='lat' dir='ltr'><strong>a</strong></span> <span class='ocrx_word' id='word_1_672' title='bbox 3300 5508 3505 5584; x_wconf 86' lang='lat' dir='ltr'><strong>sanctis</strong></span> <span class='ocrx_word' id='word_1_673' title='bbox 3530 5527 3636 5583; x_wconf 84' lang='lat' dir='ltr'><strong>Pa-</strong></span> 
     </span>
    </p>
   </div>
   <div class='ocr_carea' id='block_1_101' title="bbox 2050 5596 3633 5684">
    <p class='ocr_par' dir='ltr' id='par_1_101' title="bbox 2050 5596 3633 5684">
     <span class='ocr_line' id='line_1_101' title="bbox 2050 5596 3633 5684; baseline 0.014 -31"><span class='ocrx_word' id='word_1_674' title='bbox 2050 5600 2221 5655; x_wconf 90' lang='lat' dir='ltr'><strong>tribus</strong></span> <span class='ocrx_word' id='word_1_675' title='bbox 2245 5610 2518 5673; x_wconf 90' lang='lat' dir='ltr'><strong>sumptum</strong></span> <span class='ocrx_word' id='word_1_676' title='bbox 2548 5596 2633 5661; x_wconf 73' lang='lat' dir='ltr'><strong>est</strong></span> <span class='ocrx_word' id='word_1_677' title='bbox 2662 5605 2840 5679; x_wconf 73' lang='lat' dir='ltr'><strong>[Hss.,</strong></span> <span class='ocrx_word' id='word_1_678' title='bbox 2881 5620 3176 5684; x_wconf 86' lang='lat' dir='ltr'><strong>statutum;</strong></span> <span class='ocrx_word' id='word_1_679' title='bbox 3223 5617 3323 5676; x_wconf 83' lang='lat' dir='ltr'><strong>aL.</strong></span> <span class='ocrx_word' id='word_1_680' title='bbox 3364 5621 3633 5676; x_wconf 81' lang='lat' dir='ltr'><strong>constitu-</strong></span> 
     </span>
    </p>
   </div>
   <div class='ocr_carea' id='block_1_102' title="bbox 2049 5690 2712 5771">
    <p class='ocr_par' dir='ltr' id='par_1_102' title="bbox 2049 5690 2712 5771">
     <span class='ocr_line' id='line_1_102' title="bbox 2049 5690 2712 5771; baseline 0.017 -28"><span class='ocrx_word' id='word_1_681' title='bbox 2049 5698 2161 5743; x_wconf 90' lang='lat' dir='ltr'><strong>tum</strong></span> <span class='ocrx_word' id='word_1_682' title='bbox 2192 5690 2297 5764; x_wconf 90' lang='lat' dir='ltr'><strong>est]</strong></span> <span class='ocrx_word' id='word_1_683' title='bbox 2324 5692 2377 5746; x_wconf 91' lang='lat' dir='ltr'><strong>in</strong></span> <span class='ocrx_word' id='word_1_684' title='bbox 2408 5693 2498 5749; x_wconf 91' lang='lat' dir='ltr'><strong>illo</strong></span> <span class='ocrx_word' id='word_1_685' title='bbox 2519 5694 2712 5771; x_wconf 67' lang='lat' dir='ltr'><strong>cilicio.</strong></span> 
     </span>
    </p>
   </div>
  </div>
