3894 6182
295 290 384 342 (ἱιῦ

1085 286 1407 341 MORALIA.
1453 320 1518 326 -α
1557 289 1758 344 LIBER
1793 291 1879 345 DE
1921 291 2344 347 VIRTUTIBUS
2383 291 2470 346 ET
2513 292 2732 346 VITIIS.

3447 297 3550 352 GH

351 414 376 442 ι
417 401 602 460 Primo
626 415 868 471 paganus
910 401 1332 455 catcchumenus
1373 401 1460 466 ﬁt;
1501 401 1764 456 accedens
1793 405 1860 458 ad
1889 407 1936 468 Α
1969 403 2237 458 mersionc
2265 401 2588 472 baptizatur.
2635 402 2701 456 Et
2738 411 2884 456 recte
2923 402 3102 466 homo,
3135 402 3227 471 qui
3263 402 3327 456 ad
3367 405 3553 476 imagi-

283 491 608 562 baptismum
636 492 870 561 maligno
908 492 1183 546 renuntiat
1211 490 1392 562 [Mu.,
1433 491 1726 564 renuntiet]
1755 493 1863 562 spi-

281 583 402 640 ritui
446 591 505 638 et
541 581 792 637 omnibus
837 583 1116 638 damnosis
1163 583 1281 652 ejus
1319 591 1373 636 et
1412 581 1518 652 [ΑΙ.
1574 590 1629 636 et
1669 582 1862 654 omitt.]

278 675 508 746 pompis.
538 673 865 731 Exsuﬂlatur
887 674 1053 728 etiam
1074 681 1155 739 ut,
1180 675 1360 746 fugato
1387 676 1620 743 diabolo,
1648 677 1865 734 Christo

279 766 509 821 Domino
535 763 670 837 [AI.',
696 763 830 836 Deo]
861 773 1082 835 paretur
1104 766 1374 821 introitus.
1406 767 1776 833 Exoreizatnr,
1812 769 1864 823 id

278 865 378 923 est,
397 855 718 926 conjuratur
743 855 1010 926 malignus
1033 857 1278 926 spiritus,
1299 866 1360 912 ut
1375 867 1534 913 exeat
1553 859 1860 925 etrecedat,

277 949 416 1004 dans
477 947 656 1003 locum
716 947 829 1002 Deo
878 961 1028 1002 vero.
1082 947 1295 1018 Accipit
1353 950 1865 1007 catechumenorum

278 1038 406 1111 [Πε.
431 1037 602 1104 Fris,
631 1035 1078 1110 catechumenos]
1107 1038 1299 1104 salem,
1319 1048 1382 1094 ut
1403 1040 1618 1110 putrida
1640 1049 1696 1095 et
1721 1039 1864 1096 ﬂuxa

278 1129 392 1198 ejus
433 1137 659 1199 peccata
709 1128 992 1199 sapientiae
1027 1128 1160 1194 sale,
1199 1130 1380 1185 divino
1423 1144 1668 1195 munere,
1712 1147 1868 1186 mun-

278 1222 494 1276 dentur.
524 1219 734 1275 Deinde
769 1219 998 1289 symboli
1030 1221 1310 1289 apostolici
1358 1222 1589 1276 traditur
1627 1223 1676 1278 ei
1707 1222 1860 1290 ﬁdes,

277 1321 336 1368 ut
370 1328 545 1367 vacua
582 1314 793 1377 domus,
831 1321 885 1366 et
928 1328 958 1366 a
998 1315 1179 1382 prisco
1223 1313 1530 1368 habitatore
1581 1315 1860 1381 derelicta,

278 1403 382 1457 tide
408 1412 656 1469 ornetur,
704 1411 760 1456 et
793 1411 851 1456 ut
896 1411 1227 1472 praeparetur
1270 1405 1534 1459 habitatio
1574 1406 1685 1460 Deo
1731 1406 1858 1477 [Με.

279 1495 434 1566 Reg.,
470 1495 611 1566 Dei].
647 1495 796 1550 Tunc
836 1494 973 1550 ﬁunt
1008 1496 1296 1561 scrutinia,
1329 1507 1389 1550 ut
1413 1498 1725 1568 exploretur
1749 1515 1864 1554 ser-

277 1603 400 1651 vus,
428 1603 496 1640 an
533 1585 710 1658 [Mss.,
738 1587 1045 1656 exploretur
1063 1590 1260 1658 saepius
1283 1605 1444 1659 quam
1472 1590 1719 1664 ﬁrmiter]
1743 1603 1865 1663 post

280 1680 740 1733 renuntiationem
776 1678 994 1734 Satanae
1043 1695 1200 1735 sacra
1241 1681 1403 1736 verba
1447 1683 1586 1737 datae
1620 1683 1743 1739 ﬁdei
1779 1700 1864 1738 ra-

1965 507 2088 546 nem
2115 501 2318 546 sanctae
2339 492 2624 547 Trinitatis
2650 492 2900 547 conditus
2919 501 3023 556 est,
3040 508 3136 562 per
3156 494 3550 550 invocationem

1964 589 2168 636 sanctae
2193 579 2476 635 Trinitatis
2517 581 2584 635 ad
2623 581 2870 635 eamdem
2901 590 3196 636 renovatur
3236 582 3547 655 imaginem.

1965 671 2031 726 Et
2059 672 2184 740 quia
2223 673 2385 726 tertio
2415 670 2543 742 [Al.,
2573 673 2667 740 qui
2697 671 2874 744 terno]
2913 673 3082 743 gradu
3115 675 3346 743 peccati,
3387 675 3441 730 id
3467 684 3555 731 est

1965 777 2235 817 consensu
2262 803 2276 827 ,
2317 762 2513 816 cecidit
2554 763 2610 816 in
2663 771 2932 828 mortem,
2987 764 3153 818 tertio
3195 763 3438 820 elevatus
3484 765 3554 820 de

1966 851 2113 907 fonte
2156 867 2253 922 per
2280 853 2506 924 gratiam
2547 860 2796 924 resurgat
2835 852 2961 924 [Με.
3005 853 3152 926 Reg.,
3186 855 3452 929 resurget]
3483 858 3553 913 ad

1969 943 2152 998 vitam.
2182 942 2333 998 Tunc
2355 943 2491 998 albis
2527 943 2769 998 induitur
2787 945 3145 1011 vestimentis,
3177 956 3398 1017 propter
3417 963 3551 1018 gau—

1965 1032 2113 1088 dium
2136 1034 2580 1104 regenerationis,
2611 1049 2674 1090 ac
2717 1036 3027 1090 castitatem
3067 1037 3207 1101 vitre,
3240 1046 3296 1092 et
3322 1037 3553 1110 angelici

1965 1128 2268 1199 splendoris
2297 1128 2565 1183 decorem.
2607 1129 2758 1184 Tunc
2778 1145 2936 1184 sacro
2954 1129 3250 1185 chrismate
3267 1141 3432 1201 caput
3450 1147 3551 1185 un-

1964 1221 2108 1291 gitur
2129 1220 2278 1292 [Ms.,
2303 1220 2662 1293 perungitur],
2701 1231 2756 1276 et
2777 1223 3004 1292 mystico
3027 1222 3225 1292 tegitur
3245 1221 3547 1285 velamine;

1964 1318 2025 1364 ut
2071 1312 2331 1383 intelligat
2371 1329 2429 1366 se
2462 1313 2708 1368 diadema
2741 1315 2894 1384 regni
2920 1322 2969 1368 et
3010 1313 3296 1368 sacerdotii
3327 1312 3555 1384 dignita-

1967 1413 2074 1458 tem
2106 1413 2443 1473 perlaturum
2476 1403 2655 1476 [Mss.,
2701 1405 2965 1476 portare],
3000 1403 3155 1472 juxta
3180 1403 3495 1474 Apostolum
3530 1421 3545 1458 :

1975 1497 2077 1552 Vos
2105 1502 2226 1553 estis
2254 1515 2416 1569 genus
2449 1501 2620 1570 regale
2659 1510 2705 1554 et
2730 1498 3056 1554 sacerdotale
3075 1540 3088 1565 ,
3113 1501 3406 1572 _o/ferentes
3431 1514 3551 1551 vos-

1965 1600 2065 1644 met
2096 1591 2321 1644 Domino
2353 1589 2498 1662 [Ms.,
2530 1592 2638 1645 Deo
2671 1590 2806 1662 vivo]
2832 1593 3055 1644 hostiam
3089 1599 3325 1645 sanctam
3359 1600 3406 1643 et
3437 1588 3548 1642 Deo

1965 1681 2251 1752 placentem
2281 1681 2334 1754 (Ι
2362 1682 2509 1736 Petri
2534 1699 2594 1748 tt,
2621 1684 2685 1748 9;
2719 1682 2870 1736 Rom.
2897 1699 2994 1747 xu,
3017 1683 3088 1754 l).
3131 1681 3222 1737 Sic
3246 1695 3472 1751 corpore
3494 1690 3550 1734 et

281 1769 481 1823 dicitus
533 1770 693 1823 corde
744 1769 1012 1825 deﬁxerit.
1072 1773 1389 1842 Tanguntur
1441 1782 1496 1828 et
1547 1790 1706 1829 nares
1731 1817 1744 1838 ,
1801 1784 1861 1830 ut
1890 1764 1935 1822 B
1967 1775 2228 1844 sanguine
2270 1773 2550 1828 Dominico
2593 1774 2966 1838 conﬁrmatur,
2999 1781 3058 1827 ut
3086 1773 3226 1827 illius
3254 1773 3326 1827 sit
3354 1771 3554 1840 capitis

279 1858 525 1926 quandin
571 1860 818 1927 spiritum
876 1860 1098 1915 naribus
1138 1863 1337 1924 trahat,
1381 1863 1438 1916 in
1488 1863 1591 1918 ﬁde
1639 1873 1857 1934 accepta

278 1948 553 2016 perduret.
595 1948 789 2003 Pectus
821 1965 1033 2018 quoque
1059 1941 1232 2004 eidem
1274 1950 1400 2022 [Μδ.
1446 1949 1614 2015 Fris,
1642 1952 1854 2024 eodem]

277 2039 597 2108 perungitur
618 2039 756 2102 oleo,
787 2049 847 2093 ut
868 2041 1022 2110 signo
1047 2048 1248 2095 sancta:
1273 2042 1454 2094 crucis
1474 2041 1686 2096 diabolo
1706 2043 1853 2097 clau-

276 2129 440 2182 datur
480 2130 774 2200 ingressns.
819 2131 1114 2200 Signautur
1153 2138 1208 2185 et
1237 2131 1487 2201 scapulas,
1535 2140 1592 2185 ut
1623 2133 1857 2202 undique

279 2218 570 2271 muniatur.
602 2218 735 2272 ltem
766 2220 1092 2288 in—pcctoris
1138 2229 1193 2274 et
1238 2221 1472 2290 scapulte
1503 2222 1759 2278 unctione
1792 2224 1862 2278 si-

281 2315 475 2374 gnatur
517 2308 640 2362 ﬁdei
672 2310 915 2372 ﬁrmitas,
942 2319 998 2364 et
1042 2325 1264 2379 operum
1308 2311 1571 2366 bonorum
1617 2327 1864 2381 perseve-

276 2403 472 2452 rantia.
499 2400 565 2454 Et
591 2401 670 2455 sic
693 2401 748 2454 in
772 2403 988 2456 nomine
1009 2411 1214 2456 sancta:
1253 2401 1534 2456 Trinitatis
1567 2405 1708 2456 trina
1731 2403 1860 2456 sub-

1966 1865 2268 1919 membrum
2299 1865 2391 1932 qui
2420 1881 2518 1933 pro
2549 1879 2614 1918 eo
2646 1862 2778 1936 [Al.,
2813 1880 2912 1934 pro
2943 1862 3119 1940 nobis]
3165 1878 3356 1933 passus
3386 1869 3470 1916 est
3498 1871 3554 1914 et

1964 1957 2281 2011 resurrexit.
2325 1957 2630 2012 Novissime
2662 1973 2759 2026 per
2789 1957 3186 2026 impositionem
3226 1970 3482 2010 manuum
3517 1970 3549 2008 a

1964 2062 2176 2102 summo
2201 2047 2494 2103 Sacerdote
2520 2049 2850 2118 septiformis
2890 2049 3075 2120 gratiae
3106 2047 3366 2119 Spiritum
3405 2050 3551 2104 acci-

1965 2137 2062 2206 pit,
2095 2145 2154 2191 ut
2175 2139 2458 2192 roboretur
2479 2154 2577 2208 per
2599 2138 2860 2208 Spiritum
2889 2147 3135 2193 sanctum
3161 2140 3228 2192 ad
3248 2140 3551 2210 praedican-

1966 2227 2094 2281 dum
2123 2227 2263 2292 aliis,
2290 2230 2380 2298 qui
2409 2228 2508 2282 fuit
2544 2229 2598 2282 in
2629 2228 2896 2298 baptismo
2920 2243 3017 2298 per
3047 2229 3278 2299 gratiam
3300 2229 3426 2283 vitae
3453 2229 3551 2281 do-

1971 2326 2130 2372 natus
2157 2326 2372 2372 aeternae
2395 2316 2524 2388 [Αι.,
2549 2319 2724 2372 vita...
2749 2315 2993 2390 aeterna].

352 2546 375 2571 ι
418 2533 548 2587 V'ide
593 2534 732 2588 inter
763 2534 1036 2603 supposita
1071 2533 1265 2588 librum
1301 2535 1365 2588 de
1399 2535 1594 2589 divinis
1637 2533 1854 2600 Oﬂiciis,
1896 2552 2013 2604 cap.
2050 2537 2144 2600 l9;
2178 2547 2228 2588 rt
2259 2537 2415 2605 epist.
2449 2536 2534 2589 90.

921 2829 1082 2897 ms
1140 2815 1163 2842 '
1225 2807 2070 2974 OPUSCULUM
2157 2815 2856 2948 QUINTUM.

921 3019 1078 3100 DE
1130 3018 1858 3102 VIBTUTIBUS
1912 3021 2065 3104 ET
2125 3021 2470 3104 VITIIS
2554 3023 2900 3105 LIBER

1411 3201 1518 3258 AD
1564 3199 1843 3262 WIDON
1855 3201 1961 3261 EM
2021 3201 2414 3262 COMITEM.

605 3419 930 3476 EPISTOLA
975 3414 1526 3472 NUNCUPATORIA.

353 3515 713 3572 Dilectissimo
761 3511 869 3564 ﬁlio
918 3508 1135 3563 Widoni
1177 3506 1311 3578 [Al.,
1365 3504 1605 3576 lluitoni]
1652 3505 1856 3570 comiti,

287 3611 502 3666 humilis
527 3607 692 3661 levita
717 3603 969 3658 Alcuinus
999 3601 1247 3656 salutem.

355 3701 558 3754 Memor
597 3711 716 3750 sum
760 3692 1033 3763 petitionis
1073 3700 1176 3744 tua:
1203 3697 1259 3742 et
1291 3687 1667 3757 promissionis
1705 3702 1858 3750 meae,

288 3806 387 3860 qua
435 3802 522 3841 me
567 3785 763 3840 obnixe
804 3780 1074 3851 ﬂagitasti,
1121 3777 1296 3846 aliqua
1349 3784 1452 3829 tute
1501 3777 1858 3844 occupationi,

286 3895 442 3950 quam
475 3889 527 3932 tc
557 3879 610 3931 in
649 3875 852 3930 bellicis
891 3873 1050 3927 rebus
1079 3870 1279 3925 habere
1324 3869 1590 3933 novimus,
1616 3869 1865 3922 exhorta-

287 3980 465 4025 menta
511 3967 643 4040 [Al.,
688 3964 968 4034 aliquod...
1019 3957 1513 4029 exhortamentum]
1561 3958 1708 4012 brevi
1758 3973 1866 4012 ser-

286 4077 444 4115 mone
487 4056 851 4120 conscribere,
890 4061 950 4106 ut
993 4051 1194 4106 habeas
1221 4049 1352 4121 HL,
1384 4047 1632 4119 haberes]
1668 4047 1867 4116 jugiter

286 4153 427 4207 inter
479 4164 672 4204 manus
720 4145 1000 4202 manuales
1043 4142 1171 4214 [ΑΛ.
1216 4143 1268 4196 in
1321 4139 1594 4212 manibus]
1626 4150 1866 4209 paternae

284 4239 668 4295 admonitionis
699 4237 1032 4300 sententias,
1081 4233 1134 4287 in
1181 4231 1374 4301 quibus
1424 4232 1656 4302 teipsum
1694 4231 1869 4285 consi—

285 4335 480 4389 derare
509 4331 788 4386 debuisses
825 4326 958 4400 [Αι.,
991 4323 1314 4396 potuisses],
1354 4331 1515 4392 atque
1551 4323 1616 4378 ad
1652 4330 1868 4376 teternte

287 4421 634 4479 beatitudinis
660 4419 899 4475 excitare
926 4416 1162 4472 studium
1191 4429 1204 4466 :
1242 4415 1326 4468 cui
1363 4423 1468 4468 tam
1508 4415 1746 4468 honesta:
1771 4429 1866 4482 pe-

288 4512 464 4567 titioni
500 4510 731 4564 libenter
767 4523 853 4562 me
879 4520 1120 4561 annuere
1157 4504 1348 4568 fateor,
1385 4512 1580 4574 optans
1611 4519 1744 4558 mete
1778 4505 1870 4558 de-

289 4604 522 4660 votionis
548 4603 729 4672 apices
762 4601 855 4656 tibi
891 4600 959 4655 ad
987 4607 1302 4670 perpetuam
1332 4597 1594 4668 prolicere
1617 4597 1866 4652 salutem.

286 4697 433 4764 Quos
458 4695 644 4757 etiam,
680 4692 925 4762 quamvis
968 4693 1146 4745 minus
1181 4690 1498 4758 eloquenter
1527 4689 1712 4743 videas
1746 4704 1870 4743 esse

286 4788 619 4859 compositos
657 4784 762 4857 [ΑΙ.
783 4827 797 4852 ,
845 4785 1127 4840 videantur
1160 4799 1282 4839 esse
1317 4782 1647 4854 compositi],
1687 4791 1868 4838 tamen
1900 4771 1948 4829 Ῑ)

287 4880 595 4934 certissime
639 4879 778 4932 scito
836 4886 1040 4932 sanctae
1090 4877 1373 4932 charitatis
1412 4876 1603 4946 vigore
1653 4876 1872 4930 eosdem

291 4984 409 5023 esse
443 4968 692 5023 dictatos.
729 4966 965 5038 Singulis
997 4968 1261 5038 siquidem
1296 4964 1456 5034 hujus
1492 4966 1760 5021 sermonis
1789 4983 1874 5022 se-

293 5061 424 5114 riem
476 5059 698 5114 distinxi
752 5058 1029 5129 capitulis,
1087 5067 1356 5128 quatenus
1411 5057 1622 5112 facilius
1677 5067 1874 5113 vestrae

297 5147 398 5220 [AL
431 5149 559 5220 tuae]
593 5149 895 5205 devotionis
929 5150 1204 5206 memoriae
1229 5151 1343 5204 haec
1372 5163 1494 5203 mea
1528 5147 1672 5202 dicta
1705 5148 1873 5204 inhae-

298 5253 412 5294 rere
460 5241 794 5310 potuissent;
851 5241 1030 5298 sciens
1077 5248 1129 5295 te
1180 5240 1236 5294 in
1287 5239 1471 5296 multis
1533 5239 1871 5295 saecularium

301 5344 476 5384 rerum
515 5331 933 5402 cogitationibus
965 5342 1303 5403 occupatum.
1345 5331 1500 5388 Unde
1527 5346 1717 5402 precor
1751 5349 1875 5387 san-

299 5427 440 5474 ctum
481 5421 672 5477 salutis
709 5431 901 5478 vestrae
927 5423 1067 5495 [Al.,
1104 5432 1308 5480 sancta:
1345 5424 1535 5480 salutis
1567 5423 1694 5496 tum]
1731 5425 1874 5480 desi-

302 5509 524 5576 derium,
554 5513 623 5566 ad
675 5513 864 5568 harum
899 5515 1123 5584 sapius,
1175 5516 1328 5585 quasi
1375 5515 1443 5569 ad
1478 5514 1746 5585 quoddam
1795 5531 1875 5570 rc-

367 5624 746 5695 ‘_Yideantur,
777 5640 897 5694 qua:
929 5626 995 5680 de
1032 5627 1134 5680 hoc
1161 5625 1419 5695 opusculo
1455 5625 1876 5695 praenolavimus

307 5689 355 5744 in
409 5693 610 5748 Monito
667 5689 884 5766 praevio.
941 5695 1014 5749 Ea
1061 5689 1310 5766 quae-hic
1366 5689 1579 5750 uncinis
1623 5695 1874 5750 conclusa

1894 3413 1941 3474 C
1972 3427 2190 3466 currere
2242 3413 2512 3480 solatium,
2551 3415 2854 3470 litterarum
2885 3417 3206 3486 lectionem;
3244 3433 3302 3478 ut
3340 3426 3554 3485 animus

1963 3503 2323 3558 exterioribus
2346 3504 2602 3576 fatigatus
2630 3507 2915 3574 molestiis,
2953 3510 3020 3564 ad
3040 3513 3275 3582 seipsum
3298 3531 3554 3573 reversus

1963 3595 2199 3659 habeat,
2253 3597 2306 3648 in
2338 3611 2444 3664 quo
2475 3599 2734 3667 gaudeat;
2777 3607 2832 3654 et
2869 3615 2977 3670 quo
3013 3605 3247 3659 maxime
3296 3605 3554 3662 festinare

1964 3685 2175 3748 debeat,
2218 3686 2497 3765 intelligat.
2539 3687 2688 3743 Sicut
2735 3705 2884 3745 meas
2909 3691 3040 3761 [Al.,
3079 3696 3222 3748 sicut
3253 3711 3354 3766 ego
3390 3713 3420 3750 a
3467 3714 3554 3754 mc

1965 3774 2086 3844 has]
2117 3775 2406 3843 diligenter
2431 3775 2686 3846 ﬂagitasti
2718 3781 2820 3847 piae
2843 3781 3239 3838 exhortationis
3269 3784 3550 3852 litterulas,

1967 3864 2038 3916 ita
2079 3873 2131 3916 te
2158 3863 2434 3916 humiliter
2460 3865 2714 3932 deposco,
2753 3876 2812 3921 ut
2841 3870 3060 3923 easdem
3084 3875 3280 3941 saepius
3315 3874 3554 3946 relegere

1966 3953 2224 4023 digneris.
2257 3951 2338 4006 Ob
2373 3953 2474 4007 hoc
2502 3962 2668 4018 tuam,
2699 3956 3047 4013 dilectissime
3073 3961 3169 4026 ﬁli,
3209 3963 3552 4020 dilectionem

1966 4045 2162 4098 obnixe
2192 4045 2473 4113 deprecor,
2498 4054 2554 4098 ut
2583 4045 2810 4114 plurima
2848 4048 2940 4102 tibi
2967 4050 3080 4118 ipse
3107 4050 3238 4122 [Al.,
3267 4063 3326 4108 ut
3348 4059 3550 4126 optima

1968 4137 2062 4189 tibi
2110 4136 2232 4208 ipsi]
2280 4137 2744 4208 eleemosynarum
2786 4141 3092 4212 largitione,
3133 4156 3187 4200 et
3211 4144 3454 4214 iudicum
3487 4166 3552 4205 ac

1961 4226 2283 4295 iudiciorum
2319 4230 2593 4300 aequitate,
2621 4240 2676 4286 et
2701 4235 3082 4292 misericordiae
3107 4238 3412 4305 sedulitate,
3445 4255 3555 4296 caa-

1967 4318 2120 4373 lestis
2154 4317 2335 4389 gloria:
2363 4320 2751 4379 habitationem
2780 4326 3050 4383 indefessa
3097 4330 3371 4386 voluntate
3415 4349 3554 4402 prte—

1967 4425 2159 4482 parare
2205 4413 2443 4470 studeas.
2478 4414 2534 4469 ln
2567 4432 2675 4486 quo
2708 4431 2869 4487 opere
2900 4428 2955 4474 et
2985 4421 3255 4476 desiderio
3291 4431 3341 4476 te
3371 4424 3551 4480 divina

1969 4506 2255 4562 clementia
2305 4524 2521 4579 semper
2567 4510 2763 4580 ubique
2807 4511 3060 4581 adjuvare
3106 4516 3356 4588 dignetur
3403 4517 3556 4590 [dile-

1968 4599 2211 4655 ctissime
2243 4600 2363 4673 ﬁli].

2354 4731 2511 4801 129
2548 4731 2774 4786 CAPUT
2815 4732 3083 4790 ramum
3123 4710 3171 4790 δ’.

2575 4843 2651 4898 De
2676 4846 2952 4914 sapientia.

2046 4964 2284 5020 Primum
2315 4966 2444 5038 [Al.,
2477 4967 2680 5040 Primo]
2705 4971 2946 5024 omnium
2971 4974 3317 5041 quaerendum
3345 4976 3553 5034 homini

1973 5063 2206 5125 estquae
2232 5056 2302 5109 sit
2345 5071 2470 5109 vera
2513 5057 2737 5112 scientia
2781 5074 3016 5130 veraque
3051 5065 3315 5131 sapientia
3360 5083 3373 5118 :
3427 5071 3553 5135 quia

1974 5147 2233 5216 sapientia
2255 5145 2413 5215 hujus
2441 5147 2622 5201 mundi
2643 5148 2870 5204 stultitia
2893 5159 2970 5204 est
2993 5152 3135 5220 apud
3157 5151 3325 5206 Deum
3350 5151 3400 5224 (I
3426 5152 3549 5209 Cor.

1973 5254 2058 5302 ιιι,
2090 5238 2196 5310 19).
2237 5236 2474 5294 Scientia
2524 5255 2651 5295 vera
2691 5249 2776 5296 est
2813 5257 2844 5296 a
2890 5242 3084 5298 diaboli
3133 5245 3374 5311 servitio,
3407 5246 3552 5317 quod

1975 5337 2104 5382 sunt
2175 5337 2427 5398 peccata,
2498 5332 2786 5397 recedere;
2857 5342 2914 5389 et
2983 5335 3249 5405 sapientia
3313 5337 3554 5408 perfecta

1975 5428 2060 5476 est
2098 5419 2266 5474 Deum
2299 5421 2476 5476 colere
2504 5423 2798 5478 secundum
2835 5426 3213 5482 mandatorum
3241 5427 3383 5485 illius
3408 5429 3554 5484 veri-

1977 5520 2144 5566 tatem
2191 5530 2202 5564 :
2253 5513 2376 5582 quia
2418 5513 2470 5567 in
2514 5513 2599 5568 his
2645 5514 2852 5570 duobus
2890 5515 3020 5588 [Al.,
3069 5518 3218 5584 add,
3261 5519 3554 5594 mandatis]

1978 5625 2321 5702 exhibentur,
2362 5641 2429 5679 ex
2484 5625 2648 5681 variis
2706 5628 2860 5683 codd.
2913 5645 3026 5702 mss
3066 5631 3550 5702 ﬁdeprompsimus.

2053 5697 2081 5736 ι)
2119 5695 2230 5749 lloc
2259 5705 2420 5765 caput
2441 5711 2570 5767 pars
2590 5706 2673 5752 est
2701 5700 2970 5755 sermonis
2994 5701 3097 5756 505
3129 5695 3185 5756 Ξῖ
3213 5695 3512 5772 Augustini.
