3894 6182
362 314 465 369 615

1175 310 1235 365 Β.
1277 311 1336 366 F.
1379 309 1600 365 ALBINI
1642 309 1772 364 εει]
1813 307 2086 363 ALCUINI
2126 310 2408 367 OPERUM
2447 311 2626 369 PARS
2662 312 2749 367 IV.

3502 320 3619 375 626

357 430 469 484 vita
504 428 661 482 beata
697 426 1014 495 acquiritur,
1050 424 1192 479 sicut
1217 424 1503 479 Psalmista
1552 425 1630 478 ait
1668 443 1681 477 :
1721 424 1925 479 Diverte
1954 426 2002 484 Α
2029 425 2170 478 mino
2196 424 2327 496 [Al.,
2354 426 2508 499 Deo],
2534 436 2590 481 ut
2609 429 2699 499 qui
2724 426 2895 499 diligit
2919 428 3199 486 Dominum
3230 431 3363 505 [A|.,
3389 434 3611 507 Deum),

355 537 389 573 a
415 517 555 573 malo
594 527 642 572 et
689 516 773 586 [ac
816 517 1004 570 bonum
1044 515 1214 588 (Psol.
1249 531 1442 579 xxxm,
1479 516 1587 587 15).
1626 515 1743 571 Non
1784 518 1928 572 enim

356 608 553 665 sufﬁcit
580 608 831 677 cuiquam
867 606 1009 662 mala
1031 621 1138 661 non
1172 605 1370 672 facere,
1395 607 1501 662 nisi
1524 609 1688 662 etiam
1707 617 1764 663 et
1787 608 1929 664 bona

358 702 561 759 iaciat:
596 717 699 758 nec
752 702 896 757 bona
943 701 1148 767 facere,
1194 702 1297 758 nisi
1342 702 1506 757 etiam
1540 710 1598 759 et
1640 703 1777 758 mala
1818 720 1927 761 nou

344 793 661 847 committat
683 791 789 865 [ΑΙ.
818 800 874 849 et
897 792 1037 847 mala
1072 791 1325 862 amittat].
1351 789 1540 848 Omnis
1565 809 1694 857 ergo
1730 795 1824 850 aui
1848 796 1928 849 sic

355 884 573 953 sapiens
600 891 711 946 est,
751 882 934 952 procul
968 881 1128 936 dubio
1157 881 1348 936 beatus
1381 882 1488 936 erit
1525 884 1578 937 in
1628 896 1926 952 aeternum;

356 976 511 1030 beata
542 976 805 1045 siquidem
840 972 995 1045 [vita]
1021 981 1108 1028 est
1132 971 1370 1045 cognitio
1393 973 1717 1043 divinitatis;
1748 979 1930 1049 cogni-

356 1066 431 1121 tio
465 1065 639 1137 [vero]
673 1065 969 1120 divinitatis
1010 1064 1181 1118 virtus
1214 1064 1341 1119 boui
1375 1066 1555 1134 operis
1591 1074 1676 1121 est
1708 1085 1721 1121 :
1754 1068 1928 1123 virtus

357 1158 477 1211 boni
508 1157 688 1225 operis
716 1156 921 1210 fructus
950 1164 1035 1211 est
1063 1164 1282 1211 aeterna:
1309 1156 1674 1213 beatitudinis.

974 1264 1200 1322 CAPUT
1235 1264 1298 1319 ll.

1016 1376 1093 1430 De
1120 1375 1244 1445 fide.

421 1492 529 1548 Sed
563 1494 677 1547 lucc
721 1490 956 1561 cognitio
995 1491 1294 1546 divinitatis
1335 1499 1391 1547 et
1428 1494 1653 1548 scientia
1683 1494 1925 1549 veritatis

348 1599 447 1653 per
488 1582 649 1637 ﬁdem
688 1580 1009 1636 catholicam
1049 1580 1306 1636 discenda
1355 1592 1468 1647 est;
1507 1584 1630 1653 quia
1669 1585 1781 1638 sine
1821 1583 1927 1653 ﬁde

349 1671 662 1742 impossibile
692 1680 766 1725 est
791 1670 995 1740 placere
1027 1670 1135 1724 Deo
1162 1670 1347 1739 (Ile'br.
1373 1689 1450 1737 ιι,
1476 1673 1551 1741 6).
1578 1672 1715 1728 Vere
1736 1674 1924 1730 beatus

348 1772 451 1825 est,
480 1762 571 1830 qui
595 1769 651 1816 et
676 1767 820 1815 recte
842 1760 1110 1814 credendo
1130 1760 1268 1814 bene
1288 1761 1437 1825 vivit,
1461 1770 1517 1815 et
1533 1762 1668 1816 bene
1695 1763 1924 1817 vivendo
1954 1757 2001 1818 Β

349 1852 509 1907 ﬁdem
547 1860 749 1906 rectam
791 1850 1045 1906 custodit.
1086 1850 1253 1920 Igitur
1282 1852 1422 1906 sicut
1464 1853 1635 1907 otiosa
1659 1861 1744 1906 est
1789 1853 1923 1908 ﬁdes

347 1944 465 1999 sine
496 1943 747 2014 operibus
776 1942 996 2015 [bonis],
1028 1944 1101 1998 ita
1125 1943 1254 1998 nihil
1279 1944 1570 2014 proﬁciunt
1596 1960 1760 2014 opera
1783 1946 1921 2000 bona

347 2036 465 2090 sine
504 2034 608 2090 ﬁde
644 2043 809 2090 recta.
851 2034 1004 2090 Unde
1046 2043 1102 2089 et
1147 2035 1337 2089 beatus
1375 2034 1606 2089 Jacobus
1651 2035 1923 2105 apostolus

345 2124 482 2180 dixit
508 2144 521 2179 :
558 2124 698 2191 Quid
723 2124 972 2196 proderit,
1004 2124 1193 2194 fratres
1216 2125 1335 2188 mei,
1374 2125 1419 2179 si
1445 2123 1600 2193 ﬁdem
1635 2125 1752 2194 quis
1782 2124 1921 2179 dicat

345 2234 400 2270 se
437 2216 645 2279 habere,
684 2233 841 2287 opera
876 2227 1051 2270 autem
1088 2233 1193 2270 non
1227 2216 1388 2286 faciat
1422 2215 1609 2289 [Codd.
1648 2233 1779 2272 mss.
1828 2218 1925 2272 Ita-

345 2306 518 2379 beat]?
549 2306 676 2361 Nun
691 2307 803 2378 ,uid
832 2308 1018 2377 poterit
1039 2307 1170 2376 ﬁdes
1200 2308 1405 2361 salvare
1429 2308 1590 2361 eum?
1615 2305 1776 2362 Fides
1810 2309 1923 2364 sine

345 2397 584 2469 operibus
616 2406 823 2451 mortua
848 2406 920 2450 est
959 2396 1149 2469 [Codd.
1183 2414 1338 2463 mss.,
1387 2399 1555 2451 otiosa
1597 2398 1716 2470 est].
1774 2396 1922 2452 Sicut

342 2488 481 2539 enim
517 2504 703 2557 corpus
728 2487 839 2540 sine
867 2487 1055 2557 spiritu
1080 2496 1343 2541 mortuum
1367 2498 1461 2551 est,
1491 2489 1564 2540 ita
1589 2498 1637 2541 et
1657 2488 1786 2557 ﬁdes
1812 2488 1922 2542 sine

345 2581 584 2650 operibus
619 2591 824 2634 mortua
848 2591 923 2635 est
956 2581 1095 2652 (Jac.
1127 2598 1189 2647 ιι,
1216 2582 1282 2635 14
1303 2582 1468 2653 seqq.)
1500 2601 1512 2635 :
1541 2582 1606 2637 de
1640 2581 1792 2650 Cujus
1825 2599 1921 2638 ex-

343 2671 590 2727 cellentia
620 2680 706 2726 est
740 2672 959 2726 alterius
990 2674 1244 2742 temporis
1289 2674 1591 2743 disputare;
1632 2676 1757 2746 quia
1794 2676 1918 2731 bre-

342 2760 595 2825 viarium,
624 2761 765 2829 quod
800 2762 865 2816 de
901 2761 1167 2816 mandatis
1204 2762 1297 2816 Dei
1327 2763 1423 2817 tibi
1458 2765 1641 2834 petisti
1675 2766 1920 2821 districto

342 2866 591 2907 sermone
616 2853 731 2908 ﬁeri
762 2866 813 2921 τι,
838 2853 1283 2925 profundissimas
1312 2856 1377 2911 de
1408 2856 1511 2911 ﬁde
1542 2857 1805 2913 catholica
1831 2873 1921 2913 ra-

349 2940 525 2997 tiones
570 2941 764 3015 [Edit.,
812 2945 1107 3010 orationes,
1152 2945 1436 3019 mendose]
1484 2947 1754 3017 explicare
1810 2964 1916 3005 non

353 3033 573 3102 poterit.

952 3126 1179 3186 CAPUT
1215 3128 1301 3185 III.

935 3236 1012 3291 De
1056 3238 1328 3292 eharitate.

408 3345 467 3399 lu
501 3349 782 3416 praeceptis
816 3364 946 3403 vero
977 3348 1072 3404 Dei
1119 3351 1356 3405 charitas
1400 3351 1609 3405 obtinet
1648 3351 1919 3422 principa-

341 3445 476 3499 tum,
504 3436 621 3491 sine
650 3435 803 3504 cujus
838 3436 1167 3506 perfectione
1202 3438 1338 3492 nihil
1368 3438 1477 3495 Deo
1510 3439 1724 3507 placere
1754 3456 1914 3510 posse

339 3522 535 3579 Paulus
558 3531 791 3579 testatur
818 3524 1096 3593 apostolus
1119 3524 1170 3597 (I
1191 3524 1313 3581 Cor.
1342 3527 1490 3599 nn),
1514 3528 1605 3596 qui
1639 3544 1741 3584 nec
1772 3545 1917 3584 mar-

340 3619 539 3690 tyrium
573 3631 673 3671 nec
703 3616 880 3672 saeculi
910 3622 1298 3687 contemptum,
1324 3632 1425 3673 nec
1449 3618 1914 3691 eleemosynarnm

338 3710 698 3782 largitionem,
731 3708 848 3763 sine
894 3709 1175 3764 cbaritatis
1208 3708 1384 3765 ofﬁcio
1421 3711 1710 3782 quidquam
1755 3715 1916 3785 proﬁ-

336 3818 461 3858 cere
486 3794 651 3871 posse
678 3798 808 3872 [Αι.,
841 3799 1121 3872 prodesse]
1155 3802 1409 3857 ostendit.
1438 3801 1567 3858 lude
1588 3812 1644 3859 et
1668 3804 1782 3875 ipse
1804 3805 1913 3860 Do-

336 3896 516 3951 minus
568 3910 598 3948 a
651 3894 884 3963 quodam
940 3893 1117 3949 scriba
1164 3895 1529 3966 interrogatus
1575 3898 1717 3966 quod
1770 3907 1915 3952 esset

337 3983 646 4039 mandatum
680 3984 996 4048 maximum,
1029 3984 1311 4054 respondit
1348 4002 1360 4039 :
1398 3985 1595 4056 Diliges
1629 3986 1912 4041 Dominum

336 4073 503 4129 Deum
538 4083 685 4129 tuum
716 4089 781 4128 ea:
803 4083 911 4128 toto
943 4073 1100 4128 corde
1131 4084 1241 4140 tuo,
1270 4086 1319 4128 et
1352 4091 1416 4129 ex
1444 4085 1554 4130 tota
1584 4078 1762 4131 anima
1798 4087 1906 4142 tua,

334 4177 384 4221 et
431 4182 496 4221 ex.
540 4175 649 4219 tota
693 4175 862 4220 mente
891 4174 1002 4219 tua.
1051 4164 1271 4219 Addidit
1302 4182 1517 4237 quoque
1554 4186 1566 4221 :
1611 4167 1911 4223 Secundum

334 4265 508 4311 autem
544 4256 712 4310 simile
745 4264 820 4309 est
842 4255 962 4308 huic
987 4270 1005 4308 :
1034 4253 1232 4325 Diliges
1261 4259 1558 4326 proximum
1592 4269 1739 4315 tuum
1774 4263 1909 4315 sicut

332 4347 584 4418 teipsum;
610 4348 663 4400 in
692 4346 773 4400 his
810 4345 1013 4399 duobus
1054 4346 1316 4401 mandatis
1350 4359 1461 4403 tota
1500 4349 1611 4404 Lea:
1642 4352 1828 4422 pendet
1858 4361 1910 4406 et

2027 512 2210 584 diligat
2236 526 2284 569 et
2321 518 2616 587 proximum
2647 517 2701 589 (I
2723 517 2885 572 Joan.
2916 535 2988 584 Iv,
3020 520 3131 593 21).
3161 522 3219 579 Si
3249 524 3392 581 forte
3421 530 3617 598 quisli-

2024 606 2119 660 bet
2142 616 2347 676 quzerat
2367 609 2489 679 quis
2510 609 2581 663 sit
2604 610 2900 678 proximus,
2934 611 3072 666 sciat
3098 628 3314 670 omnem
3350 616 3617 675 Christia~

2026 713 2157 751 num
2192 706 2336 753 recte
2378 699 2680 768 proximum
2706 700 2829 764 dici,
2858 702 2984 771 quia
3020 717 3211 759 omnes
3245 706 3301 760 in
3335 706 3614 777 baptismo

2026 788 2118 842 ﬁlii
2151 788 2243 843 Dei
2271 789 2692 856 sanctiﬁcarnur,
2718 800 2779 844 ut
2815 791 3012 847 fratres
3043 795 3215 850 simus
3251 798 3610 866 spirituallter

2026 878 2083 932 in
2116 878 2383 932 cbaritate
2416 879 2672 947 perfecta.
2712 879 2951 936 Nobilior
2999 891 3085 937 est
3125 886 3404 954 generatio
3449 890 3619 960 spiri-

2026 969 2188 1024 tualis
2219 985 2382 1039 quam
2408 972 2670 1035 carnalis,
2702 972 2768 1027 de
2791 988 2899 1042 qua
2937 975 2992 1028 in
3028 975 3319 1048 Evangelia
3350 980 3467 1049 ipsa
3499 980 3610 1036 Ve-

2023 1060 2161 1114 ritas
2187 1060 2308 1114 ait:
2358 1060 2477 1115 Nisi
2521 1062 2638 1133 quis
2677 1073 2890 1120 renatus
2926 1064 3059 1137 [Al.,
3112 1069 3291 1142 natus]
3336 1071 3496 1140 fuerit
3538 1089 3609 1127 ea:

2025 1167 2165 1221 aqua
2203 1161 2253 1205 et
2288 1149 2486 1222 Spiritu
2521 1152 2746 1226 [sancto]
2769 1195 2783 1219 ,
2814 1173 2915 1210 non
2943 1167 3109 1227 potest
3158 1161 3377 1216 introire
3414 1164 3469 1217 in
3511 1181 3601 1219 re-

2024 1260 2183 1313 gnum
2216 1244 2314 1299 Dei
2341 1244 2523 1317 (Joan.
2551 1263 2633 1310 ιιι,
2664 1249 2741 1316 5).
2772 1249 2954 1305 Discat
2983 1252 3147 1308 homo
3174 1269 3293 1323 qua:
3319 1267 3443 1312 sunt
3458 1273 3607 1329 pras-

2027 1343 2178 1405 cepta
2199 1335 2316 1400 Dei,
2346 1345 2401 1391 et
2429 1353 2492 1391 ea
2515 1340 2784 1394 custodiat
2806 1349 3071 1410 quantum
3096 1344 3277 1399 valeat
3307 1364 3319 1398 :
3353 1356 3409 1401 et
3431 1349 3512 1402 sic
3541 1365 3604 1404 se

2025 1437 2315 1497 cognoscat
2357 1429 2673 1484 charitatem
2719 1431 2813 1487 Dei
2867 1433 3086 1488 habere.
3136 1434 3372 1502 Quorum
3419 1440 3604 1511 aliqua

2025 1524 2132 1571 tua:
2162 1518 2466 1585 ostendere,
2493 1520 2841 1576 dilectissime
2868 1522 2963 1588 ﬁli,
2986 1524 3255 1582 devotioni
3282 1531 3603 1586 nominatim

2026 1607 2249 1671 curabo,
2278 1617 2336 1662 ut
2369 1612 2554 1679 paucis
2578 1612 2864 1668 intellectis
2885 1613 3016 1686 [ΑΙ.,
3043 1620 3359 1694 perspectis]
3389 1620 3606 1678 facilius

2025 1699 2251 1755 aliorum
2284 1701 2507 1758 virtutes
2533 1703 2833 1775 intelligere
2860 1706 3041 1762 valeas
3067 1709 3114 1762 δ.

2548 1835 2705 1906 130
2740 1836 2967 1894 CAPUT
3004 1840 3089 1896 IV.

2691 1946 2771 2002 De
2804 1966 2914 2018 spe.

2095 2051 2219 2107 Tria
2249 2053 2460 2122 quidem
2493 2056 2599 2128 [ΑΙ.
2620 2099 2635 2122 ,
2673 2063 2939 2134 quaedam]
2975 2067 3251 2134 proposuit
3277 2068 3472 2124 anima:
3499 2086 3602 2125 no-

2024 2149 2151 2196 atra:
2197 2146 2503 2200 necessaria
2541 2149 2789 2219 egregius
2835 2154 3074 2219 gentium
3116 2155 3324 2222 doctor,
3357 2158 3542 2216 dicens
3584 2179 3598 2214 :

2024 2229 2175 2302 Spes,
2204 2234 2356 2303 ﬁdes,
2398 2237 2647 2304 Charitas,
2686 2242 2790 2296 tria
2813 2242 2924 2297 haec
2953 2258 2972 2296 :
3006 2246 3183 2317 major
3218 2259 3387 2303 autem
3411 2252 3494 2305 his
3520 2262 3604 2306 est

2023 2324 2253 2378 charitas
2293 2324 2344 2395 (1
2374 2322 2496 2380 Cur.
2531 2343 2649 2393 xm,
2683 2330 2791 2401 13).
2819 2332 2989 2389 Nemo
3021 2336 3203 2406 igitur,
3239 2342 3484 2408 quamvis
3513 2342 3605 2395 in-

2023 2413 2171 2483 genti
2196 2423 2540 2484 peccatorum
2564 2418 2804 2487 pondere
2827 2432 3124 2492 prematur,
3150 2425 3216 2482 de
3241 2427 3478 2484 bonitate
3505 2431 3601 2485 di-

2020 2503 2161 2557 vinae
2205 2504 2423 2572 pietatis
2452 2506 2738 2576 desperare
2775 2511 2935 2568 debet
2965 2531 2978 2568 :
3013 2515 3106 2570 sed
3132 2532 3222 2587 spe
3245 2527 3402 2572 certa:
3430 2519 3590 2590 μίση

2021 2593 2191 2665 certa]
2220 2596 2600 2653 misericordia:
2624 2600 2765 2657 illius
2793 2603 3170 2675 indulgentiam
3195 2608 3293 2662 sibi
3318 2611 3596 2678 quotidia-

2020 2687 2107 2741 nis
2129 2687 2404 2758 deprecari
2427 2691 2707 2763 lacrymis;
2738 2709 2899 2764 quam
2922 2706 3070 2753 recte
3102 2714 3313 2769 sperare
3337 2713 3593 2772 possunt,

2022 2776 2067 2832 si
2092 2776 2159 2831 ab
2186 2780 2397 2835 actione
2416 2783 2567 2850 pravi
2592 2785 2772 2853 operis
2793 2788 3099 2845 cessabunt.
3115 2791 3239 2847 Ideo
3256 2807 3352 2848 nec
3369 2804 3598 2864 propter

2020 2883 2170 2937 spem
2198 2871 2367 2924 venize
2400 2883 2813 2941 perseveranter
2836 2893 3063 2948 peccare
3100 2882 3376 2948 debemus,
3417 2901 3598 2955 neque

2020 2960 2143 3029 quia
2172 2961 2312 3016 Deus
2332 2963 2476 3032 juste
2502 2974 2722 3033 peccata
2749 2968 2923 3037 punit,
2947 2972 3160 3027 veniam
3188 2973 3473 3044 desperare
3498 2976 3595 3031 de.

2020 3048 2213 3107 bemus
2241 3070 2252 3105 :
2283 3054 2377 3108 sed
2398 3062 2626 3126 utroque
2659 3059 2898 3128 periculo
2925 3062 3146 3130 evitato,
3174 3072 3230 3119 et
3258 3081 3290 3119 a
3320 3067 3460 3123 malo
3492 3070 3591 3125 de-

2021 3140 2303 3207 clinemus,
2333 3152 2388 3198 et
2414 3144 2480 3200 de
2505 3147 2703 3215 pietate
2736 3149 2832 3205 Dei
2859 3153 3072 3208 veniam
3097 3169 3393 3226 Speremus.
3426 3158 3599 3214 Simi-

2018 3231 2142 3288 litcr
2164 3242 2220 3289 et
2246 3235 2301 3289 in
2325 3237 2472 3291 omni
2494 3238 2899 3296 tribulationum
2927 3245 3192 3315 angustia,
3231 3263 3324 3317 spe
3347 3249 3415 3303 ad
3448 3250 3597 3305 sola-

2018 3324 2153 3378 tium
2210 3341 2457 3395 supernaa
2503 3328 2720 3397 pietatis
2763 3334 3089 3389 currendum
3117 3345 3224 3402 est,
3255 3340 3380 3408 quia
3414 3341 3469 3393 in
3500 3340 3598 3396 illo

2017 3414 2132 3470 solo
2158 3416 2335 3472 omnis
2362 3432 2485 3487 spes
2510 3430 2565 3475 et
2587 3421 2732 3477 salus
2757 3423 2874 3478 sine
2895 3424 3055 3480 dubio
3080 3428 3349 3493 consistit,
3377 3430 3598 3488 dicente

2015 3504 2284 3574 Propheta
2318 3524 2333 3561 :
2378 3506 2447 3562 In
2494 3508 2604 3564 Deo
2632 3511 2865 3568 salutare
2904 3532 3075 3570 meum
3114 3528 3164 3571 et
3210 3518 3378 3589 gloria
3424 3540 3541 3577 mea
3575 3542 3598 3578 :

2017 3593 2158 3649 Deus
2209 3597 2397 3651 auxilii
2442 3600 2564 3666 mei,
2615 3612 2662 3656 et
2712 3620 2827 3674 spes
2867 3622 2981 3660 mea
3020 3607 3072 3662 in
3114 3607 3219 3664 Deo
3258 3621 3333 3665 est
3389 3609 3595 3679 (Psal.

2015 3702 2125 3752 ut,
2155 3686 2230 3758 8).

2639 3784 2867 3843 CAPUT
2908 3790 2969 3845 ν.

2491 3886 2511 3913 ο
2549 3874 2628 3930 De
2652 3877 2887 3934 lectionis
2918 3882 3113 3937 studio.

2085 3984 2407 4042 Sanctarum
2437 3987 2600 4044 lectio
2627 3988 3030 4060 Scripturarum
3066 3996 3259 4053 divinae
3286 4007 3369 4053 est
3400 3990 3597 4072 cogni-

2014 4075 2090 4128 tio
2126 4075 2491 4133 beatitudinis.
2536 4078 2593 4132 ιιι
2630 4079 2712 4135 his
2735 4082 2881 4136 enim
2909 4087 3064 4152 quasi
3105 4087 3159 4141 in
3197 4090 3425 4159 quodam
3467 4108 3596 4161 spe-

2010 4168 2133 4223 culo
2157 4170 2318 4227 homo
2338 4172 2571 4242 seipsum
2599 4176 2946 4233 considerare
2971 4186 3167 4248 potest,
3190 4182 3363 4251 qualis
3386 4183 3478 4248 sit,
3505 4186 3593 4240 vel

2009 4274 2118 4329 quo
2147 4262 2348 4315 tendat.
2397 4262 2581 4318 Lectio
2614 4266 2828 4321 assidua
2859 4268 3108 4338 puriﬁcat
3135 4272 3391 4336 animam,
3424 4273 3593 4328 timo-

2010 4366 2125 4404 rem
2146 4351 2338 4406 incutit
2361 4353 2638 4423 gehennae,
2671 4356 2738 4409 ad
2770 4358 2963 4427 gaudia
2984 4374 3215 4428 superna
3241 4376 3336 4416 cor
3363 4361 3594 4432 instigat

330 4439 593 4510 propheta:
626 4436 839 4510 (Matth.
868 4453 1003 4499 xm,
1032 4437 1101 4491 ’56
1132 4438 1283 4509 seq.).
1319 4440 1471 4506 Quod
1492 4458 1621 4496 vero
1651 4443 1727 4497 ait
1763 4460 1776 4497 :
1821 4443 1906 4501 Ea:
1931 4453 1987 4516 ι)
2010 4437 2256 4508 legentis.
2287 4440 2389 4506 Qui
2421 4442 2535 4495 vult
2560 4459 2683 4497 cum
2713 4444 2823 4501 Deo
2848 4461 3062 4517 semper
3087 4464 3238 4514 esse,
3269 4449 3592 4522 frequenter

330 4538 436 4584 toto
464 4528 638 4595 corde,
675 4536 866 4582 estote
889 4528 1085 4592 anima,
1114 4544 1179 4582 ea:
1212 4538 1322 4582 tota
1356 4540 1545 4596 mente,
1579 4532 1755 4596 idest,
1789 4542 1905 4588 toto

332 4619 603 4675 intellectu
631 4659 646 4684 ,
695 4627 801 4673 tota
854 4618 1166 4684 voluntate,
1223 4628 1279 4674 et
1330 4636 1397 4676 ex
1451 4623 1597 4677 omni
1645 4626 1903 4680 memoria

330 4711 501 4766 Deum
533 4726 654 4766 esse
689 4711 1033 4783 diligendum.
1085 4711 1179 4767 Dei
1215 4727 1342 4768 vero
1376 4711 1591 4768 dilectio
1628 4713 1683 4768 in
1722 4714 1907 4770 obser-

331 4800 545 4855 vatione
595 4799 968 4855 mandatorum
1002 4799 1116 4869 ejus
1155 4809 1264 4856 tota
1293 4802 1561 4868 consistit,
1593 4803 1735 4858 sicut
1780 4803 1904 4859 alibi

330 4891 444 4943 ait:
475 4888 537 4945 Si
568 4889 683 4960 quis
708 4888 877 4958 diligit
916 4905 1013 4949 me,
1050 4905 1314 4944 sermones
1350 4907 1488 4946 meos
1523 4902 1690 4946 seruat
1721 4891 1900 4963 (Joan.

329 4998 440 5049 xw,
472 4982 586 5053 93).
622 4980 775 5037 Unde
814 4981 926 5050 ipsa
950 4979 1162 5036 Veritas
1187 4981 1308 5037 alibi
1340 4984 1416 5037 ait
1453 5002 1464 5037 :
1493 4983 1557 5038 In
1583 4985 1679 5039 hoc
1709 5002 1902 5055 cogno-

327 5082 469 5128 scent
496 5088 671 5127 omnes
696 5110 713 5135 ,
751 5070 875 5142 quia
905 5071 1002 5124 mei
1039 5071 1282 5140 discrpuli
1314 5074 1466 5136 estis,
1500 5074 1547 5127 si
1577 5074 1903 5129 dilectionem

329 5165 616 5221 habueritis
650 5162 719 5218 ad
746 5162 962 5217 invicem
995 5160 1184 5229 (lbid.,
1222 5179 1343 5227 χιιι,
1375 5164 1487 5235 55).
1520 5164 1651 5219 Item
1673 5165 1905 5235 Aposto-

330 5258 413 5312 lus
438 5277 452 5312 :
478 5256 760 5312 Plenitudo
785 5254 910 5323 legis
946 5262 1019 5308 est
1046 5252 1253 5308 dilectio
1285 5254 1461 5324 (Rom.
1492 5273 1608 5320 xm,
1638 5258 1746 5330 lO).
1771 5258 1901 5313 Item

327 5347 565 5404 Joannes
593 5346 919 5417 evangelista
949 5364 962 5399 :
1002 5342 1116 5398 lloc
1145 5344 1451 5399 mandatum
1475 5346 1720 5425 habemus
1743 5366 1774 5401 a
1796 5348 1905 5403 Do-

403 5516 427 5543 ε·
468 5502 565 5559 Ms.
590 5503 646 5557 S.
675 5502 860 5558 Jacobi
886 5502 1166 5557 Scotorum
1190 5522 1211 5573 7:
1242 5500 1380 5568 Quia
1403 5503 1734 5567 breviarium,
1763 5507 1903 5573 quod

331 5575 396 5628 de
431 5573 692 5627 mandatis
746 5573 837 5626 Dei
890 5572 1114 5627 scribere
1162 5572 1502 5638 decrevimus,
1553 5572 1901 5643 profundissi-

387 5659 465 5694 as.
496 5651 601 5694 etc.

387 5661 444 5694 as
496 5661 601 5694 etc.

331 5661 382 5698 ’κ
397 5723 429 5775 ρ
450 5682 523 5763 Ἰιι
545 5709 661 5763 cod.
695 5725 793 5762 ms.
827 5710 884 5763 S.
909 5708 1090 5764 Jacobi
1118 5710 1303 5765 ultima
1335 5712 1597 5766 sententia
1627 5712 1703 5767 sic
1727 5715 1902 5780 expri-

2010 4528 2168 4583 debet
2193 4544 2347 4585 orare
2373 4529 2727 4607 [frequenter]
2749 4545 2804 4590 et
2819 4536 3014 4607 legere.
3037 4538 3171 4594 Nam
3197 4556 3319 4595 cum
3340 4556 3580 4607 oramus,

2008 4621 2107 4691 ipsi
2150 4638 2273 4677 cum
2311 4623 2423 4678 Deo
2460 4624 2727 4695 loquimur
2769 4645 2782 4681 :
2834 4644 2957 4684 cum
2993 4645 3121 4686 vero
3150 4632 3404 4703 legimus,
3436 4634 3589 4690 Deus

2006 4712 2286 4768 nobiscum
2338 4712 2594 4783 loquitur.
2637 4716 2923 4773 Geminum
2955 4721 3167 4777 confert
3192 4724 3389 4779 donum
3418 4725 3590 4783 lectio

2006 4810 2316 4858 sanctarum
2346 4803 2763 4875 Scripturarum,
2786 4810 2899 4865 sive
2921 4811 3044 4880 quia
3074 4813 3401 4870 intellectum
3426 4832 3588 4872 men-

2006 4894 2078 4948 tis
2106 4895 2301 4961 erudit,
2328 4911 2424 4951 seu
2451 4899 2595 4967 quod
2622 4915 2651 4953 a
2682 4903 2867 4956 mundi
2896 4904 3226 4961 vanitatibus
3246 4908 3586 4966 abstractum

2006 4987 2281 5042 hominem
2316 4989 2382 5043 ad
2418 5005 2656 5046 amorem
2687 4991 2784 5047 Dei
2808 4995 3073 5062 perducit.
3119 4996 3298 5054 Labor
3318 4999 3588 5057 honestus

2004 5086 2085 5132 est
2115 5078 2359 5134 lectionis
2385 5079 2689 5153 [studium],
2712 5092 2768 5137 et
2789 5085 3015 5140 multum
3041 5087 3108 5141 ad
3135 5091 3581 5147 emundationem

2005 5171 2196 5225 animae
2220 5173 2453 5240 proﬁcit.
2482 5171 2634 5228 Sicut
2658 5174 2801 5229 enim
2822 5191 2888 5230 ex
2916 5178 3224 5236 carnalibus
3251 5182 3390 5238 escis
3414 5182 3590 5238 alitur

2004 5278 2154 5326 caro,
2185 5265 2259 5319 ita
2285 5279 2350 5319 ex
2391 5267 2585 5321 divinis
2622 5267 2850 5337 eloquiis
2886 5271 3113 5327 interior
3140 5275 3303 5330 homo
3338 5278 3589 5332 nutritur

2004 5364 2059 5409 et
2082 5358 2341 5425 pascitur,
2366 5358 2506 5413 sicut
2530 5358 2813 5414 Psalmista
2840 5362 2917 5415 ait
2947 5380 2960 5417 :
2995 5364 3167 5430 Quam
3192 5365 3367 5420 dulcia
3398 5367 3583 5437 fauci-

2003 5509 2168 5565 mitur
2206 5525 2219 5564 :
2265 5510 2500 5586 Quorum
2548 5514 2724 5586 aliqua
2762 5514 2977 5586 dignum
3020 5529 3093 5572 est
3120 5519 3337 5573 breviter
3362 5521 3589 5579 demon-

2001 5589 2188 5659 strare,
2227 5590 2282 5633 ut
2318 5582 2529 5659 facilius
2566 5582 2774 5639 virtutes
2798 5582 2919 5640 alite
2944 5589 3409 5659 possintjntelligi.

2075 5661 2097 5685 ο
2139 5648 2250 5705 lloc
2276 5648 2395 5721 cap.
2425 5653 2459 5705 5
2486 5669 2611 5722 pars
2631 5664 2713 5711 est
2736 5648 3002 5715 sermonis
3020 5657 3125 5727 392
3148 5656 3203 5712 S.
3232 5648 3367 5733 Aug".
