3894 6182
1706 166 1949 181 ο.---·-

235 264 352 321 617
1026 254 1359 314 MORALIA.
1395 285 1471 296 --
1500 254 1708 311 LIBER
1747 254 1835 312 DE
1872 252 2294 312 V'IRTUTIBUS
2330 254 2419 310 ET
2458 253 2675 311 Vl’I'IlS.
3396 261 3503 316 6l8

230 379 389 436 cibus
401 372 531 431 meis
545 374 754 446 eloquia
777 380 890 438 tua.
907 373 1167 430 Domine!
1175 389 1334 445 super
1355 370 1458 428 mel
1470 380 1521 428 et
1540 371 1720 443 {auum
1749 371 1829 424 ori
1857 378 1902 435 Α
1929 368 2054 423 dam
2083 367 2180 423 Dei
2206 367 2631 424 misericordiam
2658 370 3042 430 misericordiae
3068 375 3322 446 operibus
3358 377 3513 446 adju-

232 484 357 526 utea
377 463 553 541 (Psal.
585 479 773 529 csvm,
798 463 944 535 £05).
970 463 1080 521 Sed
1105 464 1195 520 ille
1220 464 1569 520 beatissimus
1598 468 1704 527 est,
1730 460 1823 531 qui
1928 473 2139 515 vemur.
2186 457 2470 526 Quomodo
2517 475 2548 514 a
2597 460 2711 516 Deo
2753 463 3185 520 misericordiam
3231 475 3512 536 exspectat

229 557 455 621 divinas
488 555 800 627 Scripturas
841 555 1047 626 legens,
1107 555 1273 611 verba
1321 553 1486 610 vertit
1530 554 1587 610 in
1638 566 1822 623 opera.

229 645 431 707 Omnis
453 647 617 719 plane
638 645 920 716 Scriptura
945 654 1131 701 sancta
1156 646 1228 702 ad
1253 652 1495 701 nostram
1519 643 1722 713 scripta
1742 649 1830 696 εει

228 744 494 808 salutem,
549 750 615 796 ut
656 738 1010 813 proﬁciamus
1051 738 1105 794 in
1143 738 1227 795 eis
1274 738 1332 793 in
1375 735 1625 792 veritatis
1649 734 1830 805 cogni-

230 837 410 893 tione.
448 833 661 904 Saepius
687 846 866 888 (secus
884 829 1110 886 oﬂ'endit
1129 844 1289 899 quam
1310 828 1500 883 videns
1522 845 1538 881 τ
1570 827 1650 882 sic
1678 826 1831 898 igno-

224 943 368 984 rans
395 926 571 999 legem
597 924 697 979 Dei
733 922 931 993 sapius
968 921 1285 992 ignoranter
1311 927 1522 989 peccat,
1552 933 1715 988 quam
1741 916 1829 974 ille

225 1019 333 1090 qui
378 1017 500 1074 scit.
549 1014 704 1071 Sicut
737 1028 915 1071 caecus
955 1013 1076 1072 sine
1117 1011 1361 1077 ductore,
1391 1009 1472 1066 sic
1515 1009 1679 1064 homo
1711 1007 1829 1063 sine

225 1111 459 1176 ductore
485 1106 631 1169 viam
658 1112 863 1167 rectam
892 1103 982 1158 vix
1015 1101 1278 1174 graditur.

849 1232 1078 1291 CAPUT
1129 1230 1219 1295 VI.

906 1326 987 1385 De
1005 1342 1153 1399 pace.

307 1448 566 1507 Salvator
593 1446 663 1505 ad
688 1445 907 1502 Patrem
928 1441 1167 1508 rediens,
1190 1441 1344 1513 quasi
1373 1438 1607 1511 speciale
1634 1453 1831 1495 munus

223 1538 514 1612 discipulis
534 1536 684 1608 pacis
704 1535 854 1592 dedit
879 1542 1168 1607 praecepta,
1192 1535 1416 1590 dicens:
1448 1530 1646 1588 Pacem
1659 1547 1830 1594 meam

221 1633 306 1690 de
334 1628 501 1694 vobis,
541 1643 724 1700 pacem
767 1625 1004 1697 relinquo
1049 1625 1190 1680 vobis
1239 1623 1425 1696 (Joan.
1475 1640 1590 1689 xxv,
1616 1623 1731 1695 27).
1770 1623 1832 1678 In

1931 549 2087 622 [Ms.,
2115 549 2347 622 sperat],
2379 550 2473 621 qui
2515 551 2750 609 crudelis
2788 561 2874 611 est
2920 554 2975 611 in
3017 569 3309 613 conservos
3349 558 3512 614 suos!

1931 642 2086 699 Sicut
2109 644 2234 714 quis
2264 644 2414 714 cupit
2440 643 2610 699 Deum
2640 646 2745 713 sibi
2784 646 3054 715 misereri,
3075 649 3151 704 ita
3181 658 3237 705 et
3254 650 3513 707 miserea-

1930 744 2021 791 tur
2045 735 2379 792 debitoribus
2406 736 2540 803 suis,
2564 735 2877 807 Certissime
2897 740 3286 813 indulgentiam
3313 758 3509 814 exspe-

1930 834 2081 883 ctare
2095 825 2247 899 [Ms.,
2265 827 2508 903 sperare]
2531 830 2752 899 poterit,
2775 831 2869 901 qui
2889 832 3011 899 aliis
3041 833 3319 916 indulgere
3340 836 3507 890 novit.

1929 919 2013 974 Ad
2060 919 2447 975 misericordia
2470 935 2604 991 opus
2634 921 2840 992 optimo
2886 937 2985 977 nos
3013 922 3067 978 in
3096 923 3388 996 Evangelio
3408 925 3514 980 Do—

1931 1007 2113 1063 minus
2138 1008 2387 1079 exemplo
2411 1010 2711 1076 roboravit,
2733 1011 2821 1067 ubi
2854 1013 2931 1069 ait
2961 1032 2974 1068 :
3005 1013 3187 1070 Estote
3217 1017 3514 1072 misericor-

1930 1100 2043 1165 des,
2065 1100 2201 1155 sicut
2225 1110 2275 1155 et
2302 1101 2465 1156 Pater
2489 1112 2652 1158 vester
2680 1104 2898 1159 ctelestis
2942 1106 3238 1163 misericors
3270 1117 3366 1163 est.
3408 1107 3513 1174 Qui

1931 1188 2095 1245 solem
2116 1206 2271 1245 suum
2299 1191 2431 1245 oriri
2460 1191 2586 1261 facit
2615 1209 2771 1264 super
2811 1194 2970 1249 bonos
3011 1207 3060 1250 et
3084 1195 3271 1261 malos,
3305 1205 3353 1251 et
3381 1196 3513 1268 pluit

1840 1361 1857 1380 '
1931 1303 2088 1358 super
2105 1286 2280 1357 juslos
2303 1294 2353 1341 et
2377 1286 2603 1357 injustas
2631 1287 2781 1360 (Luc.
2811 1305 2892 1356 vx,
2927 1288 3039 1362 '56).
3084 1290 3272 1347 Omnis
3301 1289 3513 1344 miseri-

1933 1376 2118 1432 cordia
2146 1376 2309 1432 faciet
2352 1374 2531 1432 Iocum
2576 1379 2869 1451 unicuique
2917 1380 3213 1435 secundum
3261 1380 3513 1448 meritum

1934 1482 2156 1539 operum
2186 1468 2426 1524 suorum.
2452 1468 2555 1535 Qui
2596 1469 2729 1535 facit
2746 1471 3194 1543 misericordiam,
3221 1472 3333 1539 Deo
3358 1471 3518 1526 offert

1935 1558 2265 1615 sacriﬁcium
2313 1559 2504 1627 salutis
2552 1559 2705 1632 [Ms.,
2745 1562 2901 1635 satis]
2943 1562 3224 1633 placabile.
3250 1562 3311 1631 In
3333 1561 3516 1631 judice

1933 1648 2308 1705 misericordia
2336 1656 2393 1705 et
2421 1649 2705 1721 disciplina
2732 1650 2893 1709 debet
2917 1666 3038 1713 esse
3062 1670 3075 1707 :
3107 1651 3233 1723 quia
3259 1666 3368 1719 una
3398 1653 3516 1709 sine

401 1737 499 1831 “:5
525 1719 835 1831 ἀίωίίίθνξη
1013 1733 1125 1831 δίζε
1150 1718 1446 1831 ingnia?”
1469 1715 1831 1831 Ρτοίξξίδαξηδ
1859 1738 1905 1801 Β
1932 1739 2108 1795 altera
2132 1739 2271 1805 bene
2291 1754 2412 1795 esse
2437 1715 2577 1795 ηοιι-
2586 1742 2760 1813 possit
2788 1739 2936 1815 [Με.,
2965 1715 3211 1831 poterit].
3243 1715 3380 1817 Nam
3408 1748 3513 1803 mi-

226 1816 413 1870 voluit
440 1813 589 1878 dare,
617 1826 740 1886 quae
764 1810 1107 1867 desiderabat
1131 1809 1349 1872 rediens
1385 1808 1442 1863 in
1470 1808 1724 1865 omnibus
1746 1807 1830 1861 in-

224 1905 449 1965 venire.
521 1901 686 1973 Cujus
746 1901 899 1972 pacis
959 1905 1284 1965 ornamenta
1340 1897 1667 1955 mirabiliter
1722 1895 1830 1951 alio

230 1994 487 2051 ostendit
528 1991 676 2057 loco,
719 1992 907 2050 dicens
936 2005 952 2044 :
992 1989 1142 2055 Beati
1176 1988 1420 2059 pacifici,
1453 1987 1703 2063 quoniam
1729 1987 1830 2057 ﬁlii

236 2087 343 2142 Dei
384 2084 729 2169 eocabuntur.
745 2080 960 2154 (Matth.
992 2097 1047 2148 v,
1093 2080 1173 2152 9).
1207 2080 1286 2141 En
1310 2079 1480 2135 Filius
1504 2078 1601 2139 Dei
1647 2078 1835 2148 incipit

1937 2101 2092 2171 iudex
2129 2119 2238 2159 non
2286 2105 2584 2169 mere-bitur
2626 2092 2658 2169 ἐι
2707 2107 2819 2169 Deo
2858 2109 3288 2167 misericordiam

230 2179 445 2245 vocari,
469 2177 562 2248 qui
583 2167 847 2249 paciﬁcus
875 2188 998 2229 esse
1020 2173 1138 2244 jam
1164 2170 1350 2241 coepit.
1373 2168 1492 2226 Non
1517 2168 1632 2225 vult
1662 2167 1833 2224 Filius

231 2272 339 2330 Dei
381 2269 509 2335 dici,
552 2268 645 2340 qui
675 2280 863 2338 pacem
907 2262 1147 2320 noluerit
1191 2260 1463 2332 amplecti.
1512 2257 1687 2329 Negat
1729 2257 1833 2316 sibi

232 2363 464 2421 Patrem
503 2360 693 2423 Deum.
739 2357 831 2428 qui
878 2353 1138 2427 paciﬁcus
1183 2368 1306 2410 esse
1357 2350 1671 2407 contemnit.
1725 2347 1834 2404 Sed

232 2455 357 2533 haec
384 2467 491 2525 pax
522 2466 646 2506 cum
675 2448 833 2506 bonis
858 2455 916 2502 et
937 2446 1035 2503 Dei
1063 2451 1335 2515 praecepta
1363 2441 1713 2498 servantibus
1737 2454 1836 2503 cu-

233 2529 523 2598 stodienda
570 2548 675 2605 est,
722 2554 832 2601 non
874 2552 1000 2599 cum
1041 2534 1243 2605 iniquis
1294 2541 1352 2588 et
1392 2530 1694 2596 sceleratis,
1738 2529 1833 2600 qui

229 2650 435 2707 pacem
476 2635 617 2689 inter
639 2648 700 2688 se
726 2632 931 2691 habent
951 2632 1006 2686 in
1033 2629 1274 2703 peccatis
1309 2628 1442 2687 suis.
1490 2626 1603 2697 Pas
1626 2624 1831 2683 Christi

232 2727 309 2783 ad
334 2725 566 2782 salutem
595 2722 809 2794 prolicit
829 2722 1237 2792 sempiternam.
1261 2719 1374 2775 Pax
1393 2732 1514 2789 qua:
1540 2718 1596 2777 in
1619 2714 1833 2775 diabolo

232 2826 353 2885 est,
380 2816 448 2873 ad
477 2822 791 2892 perpetuam
815 2813 1066 2889 pervenit
1088 2810 1222 2885 [Al.,
1251 2809 1421 2883 ducit]
1454 2808 1829 2882 perditionem.

236 2910 360 2974 Pax
381 2924 507 2966 cum
526 2907 703 2973 bonis,
726 2914 781 2962 et
802 2905 1000 2961 bellum
1021 2919 1147 2963 cum
1165 2902 1339 2969 vitiis,
1355 2914 1570 2974 semper
1588 2898 1834 2959 habenda

241 3008 354 3056 est.
406 2996 549 3052 Mala
591 2996 859 3068 siquidem
918 2995 1201 3051 hominum
1242 2993 1532 3067 impiorum
1579 2991 1705 3048 odio
1737 2990 1836 3046 ba-
1928 3020 1931 3023 ν

1929 1831 2226 1921 sericordia
2259 1831 2373 1887 sola
2395 1832 2441 1887 si
2490 1831 2674 1899 fuerit,
2702 1835 3049 1891 securitatem
3078 1835 3210 1893 facit
3255 1841 3514 1921 peccandi

1930 1919 2204 1989 subjectis.
2235 1920 2458 1987 Iterum,
2488 1922 2535 1978 si
2566 1922 2853 1999 disciplina
2899 1924 3014 1980 sola
3064 1919 3278 2008 semper
3321 1930 3514 1995 aderit.

1929 2013 2162 2068 vertitbr
2201 2014 2417 2069 animus
2464 2014 2827 2085 delinquentis
2872 2015 2927 2086 in
2970 2017 3431 2090 desperationem,
3460 2032 3518 2078 et

3345 2133 3359 2178 :
3419 2114 3514 2172 sed

1931 2196 2074 2251 hanc
2121 2196 2555 2264 misericordiam
2597 2214 2627 2252 a
2668 2199 2850 2269 seipso
2879 2200 3039 2257 debet
3062 2203 3226 2258 homo
3252 2205 3511 2277 incipere.

1932 2284 2210 2353 Quomodo
2235 2287 2291 2342 in
2318 2286 2440 2343 aliis
2467 2296 2553 2343 est
2579 2289 2915 2357 misericors,
2942 2292 3037 2363 qui
3080 2292 3136 2355 in
3164 2295 3347 2366 seipso
3393 2312 3517 2355 cru-

1931 2378 2068 2434 delis
2107 2378 2223 2434 est?
2266 2379 2328 2435 In
2356 2380 2537 2451 seipse
2559 2380 2794 2438 crudelis
2818 2391 2925 2448 est,
2955 2384 3048 2455 qui
3085 2385 3189 2451 sibi
3224 2397 3516 2467 perpetuas

1930 2470 2172 2549 peccatis
2223 2470 2338 2527 suis
2382 2480 2541 2542 parat
2578 2471 2844 2530 ﬂammas.
2876 2474 3021 2531 Bene
3062 2477 3375 2540 misericors
3410 2492 3514 2549 est.

1932 2563 2027 2634 qui
2057 2578 2089 2616 a
2114 2562 2296 2634 seipse
2319 2562 2532 2634 incipit,
2554 2571 2611 2619 et
2637 2578 2699 2620 se
2725 2564 3013 2638 diligenter
3035 2569 3291 2637 custodit,
3323 2588 3393 2629 ne
3418 2589 3518 2646 pu-

1933 2654 2117 2709 niatur
2167 2669 2291 2710 cum
2337 2655 2573 2721 diabolo,
2601 2664 2658 2712 et
2692 2657 2773 2713 sic
2820 2657 2943 2717 aliis
2970 2668 3211 2741 praastet,
3233 2663 3375 2732 quod
3412 2664 3515 2731 sibi

1931 2745 2137 2802 bonum
2156 2761 2277 2801 esse
2303 2747 2582 2820 perspicit.

2499 2882 2529 2923 ι’
2555 2880 2784 2940 CAPUT
2812 2882 2925 2942 VIII

2507 2994 2583 3050 De
2605 2996 2951 3068 indulgentia.

239 3088 421 3188 δθξλδδ
456 3094 606 3188 sm?"
653 3102 770 3188 ⁸³3³,
789 3086 1040 3188 δθπξίηξδ
1079 3085 1206 3157 ἱΡ⁵ίν
1236 3084 1489 3188 ίῙ¹¹²¹¹¹νξ³
1520 3083 1649 3188 mf“?
1678 3094 1826 3188 fug"
1853 3084 1903 3150 α
2003 3104 2271 3164 Dominus
2301 3106 2355 3161 in
2377 3106 2668 3188 Evangelio
2694 3107 2770 3162 ait
2803 3126 2816 3162 :
2846 3106 3126 3175 Dimittite,
3153 3119 3202 3164 et
3228 3110 3519 3173 dimittetur

237 3180 377 3252 quia
399 3186 653 3236 creatura
678 3178 773 3233 Dei
799 3184 943 3233 sunt.
972 3177 1086 3232 Pax
1111 3191 1261 3242 vero,
1289 3190 1409 3247 qum
1431 3174 1486 3231 in
1514 3175 1672 3232 nobis
1692 3173 1828 3248 [Al.,

238 3274 298 3333 in
333 3268 514 3343 bonis]
563 3278 668 3335 est,
724 3268 1069 3326 concordiam
1116 3267 1372 3333 fratrum,
1414 3273 1469 3322 et
1505 3266 1829 3323 charitatein

239 3362 465 3435 copulat
499 3362 890 3433 proximorum.
945 3358 1057 3414 Pax
1098 3360 1347 3430 spiritum
1391 3358 1489 3414 Dei
1522 3358 1835 3429 specialiter

239 3462 605 3528 promeretur.
636 3453 750 3516 Pax
777 3452 1083 3511 dilectionis
1111 3460 1283 3507 mater
1307 3460 1411 3507 est.
1436 3450 1547 3507 Pax
1575 3451 1833 3513 indicium

239 3554 336 3604 est
382 3545 721 3608 sanctitatis.
754 3544 822 3599 de
866 3557 973 3615 qua
1024 3541 1167 3607 Deus
1214 3558 1312 3621 per
1354 3542 1674 3621 prophetam
1712 3541 1832 3606 ait:

245 3635 446 3693 Pacem
478 3646 528 3700 et
561 3637 829 3699 veritatem
850 3634 1051 3707 diligite
1083 3632 1269 3707 (Zarh.
1299 3641 1419 3697 vt'tt,
1454 3632 1562 3703 l9).
1590 3632 1699 3697 Pax
1726 3632 1836 3702 pler

241 3728 339 3787 bis
369 3733 455 3782 est
486 3725 716 3789 sanitas,
744 3724 913 3797 gloria
952 3722 1273 3785 sacerdotis,
1307 3730 1359 3775 et
1398 3721 1587 3789 patriae
1625 3721 1831 3785 laetitia,

242 3826 305 3879 el
332 3825 509 3877 terror
534 3816 774 3877 hostium
817 3815 932 3871 sive
960 3812 1273 3878 visibilium,
1309 3812 1424 3869 sive
1464 3810 1833 3869 invisibilium.

249 3909 409 3981 13],
448 3908 712 3967 Omnibus
762 3907 971 3963 viribus
1000 3921 1106 3977 pax
1154 3913 1239 3960 εει
1289 3902 1660 3966 custodienda,
1709 3901 1835 3976 quia

244 4017 465 4072 seraper
490 4002 546 4057 in
592 4000 706 4055 Deo
734 4007 940 4055 manet.
973 3996 1074 4071 Qui
1124 3996 1177 4051 in
1230 4008 1365 4064 pace
1399 3999 1588 4048 sancta
1630 4000 1835 4055 manet,

243 4108 375 4149 cum
404 4092 606 4148 sanctis
629 4091 727 4147 Dei
753 4096 957 4145 manet.
983 4086 1291 4143 Sacerdotis
1325 4093 1410 4140 est
1436 4084 1489 4139 in
1521 4097 1654 4154 pace
1675 4097 1840 4152 popu-

244 4184 367 4239 lum
388 4182 488 4237 Dei
519 4182 809 4238 admonere
837 4179 969 4249 quid
990 4179 1187 4234 debeat
1211 4190 1375 4248 agere
1404 4194 1419 4229 :
1467 4174 1645 4245 populi
1672 4181 1756 4228 est
1784 4173 1837 4227 in

241 4274 558 4334 humilitate
608 4273 797 4329 audire
848 4285 969 4342 qua:
1013 4275 1197 4325 monet
1244 4266 1516 4323 sacerdos.
1567 4262 1839 4334 Quidquid

241 4384 362 4427 non
392 4366 538 4431 licet,
568 4363 805 4435 pastoris
826 4370 913 4417 est
950 4360 1243 4438 prohibere
1270 4374 1339 4417 ne
1370 4358 1465 4421 liat
1497 4370 1512 4410 :
1552 4346 1725 4433 plebis
1756 4363 1840 4413 est

244 4457 466 4523 audire,
489 4471 560 4513 ne
594 4453 778 4516 iaciat.

830 4580 859 4612 ι
890 4564 1118 4623 CAPUT
1156 4562 1267 4618 VII.

802 4657 882 4712 De
916 4654 1298 4711 misericordia.

328 4722 666 4841 Praecipuum
698 4775 783 4824 est
806 4765 1192 4822 misericordiae
1231 4762 1456 4828 bonum,
1487 4761 1554 4816 de
1590 4775 1695 4830 qua
1727 4759 1841 4828 ipse

249 4862 510 4919 Salvator
537 4859 618 4915 ait
644 4878 658 4913 :
687 4857 839 4912 Beati
866 4852 1249 4917 misericordei,
1287 4853 1537 4923 quoniam
1561 4851 1661 4921 ipsi
1688 4849 1843 4903 mise-

250 4953 545 5009 ricordiam
570 4958 954 5021 consequentur
978 4946 1191 5021 (Matth.
1213 4945 1357 5018 v,‘7).
1382 4943 1500 4999 Non
1521 4949 1702 5013 potest
1719 4954 1846 5010 pec-

249 5055 413 5101 cator
460 5059 493 5099 a
535 5042 650 5098 Deo
682 5039 1110 5095 misericordiam
1153 5052 1394 5107 sperare,
1425 5034 1519 5104 qui
1545 5030 1851 5087 misericor-

250 5141 402 5196 diam
422 5154 533 5195 non
562 5136 697 5192 facit
713 5134 1063 5207 peccantibus
1091 5134 1148 5188 in
1169 5147 1247 5187 se.
1271 5131 1413 5203 Ergo
1432 5127 1667 5185 dimittat
1683 5125 1848 5179 homo

249 5228 558 5302 temporale
609 5226 886 5290 debitum,
929 5234 992 5280 ut
1027 5233 1301 5281 mereatur
1326 5224 1566 5293 recipere
1593 5217 1850 5273 aeternale

247 5321 480 5378 bonum.
512 5317 572 5375 Si
602 5319 817 5374 animas
844 5326 1061 5374 nostras
1084 5317 1331 5387 cupimus
1353 5322 1703 5384 peccatorum
1733 5324 1852 5364 sor-

250 5415 415 5472 dibus
450 5413 757 5478 emundari,
788 5412 1219 5468 misericordiam
1261 5410 1316 5464 in
1356 5422 1457 5461 nos
1502 5401 1851 5476 peccantibus

251 5519 366 5566 non
394 5519 680 5579 negemus,
709 5503 853 5559 utin
883 5503 972 5559 die
999 5500 1374 5558 retributionis
1421 5497 1490 5552 ad
1536 5505 1851 5567 promeren-

379 5616 498 5677 Hoc
517 5633 636 5689 cap.
666 5617 699 5670 7
728 5633 859 5688 pars
883 5626 968 5672 est
992 5616 1258 5672 sermonis
1289 5613 1393 5668 504
1420 5610 1478 5671 S.
1512 5609 1647 5678 Aug.

711 5776 985 5836 PATBOL.
1031 5774 1128 5838 CI.

1934 3199 2098 3256 vobis.
2119 3197 2254 3263 Item
2290 3216 2303 3252 :
2336 3197 2400 3254 Si
2425 3197 2728 3253 dimiseritis
2756 3199 3054 3255 hminibus
3076 3210 3291 3273 peccata
3316 3218 3516 3272 eorum,

1935 3292 2158 3353 dimittet
2184 3300 2235 3345 et
2258 3290 2400 3347 vobis
2434 3290 2593 3353 Pater
2613 3300 2778 3346 vester
2827 3291 3048 3347 caelestis
3091 3302 3303 3364 peccata
3329 3305 3516 3351 vestra.

1937 3378 1996 3436 Si
2027 3398 2130 3437 non
2149 3381 2454 3445 dimiseritis
2476 3380 2795 3447 hominibus,
2814 3398 2907 3437 nec
2932 3379 3099 3438 Pater
3118 3392 3282 3439 vester
3305 3383 3523 3443 caelestis

1937 3474 2162 3531 dimittet
2189 3473 2329 3537 robis
2352 3482 2566 3547 peccata
2589 3484 2756 3531 vestra
2784 3472 3000 3546 (Matth.
3030 3490 3106 3542 vr,
3141 3474 3231 3540 14,
3255 3475 3363 3548 15).
3397 3474 3522 3530 ΗῖῐὋ

1936 3578 2066 3619 vero
2105 3563 2320 3629 Domini
2359 3564 2634 3628 sententia
2674 3580 2924 3641 magnam
2960 3580 3123 3639 super
3162 3581 3263 3628 nos
3312 3568 3524 3623 miscri-

1936 3656 2178 3710 cordiam
2200 3653 2354 3727 [Hs.,
2387 3654 2755 3727 clementiam]
2786 3664 2945 3717 sonat
2970 3654 3080 3721 his,
3110 3655 3201 3724 qui
3229 3670 3351 3718 eam
3377 3667 3522 3710 recte

1938 3744 2238 3816 intelligere
2277 3751 2520 3813 possunt.
2549 3743 2715 3813 Igitur
2742 3758 2809 3798 ex
2855 3750 3042 3798 nostro
3082 3743 3285 3816 judicio
3314 3742 3525 3810 iudicat

1942 3850 2042 3890 nos
2066 3835 2234 3898 Deus,
2257 3841 2313 3888 et
2336 3832 2736 3902 quodammodo
2787 3831 2841 3885 in
2884 3838 3155 3901 potestate
3196 3839 3383 3886 nostra
3414 3842 3520 3897 est,

1939 3925 2208 3994 quomodo
2238 3921 2545 3992 iudicemur
2571 3936 2601 3974 a
2626 3920 2807 3991 judice
2833 3919 2964 3974 Deo.
3014 3919 3074 3973 Si
3100 3919 3526 3976 misericorditer

1935 4013 2244 4084 iudicamus
2268 4013 2334 4067 de
2378 4012 2434 4066 in
2472 4026 2573 4066 nos
2616 4008 3073 4080 delinquentibus,
3100 4009 3525 4066 misericorditer

1933 4105 2199 4174 iudicabit
2239 4104 2383 4160 Deus
2413 4104 2479 4161 de
2511 4103 2667 4159 nobis
2698 4104 2751 4158 in
2779 4118 2839 4158 se
2879 4102 3249 4175 peccantibus.
3272 4103 3525 4170 latentia-

1941 4213 2063 4253 mus
2117 4195 2423 4266 exemplum
2475 4194 2645 4259 illius,
2679 4194 2824 4250 sicut
2873 4193 3074 4250 Doctor
3116 4194 3358 4265 gentium
3403 4196 3520 4251 ait:

1942 4287 2145 4341 Donate
2168 4286 2225 4345 iu
2245 4285 2640 4357 vobismetipsis,
2666 4285 2713 4339 si
2736 4286 2852 4355 quis
2898 4284 3147 4340 adversus
3175 4284 3401 4358 aliquem
3436 4287 3528 4339 ho-

1941 4379 2024 4432 bet
2046 4376 2334 4448 querelam.
2360 4375 2511 4433 Sicut
2560 4375 2702 4431 Deus
2727 4376 2889 4432 donat
2928 4374 3079 4449 [Ms.,
3119 4374 3353 4450 donavit]
3387 4376 3527 4430 vobis

1866 4465 1915 4522 D
1941 4470 2000 4524 in
2026 4467 2260 4528 Christo.
2282 4472 2357 4523 ita
2382 4478 2430 4522 et
2461 4484 2550 4523 vos
2579 4468 2737 4539 facite
2762 4466 3215 4541 (Coloss.tu,l5).
3245 4467 3526 4535 Quomodo

1946 4559 2090 4617 Deus
2123 4561 2178 4616 in
2232 4558 2452 4616 Christo
2476 4561 2633 4616 nobis
2667 4569 2854 4616 nostra
2886 4567 3104 4631 peccata
3138 4560 3363 4617 donavit
3402 4580 3415 4615 :
3449 4563 3530 4617 sic

1942 4652 2108 4708 etiam
2138 4666 2237 4707 nos
2268 4651 2357 4706 his
2377 4652 2471 4722 qui
2492 4651 2549 4704 in
2571 4665 2672 4705 nos
2696 4660 2945 4721 peccant,
2972 4649 3328 4707 dimittamus.
3353 4652 3485 4707 Item
3515 4672 3527 4705 :

1949 4742 2105 4797 Nulli
2130 4741 2330 4796 malum
2356 4757 2451 4811 pro
2478 4740 2620 4794 malo
2645 4740 2937 4799 reddentes.
2965 4740 3033 4795 Et
3063 4741 3172 4796 alio
3205 4742 3326 4799 loco
3356 4762 3369 4796 :
3404 4744 3531 4798 Noli

1946 4832 2081 4888 vinci
2107 4848 2141 4884 a
2168 4830 2328 4896 malo,
2359 4829 2449 4884 sed
2477 4829 2622 4883 vince
2640 4829 2697 4883 in
2720 4830 2852 4884 bona
2880 4831 3078 4887 malum
3109 4832 3284 4904 (Rom.
3311 4850 3410 4898 xu,
3441 4836 3528 4897 l7.

1948 4924 2061 4995 2i).
2080 4921 2373 4978 Sciendum
2395 4929 2482 4977 est
2494 4918 2801 4977 certissime
2812 4923 2956 4993 quod
2976 4926 3350 4997 unusquisque
3367 4926 3531 4981 talem

1948 5013 2344 5085 indulgentiam
2371 5020 2692 5081 accepturus
2716 5021 2801 5069 est
2839 5028 2870 5068 a
2916 5013 3047 5082 Deo,
3082 5016 3295 5087 qualem
3325 5026 3381 5071 et
3418 5018 3534 5085 ipse

1946 5104 2157 5163 dederit
2177 5104 2426 5174 proximo
2455 5117 2573 5157 suo.
2604 5102 2698 5158 Illa
2723 5104 2900 5159 oratio
2922 5120 3023 5176 pro
3044 5106 3286 5176 peccatis
3331 5107 3532 5163 nostris

1951 5198 2021 5253 ad
2053 5211 2216 5251 aures
2250 5194 2638 5264 omnipotentis
2683 5194 2779 5250 Dei
2813 5195 2924 5250 cito
2964 5196 3267 5265 perveniet,
3293 5195 3339 5251 si
3363 5195 3535 5251 delin-

1951 5289 2235 5362 quentium
2267 5285 2345 5359 [in
2368 5284 2491 5357 nos]
2515 5299 2709 5354 preces
2738 5287 2793 5341 in
2816 5287 3016 5343 nostris
3033 5286 3259 5351 auribus
3286 5295 3535 5356 accepta-

1954 5383 2090 5439 biles
2114 5389 2262 5436 sunt.
2295 5378 2399 5447 Qui
2434 5378 2731 5434 clementer
2751 5378 3103 5449 peccantibus
3125 5378 3405 5449 igmseere
3428 5394 3537 5452 ,ηο-

1954 5476 2050 5540 vit,
2074 5469 2640 5529 clementiamdivina:
2667 5468 2885 5539 pietatis
2930 5468 3235 5527 certissime
3278 5471 3531 5540 accipiet.

1954 5661 1996 5717 Α
2026 5589 2054 5628 ι’
2086 5587 2200 5643 Hoc
2250 5601 2370 5655 cap.
2411 5583 2445 5639 8
2491 5583 2657 5639 altera
2703 5597 2829 5659 pars
2873 5591 2958 5651 est
3002 5585 3269 5645 sermonis
3316 5583 3421 5639 ’504
3471 5583 3529 5639 S.

2002 5675 2089 5717 ua.

2002 5675 2089 5732 υς.

3020 5751 3101 5812 20
