3894 6182
406 353 508 410 619

1238 339 1298 395 Β.
1339 338 1401 393 ι’.
1445 334 1668 390 ALBINI
1708 332 1840 389 SEU
1878 324 2151 385 ALCUNI
2189 293 2472 383 OPEDUM
2512 316 2692 379 PARS
2727 322 2813 378 ιγ.
2850 311 2861 319 ’

3566 304 3691 371 62b

405 470 496 525 Sic
526 467 670 523 enim
701 465 1006 520 remittetur
1033 459 1207 523 nobis,
1238 464 1298 513 ut
1345 466 1445 510 nos
1492 452 1862 508 remiserimus
1903 446 1982 500 eis
2017 457 2059 514 Α
2088 442 2153 496 lis
2182 436 2497 511 angelorum
2528 444 2778 492 creatura
2810 428 3009 489 cecidit
3054 432 3120 485 de
3162 423 3305 484 cmio
3335 447 3345 482 ς
3379 420 3477 497 per
3496 429 3697 483 humi—

402 561 498 631 qui
522 558 677 616 nobis
712 567 1034 626 quacunque
1058 549 1395 621 malignitate
1417 548 1737 599 nocuerunt.

920 666 1077 739 132
1114 660 1342 720 carm
1380 659 1470 715 ιχ.

1004 757 1085 818 De
1111 752 1384 827 patientia.

484 877 545 932 In
575 875 827 948 patientia
871 880 1064 934 vestra,
1101 866 1303 923 dicitur
1339 864 1395 919 in
1429 860 1743 932 Evangelio,
1764 854 1994 930 posside-

410 969 527 1023 bitis
574 945 779 1020 animas
816 969 1009 1016 uestras
1050 955 1203 1028 (Luc.
1236 969 1355 1020 xxx,
1403 952 1511 1024 i9).
1548 950 1606 1004 ln
1652 947 1799 1003 omni
1846 945 1993 1000 enim

403 1059 518 1112 vita
552 1055 789 1110 humana
839 1048 1103 1121 patientia
1147 1042 1457 1102 necessaria
1486 1049 1590 1098 est.
1627 1039 1781 1095 Sicut
1812 1036 1995 1106 itaque

404 1148 680 1222 patienter
706 1142 930 1199 sulferre
959 1139 1217 1195 debemus
1249 1136 1473 1208 injurias
1508 1134 1578 1189 ab
1627 1132 1749 1188 aliis
1793 1131 1848 1185 in
1895 1142 1995 1183 nos

406 1244 631 1308 delatas,
658 1242 731 1315 ita
765 1247 820 1295 et
849 1238 1124 1309 patienter
1158 1233 1530 1290 tribulationes
1551 1243 1671 1300 qum
1692 1224 1851 1282 nobis
1873 1236 1997 1278 eve-

408 1336 578 1400 nient,
614 1331 841 1389 sufferre
863 1345 1088 1386 necesse
1115 1335 1218 1384 est.
1254 1325 1565 1397 Saepissime
1593 1323 1647 1376 in
1674 1319 1776 1374 hoc
1800 1313 1998 1372 sacculo

406 1426 535 1483 boni
552 1440 583 1479 a
602 1422 848 1494 reprobis
872 1419 1252 1475 tribulationes
1272 1416 1574 1487 patiuntur.
1593 1411 1718 1467 Ideo
1743 1408 1790 1464 si
1810 1403 2001 1477 quisli-

408 1516 502 1573 bet
520 1522 647 1586 post
665 1513 805 1569 bona
835 1525 998 1580 opera
1033 1506 1407 1564 tribulationes
1440 1501 1664 1574 patitur,
1701 1513 1812 1554 non
1842 1495 2003 1551 debet

411 1608 468 1662 in
497 1601 1037 1677 cogitatione‘dicere
1077 1617 1091 1654 :
1122 1597 1341 1654 Perdidi
1367 1609 1533 1665 opera
1562 1606 1684 1647 mea
1711 1590 1850 1646 bona
1880 1601 2000 1659 quae

410 1697 697 1753 faciebam.
725 1692 826 1761 Qui
852 1692 1000 1748 enim
1022 1690 1128 1744 hoc
1158 1687 1380 1752 dixerit,
1403 1700 1511 1740 non
1542 1699 1642 1755 pro
1671 1695 1857 1736 amore
1881 1677 1998 1742 Dei,

413 1785 509 1841 sed
541 1799 640 1856 pro
665 1783 913 1839 mercede
934 1779 1210 1836 felicitatis
1239 1775 1400 1846 hujus
1426 1775 1570 1839 vine,
1598 1779 1694 1826 aut
1716 1784 1815 1840 pro
1840 1767 1997 1824 laude

413 1876 651 1933 humana
678 1890 814 1947 opus
838 1874 1039 1930 bonum
1064 1870 1257 1927 fecisse
1281 1865 1644 1940 cognoscitur.
1675 1861 2001 1918 Probabitur

414 1971 559 2025 enim
595 1968 757 2024 homo
802 1964 1026 2038 ﬂagellis
1053 1964 1174 2028 Dei,
1204 1977 1313 2034 quo
1347 1961 1529 2016 animo
1552 1955 1880 2024 benefaciat,
1916 1950 2002 2008 vel

410 2077 519 2133 qua
570 2058 892 2116 fortitudine
938 2054 1162 2113 sufferat
1203 2053 1534 2109 teutationes
1589 2049 1691 2117 sibi
1747 2060 2003 2117 superve-

412 2156 647 2211 nientes.
681 2152 880 2208 Tentat
906 2150 1052 2206 enim
1095 2163 1192 2203 vos
1226 2147 1391 2211 Deus,
1425 2143 1557 2199 dicit
1589 2139 1900 2211 Apostolus,
1945 2144 2006 2191 ut

412 2244 553 2302 sciat
582 2246 628 2300 si
681 2243 901 2319 diligitis
936 2256 1081 2296 eum.
1110 2237 1361 2301 Prorsus,
1400 2232 1671 2289 tribulatio
1700 2229 2004 2301 patientiam

414 2348 685 2411 operatur,
708 2335 967 2408 patientia
998 2341 1172 2386 autem
1202 2345 1331 2401 opus
1373 2336 1448 2382 est
1476 2324 1782 2397 perfectum.
1812 2319 2005 2375 Beatus

414 2430 553 2484 enim
586 2429 687 2494 vir,
715 2427 803 2499 qui
827 2425 1015 2495 stt/fert
1040 2422 1396 2485 tentationem,
1441 2417 1690 2490 quoniam
1727 2431 1846 2468 cum
1888 2430 2011 2484 pro-

418 2519 570 2574 batus
602 2517 783 2587 fuerit,
825 2513 1044 2583 accipiet
1093 2524 1341 2565 coronam
1370 2506 1508 2569 vita’,
1535 2520 1694 2575 quant
1719 2500 2007 2572 repromisit

417 2608 563 2665 Deus
601 2603 937 2677 diligentibus
970 2618 1024 2657 se
1055 2600 1195 2673 (Jac.
1245 2617 1285 2665 ι,
1334 2599 1388 2663 5,
1425 2596 1502 2667 4).
1542 2595 1712 2650 Nemo
1744 2594 1881 2648 bene
1923 2608 2011 2647 sa-

416 2701 576 2771 piens
609 2704 716 2763 est,
750 2694 843 2766 qui
865 2692 1187 2765 patientiam
1214 2704 1322 2744 non
1359 2686 1544 2742 habet.
1583 2683 1799 2739 Fortior
1822 2692 1896 2738 est
1917 2681 2009 2736 do-

422 2789 656 2844 minator
682 2785 835 2860 (Ms,
863 2778 1113 2853 domitor]
1136 2780 1299 2834 animi
1324 2778 1405 2832 sui
1426 2784 1779 2847 expugnatore
1805 2771 2009 2826 urbium

420 2878 604 2953 (Prov.
635 2894 748 2944 xvr,
776 2875 889 2948 32).
913 2874 973 2929 ln
996 2871 1259 2944 patientia
1283 2883 1413 2924 vero
1435 2865 1722 2937 qurerenda
1750 2870 1835 2919 est
1861 2863 2011 2933 igno-

422 2971 607 3030 scendi
644 2969 892 3034 facultas,
925 2978 1034 3023 non
1063 2961 1374 3019 vindicandi
1415 2959 1807 3031 opportunitas.
1852 2954 2011 3011 Tales

421 3072 551 3121 sunt
576 3062 817 3134 quidam,
852 3059 944 3130 qui
974 3066 1215 3127 tempore
1251 3052 1576 3123 iniuriarum
1600 3050 1874 3121 patienter
1899 3047 2011 3103 suf-

2088 531 2294 586 litatem
2328 525 2470 600 [Dei]
2501 525 2768 598 fragilitas
2799 525 3048 579 humanae
3087 530 3296 576 naturae
3331 522 3581 576 ascendit
3615 522 3697 575 ad

2086 621 2305 677 coelum.
2334 619 2570 674 Honesta
2597 626 2682 672 est
2710 617 2855 671 enim
2900 616 3040 670 inter
3085 615 3332 669 homines
3359 613 3701 669 humilitatis

2086 710 2447 775 consuetudo,
2474 709 2617 763 sicut
2638 707 2895 762 Salomon
2932 707 3008 761 ait
3037 725 3050 760 :
3082 705 3185 760 Ubi
3228 705 3387 775 fuerit
3414 709 3698 778 camerata,

2089 805 2162 859 ibi
2187 805 2286 857 erit
2309 813 2355 857 et
2387 800 2724 855 contumelia.
2757 799 2859 853 Ubi
2881 808 3056 853 autem
3086 797 3378 861 humilitas,
3420 798 3499 853 ibi
3516 808 3573 852 et
3596 816 3699 854 sa-

2089 892 2285 963 pientia
2315 889 2497 960 (Prov.
2530 904 2610 953 ιι,
2642 888 2722 960 2).
2773 887 2906 943 item
2930 885 3073 941 alius
3103 886 3370 959 [quidam]
3402 886 3647 957 Sapiens
3683 907 3697 942 :

2096 979 2315 1046 Quanto
2334 979 2511 1049 major
2530 994 2607 1044 es,
2631 978 2851 1032 humilia
2871 988 2921 1032 te
2939 979 2996 1031 in
3014 978 3276 1042 omnibus,
3299 987 3349 1031 et
3373 995 3549 1032 coram
3578 978 3703 1033 Deo

2094 1071 2321 1124 invenies
2346 1069 2575 1141 gratiam
2604 1068 2796 1140 (Eccli.
2829 1084 2912 1131 Ill,
2940 1068 3054 1140 20).
3088 1067 3221 1122 Item
3267 1068 3524 1125 Dominus
3552 1071 3707 1125 dicit

2096 1176 2194 1231 per
2233 1161 2554 1232 prophetam
2587 1178 2600 1214 :
2637 1160 2718 1214 Ad
2760 1175 2910 1230 quem
2951 1169 3128 1214 autem
3172 1161 3445 1230 respiciam
3484 1162 3595 1215 nisi
3624 1163 3703 1215 ad

2096 1252 2361 1315 humilem,
2376 1262 2422 1306 et
2434 1253 2661 1324 quietum
2671 1293 2684 1318 ,
2701 1261 2748 1305 et
2760 1260 3062 1306 trementem
3075 1252 3226 1306 verba
3237 1268 3351 1306 mea
3364 1251 3517 1324 (Isai.
3535 1269 3701 1317 vat,

2096 1340 2193 1413 2)?
2230 1341 2547 1411 Quicunque
2571 1341 2790 1397 humilis
2815 1349 2872 1395 et
2903 1340 3121 1410 quietus
3167 1354 3274 1395 non
3301 1342 3424 1407 erit,
3462 1357 3574 1397 non
3599 1358 3704 1413 po-

2102 1444 2208 1491 test
2231 1436 2287 1490 in
2315 1449 2382 1503 eo
2406 1434 2652 1503 habitare
2679 1434 2849 1506 gratia
2883 1432 3120 1502 Spiritus
3154 1434 3349 1488 sancti.
3401 1433 3543 1489 Deus
3594 1436 3704 1506 hu-

2100 1525 2245 1581 milis
2276 1525 2453 1581 factus
2477 1502 2789 1581 estnostra”:
2827 1525 3021 1579 salutis
3073 1540 3263 1590 causa,
3304 1534 3365 1579 ut
3400 1502 3704 1582 erubescat

2101 1617 2266 1672 homo
2291 1617 2557 1687 superbus
2584 1631 2726 1672 esse.
2756 1613 3028 1683 Quantum
3061 1616 3368 1671 humilitate
3396 1616 3705 1673 inclinatur

2102 1720 2197 1761 cor
2223 1706 2293 1761 ad
2312 1706 2440 1772 ima,
2471 1713 2680 1759 tantum
2707 1704 2922 1775 proficit
2947 1704 3003 1759 in
3032 1704 3265 1759 excelso.
3297 1705 3398 1772 Qui
3417 1706 3559 1761 enim
3592 1708 3704 1761 hu-

2028 1799 2075 1859 B
2103 1795 2247 1852 milis
2276 1796 2396 1861 erit,
2430 1795 2761 1851 exaltabitur
2787 1795 2840 1849 in
2870 1793 3038 1866 gloria
3064 1793 3198 1866 [.4l.,
3229 1795 3320 1865 qui
3354 1796 3443 1851 hic
3471 1797 3701 1852 humilis

2104 1884 2270 1942 fuerit
2290 1886 2344 1940 in
2370 1894 2608 1940 terra....
2640 1885 2695 1938 in
2724 1883 2892 1956 gloria
2920 1883 3143 1957 futura].
3177 1884 3391 1942 Primus
3419 1885 3703 1942 humilita-

2107 1977 2177 2031 tis
2203 1975 2401 2048 gradus
2423 1983 2507 2030 est
2534 1975 2780 2030 veritatis
2825 1990 3126 2031 sermonem
3170 1975 3447 2032 humiliter
3480 1980 3697 2042 audire,

2105 2067 2420 2123 memoriter
2446 2066 2703 2133 retinere,
2733 2065 3035 2122 voluntarie
3062 2066 3341 2138 perlicere.
3374 2068 3507 2123 Eam
3533 2071 3703 2141 quip-

2105 2172 2195 2229 pe,
2225 2172 2387 2229 quam
2418 2172 2527 2211 non
2558 2158 2765 2212 invenit
2800 2156 3058 2211 humilem
3105 2156 3351 2230 [veritas]
3382 2159 3514 2231 fugit
3541 2177 3701 2216 men-

2108 2257 2238 2304 tem.
2277 2247 2548 2317 Quantum
2582 2247 2703 2318 quis
2748 2246 3004 2302 humilior
3032 2248 3136 2303 erit
3188 2249 3255 2304 de
3303 2250 3502 2321 seipso,
3539 2260 3701 2308 tanta

2109 2341 2285 2413 major
2317 2340 2423 2395 erit
2461 2340 2515 2394 in
2558 2347 2853 2410 conspectu
2881 2338 2995 2394 Dei.
3030 2339 3305 2410 Superbus
3332 2356 3461 2397 rcro
3488 2354 3704 2413 quanto

2110 2431 2392 2503 gloriosior
2415 2438 2639 2502 apparet
2666 2431 2809 2485 inter
2838 2430 3107 2498 homines,
3143 2439 3292 2487 tanto
3313 2432 3575 2504 dejectior
3593 2434 3709 2491 erit

2110 2532 2236 2579 ante
2277 2521 2468 2587 Deum.
2518 2520 2620 2589 Qui
2666 2521 2813 2577 enim
2862 2522 2981 2578 sine
3008 2522 3306 2579 humilitate
3356 2524 3494 2581 bona
3524 2540 3709 2595 opera

2112 2616 2243 2687 agit,
2270 2614 2325 2669 in
2354 2622 2575 2669 ventum
2609 2614 2765 2685 133
2792 2614 3072 2684 pulverem
3101 2623 3292 2686 portat.
3322 2614 3461 2683 Quid
3497 2632 3713 2688 super-

2108 2704 2191 2760 bit
2230 2711 2374 2759 terra
2401 2712 2458 2758 et
2478 2703 2637 2769 cinis,
2669 2704 2796 2759 dum
2839 2712 3000 2759 vento
3039 2705 3301 2775 superbia:
3344 2706 3707 2779 dispergitur;

2112 2796 2256 2866 quod
2300 2793 2520 2864 jejuniis
2569 2803 2624 2849 et
2667 2795 3026 2867 eleemosynis
3072 2811 3402 2869 congregare
3448 2799 3712 2854 videtur?

2112 2886 2251 2954 Noli,
2276 2902 2309 2943 o
2334 2886 2517 2953 homo,
2542 2887 2596 2941 in
2614 2886 2900 2943 virtutibus
2921 2889 3027 2942 tuis
3048 2886 3297 2958 gloriari;
3320 2891 3442 2958 quia
3469 2889 3710 2945 alterum

2110 2978 2397 3035 habiturus
2439 2993 2500 3034 es
2543 2979 2801 3049 judiccm,
2852 2993 2959 3034 non
3005 2979 3273 3049 teipsum;
3307 2979 3360 3034 in
3392 2980 3543 3048 cujus
3570 2994 3712 3037 con-

2114 3080 2302 3143 spectu
2334 3072 2563 3142 teipsum
2591 3070 2647 3124 in
2679 3069 2843 3125 corde
2870 3078 2962 3125 tuo
2986 3069 3271 3125 humiliare
3310 3080 3540 3141 oportet,
3566 3089 3713 3143 qua-

421 3155 627 3221 femm’
669 3160 731 3208 ιη
767 3151 1162 3220 summumne”
1196 3145 1410 3201 {minus
1456 3142 1736 3235 [indicare
1777 3139 2007 3194 meam“
2036 3141 2084 3206 ε
2115 3139 2276 3223 tenus
2303 3166 2390 3221 ille
2407 3139 2464 3220 te.
2492 3164 2694 3221 exultet
2715 3165 2771 3219 in
2794 3172 3033 3235 tempore
3060 3139 3428 3218 retributionis
3454 3139 3714 3216 tumIDe-

425 3244 493 3302 Hi
522 3260 708 3319 veram
743 3258 853 3299 non
879 3239 1083 3295 habent
1105 3235 1446 3309 patientiam.
1480 3232 1747 3286 Patientia
1777 3245 1904 3285 vera
1930 3235 2015 3283 cst

424 3336 481 3393 in
510 3335 703 3390 faciem
734 3332 946 3389 fortiter
976 3324 1246 3384 sustinere
1270 3325 1520 3394 injurias,
1548 3330 1604 3377 et
1624 3322 1677 3376 in
1702 3321 1883 3377 futuro
1900 3318 2015 3372 vin-

425 3425 628 3479 dictam
673 3437 781 3478 non
813 3433 1077 3490 quaerere,
1106 3415 1202 3470 sed
1248 3430 1313 3469 ex
1342 3413 1505 3468 corde
1552 3412 1851 3482 ignoscere.
1886 3407 2015 3463 Sine

427 3512 577 3569 ferro
599 3511 683 3567 vel
710 3509 940 3564 ﬂammis
968 3513 1235 3576 martyres
1257 3517 1378 3557 esse
1399 3516 1709 3572 possumus,
1735 3500 1779 3554 si
1805 3499 2016 3569 patien-

429 3605 564 3661 tiam
586 3600 855 3656 veraciter
878 3598 930 3652 in
956 3596 1136 3651 animo
1174 3607 1451 3648 servamus
1479 3606 1599 3644 cum
1630 3590 1891 3661 proximis
1918 3603 2016 3643 no—

430 3692 583 3752 stris.
636 3686 986 3746 Laudabillus
1029 3692 1114 3740 est
1168 3681 1419 3751 injuriam
1447 3676 1697 3749 ,tacendo
1722 3677 2016 3742 declinare,

432 3799 593 3857 quam
646 3777 1024 3852 respondendo
1074 3787 1349 3845 superare.
1388 3770 1487 3839 Qui
1530 3769 1798 3842 patienter
1828 3768 2019 3825 tolerat

430 3873 592 3941 mala,
627 3873 684 3931 in
706 3872 885 3928 futuro
902 3882 1158 3925 coronam
1183 3863 1477 3920 merebitur
1503 3861 1907 3931 sempiternam.

1043 3992 1070 4021 α
1096 3975 1324 4034 CAPUT
1352 3975 1418 4030 Χ.

1005 4070 1083 4126 De
1142 4066 1453 4123 humilitate.

507 4193 720 4262 Quanta
747 4188 822 4244 sit
857 4198 1001 4241 verte
1032 4177 1353 4236 humilitatis
1384 4177 1581 4241 virtus,
1616 4172 1775 4229 facile
1802 4187 1869 4227 ex
1900 4186 2021 4227 ver—

435 4286 522 4344 bis
547 4279 762 4338 Domini
781 4274 1145 4348 cOgnoscitur,
1172 4270 1269 4340 qui
1298 4276 1356 4323 ut
1388 4265 1697 4336 superbiam
1728 4263 2024 4319 Pharisaeo-

438 4388 561 4430 rum
587 4371 892 4431 damnaret,
921 4363 1060 4418 dixit
1086 4379 1099 4415 :
1137 4360 1321 4414 Omnis
1346 4359 1440 4428 qui
1462 4373 1516 4411 se
1534 4354 1754 4420 exultat,
1775 4353 2023 4407 humilia-

438 4463 600 4526 bitur,
615 4467 663 4514 et
690 4457 779 4529 qui
801 4470 856 4510 se
873 4449 1138 4514 humiliat,
1156 4446 1477 4503 excitabitur
1496 4442 1707 4516 (Matth.
1733 4458 1891 4507 χχιιι,
1908 4441 2018 4514 12).

2112 3257 2315 3313 scende
2340 3265 2399 3311 ut
2421 3256 2705 3320 ascendas,
2731 3254 3017 3309 humillare
3061 3263 3124 3309 ut
3152 3252 3432 3316 exalteris,
3456 3266 3523 3305 ne
3550 3251 3712 3306 exal-

2114 3355 2261 3403 tatus
2283 3347 2603 3402 humilioris.
2636 3347 2740 3414 Qui
2768 3347 2914 3402 enim
2939 3344 3040 3401 sibi
3070 3343 3193 3399 vilis
3230 3352 3333 3407 est,
3360 3350 3485 3397 ante
3527 3340 3709 3397 Deum

2114 3454 2340 3510 magnus
2360 3448 2441 3494 est
2479 3436 2612 3510 [Al.,
2642 3437 2867 3508 pulcher
2893 3435 3036 3509 est];
3082 3444 3138 3490 et
3178 3435 3269 3505 qui
3299 3433 3400 3489 sibi
3427 3432 3711 3503 displicet,

2114 3529 2226 3586 Deo
2246 3529 2423 3601 placet
2449 3529 2583 3601 ι,Αι.,
2614 3538 2670 3584 et
2695 3529 2788 3600 qui
2831 3528 2931 3583 sibi
2960 3526 3195 3598 placent,
3229 3526 3340 3582 Deo
3363 3523 3707 3596 displicent].

2114 3622 2246 3678 Esto
2274 3622 2437 3694 igitur
2464 3636 2665 3691 parvus
2716 3621 2773 3676 in
2825 3619 2993 3675 oculis
3022 3620 3149 3684 tuis,
3196 3627 3256 3673 ut
3283 3617 3360 3673 sis
3387 3631 3620 3687 magnus
3654 3617 3708 3670 in

2116 3712 2286 3767 oculis
2320 3711 2556 3765 Domini.
2591 3710 2766 3765 Tanto
2794 3710 2942 3773 enim
2969 3708 3078 3763 eris
3105 3707 3247 3779 apud
3282 3706 3451 3761 Deum
3492 3705 3707 3775 pretio-

2117 3805 2250 3869 sior,
2303 3811 2508 3875 quanto
2553 3803 2720 3857 fueris
2750 3810 2876 3857 ante
2906 3802 3090 3855 oculos
3131 3810 3251 3855 tuos
3288 3798 3615 3869 despectior.
3648 3796 3707 3852 In

2117 3910 2329 3952 summo
2355 3895 2560 3951 honore
2609 3909 2818 3948 summa
2873 3893 2967 3947 tibi
3016 3894 3087 3947 sit
3135 3890 3428 3947 humilitas.
3469 3888 3712 3946 llouoris

2118 3984 2236 4040 laus
2260 3996 2367 4049 est,
2395 3983 2715 4039 humilitatis
2742 3982 2936 4036 virtus.

2737 4113 2966 4171 CAPUT
3002 4113 3092 4168 XI.

2545 4228 2623 4282 De
2659 4228 3059 4299 compunctione
3084 4225 3278 4281 cordis.

2193 4341 2549 4412 Compunctio
2571 4339 2751 4396 cordis
2777 4353 2840 4394 ex
2873 4337 3196 4393 humilitatis
3211 4336 3408 4391 virtute
3431 4335 3712 4398 nascitur;

2124 4434 2192 4490 de
2230 4432 2646 4502 compunctione
2687 4429 2959 4485 confessio
2985 4436 3362 4498 peccatorum;
3391 4427 3456 4482 de
3494 4426 3717 4482 confes-

439 4509 773 4610 Humilitaiis
797 4542 1049 4617 passibus
1074 4509 1143 4595 ad
1168 4537 1292 4594 coeli
1334 4509 1567 4591 culmina
1607 4509 2020 4597 conscenditur;
2055 4509 2103 4571 1)
2127 4525 2280 4579 sione
2315 4521 2668 4592 pwnitentia;
2703 4520 2771 4575 de
2798 4518 3119 4590 prenitentia
3153 4532 3280 4572 vera
3306 4517 3588 4588 proveniet
3614 4517 3714 4570 de-

439 4646 566 4717 quia
595 4642 741 4699 Deus
763 4637 1011 4696 excelsus
1038 4648 1145 4689 non
1179 4628 1452 4700 superbia,
1473 4626 1571 4682 sed
1615 4624 1917 4681 humilitate
1943 4635 2026 4680 at-

384 4791 389 4796 .
441 4737 688 4809 tingitur.
721 4732 927 4801 Dequo
955 4727 1158 4784 dictum
1192 4731 1279 4778 est
1305 4726 1319 4775 ':
1346 4718 1487 4809 Deus
1535 4717 1771 4789 superbis
1809 4718 2024 4782 resistit,

439 4804 728 4882 humilibus
755 4829 930 4876 autem
956 4817 1049 4872 dat
1089 4812 1315 4886 gratiam
1343 4807 1486 4881 (Jac.
1514 4822 1591 4874 tv,
1618 4804 1694 4878 6).
1724 4804 1876 4861 Unde
1894 4813 1950 4860 et
1971 4805 2026 4859 in

441 4917 666 4991 psalmis
699 4912 898 4970 dicitur
926 4927 941 4964 :
975 4906 1230 4962 Excelsae
1262 4902 1517 4958 Dominus
1537 4909 1585 4954 et
1613 4897 1834 4953 humilia
1859 4899 2023 4968 respi-

442 4987 536 5078 cit,
586 5015 636 5063 et
686 5002 798 5059 alta
846 5018 882 5056 a
929 4999 1080 5068 longe
1123 4994 1386 5066 cognoscit
1442 4988 1616 5062 (Psal.
1655 5003 1901 5052 cxxxvn,
1946 4987 2023 5058 6).

441 5097 566 5169 Alta
592 5094 774 5168 posuit
797 5104 896 5163 pro
919 5086 1185 5161 superbis,
1211 5082 1436 5138 humilia
1459 5095 1592 5136 vero
1619 5093 1720 5150 pro
1739 5078 2028 5133 humilibus

446 5191 581 5266 (AL,
610 5202 711 5260 pro
729 5178 1073 5252 mansuetis].
1104 5175 1340 5232 Humilia
1387 5172 1626 5243 respicit,
1670 5178 1732 5224 ut
1775 5168 2025 5225 attollat:

446 5255 578 5349 alta,
600 5255 655 5338 id
676 5287 782 5345 est,
799 5272 1032 5347 superba
1059 5266 1353 5342 cognoscit,
1380 5273 1442 5319 ut
1484 5262 1718 5333 dejieiat.
1748 5255 2030 5316 Discamus

448 5377 614 5449 igitur
643 5369 1022 5449 humilitatem,
1044 5377 1145 5433 per
1166 5374 1331 5431 quam
1491 5354 1854 5449 prppinquare
1882 5358 2036 5449 pote-

449 5442 643 5528 rimus,
669 5448 810 5517 sicut
834 5459 951 5529 ipse
982 5456 1040 5511 in
1059 5449 1352 5522 Evangelio
1380 5447 1457 5502 ait
1485 5464 1498 5501 :
1530 5444 1728 5500 Discite
1747 5460 1780 5497 a
1803 5458 1886 5497 me
1911 5442 2035 5512 quia

452 5555 596 5611 mitis
621 5567 739 5607 sum
762 5559 810 5605 et
845 5546 1057 5603 humilis
1081 5542 1257 5606 corde,
1286 5548 1335 5595 et
1373 5536 1642 5593 invenietis
1668 5533 1895 5605 requiem
1920 5531 2037 5585 ani-

453 5645 640 5697 mabus
659 5639 839 5693 vestris
870 5635 1087 5706 (Matth.
1111 5648 1186 5698 χι,
1207 5628 1321 5700 29).
1345 5626 1451 5683 Per
1476 5623 1782 5696 superbiam
1812 5620 2036 5697 mirabi-

528 5764 555 5794 ι
585 5749 696 5805 Hoc
725 5754 884 5816 caput
914 5745 980 5800 10
1006 5759 1131 5814 pars
1164 5749 1249 5798 est
1274 5738 1538 5794 sermonis
1561 5734 1664 5789 297
1706 5732 1764 5787 S.
1791 5733 1932 5804 Aug.

2128 4616 2379 4669 lictorum
2408 4611 2757 4682 indulgentia.
2784 4609 3142 4678 CompunCtio
3177 4608 3355 4663 cordis
3379 4616 3463 4661 est
3492 4605 3713 4659 humili—

2127 4716 2211 4761 tas
2236 4703 2453 4768 mentis,
2484 4717 2606 4757 cum
2634 4701 2907 4772 lacrymis,
2945 4706 3001 4754 et
3044 4699 3418 4754 recordatione
3458 4706 3718 4768 peccato-

2127 4814 2272 4865 rum,
2308 4805 2366 4853 et
2383 4796 2576 4851 timore
2595 4794 2808 4865 judicii.
2839 4792 2920 4847 Ex
2939 4791 3151 4863 gemino
3174 4791 3321 4847 fonte
3344 4789 3717 4860 compunctio-

2130 4888 2217 4945 nis
2263 4888 2439 4943 solent
2476 4883 2743 4956 profluere
2784 4882 3067 4954 lacrymie;
3117 4881 3172 4936 id
3211 4890 3316 4948 est,
3359 4881 3489 4936 dum
3518 4880 3717 4935 merita

2128 4994 2352 5052 Operam
2378 4991 2603 5035 suorum
2631 4973 2942 5045 diligentius
2970 4972 3126 5046 [Λίδη
3157 4973 3286 5027 dum
3316 4986 3562 5027 mens....
3592 4970 3721 5025 dili-

2126 5073 2346 5146 gentius
2365 5067 2527 5141 mala]
2547 5066 2892 5130 considerat;
2924 5065 3095 5121 altera
3115 5064 3242 5120 dum
3269 5063 3541 5119 desiderio
3562 5071 3726 5119 aeter-

2131 5179 2217 5220 na:
2236 5163 2360 5217 vita:
2387 5157 2643 5229 suspirat.
2674 5153 2829 5212 Unde
2870 5154 3141 5227 PrOpheta
3183 5154 3259 5209 ait
3292 5172 3305 5208 :
3337 5151 3509 5208 Sitivit
3535 5155 3722 5206 anima

2132 5273 2249 5312 mea
2277 5256 2345 5310 ad
2368 5254 2535 5308 Deum
2563 5249 2993 5320 rivum:quando
3021 5249 3222 5303 veniam
3250 5257 3302 5302 et
3320 5244 3581 5317 apparebo
3596 5256 3725 5300 ante

2136 5348 2322 5416 faciem
2352 5344 2485 5399 Dei?
2521 5339 2757 5396 Fuerunt
2788 5340 2917 5393 mihi
2939 5338 3187 5409 lacryma:
3208 5354 3338 5393 mea:
3365 5337 3521 5407 panis
3545 5335 3637 5389 die
3661 5350 3727 5390 ac

2136 5447 2285 5492 nocte
2313 5433 2483 5508 (Psal.
2526 5448 2632 5494 xu,
2666 5431 2722 5495 5,
2750 5429 2827 5501 4).
2859 5428 2992 5483 Item
3031 5447 3044 5482 :
3079 5425 3411 5498 Concupiscit
3449 5436 3498 5480 et
3544 5425 3727 5494 deﬁcit

2136 5527 2314 5582 anima
2339 5541 2456 5579 mea
2481 5525 2537 5578 in
2561 5524 2699 5578 atria
2738 5521 2971 5576 Domini.
3000 5521 3069 5575 Et
3095 5541 3107 5574 :
3138 5519 3246 5575 Cor
3271 5536 3468 5584 meum,
3509 5528 3556 5573 ct
3597 5533 3728 5572 caro

2138 5638 2253 5676 mea
2300 5616 2687 5675 exsultaverunt
2720 5615 2776 5670 in
2824 5613 2993 5670 Deum
3036 5614 3203 5669 rivum
3255 5609 3429 5684 (Psal.
3488 5622 3728 5675 unm,
