3894 6182
217 276 320 334 621

1032 274 1363 351 ΜΟΒΔΙᾸΑ.
1398 305 1471 317 -—
1506 273 1707 339 LIBER
1746 275 1834 332 DE
1866 272 2286 343 VIRTUTIBUS
2322 276 2409 332 ET
2448 276 2671 334 VITIIS.

3360 282 3468 338 622

152 438 159 444 .
216 390 296 459 5).
323 387 573 459 Quatuor
609 394 740 445 sunt
780 385 1066 458 qualitates
1093 387 1436 446 aﬂ'ectionum
1476 385 1627 458 μί...
1657 386 1791 441 al'ﬂi-
1821 391 1871 451 Α
1897 389 2306 455 immanitatem,
2325 398 2380 446 et
2402 389 2774 461 neglexerunt.
2792 390 2869 446 Ita
2885 382 3026 448 sicut
3049 391 3195 449 foras
3221 391 3472 459 ﬂammis,

216 475 507 552 ctionum],
536 478 736 550 quibus
760 477 1014 550 cogitatio
1035 476 1171 550 justi
1222 479 1381 539 tzedio
1430 478 1632 535 salubri
1654 492 1800 536 com-

213 570 495 647 pungitur,
522 568 628 628 hoc
653 575 757 632 est.
780 567 1041 627 memoria
1064 568 1460 640 praeteritorum
1478 567 1797 633 facinorum,

212 659 525 718 recordatio
551 656 854 714 futurarum
898 670 1205 728 poenarum,
1250 658 1609 713 consideratio
1648 671 1803 729 pere-

112 754 115 761 ’
212 751 545 826 grinationis
583 764 695 807 suae
747 750 801 805 in
845 750 1005 820 hujus
1037 750 1163 804 vitae
1199 750 1439 816 miseria,
1480 751 1799 813 desiderium

213 857 470 915 superna:
512 842 723 913 patriae,
751 849 1019 911 quatenus
1046 840 1113 895 ad
1141 855 1260 896 eam
1285 842 1603 911 quantocius
1631 841 1805 896 valeat

210 933 522 1010 pervenire.
552 932 778 999 Quando
797 946 926 1002 ergo
946 931 1048 984 ista
1087 930 1140 987 in
1188 929 1351 984 corde
1380 929 1613 991 hominis
1641 929 1801 996 ﬁunt,

211 1024 501 1081 sciendum
525 1031 611 1079 est
634 1031 763 1079 tunc
784 1035 904 1077 esse
925 1020 1090 1076 Deum
1113 1034 1208 1090 per
1228 1020 1456 1091 gratiam
1481 1036 1634 1076 suam
1654 1020 1803 1078 cordi

210 1117 456 1177 humano
494 1121 840 1191 praesentem.
886 1111 1041 1167 Unde
1096 1119 1154 1165 et
1196 1111 1251 1169 in
1301 1110 1511 1183 psalmo
1556 1109 1800 1165 dicitur:

212 1205 361 1267 Deus
383 1208 549 1266 vitam
584 1219 751 1258 meam
774 1202 1009 1257 nuntiari
1035 1201 1160 1267 tibi;
1189 1202 1340 1270 posui
1369 1200 1517 1273 [Ms.,
1561 1197 1802 1272 posuisti]

212 1298 486 1369 lacrymas
514 1312 658 1361 meas
684 1296 741 1348 in
768 1302 1044 1364 conspectu
1091 1304 1202 1357 tuo,
1250 1293 1387 1347 sicut
1422 1302 1469 1347 et
1504 1293 1559 1353 in
1590 1294 1806 1363 promis-

206 1390 360 1444 sione
388 1396 483 1441 tua
504 1384 677 1454 (Psat.
708 1400 797 1448 ιν,
824 1382 903 1455 9).
958 1382 1253 1438 Promissio
1276 1380 1618 1454 indulgentia:
1643 1397 1804 1453 quam

208 1477 481 1539 habemus
506 1491 539 1529 a
558 1474 690 1539 Deo,
722 1473 992 1543 lacrymas
1029 1472 1363 1543 pmnitentia:
1406 1471 1609 1528 excitat
1653 1471 1803 1527 cordi

207 1579 423 1628 nostro.
453 1569 766 1624 Thesaurus
804 1564 1179 1621 desiderabilis
1229 1565 1285 1619 in
1334 1565 1497 1621 corde
1544 1562 1803 1629 hominis,

206 1659 658 1732 compunctionis
680 1657 925 1713 dulcedo.
958 1655 1151 1717 Anima
1175 1655 1411 1710 hominis
1439 1670 1558 1727 quae
1595 1654 1651 1709 in
1679 1669 1804 1709 ora-

1900 479 1975 537 ita
2002 481 2147 543 intus
2168 480 2225 536 in
2244 480 2571 536 conscientia
2589 482 2805 552 propria
2834 489 3173 552 torquentur.
3195 481 3475 549 Quomodo

1899 575 2075 638 potest
2099 568 2340 625 medicus
2366 569 2561 625 vulnus
2585 585 2800 635 sanare,
2849 571 2993 643 quod
3043 583 3275 642 aegrotus
3300 578 3479 632 osten-

1900 657 2031 713 dere
2073 659 2380 716 erubescit?
2413 659 2556 719 Deus
2603 660 2749 716 enim
2794 661 3190 719 confessionem
3236 671 3476 728 nostram

1901 749 2193 814 desiderat.
2226 757 2285 803 ut
2314 749 2518 821 justam
2543 749 2742 806 habeat
2765 766 2982 815 causam
3014 752 3341 821 ignoscendi.
3372 751 3474 818 Qui

1902 848 2124 909 peccata
2148 855 2243 897 sua
2261 840 2515 905 occultat,
2531 849 2586 895 et
2605 842 2879 898 erubescit
2897 843 3189 899 salubriter
3209 842 3476 910 conﬁteri,

1895 931 2072 985 Deum
2098 939 2287 987 testem
2301 932 2466 989 habet
2488 948 2653 999 nunc,
2675 942 2731 989 et
2751 934 2945 992 iterum
2966 936 3185 995 habebit
3201 952 3322 992 eum
3344 938 3482 994 ulto-

1904 1035 2040 1081 rem.
2071 1020 2286 1090 Optime
2307 1036 2368 1076 se
2380 1020 2589 1089 judicat
2614 1022 2776 1080 homo
2812 1026 2866 1080 in
2906 1027 3007 1084 hac
3031 1027 3163 1093 vita,
3192 1043 3262 1082 ne
3273 1029 3482 1097 judice-

1906 1116 1994 1163 tur
2020 1126 2050 1164 a
2076 1111 2186 1166 Deo
2206 1109 2547 1171 damnatione
2574 1121 2851 1182 perpetua.
2880 1113 3153 1184 Duplicem
3175 1115 3374 1171 habere
3390 1116 3483 1170 de—

1907 1198 1999 1253 bet
2025 1198 2207 1259 ﬂetum
2254 1200 2307 1255 in
2334 1202 2650 1273 poenitentia
2696 1204 2874 1261 omnis
2900 1195 3176 1275 peccator,
3206 1206 3321 1260 sive
3354 1205 3481 1275 quia

1905 1301 2004 1355 per
2023 1289 2399 1360 negligentiam
2425 1291 2627 1347 bonum
2666 1308 2774 1352 non
2814 1293 2961 1359 fecit,
3010 1309 3104 1348 seu
3128 1295 3251 1365 quia
3276 1294 3479 1357 malum

1906 1388 2004 1444 per
2028 1376 2306 1435 audaciam
2352 1378 2704 1451 perpetravit.
2731 1378 2883 1446 Quod
2911 1380 3054 1434 enim
3079 1382 3336 1455 oportuit,
3375 1396 3481 1435 non

1908 1467 2091 1536 gessit,
2106 1475 2161 1523 et
2173 1470 2314 1539 quod
2338 1484 2446 1524 non
2470 1470 2730 1541 oportuit,
2756 1471 2881 1540 egit.
2903 1469 3182 1529 Confessio
3200 1470 3482 1539 justiﬁcat,

1908 1558 2180 1615 confessio
2201 1560 2412 1616 veniam
2436 1562 2673 1632 peccatis
2699 1562 2881 1623 donat.
2930 1562 3119 1618 Omnis
3149 1578 3272 1632 spes
3314 1564 3486 1618 venia:

1908 1649 1964 1704 in
2000 1649 2342 1707 confessione
2384 1650 2654 1711 consistit.
2692 1650 2972 1708 Confessio
3000 1667 3134 1722 Opus
3158 1660 3242 1707 est
3277 1650 3485 1707 miseri-

210 1754 374 1807 tione
423 1747 824 1823 compungitur,
865 1745 1022 1801 valde
1059 1745 1138 1800 illi
1179 1743 1394 1816 proﬁcit
1432 1744 1499 1799 ad
1550 1743 1799 1799 salutem.
1837 1736 1881 1796 Β
1907 1742 2104 1797 cordia:
2132 1760 2145 1795 :
2174 1742 2318 1798 salus
2344 1743 2530 1815 :egroti
2556 1744 2775 1801 unicum
2811 1752 2894 1799 est
2944 1744 3150 1799 viribus
3174 1743 3379 1816 [Forte,
3407 1744 3489 1797 vi-

208 1843 357 1897 Cum
406 1854 507 1910 per
556 1838 859 1896 orationem
905 1836 1247 1906 compunctie
1284 1832 1593 1897 eﬁ‘unditur,
1631 1830 1807 1903 Spiri-

209 1942 309 1992 tus
337 1929 521 1985 sancti
546 1925 893 1999 prmsentiam
920 1926 1113 1982 adesse
1159 1924 1412 1984 cordibus
1460 1922 1665 1986 nostris
1694 1935 1804 1983 non

212 2021 443 2080 dubium
466 2008 569 2079 est.

825 2086 1053 2149 CAPUT
1089 2086 1203 2145 XII.

795 2182 874 2238 De
892 2182 1239 2253 confessione.

293 2296 553 2353 Hortatur
580 2310 681 2352 nos
702 2293 898 2364 saepius
926 2292 1207 2364 Scriptura
1245 2293 1312 2348 ad
1351 2289 1804 2347 medicamentum

218 2387 404 2460 fugere
427 2383 791 2442 confessionis
822 2402 834 2441 :
864 2399 972 2439 non
993 2383 1136 2453 quod
1164 2382 1308 2438 Deus
1334 2381 1569 2453 indigeat
1594 2380 1806 2439 confes-

216 2478 374 2534 sione
391 2485 605 2541 nostra,
633 2475 723 2531 cui
749 2475 929 2530 omnia
956 2482 1155 2544 prmsto
1190 2478 1319 2527 sunt
1340 2486 1460 2542 quae
1483 2471 1804 2543 cogitamus,

218 2569 518 2641 loquimur,
541 2575 639 2623 aut
666 2565 906 2637 agimus;
943 2564 1039 2619 sed
1066 2577 1165 2617 nos
1192 2562 1349 2617 aliter
1372 2561 1510 2616 salvi
1548 2560 1665 2621 ﬁeri
1696 2575 1806 2615 non

215 2675 534 2733 possumus,
556 2656 662 2712 nisi
683 2655 1039 2716 conﬁteamur
1062 2653 1389 2725 ptenitentes
1439 2651 1580 2723 quod
1624 2651 1808 2719 inique

214 2751 492 2823 gessimus
518 2747 868 2820 negligentes.
904 2745 1005 2813 Qui
1052 2744 1288 2815 seipsum
1320 2752 1542 2799 accusat
1589 2739 1645 2795 in
1689 2754 1809 2812 pec-

214 2844 364 2900 catis
380 2843 520 2907 suis,
545 2841 691 2896 hunc
712 2839 958 2895 diabolus
985 2851 1093 2894 non
1121 2837 1287 2893 habet
1313 2837 1511 2892 iterum
1550 2847 1808 2897 accusare

214 2937 272 2992 in
299 2925 615 3001 die'judicii
640 2948 655 2985 :
685 2930 734 2986 si
773 2939 950 2986 tamen
992 2928 1259 2985 conﬁtens
1300 2924 1610 2997 paenitendo
1653 2921 1809 2981 diluit

214 3038 349 3095 qua:
373 3022 525 3087 fecit,
548 3036 649 3077 nec
676 3021 870 3076 iterum
902 3028 1127 3077 renovat
1172 3034 1293 3090 qua:
1329 3016 1437 3089 egit
1466 3014 1619 3088 [Hs.,
1649 3028 1807 3070 revo-

213 3089 334 3181 cat,
362 3128 483 3185 quas
526 3111 738 3185 gemit].
768 3110 1123 3180 Conﬁtemini,
1166 3089 1298 3165 dicit
1332 3107 1564 3164 Jacobus
1593 3114 1806 3175 aposto—
1832 3089 1880 3157 C

214 3208 336 3273 Ius,
367 3207 674 3261 alterutrum
702 3214 913 3274 peccata
959 3214 1147 3268 vestra,
1173 3210 1223 3256 et
1250 3209 1396 3256 orate
1432 3216 1526 3271 pro
1566 3198 1804 3263 invicem,

214 3309 279 3353 ut
308 3296 585 3353 satremini
615 3294 757 3367 (Jac.
788 3310 841 3359 v,
874 3292 983 3365 16).
1001 3293 1135 3348 Item
1157 3294 1349 3347 beatus
1375 3288 1573 3345 Paulus
1592 3295 1807 3357 aposto-

212 3389 310 3446 lus
349 3406 362 3442 ε
395 3387 496 3443 Ore
516 3395 688 3440 autem
714 3384 969 3455 confessio
997 3382 1058 3452 ﬁt
1087 3382 1154 3436 ad
1180 3381 1398 3436 salutem
1423 3378 1594 3451 (Rom.
1616 3394 1675 3445 Χ,
1694 3377 1803 3448 10).

216 3476 344 3534 Sed
387 3484 443 3532 et
485 3474 738 3531 Salomon
783 3474 850 3529 de
878 3471 1214 3529 confessione
1249 3480 1598 3541 peccatorum
1624 3467 1759 3523 dixit
1792 3483 1806 3522 :

216 3565 344 3633 Qui
368 3565 631 3619 abscondit
658 3573 868 3635 peccata
898 3561 1042 3635 [Ms.,
1071 3560 1289 3632 scelera]
1319 3577 1437 3625 sua,
1466 3576 1568 3616 non
1617 3558 1811 3629 dirigo-

215 3671 321 3714 ιιι·
344 3672 364 3710 :
386 3657 475 3727 qui
495 3664 668 3710 autem
686 3654 955 3724 confessus
982 3652 1161 3723 fuerit,
1191 3659 1239 3704 et
1262 3649 1522 3722 reliquerit
1549 3666 1633 3713 ea,
1664 3649 1812 3702 mise-

216 3746 518 3802 ricordiam
556 3752 896 3815 consequetur
925 3739 1110 3813 (Prov.
1154 3754 1346 3803 xxvm,
1398 3738 1507 3809 15).
1559 3737 1811 3808 Magnum

217 3844 320 3893 est
368 3835 552 3892 salutis
588 3834 1039 3889 medicamentum
1090 3846 1197 3886 non
1243 3830 1443 3884 iterare
1486 3844 1607 3899 quae
1646 3844 1812 3900 prave

221 3926 397 4001 [Us.,
425 3925 607 3998 impie]
631 3925 915 4000 gessimus,
936 3938 1035 3979 nec
1054 3924 1297 3994 priorum
1314 3920 1600 3976 cicatrices
1627 3919 1814 3974 vulne-

221 4032 369 4074 rum
410 4019 733 4081 resauciare.
790 4016 883 4075 Sic
935 4023 1115 4071 autem
1145 4014 1284 4069 dixit
1322 4011 1559 4069 Joannes
1585 4026 1815 4082 evange-

218 4108 366 4164 lista
399 4125 413 4161 :
444 4106 500 4163 Si
520 4107 862 4177 confiteantur
884 4114 1095 4178 peccata
1122 4113 1322 4172 nostra,
1372 4103 1542 4162 ﬁdelis
1568 4113 1644 4158 est
1671 4103 1815 4158 Deus

217 4211 273 4255 et
291 4197 502 4268 justus,
522 4207 578 4251 ut
606 4198 835 4254 remittat
861 4196 1006 4250 nobis
1041 4204 1274 4266 peccata,
1320 4203 1371 4248 et
1398 4194 1609 4249 mandet
1631 4211 1723 4257 nos
1750 4195 1814 4249 ab

218 4289 389 4345 omni
411 4288 678 4363 aequitate
700 4286 754 4359 (Ι
796 4287 956 4342 Joan.
982 4304 1025 4352 1,
1056 4286 1132 4357 9).
1164 4285 1429 4341 Similiter
1448 4292 1503 4340 et
1530 4283 1816 4341 Psalmista

221 4381 320 4434 ait
346 4397 362 4432 :
394 4376 559 4432 Diri:
587 4376 886 4447 Conﬁtebor
900 4377 1173 4433 adversum
1196 4393 1278 4432 me
1305 4376 1621 4446 iniustitiam
1649 4391 1818 4433 meam

222 4558 436 4631 peccati
462 4559 566 4612 mei
587 4554 759 4629 (Psal.
782 4573 936 4622 χχιι,
968 4556 1043 4630 5).
1072 4556 1265 4612 Vivens
1294 4559 1613 4617 conﬁteatur
1631 4572 1820 4629 pecca-

229 4663 335 4711 tor
357 4664 480 4720 qum
506 4648 656 4713 fecit,
685 4647 812 4717 quia
843 4663 949 4703 non
979 4655 1062 4702 est
1088 4647 1360 4703 fructuosa
1389 4646 1657 4706 confessio
1680 4647 1820 4723 apud

231 4738 469 4804 inieras,
514 4753 617 4793 nec
639 4738 958 4809 poenitentia
998 4735 1064 4791 ad
1086 4737 1312 4792 salutem
1339 4737 1648 4810 proﬁciens.
1685 4738 1823 4793 Ecce

232 4847 390 4894 nunc
434 4840 644 4900 tempus
687 4829 895 4895 salutis,
925 4843 1052 4885 ecce
1088 4844 1230 4884 nunc
1259 4837 1472 4900 tempus
1495 4828 1824 4899 acceptabilc

233 4924 358 4979 Deo
389 4921 475 4994 (ti
507 4920 634 4976 Cor.
664 4921 840 4994 vt,2).
883 4919 1115 4989 Tempus
1161 4927 1247 4974 est
1293 4935 1438 4976 nunc
1490 4918 1824 4979 remissionis

232 5013 667 5087 panitentibus;
712 5013 806 5069 sed
844 5020 1054 5083 tempus
1094 5011 1253 5084 134
1280 5012 1387 5066 erit
1422 5019 1546 5080 post
1594 5019 1822 5066 mortem

235 5105 497 5161 vindicta:
526 5103 919 5175 negligentibus
964 5103 1210 5163 confiteri
1249 5105 1453 5163 scelera
1482 5118 1596 5158 sua.
1626 5100 1826 5159 Omnes

234 5194 391 5250 enim
422 5194 572 5265 impii
602 5209 843 5251 amaram
882 5195 1087 5251 habent
1125 5195 1178 5250 in
1224 5195 1509 5250 tormentis
1554 5193 1823 5265 paeniten-

239 5288 402 5355 tiam,
455 5290 551 5344 sed
597 5302 706 5343 non
751 5285 967 5356 prolicit
996 5287 1076 5342 eis
1119 5286 1438 5357 poenitentia
1483 5287 1550 5341 ad
1596 5286 1827 5342 salutem

1907 1830 2018 1905 tiis]
2049 1833 2248 1889 nostris
2276 1834 2729 1895 medicamentum
2755 1849 2880 1890 cum
2908 1834 3250 1906 poenitentia.

2433 1980 2461 2011 ι
2499 1966 2726 2023 CAPUT
2792 1968 2925 2029 XIII.

2484 2079 2564 2134 De
2582 2082 2901 2149 pauitantia.

1975 2210 2141 2281 Cujus
2170 2210 2284 2281 ipse
2323 2209 2572 2265 Salvator
2597 2210 2650 2264 in
2682 2210 2968 2282 Evangelio
3016 2212 3271 2268 virtutem
3303 2222 3485 2272 osten-

1906 2300 2004 2365 dit,
2035 2300 2257 2355 dicens:
2292 2296 2659 2355 Paenitentiam
2689 2301 2845 2372 agite,
2873 2302 3303 2374 appropinquabit
3349 2284 3488 2360 enim

1907 2406 2123 2461 regnum
2143 2390 2386 2453 caelorum
2416 2390 2631 2463 (Matth.
2674 2408 2760 2460 ιιι,
2787 2392 2865 2464 2).
2892 2392 2959 2448 Ει
2987 2391 3221 2451 Joannes
3241 2394 3486 2466 Baptista

1908 2480 1986 2534 ait
2014 2499 2027 2533 :
2060 2478 2247 2537 Facite
2273 2480 2477 2550 fructus
2525 2483 2711 2553 dignos
2755 2483 3066 2552 pmnitentia:
3095 2482 3246 2553 (Luc.
3292 2502 3376 2552 ut,
3407 2487 3484 2557 8),

1906 2570 2137 2627 Fructus
2165 2579 2248 2627 est
2273 2572 2465 2642 dignus
2492 2572 2844 2643 paenitentiae,
2894 2581 3169 2633 transacta
3204 2573 3333 2631 ﬂere
3359 2592 3488 2646 pec—

1908 2672 2052 2729 cata,
2083 2671 2138 2718 et
2161 2664 2350 2719 eadem
2368 2662 2564 2718 iterum
2578 2679 2687 2719 non
2709 2678 2891 2734 agere,
2913 2664 3054 2746 sicut
3079 2662 3359 2735 Scriptura
3381 2666 3485 2739 ait;

1910 2755 2035 2813 Non
2065 2754 2286 2827 adjicies
2312 2764 2579 2826 peccatum
2606 2772 2761 2826 super
2800 2766 3069 2827 peccatum
3115 2755 3303 2827 (Ereti.
3332 2773 3387 2823 v,
3410 2757 3486 2827 5),

1908 2845 2205 2913 Lavamini,
2232 2848 2361 2903 dicit
2388 2846 2647 2901 Dominus
2684 2861 2782 2916 per
2829 2846 3023 2902 Isaiam
3060 2848 3399 2918 prophetam,
3442 2857 3492 2923 et

1908 2937 2093 3000 mundi
2122 2946 2280 2992 estote
2307 2936 2462 3009 (Isai.
2504 2953 2543 3002 ι,
2574 2935 2683 3005 16).
2711 2934 2946 2993 Lavatur
2975 2936 3155 3006 itaque
3184 2945 3237 2992 et
3257 2938 3489 2995 mundus

1909 3036 2015 3093 est,
2045 3025 2134 3098 qni
2162 3028 2434 3098 praeterita
2461 3025 2689 3099 plangit,
2717 3036 2772 3081 et
2811 3027 3006 3085 iterum
3036 3026 3212 3084 ﬂenda
3248 3042 3357 3083 non
3396 3026 3491 3099 ad:

1910 3094 2079 3177 mittit
2097 3094 2227 3190 [Ain
2258 3132 2367 3175 non
2387 3094 2719 3190 committit].
2742 3116 2982 3172 Lavatur
3009 3125 3063 3172 et
3088 3132 3194 3175 non
3225 3124 3309 3177 est
3332 3094 3488 3180 mttu-1

1908 3207 2031 3273 dus,
2061 3208 2152 3277 qui
2175 3206 2379 3279 plangit
2400 3205 2542 3277 quod
2565 3206 2752 3277 gessit,
2780 3221 2881 3261 nec
2905 3206 3105 3261 deserit
3135 3224 3147 3259 :
3173 3212 3228 3259 et
3252 3213 3375 3276 post
3409 3204 3489 3261 la?

1909 3313 2123 3369 crymas
2167 3297 2283 3353 huic
2329 3312 2447 3367 qua:
2471 3295 2711 3362 ﬂeverat,
2763 3295 2977 3366 repetit.
3020 3296 3097 3353 De
3138 3296 3224 3350 his
3250 3295 3339 3365 qui
3368 3303 3490 3365 post

1909 3389 2179 3461 lacrymas
2204 3389 2272 3444 ad
2292 3388 2485 3444 delicta
2516 3394 2860 3442 revertuntur
2895 3384 3078 3458 pejora
3103 3385 3236 3459 [Al.,
3263 3384 3492 3462 priora],

1908 3481 2100 3536 beatus
2147 3479 2343 3534 Petrus
2392 3477 2711 3534 terribiliter
2749 3478 2867 3533 ait:
2900 3474 3060 3534 Canis
3106 3477 3382 3532 revertitur
3425 3475 3495 3539 ad

1910 3571 2157 3625 vomitum
2182 3584 2335 3629 suum
2359 3566 2443 3639 (11
2471 3565 2618 3621 Petr.
2650 3583 2710 3633 ιι,
2731 3566 2845 3639 22).
2864 3558 3002 3632 Fili,
3025 3565 3270 3636 peccasti,
3295 3564 3494 3619 dicitur

1912 3660 1965 3714 in
1983 3659 2262 3731 Scriptura
2283 3667 2490 3723 sancta,
2517 3675 2621 3712 non
2642 3658 2867 3729 adjicias
2889 3657 3099 3721 iterum,
3119 3656 3210 3715 sed
3229 3655 3293 3713 de
3309 3656 3494 3725 pristi-

1913 3752 1993 3804 nis
2022 3751 2316 3820 deprecare,
2345 3755 2392 3800 et
2419 3747 2745 3800 remittantur
2777 3746 2871 3807 tibi
2898 3744 3089 3817 (Eccli.
3123 3760 3237 3806 XXI,
3269 3744 3342 3815 1).
3370 3742 3493 3805 Ρω.

1912 3837 2143 3894 nitentia
2170 3849 2299 3890 vera
2344 3848 2449 3887 non
2508 3846 2775 3886 annorum
2828 3845 3056 3885 numero
3098 3839 3369 3893 censetur,
3401 3828 3495 3885 56d

1913 3924 2270 3983 amaritudine
2294 3921 2481 3979 animi.
2528 3919 2684 3975 Unde
2723 3920 2915 3974 beatus
2952 3918 3148 3979 Petrus
3190 3932 3313 3972 ιιιοι
3339 3932 3369 3969 a
3392 3915 3499 3971 Do-

1915 4018 2062 4072 mino
2099 4012 2486 4084 indulgentiam
2529 4007 2757 4083 recepit,
2801 4007 2927 4075 quia
2968 4004 3306 4066 amarissime
3347 4003 3496 4059 ﬂevit

1917 4106 2070 4161 trime
2113 4101 2414 4175 negationis
2453 4099 2688 4170 culpam.
2735 4095 3081 4159 Pmnitentia,
3132 4094 3380 4164 quamvis
3428 4092 3501 4148 sit

1916 4194 2093 4266 exigui
2144 4190 2432 4262 temporis;
2482 4189 2529 4244 si
2582 4187 2771 4243 intima
2794 4186 2975 4244 cordis
3006 4184 3366 4242 amaritudine
3388 4183 3503 4254 agi-

1918 4295 2026 4351 tur,
2054 4298 2161 4340 non
2188 4281 2483 4353 despicitur
2512 4279 2651 4352 apud
2689 4279 2924 4353 iudicem
2955 4279 3159 4349 justum
3193 4276 3380 4340 Deum,
3406 4272 3501 4345 qui

1885 4409 1888 4413 η
1920 4375 2100 4432 cordis
2142 4380 2354 4434 secreta
2399 4371 2725 4431 considerat.
2765 4372 2881 4428 Non
2922 4372 3066 4427 enim
3110 4368 3501 4441 longitudinem

1850 4436 1899 4497 Β
1928 4465 2183 4497 inm-unda
2239 4471 2446 4497 lanium
2477 4464 2702 4497 ..οη-εἰμες
2742 4463 2884 4497 “mm
2951 4471 3207 4497 mmntnm
3255 4457 3500 4497 amictum

226 4470 470 4533 Domino
493 4482 510 4521 .'
536 4478 587 4529 et
616 4476 671 4521 tu
699 4468 943 4522 remisisti
970 4468 1294 4540 iniquitatem
1310 4466 1455 4540 [Ms.,
1474 4465 1815 4539 impietatem]

1928 4465 2187 4536 temporis
2239 4471 2447 4518 tantum
2477 4464 2708 4534 requirit
2742 4463 2904 4528 Deus,
2951 4471 3209 4530 quantum
3252 4457 3503 4514 allectum

1928 4555 2259 4613 sinceritatis
2287 4553 2648 4628 [paenitentis]
2677 4564 2891 4623 pensat.
2926 4551 3025 4618 Qui
3068 4552 3213 4611 enim
3264 4551 3318 4605 in
3345 4549 3503 4604 Chri-

1928 4656 2072 4704 stum
2100 4655 2213 4702 tota
2236 4653 2420 4702 mente
2450 4645 2692 4709 conﬁdit,
2723 4643 2934 4697 etiamsi
2954 4644 3009 4697 in
3037 4643 3220 4703 multis
3244 4644 3507 4699 moriatur

1926 4740 2188 4810 peccatis,
2218 4738 2323 4793 ﬁde
2350 4753 2444 4792 sua
2472 4738 2605 4791 vivit
2625 4732 2677 4789 in
2699 4744 2979 4800 arternum,
3024 4735 3165 4793 sicut
3192 4735 3305 4813 ipse
3328 4735 3508 4797 Domi-

1929 4847 2032 4887 nus
2059 4832 2110 4884 in
2138 4828 2430 4900 Evangelio
2450 4829 2561 4882 ait:
2591 4826 2705 4897 Ego
2727 4844 2841 4882 sum
2865 4828 3172 4886 resurrectio
3192 4837 3239 4882 et
3264 4829 3386 4893 rita.
3404 4825 3509 4892 Qui

1930 4920 2092 4974 credit
2119 4921 2175 4972 in
2204 4934 2306 4983 me,
2335 4918 2542 4973 etiamsi
2570 4925 2807 4971 mortuus
2837 4917 3016 4988 fuerit,
3040 4919 3166 4982 viret
3202 4931 3219 4979 ξ
3251 4928 3299 4983 .et
3341 4916 3509 4977 omnis

1928 5013 2019 5082 qui
2049 5011 2168 5065 vivit
2195 5019 2245 5064 et
2270 5009 2432 5063 credit
2467 5009 2522 5063 in
2550 5024 2655 5073 me,
2704 5024 2807 5067 non
2856 5010 3110 5073 morietur
3154 5009 3210 5071 in
3256 5018 3510 5066 (rternum

1931 5101 2112 5173 (Joan.
2140 5117 2219 5163 χι,
2245 5100 2356 5170 25).
2404 5098 2480 5159 De
2507 5107 2683 5158 morte
2730 5098 2923 5152 animm
2943 5099 3103 5173 dixit,
3134 5098 3259 5170 quia
3290 5106 3513 5169 propter

1929 5200 2276 5263 peccatorum
2299 5190 2673 5261 aegritudinem
2705 5188 2836 5262 [Αι.,
2868 5204 2987 5260 qua:
3026 5205 3124 5260 pro
3169 5186 3510 5263 aegritudine]
3573 5184 3586 5197 ’

1929 5284 2142 5340 eveniet
2163 5283 2259 5337 illi.
2288 5282 2431 5337 Deus
2463 5290 2643 5336 autem
2667 5289 2859 5337 natura
2890 5281 3199 5336 misericors
3225 5289 3328 5347 est,
3353 5296 3514 5351 para-

242 5375 410 5449 [Ηεη
439 5376 837 5450 remissionem]
871 5396 883 5431 :
911 5377 1351 5433 sedconscielllia
1390 5383 1604 5446 torquet
1629 5388 1724 5434 eos
1761 5373 1833 5428 ad
1934 5389 2020 5436 tus
2040 5390 2124 5436 est
2144 5380 2352 5435 salvare
2375 5394 2471 5449 per
2495 5377 2946 5441 misericordiam,
2999 5392 3138 5448 quos
3184 5391 3290 5433 non
3335 5376 3516 5437 veniet

244 5480 603 5545 augmentum
650 5485 937 5543 pinnarum
990 5486 1127 5541 quas
1170 5471 1467 5540 patiuntur.
1539 5468 1833 5523 Potuerunt
1934 5471 2089 5544 [Ms.,
2123 5468 2349 5541 invenit]
2380 5469 2593 5524 salvare
2632 5483 2727 5538 per
2755 5466 3038 5538 justitiam,
3068 5468 3159 5538 qui
3189 5466 3293 5522 vult
3336 5482 3513 5525 omnes

245 5564 396 5618 enim
416 5563 520 5620 Sibi
547 5576 647 5633 per
671 5562 1064 5620 confessionem
1106 5575 1411 5632 praecavere
1436 5568 1829 5617 tormentorum

1933 5561 2102 5618 salvos
2130 5559 2265 5629 ﬁeri,
2310 5567 2356 5613 et
2404 5558 2657 5613 neminem
2703 5559 2871 5629 perire
2919 5556 2971 5627 (1
3005 5557 3138 5613 Tim.
3180 5574 3240 5625 tt,
3286 5557 3343 5631 4)
3378 5577 3391 5613 :
3422 5558 3515 5629 qui

329 5689 353 5721 ι
391 5679 471 5734 Ex
520 5677 770 5755 capitulis
816 5678 883 5737 12
924 5685 980 5734 et
1030 5675 1095 5731 15
1142 5683 1350 5731 constat
1392 5690 1569 5731 sermo
1606 5673 1710 5737 251
1748 5672 1805 5731 S.
1846 5672 1980 5743 Aug,
