3890 6160
423 361 537 420 $23

1237 359 1295 414 Β.
1346 360 1406 414 r.
1450 355 1674 412 suum
1709 351 1844 413 seu
1884 353 2156 413 ALCUlNl
2190 355 2474 416 OPERUM
2511 340 2689 416 pias
2728 360 2815 416 tv.

3563 359 3670 414 624

429 491 528 549 per
562 472 876 546 prophetam
901 471 978 525 ait
1009 489 1024 525 :
1056 468 1122 524 In
1145 485 1451 541 quacunque
1476 468 1560 522 die
1585 485 1858 521 conversus
1889 468 2002 536 fue-
2031 475 2076 531 Α
2104 468 2245 523 niam
2273 472 2528 538 inveniet,
2557 475 2648 543 qui
2678 474 2836 529 modo
2862 483 3044 543 aptum
3073 474 3239 530 venia:
3265 484 3475 547 tempus
3492 483 3677 548 perdi-

418 569 498 620 ~rit
517 571 778 635 peccator,
803 560 906 614 vita
929 560 1077 621 vivet,
1100 567 1148 611 et
1173 573 1278 611 non
1302 558 1552 611 morietur
1583 555 1798 626 (Επειδὴ.
1847 571 2002 621 xvm,

420 653 541 727 it).
570 649 826 720 Quamvis
868 647 1098 717 quisque
1118 646 1190 700 sit
1218 655 1472 715 peccator
1515 651 1573 699 et
1619 644 1836 713 impius,
1867 644 1912 698 si
1936 643 2006 703 ad

414 742 800 814 'ptenitentiam
829 743 1192 800 convertatur,
1233 733 1489 803 consequi
1514 749 1672 804 posse
1699 736 1908 787 veniam
1945 747 2005 788 se

420 846 525 902 per
567 831 663 885 Dei
707 825 1127 883 misericordiam
1179 838 1284 879 non
1323 823 1548 878 dubitet.
1592 824 1648 878 ln
1678 824 1782 878 hoc
1809 823 2004 877 saeculo

430 921 803 992 paenitentiam
832 915 1155 972 facientibus
1197 914 1291 968 Dei
1339 913 1708 968 misericordia
1732 913 1999 967 subvenit.

414 1013 486 1066 4η
514 1010 696 1065 futuro
721 1016 902 1063 autem
927 1005 1246 1075 paenitentia
1287 1018 1394 1057 non
1442 1003 1674 1073 proiicit,
1703 1003 1800 1058 sed
1841 1004 2003 1058 ratio-

411 1117 552 1159 -nem
596 1110 904 1156 nostrorum
950 1094 1221 1169 [operum]
1266 1095 1527 1150 reddituri
1571 1110 1775 1149 sumus.
1815 1094 1872 1148 1n
1901 1097 2002 1149 hac

427 1194 534 1246 vita
554 1199 758 1245 tantum
785 1187 1065 1258 ptenitenti
1093 1186 1249 1258 [Ms.,
1277 1185 1629 1258 paenitentiae]
1665 1196 1811 1256 patet
1833 1187 1995 1240 liber-

427 1291 528 1345 tas,
558 1286 678 1349 post
705 1285 932 1332 mortem
957 1290 1086 1331 vero
1115 1274 1260 1329 nulla
1285 1276 1635 1331 correctionis
1653 1285 1737 1331 est
1761 1276 1996 1330 licentia.

1009 1406 1234 1462 CAPUT
1269 1404 1408 1461 XIV.

424 1522 502 1577 De
529 1537 630 1576 non
663 1515 922 1573 tardando
947 1518 1172 1590 converti
1191 1520 1289 1590 _ad
1320 1517 1487 1590 Deum
1518 1517 1649 1590 [Al..
1678 1518 1753 1572 De
1781 1532 1998 1573 conver-

916 1588 1061 1642 sione
1082 1586 1149 1641 ad
1180 1585 1510 1659 Dominum].

477 1702 714 1774 Legitur
740 1703 808 1758 in
853 1701 1050 1756 litteris
1099 1700 1356 1754 divinitus
1406 1699 1678 1770 inspiratis
1729 1698 1928 1753 dictum
1975 1716 1991 1752 :

2103 559 2199 615 dit.
2221 560 2296 615 lbi
2319 563 2432 632 jam
2462 578 2493 616 a
2515 561 2630 618 Deo
2658 579 2762 618 non
2795 573 2971 634 potest
3009 568 3203 620 mereri
3229 568 3369 636 quod
3393 570 3550 638 petit,
3578 574 3675 642 qui

2101 649 2192 706 hic
2217 650 2387 706 noluit
2415 653 2602 707 audire
2629 655 2769 722 quod
2802 655 2984 725 jussit.
3035 656 3140 723 Qui
3168 667 3377 727 tempus
3403 661 3677 728 poeniten-

2101 741 2190 798 tiae
2211 742 2393 797 datum
2424 742 2572 815 [sibi]
2602 745 2843 816 negligit,
2875 745 3072 802 frustra
3100 757 3226 803 ante
3256 750 3491 804 tribunal
3518 749 3677 806 Chri-

2099 831 2167 887 sti
2188 847 2377 903 preces
2405 833 2646 889 effundit.
2676 836 2954 892 Festinare
2982 839 3139 894 debet
3163 841 3229 894 ad
3251 838 3420 894 Deum
3445 858 3676 896 conver-

2101 927 2262 981 tendo
2291 929 2678 998 unusquisque,
2707 929 2830 984 dum
2860 939 3058 1001 potest,
3101 948 3170 988 ne
3193 931 3261 998 si,
3300 933 3424 988 dum
3472 945 3673 1005 potest,

2102 1014 2354 1083 noluerit,
2373 1019 2590 1074 omnino
2611 1036 2732 1074 cum
2762 1023 2914 1076 tarde
2936 1020 3186 1087 voluerit,
3211 1040 3316 1079 non
3339 1028 3528 1095 possit.

2664 1163 2690 1190 α
2731 1151 2958 1207 CAPUT
2999 1152 3112 1208 XV.

2590 1239 2668 1293 De
2715 1241 2897 1296 timore
2945 1243 3176 1298 Domini.

2171 1326 2390 1382 Initium
2435 1330 2704 1400 sapientiw
2745 1333 2902 1386 timor
2940 1334 3151 1389 Domini
3192 1336 3362 1410 (Psal.
3415 1357 3506 1407 cx,
3560 1345 3673 1415 10).

2098 1414 2289 1487 Magna
2311 1426 2395 1472 est
2417 1420 2624 1474 cautela
2661 1425 2868 1490 peccati
2903 1424 3071 1478 Deum
3109 1441 3322 1497 semper
3349 1414 3676 1499 prmsentetn

2097 1501 2250 1576 [Ms.,
2280 1505 2376 1560 Dei
2417 1510 2781 1582 praesentiam]
2827 1512 3036 1568 timere.
3077 1513 3180 1580 Qui
3227 1516 3462 1585 perfecte
3500 1519 3676 1576 Deum

2096 1595 2288 1662 timet,
2337 1597 2624 1669 diligenter
2669 1616 2729 1657 se
2777 1617 2809 1655 a
2851 1605 3086 1672 peccatis
3139 1609 3394 1663 custodit.
3448 1609 3676 1666 Timenti

2093 1683 2261 1740 Deum
2293 1687 2348 1740 in
2391 1690 2666 1744 novissimo
2709 1692 2794 1745 die
2835 1693 2958 1746 bene
3001 1696 3118 1759 erit,
3159 1705 3206 1749 et
3247 1714 3437 1752 merces
3467 1701 3585 1768 ejus
3615 1705 3674 1754 in

409 1787 852 1858 .‘Eiliynuarde‘
899 1791 1124 1845 εοηυετιί
1165 1791 1233 1843 σά
1260 1789 1429 1843 Deum
1469 1788 1618 1861 [Μεη
1664 1786 1991 1858 Dominum],
2027 1799 2070 1860 Β
2095 1785 2345 1832 teternum
2389 1791 2655 1850 permanet
2704 1783 2892 1854 (Eccli.
2930 1802 2980 1850 ι,
3018 1787 3126 1858 15).
3162 1787 3263 1855 Qui
3301 1793 3579 1848 erubescit
3615 1794 3670 1846 in

421 1877 543 1956 quia
571 1883 736 1938 nescis
779 1880 911 1952 quid
932 1881 1113 1952 futura
1137 1880 1309 1949 pariat
1336 1877 1445 1932 dies
1484 1877 1673 1950 (Eccli.
1705 1894 1760 1943 v,
1784 1877 1860 1943 8).
1885 1877 1986 1944 Qui

423 1977 603 2031 tardat
657 1973 921 2038 converti,
966 1971 1262 2042 periculum
1295 1969 1423 2024 facit
1466 1971 1658 2024 anima:
1698 1985 1827 2034 suae,
1864 1970 1990 2038 quia

421 2083 562 2121 mors
588 2083 693 2120 non
713 2064 888 2120 tardat
915 2062 1103 2135 (Eccli.
1136 2077 1250 2125 xw,
1281 2060 1389 2131 12).
1431 2059 1559 2126 Quae
1603 2061 1648 2114 si
1689 2061 1990 2114 tardantem

422 2157 667 2213 converti
691 2155 949 2218 inveniet,
977 2153 1044 2207 ad
1069 2158 1334 2206 tormenta
1361 2150 1576 2206 deducit
1616 2164 1758 2204 eum.
1809 2149 1993 2204 Disso-

420 2247 532 2303 luta
561 2255 616 2302 et
635 2244 929 2316 paralytica
952 2240 1109 2314 μὴ,
1135 2239 1458 2312 periculosa]
1503 2240 1756 2310 cogitatio
1784 2247 1887 2302 est,
1928 2238 1993 2293 de

419 2336 657 2392 crastina
683 2335 919 2405 cogitare
947 2331 1320 2394 conversione,
1356 2337 1412 2382 et
1463 2328 1783 2383 hodiernam
1824 2327 1994 2398 negli-

410 2435 563 2498 gere.
588 2423 724 2492 Quid
748 2432 804 2477 tu
824 2431 1076 2492 peccator
1095 2417 1383 2492 [converti]
1407 2417 1736 2517 dissimulas,
1752 2417 1916 2517 .13?
1941 2425 1995 2470 et

419 2526 528 2569 non
568 2513 786 2577 metuis,
835 2525 904 2564 ne
935 2508 1031 2564 tibi
1059 2521 1207 2562 mors
1235 2506 1514 2576 repentina
1559 2506 1824 2576 subripiat
1850 2507 1993 2559 diem

417 2599 820 2658 conversionis?
856 2598 1042 2652 Nonne
1070 2593 1317 2652 homines
1350 2595 1528 2649 subito
1559 2595 1897 2650 moriuntur?
1933 2596 1991 2652 Si

417 2692 618 2747 bonum
647 2698 728 2744 cst
753 2691 972 2758 peccata
999 2685 1290 2749 dimittere,
1323 2691 1378 2738 et
1406 2682 1474 2736 ad
1519 2682 1690 2738 Deum
1729 2686 1990 2752 converti,

417 2780 529 2839 cito
562 2780 683 2836 .iiat.
732 2780 875 2836 Deus
901 2777 997 2832 tibi
1047 2777 1318 2846 promittit
1358 2777 1732 2832 remissionem
1771 2793 1995 2833 conver-

418 2874 552 2930 tent'i
597 2886 629 2926 a
665 2865 933 2940 peccatis,
965 2869 1312 2925 securitatem
1362 2866 1457 2924 tibi
1494 2885 1601 2924 non
1630 2870 1875 2938 promisit
1903 2870 1993 2924 diu

417 2962 650 3018 vivendi.
678 2959 844 3034 [Lege
881 2960 1192 3030 prophetas,
1217 2957 1334 3029 lege
1360 2958 1695 3030 Apostolum,
1723 2968 1778 3014 et
1798 2961 1919 3015 vide
1947 2963 1993 3015 si

419 3051 514 3108 tibi
559 3046 826 3122 promissa
864 3049 936 3105 sit
989 3051 1121 3104 hora
1161 3057 1255 3104 aut
1276 3049 1436 3122 dies]
1469 3046 1598 3105 Ideo
1625 3061 1908 3106 convertat
1936 3067 1993 3108 se

2093 1877 2381 1938 conspectu
2409 1871 2642 1928 hominis
2661 1889 2918 1942 peccare,
2945 1887 3148 1946 quanto
3169 1882 3339 1950 magis
3365 1883 3525 1939 debet
3551 1901 3675 1940 eru-

2090 1957 2310 2014 bescere
2337 1961 2393 2014 in
2423 1973 2717 2032 conspectu
2747 1965 2842 2021 Dei
2876 1968 3211 2037 iniquitatem
3240 1989 3418 2043 agere,
3434 1979 3534 2046 qui
3558 1995 3669 2034 non

2091 2046 2264 2102 solum
2305 2064 2498 2118 opera,
2538 2053 2632 2107 sed
2673 2063 2730 2108 et
2772 2057 2934 2110 corda
2979 2061 3302 2116 considerat.
3333 2062 3432 2130 Qui
3477 2068 3672 2123 timore

2093 2148 2280 2194 sancto
2308 2141 2476 2197 Deum
2519 2153 2795 2211 metuunt,
2825 2148 3105 2217 inquirunt
3138 2167 3258 2221 quae
3296 2154 3435 2209 bona
3473 2157 3667 2226 placita

2093 2237 2220 2281 sunt
2247 2228 2340 2282 illi.
2372 2230 2522 2286 Alius
2566 2241 2651 2289 est
2696 2235 2857 2290 timor
2899 2237 3150 2305 ﬁliorum,
3182 2241 3319 2298 alius
3371 2254 3458 2299 est
3507 2249 3668 2301 timor

2093 2329 2389 2372 servorum.
2418 2319 2573 2376 Servi
2601 2323 2747 2376 enim
2773 2334 2991 2396 pr0pter
3029 2337 3297 2384 tormenta
3330 2332 3579 2389 dominos
3609 2339 3672 2389 ti-

2093 2412 2269 2469 ment,
2303 2405 2395 2459 tilii
2447 2423 2573 2462 vero
2619 2421 2839 2481 propter
2871 2429 3109 2470 amorem
3145 2428 3326 2489 patres
3366 2423 3573 2478 timent.
3609 2425 3670 2478 Si

2093 2495 2186 2549 filii
2213 2495 2306 2549 Dei
2335 2513 2538 2563 sumus,
2575 2500 2859 2558 timeamus
2899 2521 3021 2560 eum
3061 2521 3130 2562 ex
3173 2510 3448 2567 charitau's
3477 2514 3676 2569 dulce-

2092 2587 2234 2649 dine,
2261 2603 2370 2641 non
2407 2589 2476 2644 de
2518 2589 2726 2647 timoris
2768 2597 3144 2652 amaritudine.
3173 2599 3337 2655 Homo
3362 2605 3577 2674 sapiens
3609 2609 3672 2661 in

2092 2676 2342 2732 omnibus
2386 2679 2639 2748 operibus
2681 2682 2794 2738 suis
2833 2688 3024 2740 metuit
3062 2688 3371 2756 Dominum,
3399 2695 3578 2750 sciens
3609 2713 3674 2752 se

2092 2779 2366 2834 nunquam
2395 2766 2511 2836 ejus
2532 2774 2873 2838 prazsentiam
2901 2776 3085 2846 fugere
3113 2796 3302 2850 posse,
3338 2785 3483 2840 sicut
3514 2786 3672 2842 Psal-

2091 2855 2250 2908 mista
2276 2855 2385 2912 Deo
2416 2858 2580 2915 dicit:
2610 2859 2724 2926 Quo
2757 2864 2838 2917 ibo
2865 2884 2896 2919 a
2925 2870 3108 2938 spiritu
3140 2881 3249 2937 tuo,
3275 2884 3324 2927 et
3349 2893 3452 2946 quo
3473 2896 3506 2931 a
3531 2880 3671 2949 {acie

2093 2954 2184 3000 tua
2240 2947 2441 3019 fugiam
2477 2951 2650 3023 (Psal.
2693 2971 2968 3023 cxxxvtu,
3007 2961 3096 3029 7)?
3130 2963 3329 3020 lterum
3359 2987 3372 3022 :
3405 2947 3542 3036 Quid
3573 2991 3667 3027 ne-

2092 3055 2191 3109 que
2215 3041 2279 3094 ab
2304 3039 2534 3110 Oriente,
2565 3062 2724 3118 neque
2747 3049 2810 3103 ab
2856 3049 3133 3108 Occidente
3165 3055 3338 3126 (Psal.
3366 3078 3548 3128 Lutv,
3588 3066 3665 3135 7),

421 3147 586 3203 citius
611 3144 978 3216 unusquisque
1004 3142 1071 3197 ad
1090 3138 1288 3206 Deum,
1310 3152 1367 3198 et
1393 3157 1515 3197 cum
1538 3141 1815 3198 invenerit,
1840 3159 1987 3210 eum,
2016 3138 2062 3201 C
2093 3130 2429 3199 subauditur,
2477 3144 2628 3205 patet
2673 3138 2822 3196 locus
2864 3141 3102 3214 fugiendi
3150 3147 3339 3204 Deum.
3383 3151 3486 3217 Qui
3523 3157 3668 3212 time;

415 3239 755 3309 derelinquat
779 3236 977 3308 impius
1003 3236 1146 3291 viam
1175 3251 1348 3290 suam.
1384 3233 1441 3290 Si
1485 3235 1662 3290 subito
1692 3237 1855 3291 intrat
1877 3238 1992 3293 dies

415 3337 710 3394 extremus,
739 3329 879 3398 perit
905 3328 1112 3392 dilatio,
1159 3335 1214 3382 et
1263 3336 1432 3383 restat
1475 3329 1766 3383 damnatio.
1808 3329 1992 3384 Perire

417 3437 526 3476 non
577 3420 675 3485 vis,
723 3419 836 3473 redi
885 3417 954 3472 ad
994 3418 1183 3483 Deum,
1223 3427 1278 3472 et
1324 3419 1490 3472 vivos.
1533 3417 1650 3472 Noli
1706 3418 1994 3489 desperare

418 3507 572 3587 [Ms.,
597 3506 868 3578 peccando
920 3505 1160 3578 sperare]
1207 3506 1273 3560 de
1312 3507 1467 3560 venia
1492 3515 1858 3576 peccatorum,
1893 3524 1993 3565 nec

419 3599 486 3659 de
508 3599 619 3652 vita
649 3596 876 3668 longiori
905 3596 1194 3651 conﬁdere.
1217 3595 1544 3651 Convertere
1564 3613 1714 3669 ergo,
1741 3607 1794 3652 et
1819 3602 1994 3670 pinni-

417 3688 644 3746 tentiam
685 3701 802 3758 age.
848 3685 1002 3752 Cras,
1036 3686 1268 3758 inquies,
1315 3696 1644 3742 convertam.
1683 3689 1860 3756 Quare
1886 3707 1990 3746 non

417 3780 611 3839 hodie?
635 3779 774 3850 Quid
800 3779 947 3844 mali,
993 3776 1153 3843 dicis,
1181 3779 1225 3833 si
1261 3794 1382 3833 cras
1423 3780 1636 3834 dicam?
1670 3780 1808 3848 Quid
1841 3784 1990 3849 mali,

416 3877 465 3932 si
493 3875 690 3931 hodie?
713 3874 877 3934 Forte
903 3874 1074 3930 dicis:
1106 3873 1287 3945 Longa
1329 3875 1433 3930 erit
1477 3875 1584 3929 vita
1613 3891 1752 3931 mea.
1785 3877 1992 3942 Dicam,

418 3965 465 4023 si
514 3965 669 4039 longa
715 3963 789 4020 sit
826 3963 985 4038 [Hs.,
1014 3964 1164 4036 erit],
1194 3966 1333 4020 bona
1367 3965 1471 4030 sit;
1504 3965 1550 4020 si
1576 3967 1778 4031 brevis,
1803 3978 1856 4022 et
1879 3969 1994 4038 ipsa

416 4058 559 4112 bona
586 4055 677 4113 sit.
708 4055 840 4128 Quis
869 4055 1007 4116 ferat
1033 4057 1233 4112 malum
1266 4057 1517 4127 longum?
1548 4057 1839 4114 Prandium
1878 4061 1994 4114 lou-

417 4163 544 4219 gum
569 4162 676 4202 non
703 4149 787 4203 vis
813 4147 1016 4206 habere
1041 4148 1260 4214 malum,
1291 4158 1348 4204 et
1371 4150 1536 4206 vitam
1557 4150 1771 4220 longam
1793 4151 1874 4206 vis
1900 4152 1995 4207 ha-

419 4239 546 4293 bere
566 4237 1003 4294 malam‘Willam
1027 4239 1195 4297 emis:
1221 4239 1419 4294 bonam
1442 4239 1737 4297 desideras.
1759 4241 1992 4298 Uxorem

417 4327 502 4382 vis
531 4327 726 4382 ducere
750 4344 763 4379 :
789 4327 985 4380 bonam
1008 4327 1222 4396 quaeris.
1253 4326 1417 4385 Filios
1444 4330 1540 4384 tibi
1569 4331 1718 4387 nasci
1744 4332 1825 4386 vis
1852 4350 1865 4386 :
1892 4332 1991 4387 bo-

419 4430 516 4474 nos
539 4423 710 4486 optas.
735 4413 803 4468 Et
821 4422 882 4468 ut
903 4414 1068 4469 etiam
1096 4415 1160 4470 de
1188 4416 1350 4472 rebus
1369 4417 1647 4474 vilissimis
1670 4419 1882 4489 loquar,
1904 4436 1993 4475 ca-

2093 3218 2284 3287 Deum,
2315 3225 2529 3294 accipiet
2557 3227 2849 3284 doctrinam
2878 3235 3023 3304 ejus,
3049 3246 3096 3290 et
3131 3241 3218 3309 qui
3257 3242 3576 3311 vigilaverint
3614 3251 3671 3302 in

2095 3313 2354 3369 mandatis
2381 3315 2543 3381 illius,
2571 3321 2828 3377 invenient
2855 3325 3260 3386 benedictionem
3280 3338 3670 3407 sempiternam

2095 3399 2282 3472 (Eccli.
2326 3400 2499 3474 ixxu,
2541 3409 2649 3480 18).
2700 3410 2948 3469 Timentis
2999 3417 3166 3472 Deum
3210 3421 3358 3478 beata
3385 3399 3461 3480 est
3489 3431 3670 3484 anima

2094 3490 2283 3562 (Eccli.
2315 3511 2502 3564 xxnv,
2530 3500 2638 3571 17),
2663 3511 2718 3556 et
2745 3519 2775 3557 a
2811 3509 3109 3564 tentatione
3150 3512 3406 3569 diabolica
3437 3525 3549 3572 tuta
3585 3536 3675 3575 re-

2094 3597 2292 3642 manet.
2332 3588 2528 3647 Beatus
2561 3594 2744 3660 homo,
2770 3599 2859 3668 qui
2895 3616 3095 3670 semper
3119 3614 3193 3657 est
3229 3607 3444 3674 pavidus
3480 3607 3670 3680 (Pror.

2093 3689 2288 3739 xxviii,
2319 3678 2428 3747 M),
2453 3688 2509 3736 et
2533 3681 2620 3736 cui
2650 3683 2906 3742 donatum
2928 3698 3013 3743 est
3043 3691 3138 3746 Dei
3173 3695 3416 3751 timorem
3453 3678 3676 3772 semper

2095 3773 2218 3819 ante
2245 3767 2427 3825 oculos
2451 3771 2667 3827 habere.
2691 3775 2791 3841 Qui
2831 3778 2985 3834 timet
3015 3781 3313 3852 Dominum,
3355 3767 3676 3848 recedit—ab

2095 3857 2288 3913 itinere
2313 3876 2498 3930 pravo,
2527 3874 2584 3920 et
2613 3869 2681 3922 ad
2710 3870 2926 3926 virtutis
2961 3878 3210 3933 semitam
3237 3881 3354 3936 vias
3383 3899 3510 3939 suas
3534 3887 3676 3942 diri-

2095 3949 2186 4018 git.
2216 3950 2400 4008 Timor
2425 3956 2636 4013 Domini
2670 3962 2880 4029 repellit
2915 3977 3166 4034 peccata,
3197 3981 3252 4026 et
3275 3975 3460 4044 adjicit
3492 3978 3674 4034 virtu-

2096 4047 2195 4093 tes.
2229 4041 2412 4098 Timor
2435 4055 2650 4102 cautum
2679 4048 2808 4105 facit
2834 4054 3106 4113 hominem
3145 4071 3200 4116 et
3246 4041 3558 4133 sollicitum,
3599 4088 3678 4126 ne

2095 4141 2296 4199 peccet.
2331 4133 2428 4192 Ubi
2459 4153 2586 4194 vero
2610 4141 2771 4196 timor
2794 4144 3002 4204 Domini
3032 4167 3139 4206 non
3161 4162 3263 4218 est,
3287 4157 3362 4210 ibi
3387 4159 3679 4216 dissolutio

2094 4222 2217 4276 vitae
2243 4233 2344 4279 est.
2377 4225 2629 4298 Quisquis
2659 4231 2826 4288 Deum
2854 4237 2907 4290 in
2935 4244 3206 4310 prosperis
3234 4261 3342 4300 non
3369 4249 3547 4313 timet,
3584 4253 3674 4314 vel

2098 4310 2247 4383 [Ms.,
2275 4315 2485 4390 saltem]
2514 4320 2570 4374 in
2598 4322 2842 4398 adversis
2866 4327 3096 4400 refugiat
3119 4334 3187 4388 ad
3214 4334 3359 4390 illum
3377 4376 3393 4402 ,
3435 4310 3543 4407 qui
3574 4310 3672 4394 tia-

2096 4403 2274 4474 gellat,
2303 4416 2362 4462 ut
2385 4419 2556 4464 sanet.
2585 4412 2779 4470 Beatus
2809 4419 2906 4482 vir,
2936 4422 3028 4489 qui
3072 4424 3214 4478 timet
3261 4403 3546 4482 Dominum
3569 4471 3584 4492 ,
3616 4433 3676 4485 in

419 4506 557 4578 ligas
577 4484 739 4570 emis,
766 4513 823 4560 et
843 4520 950 4560 non
977 4507 1059 4561 vis
1080 4505 1287 4562 malas:
1315 4516 1372 4563 et
1393 4509 1557 4564 vitam
1585 4525 1734 4565 amas
1760 4513 1993 4567 malam?

2096 4495 2360 4552 mandatis
2401 4499 2516 4568 ejus
2542 4506 2681 4574 cupit
2715 4507 2868 4561 nimis
2897 4484 3068 4579 (f’sal.
3115 4529 3199 4568 CXI
3218 4557 3233 4580 ,
3261 4516 3332 4587 1).
3367 4518 3552 4574 Timor

418 4594 559 4666 Quid
580 4602 635 4652 te
662 4593 884 4648 offendit
908 4593 1019 4648 vita
1047 4601 1158 4660 tua,
1180 4610 1342 4666 quam
1364 4596 1534 4652 solam
1562 4599 1644 4653 vis
1672 4600 1890 4665 malam,
1931 4611 1992 4656 ut

421 4685 566 4739 inter
588 4684 768 4740 omnia
795 4685 932 4739 bona
952 4683 1091 4757 [tua]
1119 4684 1264 4740 solus
1291 4686 1367 4741 sis
1389 4686 1598 4743 malus?
1617 4687 1797 4761 Neque
1815 4693 1990 4747 tardes

420 4772 647 4830 converti
678 4772 747 4832 ad
778 4772 1079 4838 Dominum,
1110 4783 1159 4828 et
1189 4791 1252 4828 ne
1297 4776 1514 4846 differas
1536 4779 1607 4837 de
1649 4780 1732 4835 die
1765 4781 1820 4836 in
1850 4783 1986 4840 diem

421 4865 608 4935 (Eccti.
638 4880 691 4930 v,
736 4865 814 4937 8).
845 4865 1020 4923 Verba
1051 4867 1146 4927 Dei
1193 4875 1340 4935 sunt,
1369 4884 1473 4926 non
1499 4886 1637 4930 mea.
1669 4871 1785 4930 Non
1825 4889 1855 4928 a
1901 4891 1988 4930 me

419 4953 537 5009 haec
563 4954 778 5020 audisti,
809 4956 904 5010 sed
944 4971 1046 5030 ego
1073 4965 1253 5012 tecum
1298 4961 1459 5015 audio
1484 4976 1515 5015 a
1542 4962 1788 5021 Domino.
1828 4966 1989 5024 Forte

421 5042 714 5114 respondes
744 5061 758 5098 :
784 5042 936 5110 Cras,
979 5061 1122 5101 cras.
1150 5045 1194 5106 Ο
1233 5063 1332 5102 vox
1359 5050 1607 5106 corvina!
1649 5053 1854 5112 Corvus
1883 5074 1988 5112 non

421 5135 563 5188 redit
587 5133 653 5187 ad
675 5147 876 5199 arcam,
902 5134 1146 5190 columba
1163 5131 1327 5194 redit.
1371 5138 1428 5194 Si
1458 5142 1600 5200 enim
1624 5151 1751 5200 tunc
1776 5148 1856 5201 vis
1877 5163 1991 5217 poe-

421 5224 706 5279 nitentiam
735 5239 894 5293 agere
922 5225 1135 5296 quando
1163 5242 1388 5297 peccare
1414 5246 1519 5290 non
1563 5243 1741 5302 potes,
1768 5248 1988 5306 peccata

423 5322 478 5368 te
499 5313 838 5379 dimiserunt,
866 5330 973 5370 non
1017 5323 1072 5369 tu
1112 5316 1219 5372 illa.
1275 5313 1417 5375 Satis
1457 5321 1665 5382 alienus
1691 5341 1723 5380 a
1753 5328 1856 5383 fide
1884 5337 1985 5395 est,

423 5403 514 5471 qui
565 5404 633 5458 ad
687 5405 943 5476 agendam
996 5407 1366 5476 paenitentiam
1425 5420 1636 5486 tempus
1699 5423 1990 5480 senectutis

423 5505 719 5566 exspectat.
779 5498 1119 5555 Mctuendum
1168 5512 1272 5570 est,
1313 5521 1381 5561 ne
1409 5507 1536 5562 dum
1567 5521 1746 5580 sperat
1775 5515 1990 5574 miseri-

423 5589 681 5655 cordiam,
726 5589 928 5645 incidat
954 5591 1008 5645 in
1043 5590 1324 5659 judicium.
1354 5597 1537 5670 Neque
1573 5604 1717 5658 enim
1747 5613 1874 5664 tunc
1901 5624 1990 5664 ve-

2093 4584 2341 4640 timorem
2401 4590 2664 4670 gehe_nn:e
2718 4598 2951 4667 expellit.
3006 4601 3096 4658 Sic
3141 4584 3332 4679 [ergo]
3382 4609 3678 4667 timeamus

2090 4675 2278 4741 Deum,
2305 4688 2364 4733 ut
2387 4679 2670 4754 diligamus
2689 4703 2842 4754 eum;
2868 4692 2990 4760 quia
3016 4675 3495 4764 perfectam-critus
3525 4701 3678 4768 foras

2089 4765 2244 4819 mittit
2275 4768 2509 4826 timorem
2541 4777 2789 4833 servilem
2822 4781 2876 4851 (I
2899 4781 3058 4837 Joan.
3090 4801 3163 4852 tv,
3188 4787 3292 4857 18).

2585 4885 3002 4960 ιθθεαΑΡυτ
3039 4895 3173 4950 xvi.

2718 4976 2796 5031 De
2812 4979 3042 5050 jejunio.

2097 5257 2310 5321 transit,
2341 5267 2394 5311 et
2436 5260 2502 5314 ad
2537 5263 2788 5321 thronum
2819 5269 3062 5328 altissimi
3100 5277 3193 5333 Dei
3225 5286 3487 5348 pervenit.
3521 5257 3684 5345 Tune

2095 5345 2238 5399 enim
2273 5347 2433 5403 homo
2464 5353 2754 5420 spiritualis
2799 5360 3022 5419 effectus
3057 5345 3259 5440 angelis
3304 5373 3679 5447 coniungitur,

2095 5435 2311 5507 Deoque
2347 5440 2564 5497 liberius
2591 5449 2889 5517 copulatur,
2921 5455 2966 5508 si
2994 5457 3321 5517 abstinentia
3347 5435 3534 5520 carni;
3548 5485 3682 5522 ora-

2096 5525 2330 5584 tionibus
2363 5533 2648 5590 exaltatur.
2687 5538 2790 5596 Per
2818 5542 3022 5612 jejunia
3057 5557 3113 5603 et
3149 5555 3424 5612 orationes
3459 5561 3678 5616 occulta

2095 5622 2468 5687 mysteriorum
2495 5627 2792 5689 caelestium
2832 5637 3157 5708 revelantur,
3187 5644 3462 5718 divinique
3489 5665 3678 5705 sacra-

496 5739 521 5769 ι
551 5725 664 5782 Hoc
711 5729 872 5800 capit.
920 5730 1002 5794 15,
1045 5745 1168 5800 pars
1215 5743 1298 5789 est
1320 5740 1584 5794 sermonis
1631 5741 1696 5796 97
1745 5743 1801 5798 S.
1845 5746 1978 5819 Aug.
2020 5751 2264 5821 Append.
