3894 6182
1068 242 1393 300 IORALIA.
1425 273 1493 287 --
1529 244 1732 301 LIBER
1766 246 1854 302 DE
1892 245 2309 306 VlRTUTlBUS
2347 246 2435 305 ET
2474 245 2695 305 Vl'l‘lls.

3418 246 3535 313 Μ.

264 359 438 418 moliti
473 371 678 416 arcana
723 353 1048 425 panduntur.
1090 354 1339 423 Quandiu
1377 356 1550 413 Adam
1573 357 1853 423 abstinuit,
1882 359 1932 420 Α
1957 374 2080 415 esse
2123 360 2454 416 munificum.
2494 358 2563 431 Et
2584 357 2677 431 qui
2723 359 2818 415 dat
2862 365 2924 413 ut
2957 356 3190 425 habeas,
3224 361 3459 418 mandat.
3473 372 3537 419 ut

260 449 472 508 mansit
522 447 580 503 in
629 444 920 516 paradiso:
953 445 1318 512 manducavit,
1366 454 1423 502 et
1463 447 1720 518 expulsus
1747 456 1851 503 est.

257 539 483 613 Ieiunia
514 536 676 592 fortia
712 534 817 590 tela
849 542 977 590 sunt
999 536 1260 591 adversus
1293 543 1627 592 tentamenta
1658 538 1857 593 daemo-

263 635 517 697 niorum;
543 629 653 685 cito
672 628 817 684 enim
838 641 938 697 per
957 627 1343 682 abstinentiam
1367 628 1674 684 vincuntur.
1706 628 1858 685 Unde

262 729 435 787 etiam
483 725 746 780 Dominus
784 728 841 779 et
880 720 1131 776 Salvator
1164 731 1353 778 noster
1381 738 1574 779 eorum
1608 725 1859 781 incursus

257 811 491 884 ieiuniis
520 818 577 867 et
603 809 940 866 orationibus
981 816 1281 878 praemonet
1327 825 1589 880 superare
1634 811 1856 869 dicens:

270 903 393 958 Hoc
419 917 583 973 genus
621 917 728 956 non
774 899 1003 969 ejicitur,
1049 899 1151 953 nisi
1189 899 1246 954 in
1287 901 1524 957 oratione
1563 911 1612 956 et
1652 902 1860 973 jejunio

220 1009 224 1012 ‘
267 993 495 1063 (Matth.
528 1007 662 1057 xvu,
688 988 789 1057 20;
822 988 991 1044 Marc.
1020 1004 1109 1056 ix,
1138 986 1251 1060 28).
1285 990 1549 1047 lmmundi
1582 995 1726 1048 enim
1752 997 1863 1064 spi-

271 1086 415 1139 ritus
461 1082 538 1138 ibi
590 1095 653 1138 se
694 1079 1035 1135 ﬁducialihus
1089 1080 1419 1147 immittunt,
1469 1082 1560 1138 ubi
1605 1084 1864 1142 videbunt

268 1177 592 1247 frequenter
640 1172 1066 1228 comessationes
1120 1180 1182 1227 et
1244 1172 1555 1230 ebrietates
1592 1177 1858 1232 exerceri.

268 1264 623 1321 Abstinentia
646 1277 849 1333 corpus
880 1269 1154 1328 macerat,
1199 1263 1295 1318 sed
1340 1279 1438 1319 cor
1485 1264 1865 1336 impinguescit

272 1359 409 1432 [Με.
436 1353 781 1427 impinguat].
809 1353 1042 1411 Carnem
1071 1354 1332 1419 debilitat,
1360 1354 1457 1410 sed
1481 1355 1716 1410 animam
1741 1370 1864 1411 eon-

269 1449 463 1506 fortat.
501 1446 611 1503 Sed
646 1445 928 1501 sciendum
982 1452 1070 1500 est
1110 1445 1255 1514 quod
1291 1442 1496 1513 ieiunia
1540 1458 1664 1500 cum
1705 1445 1864 1501 bonis

268 1540 531 1612 operibus
558 1537 671 1592 Deo
706 1536 908 1606 optime
939 1544 1069 1591 sunt
1093 1534 1456 1605 aceeptabilia.
1485 1534 1588 1617 Qui
1623 1542 1802 1591 autem
1830 1551 1863 1590 a

268 1630 415 1684 cibis
442 1627 739 1691 abstinent,
765 1632 822 1680 et
849 1639 1014 1694 prave
1041 1630 1237 1695 agunt;
1266 1622 1538 1680 daemones
1561 1622 1860 1689 imitantur,

268 1719 482 1791 quibus
504 1731 630 1772 esca
656 1714 891 1772 carnalis
918 1729 1023 1769 non
1048 1720 1161 1780 est,
1204 1720 1261 1769 et
1301 1711 1540 1784 nequitia
1569 1712 1862 1784 spiritualis
1890 1701 1939 1761 B

271 1824 501 1879 semper
530 1808 689 1863 inest.
725 1805 818 1861 ille
845 1806 992 1862 enim
1036 1805 1176 1861 bene
1209 1806 1450 1861 abstinet
1486 1821 1518 1861 a
1564 1806 1729 1869 cibis,
1769 1805 1863 1877 qui

273 1909 334 1956 et
368 1915 403 1954 a
432 1898 650 1954 malitia:
684 1898 919 1959 actibus,
961 1904 1017 1952 et
1043 1912 1076 1951 a
1102 1894 1288 1952 mundi
1312 1894 1522 1966 ieiunat
1559 1895 1865 1953 ambitioni-

276 1992 409 2047 bus.
444 1988 633 2044 Melius
663 1996 750 2044 est
790 1987 1191 2058 prredicatiouis
1241 1995 1448 2043 sanctae
1496 1987 1748 2043 convivio
1788 1984 1869 2059 [et

275 2080 433 2135 verbi
457 2079 553 2134 Dei
586 2077 805 2151 pabulo]
835 2078 1099 2133 victuram
1134 2076 1188 2132 in
1216 2084 1478 2147 perpetuo
1510 2084 1748 2131 mentem
1780 2091 1867 2133 re-

275 2169 462 2234 ﬁcere,
486 2184 653 2239 quam
679 2176 920 2224 ventrem
943 2165 1233 2223 mortifera:
1258 2167 1438 2223 carnis
1464 2165 1708 2239 [terreno
1726 2181 1868 2237 pane

275 2253 371 2332 et}
391 2255 662 2313 deliciosis
688 2266 935 2311 saturare
966 2255 1157 2325 epulis.

853 2365 1086 2423 CAPUT
1123 2366 1283 2422 XVll.

840 2476 919 2532 De
965 2477 1320 2550 eleemosynis.
1388 2516 1397 2523 ο

357 2589 654 2651 Sciendum
690 2600 777 2647 est
807 2590 956 2647 enim
986 2605 1109 2646 esse
1135 2590 1356 2662 pietatis
1390 2607 1553 2662 opus,
1587 2598 1650 2646 ut
1688 2592 1756 2647 de
1784 2591 1869 2647 his

278 2700 410 2755 qua
454 2684 614 2738 nobis
656 2682 893 2738 cmlestis
939 2684 1101 2738 Pater
1139 2684 1564 2739 misericorditer
1608 2684 1868 2751 contulit,

280 2790 391 2829 nos
414 2790 630 2845 quoque
665 2774 799 2830 alios
833 2772 1166 2843 adiuvemus.
1197 2774 1334 2831 Sunt
1358 2778 1502 2832 enim
1529 2777 1745 2847 plurimi
1778 2781 1870 2849 qui

280 2866 491 2921 nullam
528 2867 584 2921 in
619 2866 782 2936 agris,
821 2866 1020 2920 nullam
1065 2868 1121 2921 in
1166 2867 1371 2934 vineis,
1419 2869 1622 2924 nullam
1671 2869 1872 2926 habent

280 2959 343 3012 in
402 2958 582 3012 szeculi
639 2958 841 3013 divitiis
889 2959 1215 3029 portionem.
1277 2959 1520 3027 Quorum
1575 2962 1770 3032 inopiae
1803 2962 1872 3018 de

280 3062 353 3103 ea
408 3063 571 3119 quam
636 3047 895 3104 Dominus
966 3049 1122 3105 nobis
1164 3048 1311 3105 dedit
1370 3052 1525 3121 copia
1589 3052 1872 3109 consulere
1898 3049 1946 3114 ϐ

280 3140 550 3195 debemus
574 3181 591 3206 ,
647 3148 710 3195 ut
756 3149 813 3195 et
881 3140 982 3211 ipsi
1036 3142 1317 3198 nobiscum
1379 3143 1490 3200 Deo
1553 3160 1655 3216 pro
1714 3153 1875 3201 terrae

279 3231 622 3287 fecunditate
684 3230 1006 3287 benedicant
1032 3273 1048 3298 ,
1104 3241 1161 3288 et
1226 3234 1495 3306 gaudeant
1552 3236 1875 3307 possidenti-

188 3338 195 3343 ·
282 3322 395 3376 bus
434 3318 603 3375 fuisse
637 3319 867 3387 donata,
894 3336 1014 3393 qua:
1045 3323 1207 3377 etiam
1253 3325 1577 3394 pauperibus
1620 3341 1687 3380 ac
1728 3340 1877 3396 pere-

283 3410 463 3482 grinis
497 3409 642 3465 facta
677 3408 898 3465 fuerunt
929 3413 1252 3471 communia.
1280 3414 1431 3469 Felix
1474 3423 1561 3471 est
1600 3416 1729 3472 illud
1751 3417 1877 3473 hor-

283 3515 479 3567 reum,
514 3509 573 3556 et
608 3502 852 3557 omnium
896 3502 1164 3558 fructuum
1198 3505 1637 3576 multiplicatione
1680 3509 1879 3580 dignis-

286 3590 513 3653 simum,
537 3590 683 3646 unde
702 3592 996 3662 egentium,
1021 3602 1077 3647 et
1096 3593 1370 3659 debilium,
1395 3603 1451 3650 et
1470 3598 1877 3668 peregrinorum

288 3689 574 3737 saturatur
602 3682 832 3737 esuries.
870 3681 1015 3750 Quos
1050 3683 1172 3738 ideo
1209 3684 1310 3738 sub
1351 3684 1582 3740 diversis
1619 3687 1880 3743 molestiis

280 3769 499 3841 iustitia
532 3772 629 3827 Dei
657 3772 902 3828 laborare
930 3773 1197 3844 permisit,
1222 3782 1283 3828 ut
1304 3781 1360 3829 et
1391 3774 1621 3830 miseros
1654 3791 1753 3846 pro
1787 3792 1881 3847 pa-

288 3859 505 3926 tientia,
543 3869 602 3916 et
631 3862 1008 3918 misericordes
1029 3878 1131 3933 pro
1163 3863 1538 3919 benevolentia
1573 3875 1877 3921 coronaret.

288 3947 683 4007 mcacissima
727 3954 871 4007 enim
914 3968 1014 4023 pro
1064 3954 1301 4024 peccatis
1353 3954 1663 4024 deprecatio
1710 3963 1795 4010 est
1825 3955 1881 4010 in

290 4040 663 4115 deemosyuis
712 4054 875 4115 atque
911 4043 1162 4114 ieiuniis;
1191 4053 1248 4103 et
1281 4046 1539 4103 velociter
1573 4048 1643 4103 ad
1672 4048 1883 4104 divinas

289 4134 613 4189 conscendit
663 4151 825 4192 aures
876 4137 1071 4193 talibus
1119 4140 1293 4194 oratio
1339 4138 1549 4196 elevata
1581 4138 1879 4213 suﬂ'ragiis,

290 4222 562 4293 quoniam
585 4225 845 4297 scriptum
874 4235 961 4282 est
987 4244 1000 4280 :
1034 4225 1237 4283 Animae
1262 4245 1374 4283 sum
1400 4228 1655 4299 benefacit
1680 4232 1760 4285 vir
1784 4232 1885 4286 mi-

290 4314 531 4368 seriam
553 4313 735 4386 (Prov.
767 4334 845 4384 x1,
876 4316 985 4391 l7).
1006 4318 1143 4374 Pars
1166 4321 1311 4375 enim
1333 4323 1693 4393 corporalium
1715 4323 1884 4381 facul-

1955 447 2192 513 tribuas,
2222 447 2408 504 dicens
2433 466 2447 502 :
2474 447 2639 514 Date,
2669 457 2717 502 et
2746 447 2960 502 dabitur
2992 448 3155 504 vobis.
3185 447 3231 505 Ο
3260 465 3452 518 avare,
3484 453 3532 508 si

1955 550 2147 592 aurum
2176 536 2373 610 diligis,
2401 537 2487 592 vel
2516 537 2729 594 divitias
2762 537 2972 603 saeculi,
3008 538 3105 604 da,
3132 553 3202 594 ne
3228 538 3443 609 perdas.
3475 538 3534 595 Si

1956 628 2281 695 servaveris,
2307 627 2425 684 sine
2448 627 2611 683 dubio
2634 628 2831 699 perdes
2855 647 2868 683 :
2894 629 2941 685 si
2962 630 3538 703 erogaveris,.omnino

1956 718 2181 774 habebis
2215 733 2308 774 eas
2335 718 2685 786 aiternaliter,
2713 719 2927 776 dicente
2949 721 3065 792 ipsa
3085 720 3369 784 Veritate:
3404 721 3537 780 Ths-

1955 806 2221 861 saurizate
2247 807 2388 862 vobis
2419 807 2691 864 thesauros
2717 809 2772 863 in
2799 808 2946 876 ctelo,
2975 810 3064 865 ubi
3092 827 3184 866 nec
3208 828 3388 883 wrugo
3405 827 3537 880 ,κιο

1956 899 2098 952 tinea
2131 897 2410 952 demolitur
2429 913 2449 951 :
2472 916 2635 971 neque
2676 900 2817 969 [ures
2855 900 3151 971 eﬁ‘odiuut,
3182 911 3243 959 et».
3266 903 3532 974 furantur.

1960 986 2063 1043 Ubi
2086 990 2224 1043 enim
2251 998 2326 1044 est
2350 989 2625 1044 thesaurus
2643 999 2784 1054 tuus,
2801 990 2872 1044 ibi
2886 999 2960 1045 est
2978 1000 3028 1044 et
3042 1007 3133 1047 cor
3150 1002 3310 1052 tuum.
3321 990 3534 1065 (Matth.

1959 1096 2036 1144 νι,
2058 1079 2171 1149 29).
2206 1079 2404 1150 Utique
2436 1080 2575 1136 bene
2595 1080 2973 1150 dispensantes
3009 1081 3322 1152 temporalia
3356 1082 3540 1155 acqui-

1960 1169 2093 1224 retis
2116 1176 2337 1224 aeterna.
2376 1168 2495 1225 Noli
2530 1170 2748 1225 timidus
2780 1185 2905 1227 esse
2929 1171 2984 1225 in
3020 1170 3329 1242 largiendo,
3361 1186 3432 1229 ne
3460 1172 3537 1235 sis

1961 1278 2162 1333 egenus
2188 1264 2242 1317 in
2265 1263 2619 1319 retributione
2644 1281 2657 1318 :
2686 1263 2813 1335 quia
2835 1264 3101 1334 quiparce
3120 1270 3360 1331 seminat,
3382 1279 3536 1335 pares

1961 1363 2010 1409 et
2030 1363 2182 1409 metet
2212 1353 2297 1426 (II
2314 1353 2437 1410 Cor.
2469 1370 2548 1421 ix,
2572 1354 2649 1427 6).
2677 1344 3281 1422 Qui'autemyutiseretur
3296 1356 3535 1427 pauperi,

1962 1445 2142 1500 beatus
2168 1446 2268 1499 erit
2299 1443 2483 1516 (Prov.
2515 1460 2626 1511 xiv,
2653 1444 2766 1517 21).
2801 1443 3100 1514 Redemptio
3142 1445 3318 1515 itaque
3349 1444 3541 1501 animo:

1962 1536 2085 1602 viri,
2108 1536 2306 1591 divitia:
2326 1536 2443 1606 ejus
2471 1535 2655 1607 (Prov.
2681 1550 2805 1600 xm,
2830 1534 2906 1606 8).
2936 1532 3176 1588 Honorat
3209 1533 3376 1588 Deum
3394 1573 3410 1599 ,
3450 1535 3540 1607 qui

1961 1626 2237 1680 miseretur
2279 1625 2546 1697 pauperis.
2592 1623 2863 1679 Absconde
2909 1621 3287 1693 elaemosynam
3328 1623 3385 1678 in
3423 1623 3545 1679 sinu

1965 1717 2232 1787 pauperis,
2257 1716 2390 1772 dicit
2416 1716 2700 1786 Scriptura
2733 1724 2945 1781 sancta,
2971 1724 3021 1770 et
3048 1715 3163 1786 ipsa
3182 1713 3351 1771 orabit
3380 1731 3475 1788 pro
3495 1726 3545 1772 te

1967 1804 2156 1876 (Eccli.
2186 1822 2337 1872 xxix,
2366 1804 2474 1879 15).
2503 1805 2655 1863 Sicut
2682 1822 2822 1878 aqua
2849 1804 3005 1876 137
3028 1805 3309 1876 exstinguit
3343 1807 3543 1876 igneus,

1963 1897 2041 1949 ita
2066 1894 2391 1966 eleemosyna
2411 1897 2694 1967 exstinguit
2713 1905 3002 1967 peccatum.
3031 1895 3278 1951 Animam
3311 1898 3546 1953 esurien-

1964 1994 2071 2039 tem
2100 2001 2162 2040 ne
2185 1985 2480 2056 despexeris
2495 1995 2587 2051 μα
2613 2001 2677 2039 ne
2717 2001 2991 2056 exasperes
3034 2001 3318 2059 pauperem
3355 1987 3413 2042 in
3437 1984 3550 2043 cla-

1966 2091 2109 2129 more
2147 2091 2243 2130 suo
2280 2073 2472 2146 (Eccli.
2524 2091 2600 2140 iv,
2649 2072 2728 2145 2).
2762 2072 2865 2142 Qui
2889 2074 3089 2133 avertit
3111 2089 3301 2131 aurem
3328 2090 3483 2132 suam
3518 2091 3551 2129 a

1966 2165 2205 2221 clamore
2227 2167 2501 2237 pauperis,
2540 2165 2683 2221 illius
2716 2166 2897 2222 oratio
2935 2164 3279 2224 clementiam
3312 2166 3410 2224 Dei
3443 2181 3553 2222 non

1968 2256 2262 2313 merebitur
2289 2255 2444 2329 [Λίδη
2471 2253 2753 2328 meretur].
2773 2254 2834 2310 In
2860 2256 2972 2310 vita
2999 2263 3089 2312 tua
3112 2255 3337 2312 benefac
3358 2255 3554 2312 anima

1969 2357 2105 2414 tum,
2152 2346 2525 2418 eleemosynas
2566 2347 2702 2402 dans
2731 2346 2976 2413 miseris,
3013 2345 3140 2417 quia
3164 2354 3289 2416 post
3319 2353 3550 2403 mortem

1967 2452 2079 2492 non
2104 2437 2274 2492 habes
2294 2444 2619 2507 potestatem
2638 2438 2778 2494 bene
2804 2437 3056 2494 faciendi.
3074 2437 3135 2494 lu
3155 2437 3421 2495 conviviis
3444 2438 3555 2495 tuis

1970 2540 2231 2598 pauperes
2271 2533 2582 2595 vescantur,
2607 2534 2661 2582 et
2689 2526 2939 2583 Christus
2982 2528 3039 2584 in
3084 2527 3207 2599 illis.
3251 2526 3378 2590 Tria
3425 2533 3558 2586 sunt

1970 2636 2169 2694 genera
2196 2620 2664 2691 eleemosynarum
2690 2636 2704 2673 :
2732 2634 2841 2675 una
2865 2617 3180 2690 corporalis,
3216 2617 3397 2689 egenti
3425 2617 3558 2675 dare

1969 2713 2230 2785 quidquid
2268 2712 2540 2784 potueris;
2568 2711 2734 2768 altera
2763 2709 3080 2781 spiritualis,
3111 2708 3388 2771 dimittere
3427 2708 3478 2765 ei
3523 2723 3556 2762 a

1971 2821 2080 2877 quo
2107 2807 2269 2864 lzesus
2296 2805 2496 2871 fueris;
2526 2805 2690 2860 tertia
2729 2802 3136 2873 delinquentetn
3169 2801 3472 2873 corrigere,
3501 2807 3561 2857 et

1971 2904 2221 2954 errantes
2248 2897 2306 2954 in
2334 2896 2479 2953 viam
2509 2894 2770 2951 reducere
2792 2892 3060 2949 veritatis.

2500 3021 2529 3051 ι
2566 3006 2794 3065 CAPUT
2830 3004 3015 3069 XVI“.

2578 3119 2658 3177 De
2686 3120 2945 3183 vastitate.

2048 3238 2283 3303 Castitas
2307 3236 2547 3310 angelica
2568 3242 2654 3291 est
2675 3233 2805 3295 vita.
2831 3231 3067 3294 Castitas
3086 3244 3214 3287 cum
3230 3223 3558 3291 humilitate,

1979 3329 2212 3400 Spiritus
2238 3328 2413 3384 sancti
2438 3327 2736 3389 merebitur
2759 3323 3173 3387 habitationem,
3197 3333 3359 3392 quem
3382 3316 3564 3388 expel-

1977 3418 2039 3474 lit
2065 3418 2405 3479 immunditia
2432 3417 2735 3483 libidinum,
2767 3414 2979 3473 dieente
3007 3409 3284 3481 Scriptura
3309 3428 3324 3464 ;
3355 3406 3563 3477 Corpus

1975 3510 2216 3580 peccatis
2261 3508 2531 3568 subditum
2577 3504 2813 3577 Spiritus
2841 3509 3063 3564 sanctus
3085 3499 3305 3573 effugiet
3331 3494 3481 3571 (Sep.
3509 3512 3560 3561 I,

1978 3600 2054 3669 5).
2090 3601 2326 3660 Membra
2347 3608 2536 3661 nostra
2563 3599 2674 3654 Deo
2703 3597 2905 3658 debent
2927 3609 3052 3651 esse
3072 3593 3278 3656 dicata,
3314 3605 3427 3646 non
3455 3587 3567 3646 for—

1980 3692 2258 3752 nicationi.
2287 3690 2538 3767 Oppooat
2566 3689 2728 3748 homo
2758 3686 3032 3743 desiderio
3053 3683 3239 3740 carnis
3274 3697 3386 3738 suae
3410 3688 3568 3737 aeter-

1983 3799 2174 3839 norum
2236 3781 2482 3841 ﬂammas
2539 3785 2957 3837 tormentorum.
3007 3774 3307 3836 Assuescat
3347 3770 3566 3841 iuvenis

1981 3875 2238 3940 castitati,
2267 3880 2329 3929 ut
2351 3873 2424 3928 sit
2448 3871 2644 3942 dignus
2671 3868 2935 3941 sapientia
2960 3866 3074 3921 Dei.
3102 3865 3203 3921 Ubi
3226 3863 3565 3920 immunditia

1981 3974 2068 4021 est
2090 3964 2355 4036 corporis,
2371 3962 2445 4017 ibi
2457 3959 2718 4016 habitatio
2740 3955 2988 4012 diabolici
3010 3954 3262 4025 spiritus;
3285 3952 3379 4024 qui
3399 3953 3569 4009 m’axi~

1983 4069 2070 4110 me
2104 4054 2303 4125 gaudet
2348 4053 2403 4106 in
2463 4048 2841 4119 inquinatione
2885 4044 3067 4101 carnis
3112 4052 3331 4101 nostra.
3366 4042 3568 4101 Omnes

1982 4144 2339 4207 immunditiae
2352 4142 2462 4197 Deo
2483 4139 2789 4215 displicent,
2816 4144 2873 4193 et
2896 4135 3134 4191 maxime
3153 4148 3275 4206 qua:
3300 4148 3409 4190 non
3441 4142 3572 4191 sunt

1982 4236 2275 4294 naturales.
2303 4235 2573 4291 Admonet
2602 4232 2784 4302 itaque
2818 4245 2918 4287 nos
2945 4228 3229 4303 Scriptura
3250 4233 3466 4293 sancta,
3490 4226 3568 4282 di-

1982 4344 2112 4387 cens
2140 4346 2153 4382 :
2185 4323 2312 4382 Post
2341 4322 2784 4396 concupiscentias
2808 4331 2927 4378 tuas
2957 4337 3062 4376 non
3085 4337 3174 4376 eas
3192 4359 3209 4387 ,
3238 4327 3289 4374 et
3316 4320 3359 4374 ἀ
3381 4316 3569 4374 volun-

292 4412 496 4470 tatum,
525 4421 644 4476 quas
672 4408 1032 4480 indigentibus
1058 4412 1415 4479 ministratur,
1450 4415 1502 4469 in
1536 4415 1752 4472 divitias
1776 4416 1883 4472 lar-
1911 4397 1962 4458 D
1985 4430 2093 4474 tate
2118 4428 2211 4474 tua
2235 4425 2484 4475 avertere.
2516 4414 2579 4472 Si
2604 4424 2819 4487 prastes
2848 4414 3040 4470 animos
3062 4422 3168 4470 tute
3192 4410 3563 4483 concupiscen-

294 4496 470 4568 gienti
517 4500 716 4555 transit
766 4509 1018 4557 aeternas.
1070 4503 1150 4558 ita
1200 4506 1626 4563 misericordiam
1682 4509 1776 4564 Dei
1827 4518 1883 4565 et

294 4586 688 4659 indulgentiam
719 4600 1065 4661 peccatorum
1091 4604 1421 4663 nostrorum,
1457 4613 1749 4671 pauperum
1780 4601 1881 4659 mi-

298 4682 576 4736 seratione
614 4689 671 4736 et
711 4682 1067 4757 eleemosynis
1108 4703 1381 4743 meremur
1425 4708 1438 4743 :
1485 4692 1740 4761 quoniam
1787 4694 1883 4764 qui

298 4783 463 4825 suum
492 4770 562 4825 ab
590 4771 751 4842 inope
795 4789 901 4828 non
944 4776 1142 4830 avertit
1165 4777 1427 4844 animum,
1459 4780 1566 4834 cito
1592 4781 1660 4836 ad
1692 4798 1751 4837 se
1777 4782 1883 4838 Do-

298 4859 440 4915 mini
465 4864 738 4918 convertit
764 4865 1026 4929 auditum,
1056 4866 1267 4923 dicente
1294 4868 1523 4926 Domino
1547 4889 1560 4925 :
1586 4871 1767 4928 Estote
1786 4874 1885 4939 nti-

302 4950 617 5018 sericordes,
646 4953 779 5007 sicut
809 4953 973 5009 Pater
996 4966 1163 5011 vester
1188 4960 1482 5015 misericors
1508 4971 1584 5016 est
1611 4961 1762 5039 (Luc.
1797 4980 1850 5019 vr
1868 5006 1883 5031 ,

301 5043 419 5117 36).
461 5045 616 5113 Quod
651 5049 979 5105 reddituram
1010 5067 1069 5106 se
1104 5053 1372 5121 promittit
1411 5052 1653 5121 Veritas,
1695 5071 1885 5112 secura

300 5139 578 5208 expendat
602 5137 681 5211 [et
706 5141 927 5214 tribuat]
950 5144 1280 5199 humanitas.
1297 5145 1565 5201 Constans
1579 5157 1718 5213 esto,
1733 5147 1889 5203 Chri-

302 5229 481 5285 stiane
501 5230 747 5305 largitor,
775 5232 842 5287 da
868 5234 1010 5303 quod
1039 5235 1306 5305 accipias,
1354 5251 1475 5295 sere
1509 5238 1652 5307 quod
1682 5245 1882 5306 metas,

304 5333 500 5390 sparge
550 5321 696 5392 quod
745 5321 985 5394 colligas.
1033 5322 1151 5378 Noli
1220 5333 1462 5381 metuere
1515 5326 1885 5396 dispendium,

306 5408 417 5463 noli
439 5409 508 5466 de
526 5410 693 5467 dubio
715 5413 989 5485 suspirare
1009 5423 1293 5486 proventu.
1313 5414 1628 5471 Substantia
1651 5425 1737 5471 tua
1766 5433 1889 5474 cum

1986 4515 2088 4569 tias
2138 4513 2274 4585 ejus,
2312 4513 2470 4585 faciet
2521 4522 2570 4567 te
2620 4512 2677 4566 in
2722 4510 2975 4581 gaudium
2995 4505 3221 4564 inimicis
3257 4503 3361 4557 tuis
3380 4500 3569 4558 venire

1989 4603 2180 4675 (Eccli.
2210 4621 2366 4670 xvnl,
2394 4603 2483 4669 50,
2512 4602 2623 4673 3i).
2650 4600 2779 4671 Eius
2801 4612 3015 4670 quoque
3036 4595 3181 4652 modi
3203 4592 3457 4651 Salomon
3480 4609 3570 4649 sa-

1987 4696 2360 4769 pientissimus
2400 4693 2713 4765 proferebat
2755 4688 3052 4749 sententias
3105 4687 3174 4744 de
3204 4687 3447 4743 cavenda
3470 4685 3568 4741 im-

1990 4785 2251 4840 munditia
2282 4784 2497 4849 carnis,
2526 4782 2748 4837 dicens:
2781 4777 2961 4834 Favus
2993 4776 3256 4834 distillans
3291 4776 3432 4833 labia
3466 4793 3570 4832 me-

1986 4875 2208 4939 retricis,
2233 4884 2279 4928 et
2307 4872 2524 4927 nitidius
2550 4869 2661 4925 oleo
2689 4878 2872 4942 guttur
2894 4868 3030 4940 ejus.
3056 4868 3357 4926 Novissima
3392 4878 3570 4924 autem

1984 4970 2128 5031 illius
2156 4984 2341 5023 amara
2367 4964 2521 5037 quasi
2541 4963 2884 5029 absinthium,
2909 4971 2962 5018 et
2987 4971 3145 5017 acuta
3170 4962 3323 5034 quasi
3360 4960 3570 5032 gladius

1986 5062 2176 5130 biceps.
2208 5055 2377 5111 Pedes
2402 5054 2516 5126 ejus
2542 5053 2860 5109 descendunt
2890 5051 2961 5108 ad
2987 5062 3206 5108 mortem
3225 5092 3242 5121 ,
3266 5061 3317 5106 et
3338 5051 3410 5106 ad
3439 5052 3572 5123 infa-

1988 5170 2073 5207 ros
2115 5167 2321 5223 gressus
2364 5148 2507 5203 illius
2545 5153 2836 5219 penetrant.
2874 5143 2983 5200 Per
3026 5144 3264 5201 semitam
3308 5143 3428 5200 vita:
3469 5160 3574 5198 non

1987 5240 2291 5303 ambulant,
2325 5238 2443 5309 vagi
2482 5245 2606 5295 sunt
2648 5250 2857 5306 gressus
2895 5233 3035 5305 ejus,
3073 5244 3123 5287 et
3168 5231 3570 5304 investigabiles.

1994 5330 2149 5393 Nunc
2169 5346 2312 5401 ergo,
2343 5328 2422 5398 ﬁli
2452 5327 2555 5394 mi,
2584 5326 2713 5381 audi
2739 5341 2823 5380 me
2846 5364 2862 5391 ,
2891 5332 2941 5378 et
2986 5340 3050 5378 ne
3078 5322 3288 5377 recedas
3325 5339 3359 5376 a
3404 5320 3571 5378 verbis

1991 5422 2098 5476 oris
2128 5420 2248 5474 mei.
2292 5418 2466 5489 Longe
2495 5415 2580 5484 fac
2605 5415 2669 5470 ab
2700 5432 2761 5470 ea
2789 5414 2901 5468 vias
2940 5421 3078 5476 tuas,
3108 5420 3157 5466 et
3183 5428 3249 5467 ne
3286 5411 3571 5483 appropin-

308 5496 448 5554 bene
477 5510 755 5572 erogatur,
796 5513 1039 5575 augetur.
1075 5505 1468 5562 Remunerator
1520 5514 1646 5562 tuus
1692 5509 1805 5563 vult
1841 5519 1894 5566 te
1992 5528 2117 5581 ques
2140 5509 2337 5583 foribus
2368 5508 2552 5563 domus
2577 5506 2688 5576 ejus
2712 5502 2891 5578 (Prov.
2919 5520 2968 5579 v,
2998 5502 3138 5576 3-8).
3165 5501 3279 5560 Hoc
3307 5501 3574 5583 siquidem

381 5643 409 5672 ³
443 5633 524 5691 Ex
572 5634 675 5695 hoc
722 5638 899 5709 capite
955 5640 1018 5697 18
1073 5639 1334 5721 formatus
1360 5646 1455 5713 est
1501 5654 1678 5697 sermo
1722 5640 1785 5697 91
1823 5640 1880 5697 S.
1923 5639 2056 5713 Aug.
