3894 6182
450 322 555 381 627

1285 321 1345 375 B.
1386 320 1447 375 γ.
1487 315 1713 374 ALBINI
1751 313 1886 371 seu
1921 311 2196 369 ALCUlNl
2234 311 2519 370 OPERUM
2553 312 2733 368 mas
2772 306 2858 367 tv.

3600 306 3719 364 εὖ

448 446 557 495 non
575 435 748 494 solum
770 436 837 493 de
856 435 1202 493 meretricum
1221 431 1559 489 inmunditia
1581 429 1736 495 dixit,
1750 427 1845 483 sed
1863 426 2026 481 etiam
2055 427 2107 487 Α
2130 425 2384 481 damnum
2406 425 2460 479 in
2489 425 2669 480 corde.
2695 422 2790 478 His
2810 420 3061 477 omnibus
3087 419 3335 475 meliores
3355 418 3720 492 divitiasper-e

449 526 519 585 de
544 527 693 585 omni
718 526 898 584 carnis
916 524 1373 595 concupiscentia,
1390 535 1509 593 qua:
1521 519 1775 577 sollicitat
1794 517 2029 571 animam

450 617 567 673 suis
594 617 903 672 consentire
922 614 1225 671 desideriis.
1254 611 1364 668 Sed
1389 611 1531 665 ratio
1558 608 1757 665 mentis
1784 605 2033 676 prohibe-

450 720 515 763 re
540 706 700 763 debet
733 706 966 776 impetus
989 705 1187 768 carnis,
1212 713 1268 759 et
1290 702 1565 758 refrenare
1590 700 1891 769 voluptates
1914 696 2031 766 ejus

450 796 686 866 iniquas.
716 790 848 851 item
876 795 962 850 ille
980 795 1074 865 qui
1102 806 1296 863 supra,
1340 791 1635 862 prohibens
1681 787 2034 844 cohabitatio-

452 901 578 943 nem
609 886 955 949 feminarum,
989 882 1279 951 juvenibus
1323 881 1488 937 dicit:
1517 878 1773 950 Nunquid
1812 878 2032 931 αὺεσση-

452 978 578 1031 dere
612 984 777 1046 potest
802 976 955 1027 homo
1004 974 1175 1043 ignem
1212 973 1268 1024 in
1310 972 1430 1025 sinu
1472 986 1569 1023 suo
1592 1008 1606 1035 ,
1638 977 1694 1021 ut
1724 968 2032 1021 vestimenta

449 1064 596 1119 illius
630 1082 735 1120 non
761 1063 1023 1118 ardeant?
1066 1063 1170 1116 Aut
1214 1061 1484 1115 ambulare
1529 1077 1687 1133 super
1713 1075 1941 1131 prunas,
1973 1066 2031 1111 ut

340 1198 355 1232 εκ
452 1171 558 1209 non
584 1154 960 1208 comburantur
999 1151 1195 1223 plantw
1221 1154 1356 1223 ejus.
1386 1150 1476 1206 Sic
1519 1152 1608 1223 qui
1641 1148 1935 1220 ingreditur
1959 1146 2031 1201 ad

356 1243 364 1309 ξ
450 1241 723 1296 mulierem
742 1243 967 1313 proximi
991 1242 1095 1306 sui,
1124 1258 1227 1296 non
1252 1242 1349 1296 erit
1376 1240 1632 1305 mundus,
1660 1254 1777 1293 cum
1807 1238 2030 1308 tetigerit

449 1347 568 1387 eam
594 1330 778 1401 (Prov.
808 1348 881 1396 v1,
908 1330 1118 1403 37-29).
1147 1332 1408 1386 Similiter
1431 1339 1488 1385 et
1515 1333 1707 1387 beatus
1727 1329 1924 1384 Paulus
1944 1328 2033 1382 ad-

352 1474 361 1481 .
450 1430 638 1477 monet
663 1436 762 1477 nos
788 1421 1084 1492 apostolus,
1118 1421 1398 1491 inquiens:
1424 1421 1632 1475 Bonum
1660 1430 1734 1474 est
1762 1418 2030 1473 mulierem

451 1528 558 1566 non
584 1519 795 1581 tangere
817 1511 870 1582 (Ι
890 1509 1013 1565 Cor.
1037 1526 1134 1577 vit,
1164 1512 1242 1577 l),
1271 1512 1426 1583 quasi
1457 1512 1638 1567 statim
1676 1512 1730 1566 in
1760 1518 1908 1565 tactu
1942 1522 2032 1580 pe-

449 1599 681 1656 riculum
717 1609 880 1655 esset.
907 1598 1134 1656 Pulchra
1161 1608 1245 1656 est
1271 1610 1422 1656 casta
1451 1600 1712 1669 juvenum
1739 1601 2023 1671 pudicitia,

450 1702 509 1748 et
532 1692 645 1747 Deo
675 1692 942 1759 amabilis,
973 1698 1031 1747 et
1053 1692 1121 1747 ad
1145 1707 1308 1746 omne
1333 1690 1534 1748 bonum
1563 1691 1731 1746 utilis.
1758 1691 1860 1758 Qui
1890 1690 2029 1747 filios

2128 514 2331 582 didisti,
2357 516 2413 571 id
2432 524 2536 581 est,
2563 513 2743 580 ﬁdem,
2767 520 2821 567 et
2839 511 3122 582 justitiam,
3156 519 3211 566 et
3233 510 3574 567 dilectionem
3608 511 3721 569 Dei

2127 614 2184 663 et
2203 607 2451 678 proximi.
2467 606 2701 661 Lucrum
2726 610 2875 660 tuum
2898 604 3123 674 cogitas,
3147 602 3403 657 damnum
3426 610 3577 657 tuum
3598 619 3719 661 non

2127 695 2460 750 consideras.
2487 694 2545 749 Si
2573 694 2698 749 huic
2721 692 2873 748 lucro
2901 692 3135 765 gaudes,
3179 706 3348 763 quare
3372 692 3465 746 illa
3494 693 3721 763 perdita

2128 799 2236 840 non
2266 783 2512 854 plangis?
2532 782 2660 839 Plus
2684 799 2812 854 ergo
2834 783 3115 853 perdidisti
3141 796 3303 852 quam
3340 784 3645 853 acquisisti.
3671 783 3721 840 0

2129 876 2460 946 dives,rapis
2480 888 2577 945 per
2600 874 2895 945 potentiam
2923 873 3065 943 quod
3089 874 3183 928 tibi
3207 873 3384 943 placet
3402 874 3628 940 habere,
3658 884 3723 930 et

2129 968 2311 1037 perdis
2338 980 2436 1036 per
2463 965 2779 1035 injustitiam
2810 965 2953 1035 quod
2983 972 3035 1019 te
3056 964 3199 1019 Deus
3234 963 3348 1019 vult
3380 964 3621 1029 habere,
3663 965 3722 1020 id

2129 1066 2243 1123 est,
2295 1058 2683 1112 beatitudinem
2716 1055 3123 1125 sempiternam.
3175 1052 3234 1109 Si
3280 1054 3459 1109 omnis
3504 1052 3597 1108 fur
3627 1054 3722 1110 vel

2130 1155 2318 1218 raptor
2360 1146 2542 1201 lumen
2580 1145 2859 1201 oculorum
2902 1145 3228 1214 perdidisset
3255 1145 3312 1199 in
3338 1144 3484 1200 furto
3510 1145 3598 1200 vel
3627 1160 3725 1200 ra-

2130 1238 2287 1307 pina,
2318 1234 2561 1308 nunquid
2604 1243 2788 1306 postea
2830 1234 3032 1289 furtum
3066 1233 3286 1291 fecisset
3316 1235 3402 1289 vel
3430 1236 3723 1307 rapinam?

2131 1327 2201 1382 Et
2238 1326 2432 1389 nescit,
2481 1326 2626 1395 quod
2660 1327 2713 1378 in
2744 1324 3010 1392 ejusmodi
3048 1330 3272 1394 peccato
3307 1323 3492 1380 lumen
3535 1324 3726 1395 perdit

2131 1418 2332 1483 cordis,
2357 1417 2500 1487 quod
2522 1415 2714 1471 melius
2740 1423 2823 1471 est
2842 1416 2992 1470 omni
3013 1415 3216 1469 lumine
3244 1417 3506 1486 corporis.
3522 1416 3720 1489 Magis,

2131 1523 2313 1573 avare,
2341 1508 2407 1561 da
2430 1506 2752 1577 pauperibus
2774 1505 2915 1577 quod
2938 1506 3125 1571 habes,
3143 1513 3203 1560 ut
3226 1506 3470 1561 invenias
3496 1507 3553 1561 in
3574 1507 3724 1563 calo

2130 1602 2273 1674 quod
2293 1603 2485 1658 dedisti
2511 1603 2565 1657 in
2590 1610 2757 1657 terra.
2775 1598 2913 1669 Quid
2939 1602 3099 1656 times
3117 1601 3402 1673 pecuniam
3423 1611 3572 1657 tuam
3591 1618 3725 1674 per-

2130 1694 2279 1757 dere,
2310 1701 2497 1749 etnon
2529 1693 2690 1747 times
2725 1700 2786 1746 ut
2812 1699 2957 1747 totus
2980 1690 3204 1763 pereas?
3229 1690 3333 1747 Pro
3355 1692 3723 1763 acquisitione

449 1783 616 1839 habet
638 1783 966 1855 spirituales,
1002 1784 1083 1839 vel
1112 1784 1379 1850 carnales,
1407 1784 1613 1839 nutriat
1638 1784 1758 1840 illos
1784 1786 1838 1839 in
1863 1784 2031 1841 casti-
2058 1799 2109 1862 Β
2133 1787 2374 1857 pecunia:
2403 1784 2595 1841 falsum
2625 1784 2992 1840 testimonium
3032 1784 3197 1850 dicis,
3236 1785 3518 1851 mentiris,
3568 1786 3721 1856 rapis

449 1882 564 1929 tate
592 1873 725 1938 Deo,
752 1882 861 1930 nun
896 1874 952 1928 in
990 1871 1347 1930 fornicatione
1380 1871 1612 1929 diabolo.
1646 1873 1785 1941 Quid
1812 1873 2034 1943 prodest

448 1965 657 2020 homini
680 1962 851 2020 filium
871 1965 1093 2030 habere,
1118 1967 1347 2031 nutrire,
1368 1978 1574 2030 amare,
1596 1965 1643 2020 si
1669 1965 1888 2020 aeternis
1907 1978 2031 2019 eum

448 2055 653 2110 nutriet
675 2055 994 2111 tormentis?
1012 2054 1115 2122 Qui
1137 2055 1193 2109 in
1228 2055 1475 2109 castitate
1492 2055 1702 2119 vivunt,
1732 2053 2029 2125 angelicam

448 2146 653 2202 habent
689 2147 745 2201 in
781 2146 943 2202 terris
978 2146 1466 2201 conversationem.
1496 2144 1733 2200 Castitas
1754 2143 2031 2199 hominem

449 2236 590 2292 coelo
608 2234 906 2308 conjungit,
921 2237 1127 2309 angelis
1154 2235 1285 2292 facit
1306 2237 1604 2291 eoncivem.
1629 2234 1732 2303 Qui
1755 2234 2032 2289 mulierem

449 2326 617 2381 habet
638 2326 958 2398 legitimam,
998 2327 1236 2398 legitime
1269 2333 1455 2381 utatur
1480 2338 1544 2380 ea
1571 2324 1903 2395 temmribus
1935 2338 2033 2394 op-

446 2418 718 2487 portunis,
746 2420 809 2472 ut
839 2417 1272 2473 benedictionem
1302 2425 1576 2471 mereatur
1604 2414 1836 2470 filiorum
1866 2430 1898 2469 a
1919 2414 2031 2470 Deo

448 2508 711 2577 recipere.
740 2506 911 2563 Nemo
939 2508 1084 2562 dicat
1108 2524 1137 2562 a
1169 2506 1522 2561 fornicatione
1547 2519 1607 2560 se
1630 2505 1903 2560 custodire
1921 2520 2029 2560 non
2104 2512 2107 2515 '

446 2610 629 2667 posse.
674 2594 874 2651 Fidelis
905 2607 980 2651 est
998 2598 1142 2651 enim
1164 2596 1326 2661 Deus,
1354 2596 1487 2651 dicit
1507 2596 1698 2651 beatus
1717 2596 2027 2666 Apostolus,

449 2689 541 2756 qui
572 2696 675 2740 non
697 2687 948 2756 permittit
973 2694 1068 2741 nos
1092 2688 1285 2740 tentari
1316 2702 1477 2756 supra
1516 2686 1593 2749 id,
1642 2688 1780 2757 quod
1822 2697 2032 2758 portare

449 2786 556 2829 non
579 2775 702 2846 [ΜΒ.
733 2776 886 2831 omit.
919 2776 1046 2849 non]
1078 2792 1352 2847 possumus
1380 2789 1398 2827 :
1426 2776 1518 2831 sed
1548 2776 1704 2846 faciet
1731 2778 1887 2831 etiam
1910 2788 2030 2831 cum

449 2866 740 2920 tentatiotte
766 2874 1073 2937 prouentum
1096 2865 1145 2939 (ι
1179 2864 1302 2921 Cor.
1342 2881 1399 2931 χ,
1428 2865 1539 2936 13).
1570 2864 1716 2921 Talis
1742 2866 2030 2936 unicuique

449 2957 655 3013 homini
680 2960 908 3014 tentatio
932 2959 1111 3025 datur,
1135 2959 1252 3014 sive
1279 2959 1334 3013 in
1372 2958 1555 3013 carnis
1588 2957 1882 3023 desiderio,
1913 2958 2031 3013 sive

449 3048 507 3101 in
545 3047 842 3102 ambitione
878 3047 1080 3113 saeculi,
1116 3047 1203 3103 vel
1228 3048 1389 3103 etiam
1413 3048 1468 3101 in
1499 3061 1821 3117 quacunque
1849 3055 2028 3102 tenta-

2131 1878 2328 1934 aliena.
2376 1872 2555 1945 Juras,
2607 1875 2873 1948 periuras,
2923 1890 3042 1947 qua:
3090 1875 3179 1933 lex
3224 1884 3390 1933 vetat.
3425 1877 3562 1933 Cum
3598 1878 3722 1935 haec

2129 1974 2311 2029 omnia
2347 1971 2482 2030 facis
2505 2012 2523 2041 ,
2572 1986 2743 2045 quare
2776 1984 2885 2028 non
2913 1964 3108 2036 times,
3144 1983 3214 2024 ne
3257 1972 3403 2026 totus
3427 1972 3622 2028 ardeas
3658 1973 3719 2027 in

2129 2068 2427 2122 aitemum?
2451 2065 2578 2131 Cur,
2604 2080 2789 2130 avare,
2818 2062 2938 2134 plus
2964 2078 3115 2119 amas
3148 2078 3371 2131 aurum,
3400 2079 3563 2135 quam
3598 2065 3723 2119 ani-

2128 2159 2310 2214 mam?
2336 2153 2475 2224 Quid
2500 2157 2645 2213 enim
2670 2156 2900 2228 proderit
2928 2157 3039 2222 tibi,
3060 2157 3107 2211 si
3132 2158 3386 2210 mundum
3412 2158 3719 2212 universum

2130 2244 2387 2313 Iucreris,
2443 2244 2633 2300 animm
2695 2253 2871 2300 autem
2922 2254 3027 2299 tua:
3082 2236 3447 2299 detrimentum
3492 2244 3719 2316 patiaris

2132 2327 2345 2409 (Matth.
2377 2353 2488 2402 xvi,
2514 2337 2643 2408 26)?
2673 2330 2741 2391 Et
2770 2337 2885 2406 ipse
2912 2334 3173 2391 Dominus
3197 2330 3329 2391 dicit
3369 2337 3423 2391 in
3465 2335 3719 2407 Evange-

2130 2429 2202 2484 lio
2232 2448 2243 2482 :
2274 2426 2459 2482 Cavete
2486 2428 2551 2482 ab
2580 2428 2722 2482 omni
2750 2428 2999 2492 avaritia,
3029 2429 3155 2498 quia
3180 2427 3360 2482 nonin
3381 2427 3719 2483 abundantia

2129 2524 2445 2594 cujusquam
2465 2523 2579 2577 rita
2591 2523 2725 2590 ejus,
2753 2539 2870 2595 quo:
2885 2523 3115 2594 possidet
3139 2521 3286 2594 (Luc.
3309 2537 3406 2588 xu,
3434 2522 3546 2593 l5).
3567 2521 3727 2578 Nunt

2129 2617 2257 2689 quid
2286 2628 2394 2681 non
2425 2618 2620 2674 divites
2664 2618 2914 2681 similiter
2953 2620 3272 2685 moriuntur,
3302 2618 3444 2674 sicut
3482 2625 3728 2698 et.pau-

2130 2706 2321 2778 petes?
2349 2706 2466 2763 Non
2492 2709 2750 2779 prodesse
2785 2719 3014 2779 possunt
3041 2710 3238 2767 divitiae
3265 2710 3320 2764 in
3346 2711 3433 2766 die
3459 2710 3719 2778 ultionis,

2130 2816 2234 2855 nec
2266 2799 2573 2855 liberabunt
2612 2801 2752 2857 male
2796 2810 3010 2858 utentes
3054 2801 3188 2876 [Al.,
3243 2801 3508 2872 viventes]
3554 2801 3642 2857 eis
3681 2814 3718 2855 ι

2129 2890 2307 2959 pinnis
2341 2880 2703 2959 sempiternis.
2741 2890 2884 2946 Nihil
2929 2899 3013 2947 est
3054 2905 3221 2946 avaro
3264 2890 3584 2955 scelestius,
3618 2888 3722 2961 qui

2131 2980 2366 3034 animam
2403 2994 2557 3034 suam
2583 2978 2745 3034 habet
2775 2979 3019 3036 venalem
3044 2995 3143 3052 pro
3179 2981 3473 3052 cupiditate
3506 2980 3725 3035 divitia-

2132 3080 2269 3122 rum.
2303 3064 2541 3123 Avaritia
2572 3070 2790 3124 modum
2827 3066 3067 3142 ignorat,
3102 3078 3159 3128 et
3188 3068 3525 3127 cum'omnia
3551 3069 3720 3127 devo-

448 3138 613 3193 ῑίοηίδ
640 3138 909 3236 ωΟῘῨεῖξδν
940 3139 1163 3236 quam?
1182 3147 1277 3195 3‘“
1311 3155 1435 3195 cum
1460 3139 1624 3236 Ῑξλυδξ
1649 3139 1902 3236 νίίξξεθνθν
1935 3148 2031 3236 3}“
2055 3137 2101 3199 ο
2132 3168 2245 3225 ret,
2293 3164 2466 3217 nescit
2490 3162 2704 3232 penitus
2747 3137 2934 3218 satiari
2963 3162 3117 3235 μη,
3141 3162 3422 3236 saturari].
3452 3162 3719 3218 Esuriens

450 3242 572 3281 cum
596 3229 885 3298 opprobrio
925 3229 1279 3284 succumbere
1321 3229 1537 3299 poterit.
1586 3227 1849 3285 Omnibus
1884 3230 2030 3284 enim

448 3317 672 3371 castitas
693 3333 906 3387 semper
933 3320 1238 3375 necessaria
1262 3328 1365 3386 est,
1396 3321 1490 3375 sed
1510 3322 1745 3375 maxime
1763 3321 2031 3376 ministris

450 3404 651 3459 Christi
678 3406 881 3471 altaris,
913 3422 1142 3476 quorum
1165 3410 1276 3463 vita
1297 3409 1526 3463 aliorum
1563 3409 1725 3464 debet
1756 3424 1878 3464 esse
1904 3426 2030 3466 eru-

449 3494 603 3559 ditio,
634 3503 689 3549 et
714 3496 930 3551 assidua
952 3496 1142 3552 salutis
1165 3499 1495 3568 praedicatio.
1523 3498 1679 3554 Tales
1708 3501 1853 3556 enim
1876 3503 2032 3559 decet

447 3584 735 3639 Dominum
764 3584 963 3641 habere
990 3586 1299 3654 ministros,
1324 3591 1414 3659 qui
1453 3588 1596 3644 nulla
1634 3592 1813 3647 carnis
1849 3603 2031 3648 conta-

450 3673 610 3744 gione
649 3668 813 3747 [Ms.,
848 3674 1057 3731 nullo...
1101 3678 1387 3751 contagio]
1432 3689 1878 3751 corrumpantur;
1935 3686 2030 3739 sed

447 3763 628 3832 potius
653 3765 985 3820 continentia
1012 3767 1279 3823 castitatis
1309 3767 1629 3838 splendeant
1653 3779 1709 3826 et
1743 3772 1905 3827 totius
1933 3773 2029 3828 ho-

447 3854 678 3911 nestatis
708 3854 946 3927 fulgeant
969 3856 1023 3910 in
1059 3856 1256 3927 populo
1286 3859 1567 3929 exemplis.

935 3987 1095 4060 133
1131 3988 1358 4046 CAPUT
1399 3988 1540 4045 XIX.

2134 3265 2347 3319 semper
2372 3258 2426 3304 et
2455 3251 2609 3320 inops
2635 3261 2737 3306 est.
2764 3250 2975 3308 Avarus
3000 3252 3085 3306 vir
3115 3248 3333 3308 inferno
3369 3253 3455 3308 est
3495 3248 3717 3315 similis,

2132 3339 2224 3410 qui
2254 3355 2532 3410 nunquam
2556 3341 2824 3412 impletur.

2729 3470 2957 3528 CAPUT
2982 3469 3101 3528 XX.

2708 3582 2785 3641 De
2840 3586 3133 3658 judicibus.

2198 3697 2386 3753 Omnis
2412 3700 2503 3769 qui
2531 3702 2679 3754 recte
2700 3692 2928 3769 judicat,
2958 3707 3218 3755 stateram
3249 3692 3304 3754 in
3329 3707 3491 3753 manu
3513 3703 3712 3768 gestat.

2129 3782 2186 3843 in
2217 3797 2448 3859 utroque
2478 3805 2640 3845 sensu
2677 3788 2830 3862 [Ms.,
2869 3789 3060 3861 pensu]
3096 3780 3368 3858 justitiam
3405 3800 3463 3844 et
3499 3787 3717 3845 miseris

2129 3879 2368 3934 cordiam
2399 3888 2616 3949 portat:
2655 3888 2713 3933 ut
2746 3896 2844 3950 pro
2871 3880 3082 3948 justitia
3115 3880 3564 3950 reddatpeccatis
3590 3890 3717 3935 sem

2129 3972 2354 4025 tentiam
2384 3984 2482 4041 pro
2504 3972 2869 4026 miseriCordia
2911 3972 3118 4041 peccati
3168 3977 3429 4039 temperet
3466 3982 3710 4040 pmnam.

2129 4062 2382 4129 Qumdam
2410 4078 2536 4118 vero
2570 4070 2698 4117 sunt
2722 4078 2752 4117 a
2770 4061 2953 4131 judice
2977 4064 3119 4118 bono
3142 4076 3241 4133 per
3260 4061 3571 4132 aequitatem
3602 4075 3715 4116 oon

1034 4151 1088 4233 ἰ-
1105 4151 1238 4159 κ--ν
1263 4151 1513 4159 --η--ππ-
2081 4169 2089 4180 ο
2129 4155 2368 4225 figenda,
2395 4157 2637 4225 qumdam
2650 4170 2747 4224 per
2770 4151 3552 4225 misericordiamindulsenda.
3580 4151 3713 4207 δίυθ

518 4234 774 4299 Dominus
799 4239 933 4310 ipse,
958 4237 1048 4309 qui
1077 4252 1175 4293 nos
1194 4238 1460 4310 benignos
1481 4237 1817 4295 admonctdc
1842 4248 2026 4295 nostra
2125 4254 2480 4314 personarum
2519 4244 2833 4315 acceptione
2887 4243 3086 4299 debent
3124 4257 3245 4298 esse
3288 4240 3511 4309 judicia.
3566 4239 3714 4295 Nihil

446 4330 747 4390 substantia
776 4328 1104 4401 pauperibus
1123 4339 1178 4382 et
1204 4330 1417 4384 miseris
1447 4345 1568 4385 esse
1591 4370 1606 4396 ,
1639 4332 1888 4400 prohibet
1926 4348 2026 4389 nos
2125 4335 2270 4389 enim
2295 4335 2531 4406 iniQuius
2554 4344 2659 4399 est,
2686 4350 2849 4406 quam
2873 4347 3098 4389 munera
3124 4333 3368 4403 accipere
3384 4333 3439 4387 in
3455 4329 3707 4399 judiciis:

446 4424 515 4478 ab
549 4423 695 4479 omni
740 4418 962 4473 avaritia
1016 4425 1072 4471 et
1114 4417 1314 4487 injusta
1367 4420 1609 4489 pecunia:
1650 4421 2021 4492 ncquisitione.
2056 4484 2099 4497 _
2129 4425 2253 4496 quia
2290 4440 2509 4480 munera
2554 4436 2818 4481 exca'cant
2866 4424 3027 4480 corda
3065 4424 3211 4497 [Ms.,
3243 4421 3446 4495 oculos]
3479 4424 3713 4493 pruden-

447 4514 545 4583 Qui
573 4528 703 4568 vero
731 4512 807 4567 ait
832 4529 843 4565 :
872 4508 948 4564 De
980 4509 1140 4580 justis
1168 4484 1440 4565 iaborib-us
1484 4513 1589 4567 tuis
1624 4513 1712 4581 [ac
1732 4484 2025 4586 -eleemosy-
2051 4484 2105 4547 θ
2129 4484 2279 4581 tium,
2300 4526 2347 4571 et
2367 4516 2664 4572 subvertant
2690 4517 2849 4572 corda
2875 4515 3023 4588 [51s,
3045 4484 3222 4588 verba]
3235 4484 3504 4585 justorttm
3524 4513 3709 4585 (Deut.

446 4621 568 4659 nam
600 4601 749 4678 (Tob.
792 4619 867 4669 tv,
893 4600 969 4676 7),
998 4602 1113 4672 ipse
1142 4606 1241 4672 'per
1264 4601 1566 4672 apostolum
1593 4618 1751 4657 suum
1774 4603 2025 4661 hortatur
2130 4625 2241 4675 xvu,
2270 4608 2379 4679 l9).
2408 4607 2475 4662 In
2502 4625 2604 4679 quo
2627 4611 2763 4663 enim
2779 4606 3009 4679 judicio,
3032 4607 3163 4663 dicit
3186 4606 3475 4668 Dominus,
3493 4604 3713 4676 judice-

445 4711 576 4760 nos,
627 4694 816 4749 dicens
862 4712 874 4747 :
921 4691 1100 4747 Nolite
1146 4692 1389 4763 fraudem
1436 4691 1607 4762 facere
1645 4691 1812 4764 [Ms.,
1865 4694 2025 4751 noh‘te
2130 4700 2283 4765 bilis;
2303 4698 2631 4770 judicabitur
2656 4699 2764 4773 [de]
2794 4700 2934 4754 vobis
2958 4696 3173 4771 (Matth.
3196 4713 3304 4761 vn,
3337 4696 3418 4767 2).
3456 4694 3709 4766 Quapro-

444 4784 716 4857 fraudare]
744 4786 960 4840 invicem
989 4783 1179 4854 (Marc.
1206 4792 1259 4848 Χ,
1286 4782 1391 4855 l9).
1432 4783 1533 4851 Qui
1569 4782 1758 4839 fraude
1789 4785 2027 4854 qualibet
2129 4798 2248 4862 pter
2266 4787 2431 4859 judex
2459 4787 2625 4846 Deum
2647 4789 2883 4860 judicem
2911 4791 3119 4854 timeat,
3146 4804 3214 4844 ne
3253 4787 3395 4843 forte
3424 4786 3537 4842 Deo
3564 4784 3712 4856 judi-

444 4876 649 4948 aliquid
681 4875 1025 4945 acquisierit,
1073 4874 1250 4943 perdit
1293 4871 1562 4940 justitiam
1616 4880 1672 4927 et
1713 4874 2022 4943 aequitatem
2130 4890 2289 4935 caute
2315 4881 2619 4937 damnetur.
2655 4882 2757 4949 Qui
2783 4881 3098 4949 innocentes
3133 4882 3370 4944 damnat,
3399 4877 3483 4933 vel
3512 4875 3707 4947 impios

952 4103 1031 4159 De
1051 4104 1241 4173 fraude
1261 4106 1513 4159 cauenda.

444 4967 597 5042 μὴ,
616 4966 839 5036 justitiaa
869 4964 1219 5037 mqititatc'm].
1250 4966 1347 5020 Dic
1374 4974 1558 5031 avare,
1588 4964 1673 5019 dic
1696 4965 1905 5035 cupide,
1938 4965 2025 5020 dic

443 5061 726 5125 scelerate,
764 5057 893 5130 quid
926 5057 1237 5128 acquisisli?
1278 5056 1442 5114 Forte
1490 5058 1663 5114 dicis:
1694 5059 1897 5114 Aurum
1934 5066 2024 5113 ac-

442 5151 675 5223 quisivi?
708 5154 763 5206 et
795 5154 979 5204 verum
1018 5148 1173 5204 dicis.
1211 5149 1349 5204 Ecce
1387 5165 1576 5205 aurum
1618 5150 1896 5220 acquisisti
1927 5164 2025 5219 per

443 5238 717 5306 fraudem,
752 5246 809 5294 et
853 5236 1009 5293 ﬁdem
1046 5238 1321 5307 perdidisti
1359 5252 1456 5309 per
1490 5238 1827 5308 injustitiam.
1874 5240 1929 5295 Si
1966 5239 2021 5293 in

441 5342 684 5389 mercato
724 5332 883 5389 ﬁdem
932 5332 1202 5387 invenires
1235 5330 1480 5388 venalem
1509 5350 1522 5386 :
1554 5332 1599 5388 si
1634 5332 1808 5387 bonus
1839 5347 2019 5395 esses,

441 5424 714 5496 quomodo
779 5430 1155 5494 comparassc‘s
1206 5416 1373 5498 [Hs.,
1434 5424 1812 5496 comparares]
1868 5425 2023 5479 eam?

445 5516 623 5583 Quare
646 5533 752 5571 non
782 5517 939 5573 times
964 5517 1190 5588 perdere
1221 5532 1282 5574 ca
1300 5559 1314 5586 ,
1341 5532 1461 5588 qua:
1486 5514 1638 5589 (Ma,
1665 5530 1807 5581 eam,
1835 5516 2018 5589 quam]

445 5612 497 5660 te
522 5606 667 5662 Deus
698 5608 866 5662 voluit
907 5607 1106 5664 habere
1143 5611 1193 5664 in
1236 5610 1431 5663 corde?
1472 5608 1679 5662 Aurum
1725 5608 1895 5664 habes
1937 5607 2018 5663 vel

443 5703 755 5765 argentum,
805 5698 888 5751 vel
941 5698 1083 5752 aliud
1132 5699 1260 5768 quid
1308 5699 1595 5769 pretiosius
1641 5699 1695 5754 in
1730 5715 1887 5767 arca;
1926 5700 2019 5756 scd

2120 4968 2388 5038 justificat
2438 4988 2539 5042 pro
2592 4974 2936 5037 muneribus;
2991 4972 3075 5028 vel
3120 4971 3410 5041 cujuslibet
3458 4981 3709 5041 persons

2127 5078 2310 5117 amore
2343 5060 2426 5116 vel
2457 5063 2579 5118 odio
2605 5063 2810 5135 [inique
2847 5063 3086 5132 judicat,
3117 5064 3171 5120 in
3213 5062 3310 5119 Dei
3343 5061 3550 5132 judicio
3584 5060 3710 5116 vin-

2127 5153 2327 5207 dictam
2351 5153 2681 5226 sustinebitj.
2698 5154 2865 5210 Nemo
2886 5155 3189 5225 principum
3206 5154 3401 5210 stultos
3413 5150 3495 5208 vel
3509 5151 3711 5223 impro-

2125 5240 2223 5297 bos
2246 5238 2455 5313 judiccs
2484 5257 2684 5311 ponere
2710 5240 2886 5298 debet.
2914 5243 3047 5299 Nam
3080 5241 3275 5299 stultus
3304 5258 3405 5314 per
3434 5242 3707 5315 ignaviam

2127 5334 2339 5405 ignorat
2355 5331 2639 5402 justitiam,
2675 5328 2952 5405 improbus
2992 5343 3171 5391 autem
3216 5350 3314 5407 per
3352 5333 3708 5404 cupiditatem

2123 5420 2387 5481 subvertit
2419 5426 2589 5497 ipsam
2616 5441 2780 5498 quam
2823 5426 3013 5482 didicit
3052 5427 3359 5483 veritatem.
3401 5420 3547 5478 Pene
3588 5436 3711 5492 gra-

2121 5518 2243 5571 vius
2265 5514 2571 5573 lacerantur
2594 5534 2859 5589 pauperes
2888 5535 2917 5572 a
2942 5519 3123 5588 pravis
3144 5516 3421 5587 jndicibus
3437 5557 3453 5583 ,
3480 5529 3643 5587 qnam
3675 5526 3706 5564 ³

2122 5609 2515 5663 crucntissimis
2546 5609 2808 5665 hostibus.
2835 5609 3019 5665 Nullus
3039 5610 3179 5665 enim
3203 5609 3385 5681 praedo
3424 5615 3532 5663 tam
3554 5603 3706 5674 cupi-

2121 5696 2222 5755 dus
2248 5699 2300 5753 in
2335 5699 2544 5767 alienis,
2586 5715 2747 5769 quam
2781 5701 2944 5771 judex
2970 5702 3186 5773 iniquus
3214 5701 3267 5758 in
3307 5700 3441 5757 suis.
3484 5695 3708 5767 Pejorcs
