3894 6182
279 292 393 351 629

1086 291 1410 349 MORALIA.
1450 321 1521 333 —-
1558 291 1759 349 LIBER
1794 292 1882 347 DE
1918 292 2333 353 VIRTUTIBUS
2366 294 2455 349 ET
2497 293 2715 349 VlTllS.

3429 302 3534 360 630

274 421 410 473 sunt
443 410 915 480 hostibusiudices
934 410 1123 481 iniqui.
1157 410 1352 468 Hostes
1373 429 1516 483 saepe
1541 413 1665 485 fuga
1689 413 1863 468 vitano
1890 415 1933 474 Α
1956 410 2340 481 iudicabuntur
2368 429 2399 468 a
2428 414 2602 470 bonis.
2658 415 2811 486 Saepe
2840 417 3005 472 etiam
3034 426 3090 473 ct
3115 420 3203 476 hic
3230 420 3354 477 boni
3407 423 3538 479 infe-

274 514 370 562 tur
394 523 409 559 ε
428 504 639 574 iudices
660 501 834 575 [vero]
864 511 1085 572 propter
1109 505 1404 572 potentiam
1424 503 1583 575 effugi
1609 520 1715 559 non
1737 519 1860 574 pos-

272 603 441 659 sunt,
472 594 564 664 qui
594 593 810 648 divitias
831 601 890 650 et
924 593 1125 648 civium
1153 595 1507 663 oppressione
1529 610 1861 666 congregare

271 687 521 742 student.
544 674 1078 753 Aliquotics-iudices
1107 684 1233 738 boni
1262 684 1542 740 ministros
1572 686 1732 756 139
1765 686 1861 740 ha-

272 779 412 834 bent
436 790 682 846 rapaces,
704 789 933 844 quorum
956 775 1162 830 scelere
1196 777 1635 847 coinquinantur,
1668 779 1712 833 si
1752 794 1858 833 non

271 867 569 938 prohibent
588 866 939 935 rapacitatem
965 866 1202 921 illorum.
1228 867 1292 920 lli
1320 867 1374 921 in
1409 868 1602 925 alienis
1634 878 1864 939 pereunt

270 955 516 1027 peccatis
534 997 547 1019 ,
569 956 695 1025 quia
722 972 825 1010 non
853 955 1021 1009 solum
1040 997 1054 1021 ,
1087 966 1149 1012 ut
1173 960 1421 1029 egregius
1455 959 1644 1014 mundi
1673 960 1863 1015 doctor

272 1047 373 1111 ait,
398 1047 491 1116 qui
524 1046 748 1115 faciunt,
778 1046 869 1099 Sed
895 1046 987 1116 qui
1007 1048 1333 1101 consentiunt
1361 1049 1694 1117 facientibus,
1715 1050 1860 1119 digni

268 1136 571 1205 eﬁciuntur
594 1145 759 1189 morte
784 1146 1032 1205 perpetua
1061 1135 1237 1206 (Rom.
1261 1153 1301 1202 ι,
1326 1137 1438 1208 52).
1467 1137 1621 1207 Saepe
1651 1136 1857 1205 iudices

268 1225 423 1293 pravi
457 1225 771 1293 cupiditatis
796 1239 963 1278 causa
994 1232 1085 1279 aut
1105 1224 1391 1289 differunt,
1421 1236 1513 1280 aut
1546 1234 1862 1295 pervertunt

259 1314 489 1382 indicia.
518 1314 629 1369 Nec
650 1313 846 1368 ﬁniunt
881 1320 1096 1378 causas,
1131 1329 1414 1384 quousque
1444 1315 1648 1369 saeculi
1671 1330 1859 1369 eorum

270 1401 621 1473 impleantur.
651 1401 876 1470 Quando
899 1404 1044 1458 enim
1069 1400 1345 1470 iudicant,
1373 1419 1479 1458 non
1507 1420 1735 1469 causas,
1763 1405 1859 1460 sed

265 1496 411 1549 dona
464 1495 835 1552 considerant.
887 1494 1107 1550 Iudices
1150 1498 1329 1567 pravi,
1375 1495 1530 1565 iuxta
1576 1498 1861 1567 Propheta:

265 1588 520 1654 verbum,
545 1588 699 1659 quasi
728 1586 841 1657 lupi
859 1603 1067 1657 vespere
1093 1601 1111 1638 :
1146 1604 1250 1642 non
1287 1587 1585 1659 relinquunt
1617 1589 1673 1643 in
1704 1606 1860 1644 mane

262 1678 534 1749 (Sophon.
570 1694 630 1733 ιιι
655 1718 670 1742 ,
706 1676 793 1749 5),
834 1678 937 1733 hoc
968 1686 1083 1743 est,
1115 1678 1181 1734 de
1222 1680 1507 1749 praesentis
1539 1680 1663 1735 vita:
1702 1696 1855 1736 com-

261 1769 440 1826 modo
469 1778 676 1829 tantum
700 1756 955 1840 cogitant,
982 1770 1048 1825 de
1070 1768 1252 1826 futuro
1283 1778 1468 1825 autem
1491 1772 1626 1826 nihil
1655 1789 1668 1825 :
1704 1771 1855 1843 lupo—
1888 1765 1931 1824 Β

259 1874 397 1915 rum
424 1874 576 1915 more
593 1868 787 1914 cuncta
810 1859 1102 1930 rapientes,
1137 1869 1196 1915 et
1229 1861 1316 1915 vix
1340 1862 1666 1931 pauperibus
1688 1877 1859 1933 pauca

270 1951 669 2021 relinquentes.
696 1951 994 2007 Iracundus
1028 1950 1192 2021 iudex
1221 1952 1408 2022 iudicii
1440 1968 1671 2011 examen
1702 1954 1860 2025 plene

261 2044 520 2099 contueri
547 2058 654 2100 non
674 2044 841 2111 valet,
884 2046 1009 2115 quia
1044 2045 1277 2116 caligine
1321 2044 1520 2101 furoris
1566 2062 1674 2101 non
1714 2048 1861 2104 videt

261 2138 571 2194 claritatem
594 2137 840 2207 iustitiae.
867 2138 984 2194 Non
1022 2149 1108 2195 est
1136 2154 1365 2211 persona
1405 2142 1459 2196 in
1488 2139 1694 2209 iudicio
1727 2155 1859 2196 con—

256 2227 579 2293 sideranda,
617 2229 713 2285 sed
737 2244 920 2284 causa.
952 2228 1228 2300 Scriptum
1265 2238 1352 2286 est
1389 2231 1535 2285 enim
1561 2247 1577 2285 :
1609 2228 1734 2284 Non
1766 2248 1857 2285 ac-

255 2319 427 2388 cipies
446 2335 722 2390 personam
746 2321 800 2373 in
816 2320 1022 2391 judicio
1045 2320 1227 2392 (Deut.
1255 2337 1294 2388 ι,
1320 2322 1431 2393 17).
1456 2319 1855 2393 Iniquiiudices

252 2420 454 2466 errant
481 2412 535 2466 in
560 2412 807 2467 veritatis
829 2414 1119 2478 sententia,
1147 2414 1275 2469 dum
1304 2414 1592 2470 intendunt
1624 2414 1855 2484 qualita-

256 2512 379 2558 tem
420 2518 704 2573 personae:
738 2512 795 2560 et
825 2514 1025 2561 nocent
1053 2521 1196 2577 sarpe
1231 2505 1416 2574 iustis,
1457 2505 1585 2561 dum
1611 2506 1855 2575 improbe

255 2594 564 2652 defendunt
603 2597 820 2667 impios.
872 2597 1130 2669 Acceptio
1179 2613 1466 2653 munerum
1519 2597 1575 2652 in
1614 2596 1848 2666 iudiciis,

252 2687 642 2757 praevaricatio
668 2697 755 2745 est
777 2690 1044 2747 veritatis.
1079 2689 1182 2758 Qui
1220 2690 1389 2746 Deum
1429 2690 1681 2746 timentes
1704 2690 1854 2760 iuste

252 2774 527 2845 iudicant,
561 2785 767 2835 eterna
802 2793 834 2833 a
868 2779 1097 2835 Domino
1128 2782 1399 2851 accepturi
1437 2789 1566 2837 sunt
1606 2783 1848 2851 prtcmia.

867 2909 1095 2968 CAPUT
1121 2911 1262 2967 XXI.

789 3018 867 3074 De
889 3020 1042 3091 falsis
1063 3021 1296 3077 testibus.

336 3122 533 3183 Falsus
560 3128 731 3195 testis,
779 3129 912 3185 dicit
964 3130 1243 3200 Salomon,
1276 3149 1381 3189 non
1419 3134 1518 3188 erit
1563 3134 1851 3204 impunitus

253 3216 446 3287 (Prov.
478 3235 595 3286 xu,
622 3219 697 3289 9).
730 3219 829 3288 Qui
854 3221 1048 3277 falsum
1081 3223 1451 3279 testimonium
1492 3223 1699 3295 profert
1723 3240 1854 3279 con-

255 3317 348 3362 tra
388 3310 700 3379 proximum
747 3327 925 3377 suum,
971 3315 1349 3386 exstinguetur
1392 3314 1614 3370 lucerna
1657 3314 1775 3385 eius
1796 3315 1850 3368 in

254 3400 351 3455 die
377 3400 586 3458 ultimo.
616 3402 719 3472 Qui
748 3412 894 3460 metu
924 3404 1207 3474 cuiuslibet
1251 3408 1536 3479 potestatis
1562 3408 1850 3463 veritatem

254 3493 524 3560 occultat,
574 3495 915 3551 iracundiam
966 3497 1061 3553 Dei
1091 3514 1255 3569 super
1295 3514 1355 3555 se
1398 3508 1679 3571 provocat,
1722 3500 1849 3570 quia

255 3584 437 3654 magis
467 3584 621 3641 timet
649 3586 923 3642 hominem
944 3604 1107 3658 quam
1148 3589 1338 3645 Deum.
1365 3589 1666 3646 Falsidicus
1696 3591 1851 3649 testis

258 3675 438 3731 tribus
477 3686 564 3733 est
587 3680 839 3749 personis
890 3680 1198 3736 obnoxius:
1226 3683 1459 3752 primum
1511 3682 1644 3747 Deo,
1697 3680 1851 3749 cuius

254 3769 614 3838 prasentiam
646 3772 985 3837 contemnit;
1026 3771 1219 3827 deinde
1242 3772 1434 3842 iudici,
1466 3787 1625 3842 quem
1654 3773 1851 3827 menti-

254 3860 405 3917 endo
432 3860 607 3927 fallit;
638 3871 916 3932 postremo
936 3863 1233 3928 innocenti,
1264 3878 1425 3933 quem
1445 3862 1582 3919 falso
1612 3862 1852 3917 testimo-

254 3950 355 4004 nio
382 3950 546 4007 latdit.
577 3950 640 4007 Si
664 3950 786 4007 falsi
820 3960 989 4008 testes
1016 3962 1362 4023 separantur,
1392 3968 1525 4027 mox;
1560 3951 1852 4007 mendaces

257 4039 634 4099 inveniuntur.
668 4040 908 4111 Uterque
943 4040 1140 4114 [aeque]
1171 4058 1296 4098 reus
1321 4050 1426 4107 est,
1457 4048 1513 4096 et
1538 4039 1631 4111 qui
1654 4039 1855 4094 verita-

257 4137 374 4183 tem
399 4130 661 4197 occultat,
693 4140 749 4187 ct
777 4131 869 4202 qui
916 4132 1261 4187 mendacium
1308 4132 1471 4188 dicit:
1503 4130 1631 4201 quia
1676 4138 1731 4185 et
1762 4128 1852 4185 ille

256 4220 526 4290 prodesse
548 4238 659 4277 non
708 4221 844 4289 vult,
871 4232 928 4280 et
952 4223 1056 4278 iste
1085 4237 1283 4277 nocere
1332 4221 1622 4278 desiderat.
1653 4219 1854 4276 Beatus

254 4311 428 4381 cuius
457 4313 821 4369 testimonium
864 4314 919 4369 in
948 4321 1239 4384 conspectu
1268 4311 1362 4367 Dei
1397 4311 1676 4382 probabile
1705 4311 1856 4365 inve-

256 4400 467 4457 nietur.
496 4401 735 4469 Quatuor
776 4404 952 4459 modis
972 4403 1185 4475 iustitia
1222 4403 1278 4458 in
1328 4401 1546 4473 iudiciis
1587 4398 1854 4456 subverti-

258 4500 396 4545 tur:
431 4491 643 4557 timore,
674 4493 996 4562 cupiditate,
1045 4492 1192 4559 odio,
1220 4507 1425 4547 amore.
1459 4490 1696 4554 Timore,
1724 4489 1851 4543 dum

259 4590 413 4636 metu
434 4584 721 4653 potestatis
746 4583 975 4655 alicuius
1021 4584 1303 4638 veritatem
1354 4581 1557 4655 [dicere
1584 4580 1691 4653 vel]
1717 4580 1858 4649 iudi-

261 4688 394 4741 care
419 4675 676 4745 quislibet
693 4678 968 4748 pavescit;
998 4676 1311 4747 cupiditate,
1338 4675 1462 4730 dum
1493 4674 1718 4746 prmmio
1740 4688 1855 4728 mu-

260 4768 417 4825 neris
458 4768 690 4838 alicuius
718 4770 1079 4839 corrumpitur
1099 4768 1266 4839 iudex
1291 4785 1306 4833 ;
1337 4767 1481 4832 odio,
1522 4768 1650 4823 dum
1679 4765 1857 4835 cuius-

262 4857 398 4917 libet
423 4857 721 4915 inimicitiae
762 4875 929 4917 causa
954 4874 1152 4917 nocere
1182 4858 1339 4914 alteri
1364 4856 1677 4918 desiderat;
1710 4868 1857 4909 amo-

262 4965 342 5015 re,
378 4951 509 5007 dum
534 4950 739 5008 amicos
766 4951 852 5008 vel
878 4952 1208 5023 propinquos
1254 4959 1445 5006 contra
1466 4948 1738 5021 iustitiam
1765 4946 1852 5001 de

260 5040 442 5099 fendit
464 5043 760 5113 potentior.
814 5042 911 5099 liis
942 5051 1176 5115 quatuor
1214 5041 1391 5099 modis
1442 5055 1583 5110 saepe
1621 5038 1850 5109 aequitas

256 5130 452 5202 iudicii
482 5131 837 5199 subvertitur,
866 5140 923 5189 et
949 5133 1259 5189 innocentia
1304 5130 1533 5187 laeditur.
1564 5127 1733 5199 Magis
1761 5128 1851 5183 do-

262 5221 413 5277 lendi
429 5230 563 5278 sunt
587 5224 680 5295 qui
707 5225 1017 5294 opprimunt
1033 5238 1316 5296 pauperes,
1341 5235 1505 5291 quam
1523 5220 1612 5292 qui
1639 5218 1852 5289 patiun-

265 5320 357 5369 tur
396 5311 672 5383 iniuriam.
703 5314 782 5369 illi
822 5315 967 5370 enim
1014 5314 1105 5384 qui
1156 5314 1551 5385 opprimuntur,
1578 5319 1849 5379 tempora-

264 5401 376 5459 lem
399 5403 681 5460 miseriam
711 5405 823 5460 cito
851 5404 1048 5459 finiunt
1070 5403 1203 5477 (AL,
1240 5400 1544 5474 transeunt]
1572 5418 1585 5454 :
1617 5399 1692 5454 illi
1719 5413 1851 5453 vero

267 5494 362 5564 qui
390 5495 709 5567 opprimunt
743 5509 838 5552 eos
863 5511 962 5567 per
984 5494 1326 5564 iniustitiam,
1371 5493 1593 5548 aeternis
1623 5489 1853 5544 ﬂammis

269 5581 677 5654 deputabuntur
724 5583 878 5658 ιλιι,
932 5583 1301 5657 deputantur].
1350 5582 1451 5639 llic
1498 5596 1625 5636 vero
1648 5593 1789 5649 saepe
1823 5592 1853 5631 a

270 5671 432 5730 malis
457 5672 587 5732 boni
631 5675 981 5747 iudicantur:
1015 5677 1070 5733 in
1098 5676 1279 5733 futura
1308 5674 1572 5745 siquidem
1600 5673 1706 5728 vita
1730 5668 1855 5726 mali

1962 500 2094 558 lices
2121 511 2250 558 sunt
2271 512 2328 569 ct
2364 504 2547 561 miseri
2594 520 2778 562 coram
2827 507 3152 578 hominibus,
3194 520 3251 565 et
3276 515 3402 568 mali
3426 517 3540 571 fell-

1961 608 2072 649 ces.
2118 594 2177 648 In
2207 594 2296 649 illa
2327 596 2507 665 itaque
2551 604 2754 651 teter-na
2796 597 3149 655 retributione
3174 615 3388 672 semper
3409 602 3538 659 boni

1962 682 2146 739 felices
2170 695 2351 749 erunt,
2382 695 2438 740 et
2481 687 2608 743 mali
2633 702 2849 757 semper
2897 688 3080 745 miseri
3108 698 3287 745 erunt.
3322 692 3385 746 lli
3412 692 3537 764 qui-

1960 774 2060 830 bus
2080 776 2219 831 bona
2258 787 2386 832 sunt
2410 778 2560 850 [Ms.,
2589 778 2729 835 bene
2757 780 2849 853 sit]
2874 782 2926 836 in
2950 783 3054 837 hoc
3074 783 3292 849 smculo,
3314 793 3540 843 conten-

1961 867 2089 921 dant
2118 869 2351 923 maxime
2380 886 2449 925 ne
2476 871 2616 925 bona
2646 872 2874 941 perdant
2900 883 3159 944 perpetua
3187 894 3199 929 :
3231 884 3288 931 et
3314 878 3406 948 qui
3429 892 3538 933 mo-

1959 957 2143 1013 lestias
2190 960 2486 1029 patiuntur,
2537 961 2749 1016 fortiter
2798 957 3221 1032 eas'suﬂ‘erant,
3252 974 3313 1021 ut
3334 975 3537 1026 aeterna

1958 1049 2289 1105 beatitudine
2317 1051 2462 1123 digni
2492 1052 2854 1111 inveniantur.

2527 1163 2756 1221 CAPUT
2801 1168 2962 1225 XXII.

2590 1254 2668 1308 De
2695 1257 2912 1312 invidia.

2030 1362 2241 1420 Invidia
2272 1366 2469 1422 diaboli
2500 1385 2638 1424 mors
2683 1370 2915 1428 introivit
2969 1374 3024 1428 in
3049 1376 3222 1431 orbem
3274 1388 3535 1436 terrarum

1960 1451 2109 1527 (Sap.
2143 1472 2203 1521 ιι,
2239 1455 2350 1526 24).
2414 1458 2549 1511 Dum
2606 1459 2881 1516 invidebat
2931 1463 3133 1519 homini
3176 1474 3393 1523 terreno
3425 1483 3537 1525 cte-

1958 1542 2092 1613 lum,
2142 1547 2416 1617 quzerebat
2468 1550 2735 1620 quomodo
2780 1567 2901 1607 eum
2934 1555 3185 1623 perderet
3233 1574 3331 1628 per
3363 1567 3537 1615 trans-

1959 1636 2291 1707 gressionem
2318 1638 2460 1695 illius
2484 1641 2747 1707 mandati,
2777 1645 2919 1712 quod
2951 1644 3177 1702 Creator
3205 1648 3407 1707 homini
3432 1660 3537 1707 sta—

1962 1727 2080 1781 tuit.
2118 1726 2258 1808 Nihil
2293 1730 2521 1799 nequius
2554 1739 2733 1800 potest
2770 1747 2893 1789 esse
2923 1734 3145 1802 invidia,
3182 1754 3303 1808 quae
3347 1739 3537 1799 alienis

1962 1803 2244 1887 torquetur
2270 1821 2469 1877 bonis:
2503 1829 2560 1876 et
2597 1824 2741 1893 quod
2777 1825 2891 1895 ipsa
2926 1842 3035 1882 non
3076 1803 3263 1895 habet,
3290 1830 3425 1889 alios
3449 1832 3536 1889 in-

1958 1910 2105 1965 videt
2140 1910 2360 1969 habere.
2415 1911 2679 1971 Omnibus
2724 1916 2942 1973 inimica
2991 1926 3077 1977 est
3105 1918 3264 1976 bonis
3311 1921 3532 1978 invidia.

1959 2002 2063 2058 Ubi
2085 2013 2171 2059 est
2196 2004 2419 2071 invidia,
2443 2006 2678 2061 charitas
2700 2022 2821 2063 esse
2846 2025 2955 2065 non
2984 2018 3182 2080 potest.
3211 2011 3280 2068 Et
3301 2012 3387 2069 ubi
3413 2015 3543 2070 cha-

1958 2093 2092 2149 ritas
2116 2109 2222 2148 non
2247 2102 2351 2160 est,
2387 2096 2458 2151 ibi
2499 2097 2633 2153 nihil
2662 2098 2789 2154 boni
2833 2116 2955 2157 esse
2985 2104 3203 2172 poterit.
3243 2104 3345 2173 Qui
3399 2105 3538 2162 invi-

1956 2183 2071 2250 det,
2101 2184 2312 2241 diabolo
2338 2187 2530 2243 similis
2581 2197 2685 2255 est,
2713 2191 2804 2261 qui
2835 2207 2934 2263 per
2969 2192 3225 2250 invidiam
3261 2196 3535 2257 hominem

1956 2272 2023 2328 de
2046 2273 2285 2344 paradisi
2337 2274 2594 2332 felicitate
2641 2280 2852 2350 deiecit.
2894 2281 3118 2353 Magnus
3154 2284 3235 2339 vir
3281 2294 3387 2351 est,
3438 2286 3532 2355 qui

1956 2362 2215 2419 invidiam
2248 2364 2556 2421 humilitate
2602 2377 2844 2439 supcrat,
2887 2371 3214 2429 discordiam
3269 2376 3536 2453 charitale

1955 2457 2205 2512 destruit.
2246 2457 2384 2526 Quid
2438 2458 2707 2517 infelicius
2736 2471 2821 2519 est
2842 2465 3068 2533 homini,
3111 2482 3272 2537 quam
3309 2466 3535 2525 alterius

1953 2546 2155 2605 bonum
2182 2564 2337 2603 suum
2374 2549 2551 2620 egisse
2582 2552 2951 2624 supplicium?
2986 2554 3174 2612 Omnis
3220 2558 3366 2612 enim
3395 2558 3534 2612 invi-

1953 2636 2056 2692 dus
2098 2638 2282 2693 animo
2309 2646 2612 2707 torquetur.
2655 2638 2810 2697 Unde
2862 2642 3025 2713 igitur
3074 2645 3248 2700 bonus
3298 2645 3531 2717 prolicit,

1955 2727 2079 2782 inde
2112 2726 2325 2783 invidus
2346 2727 2701 2783 contabescit.
2729 2728 2919 2786 Melius
2950 2740 3033 2786 est
3072 2730 3235 2806 140
3269 2732 3533 2793 bonorum

1956 2816 2156 2872 imitari
2186 2818 2458 2889 exempla,
2495 2834 2657 2890 quam
2681 2835 2775 2875 eos
2806 2819 3020 2877 invidiae
3049 2821 3269 2878 stimulo
3298 2823 3528 2895 agitare‘.

1954 2906 2157 2962 Invidia
2182 2923 2399 2965 sensum
2423 2910 2656 2975 mordet,
2691 2919 2880 2981 pectus
2914 2912 3041 2978 urit,
3068 2922 3301 2969 mentem
3327 2913 3529 2987 ailligit.

1954 2995 2141 3054 Nullus
2175 3000 2242 3055 de
2273 2999 2497 3055 alterius
2518 2999 2804 3070 cuiuslibet
2837 3001 3018 3058 doleat
3041 3001 3208 3070 bono,
3245 3004 3327 3059 vel
3369 3004 3533 3061 felici-

1879 3096 1927 3161 ο
1961 3094 2067 3140 tate
2092 3086 2265 3142 aliena
2292 3089 2664 3144 contristetur.
2696 3089 2884 3146 Potest
2914 3091 3093 3162 itaque
3121 3093 3283 3150 homo
3309 3094 3534 3150 alterius

1958 3174 2158 3230 bonum
2182 3192 2337 3231 suum
2362 3176 2562 3244 facere,
2591 3177 2718 3233 dum
2745 3189 2893 3235 amat
2914 3181 2968 3235 in
3005 3180 3198 3249 altero,
3226 3183 3371 3253 quod
3392 3183 3446 3238 in
3473 3198 3533 3239 se

1956 3268 2108 3341 μὴ,
2142 3269 2283 3340 quod
2303 3267 2439 3342 ipse]
2466 3283 2575 3325 non
2610 3267 2757 3325 facit.

2510 3384 2738 3441 CAPUT
2776 3384 2960 3441 XXIII.

2555 3473 2634 3529 De
2660 3475 2928 3547 superbia.

2022 3584 2269 3657 Superbia
2290 3585 2433 3641 Deus
2456 3587 2667 3654 resistit,
2696 3588 2979 3645 humilibus
2997 3599 3171 3645 autem
3190 3589 3285 3645 dat
3306 3592 3533 3662 gratiam

1950 3675 2091 3746 (Jac.
2121 3675 2242 3740 1v,6
2272 3692 2286 3741 ;
2315 3675 2343 3729 I
2362 3674 2507 3731 Petr.
2538 3676 2685 3749 v,5).
2714 3678 3005 3734 Maximum
3025 3679 3220 3735 diaboli
3248 3690 3533 3752 peccatum
3565 3730 3583 3749 ,

1948 3765 2050 3821 fuit
2082 3766 2353 3837 superbia.
2393 3766 2731 3838 Quapropter
2776 3770 2923 3825 omni
2957 3771 3087 3825 vitio
3118 3771 3353 3827 deterior
3375 3772 3531 3843 μισ..

1950 3857 2199 3912 omnium
2223 3856 2488 3911 malorum
2530 3856 2705 3928 peior]
2737 3866 2824 3914 est
2850 3858 3121 3928 superbia,
3168 3874 3289 3929 qua:
3313 3874 3455 3931 stepe
3476 3868 3536 3916 et

1951 3947 2019 4002 de
2039 3946 2195 4002 bonis
2225 3945 2469 4002 nascitur
2497 3946 2727 4012 actibus,
2779 3947 2907 4001 dum
2955 3947 3117 4003 homo
3145 3949 3198 4002 in
3226 3948 3340 4004 suis
3372 3948 3533 4009 bonis

1949 4037 2204 4107 operibus
2238 4037 2521 4108 superbit:
2559 4044 2616 4094 et
2666 4036 2772 4092 hoc
2826 4037 3004 4107 perdit
3049 4053 3147 4109 per
3196 4040 3529 4110 superbiam,

1947 4128 2097 4197 quod
2118 4127 2305 4183 habuit
2336 4143 2434 4199 per
2479 4128 2827 4185 charitatem.
2866 4125 3119 4184 Omnium
3155 4129 3412 4187 vitiorum
3434 4147 3534 4187 no-

1950 4217 2234 4274 vissimum
2257 4225 2341 4273 est
2366 4218 2638 4289 superbia,
2671 4218 2800 4275 dum
2835 4219 2999 4275 homo
3047 4220 3341 4277 virtutibus
3373 4236 3534 4278 orna-

1954 4318 2062 4375 tur,
2091 4310 2223 4365 etin
2259 4311 2346 4367 his
2369 4312 2649 4382 superbire
2706 4314 2875 4385 cepit
2909 4313 3064 4386 (313.,
3111 4316 3376 4388 coeperit;
3415 4317 3529 4384 AL,

1955 4401 2148 4475 cupit].
2190 4399 2377 4458 Omnis
2429 4418 2644 4475 quoque
2682 4406 2880 4477 peccati
2926 4407 3134 4463 initium
3179 4407 3423 4478 superbia
3445 4421 3523 4465 est

1956 4492 2165 4564 (Eccfe.
2221 4493 2437 4566 x,15),
2484 4494 2612 4557 dum
2661 4497 2843 4552 anima
2899 4506 3167 4568 praecepta
3229 4499 3532 4555 contemnit

1954 4583 2248 4653 Creatoris,
2278 4601 2405 4642 mox
2428 4587 2483 4642 in
2511 4586 2795 4658 cuiuslibet
2821 4588 3031 4659 peccati
3050 4587 3256 4643 corruit
3285 4587 3521 4643 foveam.

1953 4676 2143 4735 Omnis
2163 4679 2414 4749 superbia
2439 4687 2590 4735 tanto
2622 4678 2678 4733 in
2709 4677 2818 4733 imo
2857 4678 3028 4749 iacet,
3059 4686 3261 4748 quanto
3282 4695 3343 4738 se
3365 4681 3530 4753 erigit

1952 4767 2010 4822 in
2035 4767 2166 4824 alto.
2205 4767 2487 4838 Tantoque
2512 4767 2830 4838 profundius
2848 4766 3068 4833 labitur,
3117 4779 3325 4840 quanto
3356 4770 3531 4827 excel-

1954 4855 2069 4910 sius
2102 4854 2363 4911 elevatur.
2390 4856 2491 4923 Qui
2515 4857 2663 4913 enim
2685 4871 2784 4927 per
2814 4857 3089 4929 propriam
3122 4859 3432 4930 superbiam
3454 4870 3532 4918 at-

1958 4946 2184 5012 tollitur,
2211 4962 2311 5018 per
2349 4948 2445 5003 Dei
2476 4945 2745 5017 iustitiam
2790 4948 3095 5005 damnatur.
3130 4949 3270 5007 Ante
3312 4952 3527 5009 ruinam

1954 5034 2190 5091 hominis
2218 5035 2497 5091 exaltatur‘
2538 5036 2761 5109 spiritus
2785 5038 2923 5110 eius.
2975 5036 3120 5095 Nihil
3165 5041 3338 5112 magis
3369 5041 3529 5099 Chri-

1953 5130 2135 5185 stiano
2164 5129 2442 5185 vitandum
2477 5138 2565 5187 est
2593 5146 2756 5201 quam
2792 5131 3066 5203 superbia,
3099 5148 3219 5203 qua:
3262 5134 3400 5189 iram
3430 5133 3529 5190 Dei

1952 5228 2233 5290 provocat.
2267 5218 2402 5273 Nam
2426 5222 2676 5292 superbia
2705 5238 2774 5277 ex
2806 5222 3021 5292 angelis
3054 5223 3331 5279 daemones
3355 5222 3526 5280 fecit:

1952 5312 2229 5368 humilitas
2250 5319 2429 5367 autem
2450 5312 2697 5369 homines
2724 5313 2930 5370 sanctis
2958 5312 3164 5385 angelis
3184 5313 3390 5369 similes
3410 5316 3532 5372 red-

1949 5402 2048 5456 dit.
2073 5401 2303 5471 Superbi
2315 5403 2607 5471 cupiuntin
2623 5419 2681 5459 se
2698 5402 2978 5473 praedicari
3001 5403 3148 5472 quod
3158 5418 3269 5460 non
3285 5404 3524 5463 faciunt:

1957 5494 2187 5549 humiles
2212 5492 2785 5565 refugiunt,quidqaid
2801 5494 2929 5551 boni
2944 5502 3261 5566 operantur,
3287 5501 3528 5568 agnosci.

1958 5583 2074 5640 Non
2100 5584 2341 5640 clevetur
2393 5586 2556 5642 homo
2589 5586 2643 5640 in
2673 5586 2819 5642 bono
2867 5602 2986 5653 suo,
3022 5601 3125 5643 nec
3178 5587 3392 5644 laudem
3429 5591 3532 5647 sibi

1961 5683 2185 5745 quaerat,
2220 5676 2466 5745 cpiamvis
2488 5675 2689 5746 aliquid
2714 5676 2838 5733 boni
2863 5675 3025 5736 faciat
3054 5698 3067 5736 :
3098 5679 3194 5737 sed
3227 5680 3396 5738 Deum
3422 5680 3536 5743 lau-
