3894 6182
419 313 525 367 υδι
1234 310 1296 365 Β.
1336 311 1399 366 1".
1440 308 1665 365 ALBINI
1704 306 1835 364 SEU
1868 304 1999 361 ALC

2102 302 2144 358 il
2194 300 2482 359 OPERUM
2518 300 2698 357 PARS
2733 296 2822 355 iV.
3566 294 3676 354 633

424 429 555 481 dare
581 422 733 497 (Ma,
773 420 1005 495 laudari]
1031 424 1216 492 eupia't
1257 425 1313 478 in
1346 423 1504 481 donis
1539 423 1671 488 suis,
1697 422 1826 493 quia
1858 421 1994 477 nihil
2021 423 2068 482 Α
2097 416 2313 489 (Matth.
2350 431 2510 480 χχιιι.
2543 414 2634 488 13)
2663 416 2677 469 l
2718 412 2851 487 [Nos
2885 421 3069 468 autem
3091 428 3198 468 non
3233 428 3327 469 eos
3349 412 3675 486 imitemur].

422 519 546 573 boni
597 517 728 572 facit
780 513 910 588 μισ.
987 511 1160 587 fecit],
1194 517 1299 572 nisi
1324 516 1469 587 quod
1503 516 1651 572 Dcite
1686 514 1907 584 donavit
1939 513 1991 567 ei
2092 504 2187 561 sed
2215 506 2511 561 secundum
2531 504 2849 575 Apostolum
2877 521 2890 557 :
2923 502 3028 570 Qui
3057 502 3337 574 gloriatur,
3367 505 3425 558 in
3444 504 3678 561 Domino

423 610 624 665 facere.

963 718 1191 777 CAPUT
1222 717 1389 777 XXIV

993 831 1071 886 De
1105 832 1402 886 iracundia.

494 947 754 1021 Egregius
808 932 997 1000 mundi
1032 941 1363 1000 Praedicator
1403 942 1577 997 dicit:
1622 942 1806 996 Omnis
1856 940 1994 994 enim

322 1078 329 1083 -
426 1037 748 1103 amaritudo,
781 1046 829 1090 et
861 1036 963 1099 ira,
992 1046 1041 1089 et
1086 1034 1402 1105 indignatio,
1463 1043 1510 1088 et
1537 1033 1737 1088 clamor
1781 1043 1831 1087 et
1857 1032 1997 1086 blas-

422 1130 628 1202 pltemia
651 1126 870 1182 tollatur
897 1143 929 1180 a
952 1125 1093 1179 vobis
1120 1124 1333 1208 (Ep/tes.
1363 1140 1437 1189 tv,
1465 1123 1576 1194 51).
1610 1122 1719 1179 Nec
1744 1124 1889 1178 enim
1916 1122 1997 1176 ira

422 1221 525 1275 viri
552 1218 818 1290 justitiam
868 1216 965 1270 Dei
1021 1215 1232 1285 operari
1279 1215 1479 1284 poterit
1518 1212 1660 1285 (Jac.
1691 1229 1727 1275 ι,
1760 1212 1879 1283 20).
1909 1212 1996 1266 ira

424 1314 545 1368 sine
589 1314 1015 1380 temperamento
1042 1321 1235 1376 expers
1278 1310 1365 1360 est
1414 1305 1659 1360 rationis.
1692 1303 1998 1374 Responsio

424 1401 600 1458 mollis
622 1401 834 1469 mitigat
862 1398 1020 1463 iram,
1052 1412 1231 1453 sermo
1275 1397 1445 1452 durus
1476 1396 1705 1451 suscitat
1737 1384 1993 1450 furorem.

431 1490 528 1547 Vir
560 1491 866 1554 iracundus,
904 1496 964 1544 ut
991 1488 1068 1543 ait
1099 1486 1377 1552 Salomon,
1424 1490 1665 1587 provocat
1697 1485 1841 1569 rixas
1864 1484 1883 1535 :'
1907 1482 1997 1554 qui

423 1583 628 1654 patiens
663 1591 762 1648 est,
788 1579 988 1650 mitigat
1011 1580 1289 1634 suscitatus
1325 1573 1508 1647 (Ρτὸυ.
1538 1592 1630 1643 xv,
1667 1575 1778 1648 18).
1819 1573 1993 1645 Spir?-

424 1670 582 1725 ritum
610 1683 739 1724 vero
764 1668 834 1721 ad
865 1666 1194 1722 irascendum
1228 1665 1437 1736 facilem
1477 1665 1593 1737 quis
1618 1664 1872 1719 sustinere
1902 1678 1997 1733 po-

2089 596 2341 669 glorietur
2370 596 2422 669 (1
2446 594 2568 650 Cor.
2597 612 2638 661 ι,
2662 594 2774 668 51).
2808 594 2911 662 Qui
2942 594 3158 650 laudem
3179 606 3287 651 non
3319 597 3545 667 appetit,
3570 613 3679 654 nec

2089 705 2189 759 pro
2215 686 2543 745 contumelia
2574 685 2945 741 conturbatur.
2973 683 3086 740 Nec
3112 685 3234 741 ideo
3255 700 3316 741 se
3335 685 3538 741 bonum
3562 690 3684 744 esis

2090 778 2274 833 stimet
2300 777 2481 841 homo,
2512 774 2761 845 quamvis
2805 774 2875 829 ab
2903 774 3010 830 alio
3052 773 3325 840 laudetur,
3359 774 3486 844 quia
3526 775 3679 833 Deus

2093 865 2373 935 inspector
2405 871 2491 918 est
2524 862 2722 918 cordis.
2758 860 2897 927 Quid
2939 861 3086 915 enim
3130 861 3355 931 prodest
3404 862 3552 917 malo
3579 863 3682 919 bo-

2091 955 2246 1019 mini,
2269 955 2314 1009 si
2339 954 2515 1009 bonus
2542 953 2866 1023 praedicetur
2887 952 2911 1005 Ἰ
2932 950 3084 1006 Tunc
3109 951 3378 1007 veraciter
3399 953 3505 1007 hoc

2093 1047 2205 1116 agit
2224 1048 2386 1101 homo
2409 1046 2611 1100 bonum
2636 1052 2742 1108 est,
2767 1043 2986 1113 quando
3010 1041 3121 1097 Deo
3142 1041 3360 1112 placere
3380 1043 3681 1108 desiderat,

2093 1151 2126 1190 a
2158 1151 2267 1206 quo
2289 1134 2452 1190 habet
2477 1133 2737 1203 quidquid
2757 1131 2884 1188 boni
2911 1132 3075 1187 habet
3108 1131 3192 1187 vel
3216 1131 3363 1186 facit.
3400 1131 3507 1199 Qui
3530 1134 3681 1190 bona

2095 1244 2256 1300 agere
2279 1228 2512 1291 videtur,
2539 1234 2596 1280 et
2619 1240 2718 1296 per
2742 1224 2860 1281 haec
2897 1240 3008 1280 non
3051 1223 3183 1289 Deo,
3231 1224 3326 1279 sed
3367 1224 3683 1280 hominibus

2094 1320 2311 1391 placere
2363 1317 2531 1387 cupit,
2565 1316 2623 1370 in
2667 1330 2867 1369 vanum
2900 1314 3129 1379 laborat,
3155 1322 3216 1369 et
3261 1314 3319 1369 in
3350 1323 3573 1370 ventum
3593 1331 3683 1372 se—

2095 1410 2286 1465 minat.
2318 1406 2569 1476 Magnum
2596 1420 2658 1459 se
2677 1404 3048 1473 unusquisque
3097 1418 3220 1459 esse
3241 1404 3459 1460 stuth
3483 1404 3540 1459 in
3561 1407 3682 1462 suis

2095 1498 2388 1571 operibus;
2422 1495 2519 1550 sed
2563 1494 2633 1550 de
2656 1494 3027 1565 magnitudine
3075 1508 3174 1548 sus
3212 1494 3524 1549 .humanum
3563 1512 3679 1552 non

2091 1596 2301 1660 quaerat
2331 1588 2589 1652 favorem,
2617 1602 2686 1642 ne
2712 1586 2899 1655 perdat
2914 1586 3056 1655 quod
3080 1586 3286 1650 habuit,
3302 1594 3360 1640 et
3372 1585 3448 1640 sit
3466 1601 3678 1655 parvus

2092 1677 2269 1734 factus
2284 1675 2413 1749 [Μσ.
2424 1717 2440 1743 ,
2464 1685 2519 1732 et
2531 1672 2730 1746 parvus
2741 1673 3051 1747 efﬁciatur].
3076 1674 3346 1745 Quidquid
3355 1676 3503 1730 enim
3515 1676 3682 1731 homo

424 1764 545 1818 terit
568 1760 751 1835 (Prov.
780 1777 938 1825 mu,
968 1759 1059 1831 14)
1083 1759 1108 1812 2
1137 1758 1231 1812 Ira
1256 1775 1359 1813 non
1387 1757 1539 1812 habet
1558 1753 1993 1819 misericordiam,
2025 1762 2076 1824 Β
2100 1768 2227 1824 boni
2251 1768 2434 1834 racia“
2450 1768 2554 1823 hoc
2579 1783 2642 1823 δε
2662 1767 2801 1822 sciat
2825 1767 3027 1822 habere
3055 1780 3166 1822 non
3192 1782 3225 1821 θ
3247 1781 3330 1834 δε,
3364 1767 3463 1824 sed
3487 1783 3522 1823 ι
3540 1767 3676 1824 “eo.

426 1860 522 1909 uec
573 1867 845 1923 erumpens
899 1851 1050 1922 furor
1105 1847 1268 1905 tinem
1303 1847 1557 1903 vindicta:
1610 1845 1762 1902 novit
1816 1843 2000 1916 (Prov.

422 1954 596 2010 nvu,
626 1942 703 2016 4).
745 1936 804 2000 Si
831 1948 902 2008 te,
932 1956 966 1999 ο
994 1943 1176 2008 homo,
1198 1938 1654 2012 praeoccupaverit
1680 1937 1782 2002 ira,
1815 1936 2002 2005 mitiga

428 2045 570 2093 eam.
602 2028 695 2093 illa
724 2026 806 2091 ira
841 2034 984 2090 mala
1014 2034 1118 2100 est,
1152 2048 1272 2104 qua:
1318 2038 1557 2088 mentem
1606 2030 1811 2093 turbat,
1838 2036 1898 2083 ut
1920 2040 2007 2082 re-

425 2136 575 2184 ctum
604 2125 890 2183 consilium
915 2124 1126 2195 perdat.
1154 2116 1248 2178 Illa
1276 2122 1355 2176 ira
1379 2129 1466 2178 est
1482 2119 1629 2189 iusta
1652 2127 1708 2175 et
1750 2131 2003 2174 necessa-

425 2219 527 2283 ria,
560 2216 776 2289 quando
801 2216 964 2271 homo
999 2221 1189 2271 contra
1211 2212 1430 2284 propria
1478 2202 1732 2266 irascitur
1754 2216 2000 2280 peccata,

426 2320 484 2367 et
506 2319 696 2367 contra
727 2309 964 2380 seipsum
1000 2308 1329 2378 indignatur,
1367 2306 1494 2362 dum
1536 2304 1681 2361 male
1706 2302 1833 2375 agit.
1862 2298 2005 2358 Dicit

425 2403 571 2457 enim
593 2401 854 2472 propheta
884 2417 897 2454 :
928 2388 1249 2460 Irascimini,
1300 2402 1349 2451 et
1377 2387 1535 2452 nolite
1584 2406 1800 2465 peccare
1828 2383 2000 2463 (Psal.

425 2498 502 2557 tv,
533 2486 611 2561 5).
645 2491 930 2546 Concessit
947 2491 1089 2561 quod
1116 2498 1324 2545 naturae
1357 2495 1467 2552 est,
1505 2486 1629 2541 tulit
1659 2484 1802 2554 quod
1830 2483 2002 2554 culpat

423 2591 527 2639 est.
566 2583 649 2637 ira
677 2581 900 2637 alterius
931 2582 1019 2636 tua
1049 2580 1271 2637 liniatur
1319 2578 1603 2649 patientia.
1641 2566 1769 2630 Noli
1806 2568 2000 2630 vincia

425 2672 591 2738 malo,
617 2674 711 2727 sed
739 2668 882 2729 rince
901 2673 958 2727 in
980 2671 1112 2727 bono
1143 2672 1341 2727 malum
1372 2669 1542 2743 (Rom.
1584 2686 1685 2735 xu,
1712 2664 2002 2738 2i)..Alte-

425 2762 599 2819 terius
624 2770 905 2833 peccatum
956 2770 1106 2817 tuum
1152 2763 1224 2818 sit
1258 2762 1556 2833 praemium.
1593 2761 1853 2832 Displicet
1903 2756 1999 2816 tibi

429 2851 655 2906 alterius
675 2852 803 2907 ira?
838 2852 990 2919 Quod
1021 2843 1116 2907 tibi
1144 2852 1199 2908 in
1232 2852 1402 2908 altero
1427 2853 1692 2924 displicet,
1741 2852 1793 2907 in
1823 2849 1999 2922 teipse

426 2956 642 3012 quoque
686 2942 986 3015 displiceat.
1026 2941 1144 2999 Noli
1178 2943 1620 3013 tranquillitatem
1663 2943 1862 2999 mentis
1894 2950 1999 2998 tuae

429 3024 653 3087 alterius
700 3032 1107 3103 perturbatione
1156 3034 1450 3089 maculare.
1484 3031 1600 3089 Noli
1642 3040 1694 3091 te
1735 3033 1996 3104 aequalem

424 3119 593 3177 stulto
616 3101 815 3187 facere,
837 3124 963 3209 quia
989 3115 1071 3177 ira
1101 3124 1157 3178 in
1176 3112 1293 3179 sinu
1322 3121 1469 3178 stulti
1506 3112 1775 3194 requiescit
1798 3101 1994 3192 (Eccle.
2022 3101 2070 3173 Β

423 3227 524 3274 vn,
559 3212 666 3284 10).
705 3210 762 3267 Si
787 3222 844 3268 tu
879 3208 1133 3269 irasceris
1168 3214 1358 3270 contra
1385 3229 1529 3279 eum,
1553 3221 1714 3268 erunt
1738 3208 1868 3285 [Al.,
1897 3212 2003 3267 eri-

427 3300 522 3373 tis]
560 3302 666 3356 duo
692 3302 842 3366 mali,
893 3311 949 3357 tu
985 3312 1041 3358 et
1065 3304 1171 3359 ille.
1207 3304 1396 3360 Melius
1433 3313 1521 3360 est
1554 3302 1707 3377 [Hs.,
1744 3302 1913 3375 esset]
1951 3312 2003 3358 te

428 3406 552 3447 esse
582 3391 802 3457 bonum,
833 3408 1140 3463 quanquam
1167 3395 1255 3449 ille
1279 3395 1350 3451 sit
1377 3395 1570 3450 malus.
1622 3393 1732 3450 Cur
1756 3403 1811 3449 tu
1839 3411 1903 3449 ex
1930 3394 2004 3448 al-

428 3481 598 3536 terius
621 3480 825 3535 malitia
858 3482 1030 3538 malus
1055 3483 1335 3540 efﬁceris?

1013 3615 1239 3673 CAPUT
1275 3616 1439 3673 XXV.

720 3718 798 3783 De
822 3729 1050 3784 humana
1081 3730 1237 3786 laude
1272 3748 1374 3786 non
1392 3732 1696 3802 quwrenda.

501 3855 760 3912 Dominus
783 3858 914 3912 dicit
943 3859 998 3913 in
1040 3859 1369 3929 Evangelio:
1403 3860 1685 3924 Attendite,
1734 3874 1797 3912 ue
1838 3859 2002 3928 justi-

428 3952 559 4004 tiam
595 3958 813 4003 restram
845 3950 1054 4021 faciatis
1083 3967 1259 4005 coram
1282 3950 1594 4014 hominibus,
1626 3958 1683 4003 ut
1721 3948 2002 4004 videamini

422 4040 492 4093 ab
522 4040 595 4093 eis
633 4038 844 4110 (Matth,
881 4057 957 4107 vi,
996 4040 1072 4111 l),
1108 4041 1161 4096 id
1205 4048 1311 4106 est,
1348 4048 1409 4095 ut
1454 4055 1519 4096 ea
1554 4039 1856 4095 intentione
1891 4054 2000 4095 non

430 4127 645 4184 faciatis
680 4129 843 4196 bona,
879 4137 941 4185 ut
971 4131 1040 4184 ab
1084 4130 1391 4185 hominibus
1415 4144 1614 4184 vanam
1662 4128 1877 4183 laudem
1903 4131 2001 4185 ba-

429 4218 601 4273 beatis
628 4235 643 4282 ;
677 4219 772 4275 sed
792 4220 1052 4289 Quidquid
1071 4220 1232 4275 homo
1254 4219 1386 4275 facit
1401 4219 1551 4285 boni,
1575 4234 1674 4290 pro
1698 4219 1792 4274 Dei
1813 4234 2000 4274 amore

428 4317 485 4362 et
502 4309 677 4364 salute
706 4310 898 4364 animae
942 4324 1074 4373 sum,
1129 4319 1186 4365 et
1225 4308 1466 4365 fraterna
1513 4310 1778 4365 charitate
1811 4308 1994 4363 faciat.

429 4403 554 4457 ideo
581 4402 697 4473 ipse
717 4399 974 4457 Dominus
1001 4400 1137 4457 dixit
1165 4402 1232 4456 de
1281 4401 1621 4472 quibusdam,
1651 4401 1742 4470 qui
1767 4399 2000 4456 eleemo-

427 4508 592 4562 synas
624 4492 849 4557 faciunt,
879 4490 961 4546 vel
1007 4491 1282 4546 orationes
1311 4498 1364 4546 et
1389 4488 1613 4559 jejunio,
1642 4498 1702 4545 ut
1734 4491 1802 4545 ab
1825 4491 2000 4546 homi-

429 4587 590 4640 nibus
616 4584 827 4640 laudem
883 4583 1195 4654 accipiant:
1234 4582 1397 4637 Amen
1437 4583 1556 4636 dico
1608 4583 1770 4648 vobis,
1803 4599 2004 4653 recepe-

431 4685 550 4729 runt
577 4675 862 4730 mercedem
896 4686 1049 4729 suam
1086 4671 1298 4746 (Matth.
1326 4657 1423 4738 νι,⁶
1439 4672 1516 4745 2).
1566 4673 1667 4739 Qui
1691 4688 1790 4744 pro
1821 4688 1888 4728 eo
1913 4674 2002 4729 bo-

430 4783 557 4822 num
591 4768 866 4836 quodlibet
887 4766 1034 4832 facit,
1061 4772 1123 4821 ut
1144 4765 1212 4821 ab
1235 4763 1541 4821 hominibus
1586 4763 1853 4827 laudetur,
1886 4764 2002 4817 haec

427 4866 515 4913 est
536 4871 748 4912 merces
803 4857 946 4912 illius
1002 4869 1163 4924 quam
1209 4854 1478 4927 qutesivit,
1510 4863 1566 4909 et
1592 4854 1793 4909 nullam
1823 4870 1854 4908 a
1889 4853 2000 4909 Deo

338 4996 341 4999 .
425 4963 647 5019 sperare
672 4948 835 5002 habet
881 4946 1290 5000 retributionem
1316 4960 1332 5011 ;
1364 4944 1493 5016 quia
1521 4954 1619 5015 pro
1664 4944 1782 5015 ejus
1813 4959 1998 4999 amore

430 5038 582 5110 141
621 5051 730 5092 non
794 5034 942 5100 fecit,
988 5033 1082 5088 sed
1115 5049 1215 5103 pro
1251 5048 1390 5088 vana
1439 5035 1688 5089 humana:
1717 5033 1888 5089 laudis
1918 5033 2001 5103 ja-

422 5130 653 5194 ctantia,
680 5128 823 5184 sicut
850 5124 1146 5198 hypocritze
1169 5123 1350 5179 facere
1381 5124 1575 5178 solent.
1608 5122 1760 5190 Quod
1807 5123 1996 5179 vitium

425 5221 736 5279 hominibus
756 5217 1001 5291 placendi
1019 5217 1074 5271 in
1087 5216 1244 5272 bonis
1267 5215 1542 5285 operibus,
1559 5215 1821 5270 Dominus
1840 5210 2001 5271 Jesus

424 5313 676 5368 Christus
730 5306 955 5365 multum
998 5306 1317 5369 detestatur,
1362 5310 1420 5358 et
1445 5303 1640 5374 saepius
1671 5302 1995 5370 Phariszeos,

425 5403 517 5472 qui
542 5401 677 5456 tales
729 5399 946 5455 fuerunt
975 5398 1031 5453 in
1057 5394 1263 5461 ludam,
1293 5392 1517 5449 terribili
1567 5391 1700 5465 [Al.,
1730 5391 1847 5464 tali]
1881 5408 1997 5463 per-

424 5494 563 5547 cutit
615 5490 1010 5554 maledictione,
1047 5487 1290 5542 dicens:
1348 5482 1441 5538 νω
1498 5481 1658 5543 vobis,
1713 5481 1997 5549 hypocrita

502 5634 523 5661 ι
554 5617 692 5675 Sunt
715 5620 805 5688 qui
832 5618 1066 5691 libellum
1090 5616 1338 5691 alterum
1364 5628 1430 5668 ex
1462 5627 1614 5691 capp.
1648 5626 1798 5681 seqq.
1832 5610 1999 5691 conﬁ-

427 5691 595 5754 ciunt,
644 5695 697 5740 ct
726 5686 754 5740 a
784 5686 1105 5756 pnecedenti
1165 5691 1435 5753 separant.
1496 5686 1693 5738 Verum
1744 5686 1912 5736 series
1937 5694 2001 5737 ac

2100 1859 2350 1931 Increpat
2373 1873 2468 1914 eos
2520 1857 2715 1912 beatus
2758 1855 2961 1912 Paulus
3011 1856 3291 1926 apostolus
3338 1857 3435 1927 qui
3478 1857 3536 1912 in
3559 1858 3680 1914 suis

2101 1952 2402 2023 gloriantur
2427 1949 2749 2016 benefactis,
2773 1949 2963 2005 dicens
2993 1968 3008 2005 :
3045 1948 3185 2017 Quid
3209 1950 3390 2015 habes,
3410 1951 3551 2023 quod
3572 1966 3680 2005 non

2102 2042 2347 2113 accepisti
2373 2042 2399 2096 2
2438 2040 2499 2096 Si
2542 2050 2718 2095 autem
2761 2040 3029 2111 accepisti,
3072 2040 3197 2112 quid
3220 2038 3490 2111 gloriaris,
3522 2041 3682 2112 quasi

2103 2147 2209 2186 non
2243 2131 2495 2201 receperis
2520 2129 2573 2202 (I
2595 2128 2720 2184 Cor.
2752 2145 2829 2195 tv,
2857 2129 2957 2201 7)?
2986 2128 3090 2196 Qui
3114 2130 3331 2199 aliquod
3353 2129 3558 2185 donum
3582 2130 3680 2185 Dei

2101 2221 2246 2293 quod
2267 2221 2485 2287 meruit,
2514 2220 2569 2276 in
2595 2236 2750 2277 suam
2774 2219 2990 2276 laudem
3035 2222 3328 2287 convertit,
3369 2221 3563 2293 procul
3589 2222 3687 2277 due

2102 2311 2193 2367 bio
2216 2311 2470 2366 virtutem
2499 2310 2554 2365 in
2585 2311 2776 2366 vitium
2802 2308 3083 2376 transfert,
3113 2319 3172 2366 et
3195 2312 3400 2367 bonum
3430 2310 3579 2381 quod
3599 2310 3680 2366 fe»

2102 2402 2196 2466 cit,
2235 2401 2291 2456 in
2314 2408 2622 2470 peccatum.
2650 2399 2788 2457 Cum
2822 2400 2970 2456 enim
3004 2415 3172 2456 causa
3201 2401 3481 2472 iactantiae
3505 2401 3689 2472 μιεώ

2102 2499 2191 2546 tur
2221 2505 2449 2561 pauper,
2478 2491 2646 2545 etiam
2680 2491 2856 2562 ipsum
2899 2491 3284 2548 misericordia:
3304 2507 3437 2561 opus
3463 2492 3520 2546 in
3556 2507 3691 2562 ρεαδ

2102 2588 2286 2636 catum
2316 2581 2673 2636 convertitur.
2705 2580 2974 2651 Quidquid
3024 2582 3186 2638 homo
3216 2581 3341 2638 boni
3391 2581 3526 2653 agit,
3560 2580 3693 2640 Deo

2100 2678 2313 2741 quierat
2361 2669 2598 2738 laudem,
2634 2687 2743 2731 non
2794 2671 2917 2737 sibi,
2972 2671 3116 2727 sicut
3160 2671 3274 2742 ipse
3314 2670 3579 2727 Dominus
3623 2670 3697 2726 in

2100 2760 2396 2832 Evangelio
2418 2762 2497 2816 ait
2518 2780 2531 2814 :
2559 2760 2647 2816 Sic
2671 2761 2843 2817 luceat
2862 2761 2956 2818 lux
2974 2773 3145 2818 uestra
3165 2780 3343 2818 coram
3361 2761 3687 2825 hominibus.

2099 2862 2158 2906 ut
2188 2853 2395 2907 videant
2422 2870 2579 2925 opera
2628 2864 2799 2909 vestra
2834 2854 2992 2921 bona,
3048 2865 3098 2910 et
3121 2855 3416 2927 gloriﬁcent
3464 2853 3689 2911 Patrem

2100 2954 2346 3010 vestrum,
2377 2945 2467 3015 qui
2495 2945 2549 2999 in
2579 2943 2718 3000 cali:
2749 2955 2824 3000 est
2848 2940 3061 3016 (Matth.
3085 2961 3141 3013 v,
3178 2946 3288 3018 16).

2633 3054 2860 3115 CAPUT
2893 3052 3077 3116 XXVI.

2105 3151 2183 3206 De
2208 3152 2595 3223 perseverantia
2620 3151 2676 3205 in
2706 3150 2852 3205 bonis
2878 3150 3119 3222 operibus
3150 3149 3296 3224 llas,
3320 3150 3440 3207 ὕοιιὶ
3466 3152 3686 3225 operis].

2175 3268 2290 3324 Non
2322 3270 2584 3340 quaeritur
2630 3268 2685 3324 in
2711 3268 3019 3325 Christiano
3063 3270 3277 3326 initittm
3317 3262 3445 3326 hbui
3479 3271 3686 3342 operis,

2103 3360 2211 3416 sed.
2235 3360 2358 3414 linis
2386 3377 2401 3415 :
2429 3360 2555 3430 quia
2582 3359 2650 3414 de
2678 3359 2783 3415 ﬁne
2810 3375 2909 3415 suo
2934 3360 3306 3431 unusquisque
3327 3349 3681 3428 iudicabitur.

2101 3446 2244 3503 Sunt
2264 3449 2409 3502 enim
2451 3448 2544 3517 qui
2575 3447 2713 3502 bene
2758 3448 3042 3518 incipiunt,
3076 3456 3133 3502 et
3160 3447 3301 3504 male
3335 3447 3533 3502 ﬁniunt
3559 3464 3688 3503 con-

2102 3538 2461 3593 versationem
2495 3553 2645 3593 suam
2670 3554 2685 3603 ;
2716 3537 2859 3593 sicut
2889 3536 3055 3592 ludas
3084 3537 3260 3608 primo
3300 3536 3603 3606 apostolus,
3629 3545 3687 3591 et

2102 3637 2288 3700 postea
2311 3630 2555 3699 proditor
2584 3627 2816 3691 Domini,
2841 3636 2897 3683 et
2924 3626 3052 3682 facti
3079 3627 3163 3681 sui
3208 3626 3458 3682 conscius
3481 3626 3685 3697 laqueo

2101 3734 2161 3774 se
2193 3718 2475 3789 suspendit
2498 3717 2636 3789 (Act.
2677 3717 2738 3789 ι).
2770 3716 2965 3772 Saulus
2994 3715 3128 3788 [Αι.,
3158 3714 3381 3788 Paulus]
3406 3715 3549 3771 male
3572 3730 3683 3770 cte-

2101 3812 2202 3883 pit,
2232 3811 2326 3865 sed
2349 3812 2485 3865 bene
2509 3808 2717 3864 ﬁnivit:
2749 3808 2925 3878 primo
2966 3815 3304 3879 persecutor,
3333 3814 3522 3876 postea
3549 3822 3686 3877 pne-

2102 3898 2330 3954 dicstor.
2363 3887 2549 3952 Virtus
2595 3892 2720 3952 boni
2753 3897 2935 3967 operis
2983 3904 3070 3950 est
3102 3894 3529 3966 perseverantia,
3562 3894 3683 3964 ipso

2101 3990 2330 4048 Domino
2354 3991 2600 4046 dicente:
2633 3987 2737 4054 Qui
2767 3988 3163 4059 pertereraverit
3201 3992 3367 4058 usque
3416 3986 3472 4039 in
3498 3985 3680 4054 ﬁnem,

2101 4084 2184 4137 hic
2218 4081 2392 4137 salvus
2439 4082 2556 4135 erit.
2592 4074 2807 4151 (Matth.
2846 4088 2902 4141 x,
2931 4077 3045 4148 22).
3091 4075 3210 4131 Non
3246 4076 3411 4148 igitur
3458 4074 3551 4145 qui
3579 4083 3684 4129 cdt-

2099 4174 2240 4244 perit
2260 4172 2479 4233 bonum,
2535 4170 2630 4225 sed
2661 4169 2752 4240 qui
2806 4163 3235 4239 perseveraverit
3290 4167 3347 4222 in
3391 4164 3562 4230 bono,
3595 4160 3684 4219 hic

2100 4263 2281 4319 salvus
2306 4259 2427 4317 erit.
2460 4257 2615 4316 Tunc
2649 4261 2794 4317 enim
2828 4260 3009 4330 placet
3044 4258 3156 4314 Deo
3176 4264 3364 4314 nostra
3393 4271 3683 4313 conversa-

2101 4353 2197 4418 tio,
2225 4353 2443 4423 quando
2486 4342 2687 4407 boaum
2726 4351 2869 4421 quod
2916 4349 3254 4415 inchoamus,
3303 4346 3678 4421 perseveranti

2026 4463 2081 4525 ο
2104 4446 2211 4502 fine
2240 4436 2627 4517 compiebimus
2678 4440 2833 4517 [Ms.,
2884 4439 3259 4515 complemus].
3291 4440 3511 4495 Bonum
3554 4451 3681 4509 ergo

2103 4555 2210 4596 non
2237 4540 2486 4609 cmpissc,
2515 4539 2607 4593 sed
2644 4536 2956 4609 perfecisse,
2995 4535 3167 4592 virtus
3193 4543 3296 4591 est.
3327 4532 3443 4589 Non
3492 4532 3679 4587 incho-

2102 4628 2318 4684 antibus
2348 4628 2626 4698 prtcmium
2661 4619 3014 4697 promittitur,
3057 4623 3155 4680 sed
3203 4620 3678 4695 perseverantibus

2102 4720 2277 4774 datur.
2312 4716 2539 4787 Semper
2565 4717 2619 4771 in
2644 4717 2756 4772 vita
2794 4706 3030 4771 hominis
3080 4708 3205 4771 linis
3234 4712 3517 4784 quaeritur,
3545 4720 3677 4783 Qua—

2101 4809 2167 4865 lis
2198 4809 2269 4863 sit
2312 4814 2556 4863 extremo
2585 4808 2828 4877 tempore
2850 4807 2975 4861 vita:
3013 4819 3162 4860 suat:
3194 4805 3319 4876 quia
3346 4805 3415 4861 de
3439 4803 3551 4860 line
3578 4814 3674 4859 suo

2102 4897 2473 4968 unusquisque
2499 4896 2958 4967 autjustincatur,
2979 4902 3074 4949 aut
3100 4894 3513 4950 condemnatur.
3549 4892 3671 4948 ideo

2101 4990 2469 5060 unusquisque
2498 4987 2885 5044 instantissime
2904 4988 3047 5043 bona
3067 5001 3187 5059 quae
3205 4986 3392 5058 cmpit,
3414 4985 3672 5057 perﬁcere

2102 5078 2414 5142 contendat,
2450 5085 2509 5131 ut
2540 5085 2860 5148 perpetuam
2892 5092 2923 5131 a
2954 5075 3185 5132 Domino
3210 5082 3487 5132 mereatur
3534 5086 3671 5130 mer-

2103 5170 2284 5225 eodem
2308 5169 2571 5239 accipere.

2605 5291 2629 5319 ι
2662 5276 2893 5337 CAPUT
2938 5274 3149 5337 XXVII.

2104 5369 2181 5425 De
2226 5378 2339 5426 octo
2403 5370 2541 5425 vitiis
2582 5367 2982 5441 principalibus,
3030 5380 3078 5426 et
3122 5366 3288 5444 primo
3324 5367 3388 5422 de
3411 5363 3667 5438 superbia.

2174 5480 2308 5536 Octo
2332 5488 2459 5536 sunt
2482 5480 2611 5536 vitia
2645 5481 2962 5553 principalia
2992 5481 3077 5538 vel
3105 5478 3393 5551 originalis
3424 5478 3666 5531 omnium

2104 5610 2607 5683 materiaipsorum
2634 5613 2987 5683 capitulorum
3014 5613 3117 5683 hoc
3158 5609 3407 5683 revincit.
3459 5616 3665 5683 et_i_nss.

2105 5681 2259 5740 codd.
2290 5676 2423 5738 ﬁdes
2468 5697 2574 5737 una
2620 5676 2740 5739 cum
2784 5683 3020 5741 auctoris
3065 5680 3362 5738 intentione
3391 5676 3671 5735 manifesto
