3894 6182
284 335 386 392 633

1066 335 1392 391 MURALIA.
1429 368 1498 376 -—
1539 333 1740 389 LIBER
1776 334 1864 388 DE
1904 331 2323 389 \‘IRTU'I'IBL'S
2363 335 2449 390 ET
2491 335 2710 393 YlTIIS.

3423 341 3531 406 σπι

276 451 555 515 vitiorum,
593 463 661 505 ex
701 445 896 520 quibus
925 450 1081 520 Quasi
1115 449 1387 506 radicibus
1439 443 1621 504 omnia
1663 463 1848 504 corru-
1874 454 1925 508 Α
1953 444 2169 501 domina
2209 447 2369 503 debet
2394 462 2538 516 esse,
2571 459 2628 506 et
2672 452 2941 523 imperare
2992 456 3142 510 carni
3169 473 3182 521 ;
3213 463 3272 513 et
3297 471 3427 514 «aro
3455 459 3534 516 fa-

276 551 380 613 ptae
415 537 618 596 mentis
664 539 750 594 vel
802 540 995 596 incasti
1045 542 1289 611 corporis
1342 541 1681 597 diversarum
1721 543 1850 597 vitia

274 633 542 706 pullulant
557 633 922 701 iniquitatum.
953 633 1029 688 De
1054 633 1248 702 quibus
1267 647 1438 702 pauca
1461 634 1644 688 dicere
1673 643 1850 688 ratum

272 719 550 787 duximus,
573 723 660 778 vel
681 739 746 778 ex
775 722 970 793 quibus
1021 723 1292 780 radicibus
1325 724 1417 793 qui
1462 724 1600 778 rami
1648 725 1852 779 vitiosae

274 813 689 886 germinationis
713 826 963 867 crescere
987 811 1301 876 videantur;
1325 819 1384 866 ut
1407 813 1545 867 sciat
1564 813 1853 881 unusquis-

274 919 380 974 que
402 904 678 958 radicibus
719 903 1050 972 exstirpatis,
1103 902 1312 957 facilius
1344 918 1524 958 ramos
1557 903 1851 972 praecidere

274 1011 454 1067 posse.
497 994 736 1049 Primum
789 994 979 1048 vitium
1021 1001 1105 1048 est
1134 995 1430 1064 spirituale,
1486 996 1756 1066 superbia,
1783 997 1851 1051 de

277 1101 380 1154 qua
409 1084 648 1139 dicitur:
688 1082 909 1137 Initium
935 1085 1102 1138 omnis
1150 1085 1347 1155 peccati
1383 1085 1627 1155 superbia
1679 1085 1846 1156 (Eccl.

274 1191 326 1237 ι,
367 1174 478 1243 15),
515 1186 638 1244 quae
658 1174 848 1244 regina
876 1181 959 1230 est
982 1174 1222 1231 omnium
1248 1176 1532 1243 malorum,
1561 1188 1660 1246 per
1687 1193 1850 1247 quam

277 1265 454 1334 angeli
508 1265 828 1320 ceciderunt
877 1266 946 1321 de
993 1267 1150 1332 coelo,
1206 1278 1325 1337 quae
1353 1267 1506 1322 fitex
1537 1278 1851 1339 contemptu

275 1355 658 1410 mandatorum
695 1355 810 1410 Dei.
845 1355 933 1410 Fit
955 1357 1143 1422 etiam,
1165 1357 1382 1427 quando
1410 1353 1672 1412 attollitur
1695 1373 1850 1412 mens

273 1447 337 1501 de
374 1448 538 1502 bonis
589 1449 861 1520 operibus,
923 1448 1079 1521 142
1114 1457 1169 1504 et
1191 1464 1250 1504 se
1300 1450 1579 1506 meliorem
1621 1451 1852 1505 aestimat

274 1536 413 1602 aliis,
445 1537 578 1592 dum
600 1537 653 1592 in
677 1552 742 1593 eo
769 1538 884 1607 ipse
905 1538 1056 1609 pejor
1079 1539 1198 1593 aliis
1225 1547 1327 1604 est,
1358 1549 1466 1610 quo
1490 1554 1549 1594 se
1570 1537 1850 1593 meliorem

270 1635 445 1697 putat.
477 1627 562 1683 Fit
592 1629 754 1684 etiam
781 1645 878 1699 per
903 1631 1298 1686 contumaciam
1334 1624 1606 1701 superbia,
1632 1632 1849 1702 quando

274 1719 581 1790 despiciunt
613 1722 857 1778 homines
886 1724 1189 1780 senioribus
1210 1724 1428 1780 obedire
1464 1725 1596 1780 suis.
1629 1719 1707 1778 Ex
1731 1723 1847 1793 ipsa

273 1822 409 1864 vero
436 1814 678 1868 nascitur
696 1816 873 1870 omnis
901 1809 1284 1880 inobedientia,
1313 1824 1366 1870 et
1395 1807 1571 1870 omnis
1593 1828 1848 1885 praesum-
1877 1783 1927 1844 Β

270 1902 413 1972 ptio,
455 1912 510 1958 et
555 1907 731 1961 omnis
773 1907 1097 1977 pertinacia,
1147 1907 1540 1971 contentiones,
1587 1905 1843 1969 haereses,

271 1995 608 2062 arrogantia.
634 1994 713 2067 [in
737 1996 946 2066 loquela
976 1997 1201 2064 clamor,
1226 1998 1278 2052 in
1313 1998 1683 2053 taciturnitate
1704 2011 1849 2050 ama-

269 2080 476 2148 ritudo,
504 2086 751 2142 excelsus
777 2096 834 2141 et
851 2087 1054 2143 effusus
1077 2081 1131 2142 in
1157 2089 1341 2143 laetitia
1369 2089 1529 2153 risus,
1562 2088 1848 2142 irrationa-

265 2168 394 2224 bilis
428 2171 486 2224 in
517 2173 812 2230 serenitate
833 2176 1075 2242 tristitia,
1110 2177 1165 2231 in
1221 2176 1574 2246 responsione
1625 2190 1842 2242 raneor,

268 2257 487 2316 falsitas
507 2263 562 2316 in
595 2278 860 2320 sermone.
894 2265 1072 2321 Verba
1101 2267 1305 2336 passim
1352 2267 1470 2322 sine
1509 2267 1618 2320 ulla
1667 2266 1846 2320 cordis

273 2353 545 2420 gravitate
568 2357 925 2425 erumpentia,
950 2357 1173 2411 audacia
1210 2357 1277 2410 ad
1316 2357 1674 2412 contumelias
1709 2355 1847 2410 irro-

270 2443 501 2511 gandas,
535 2444 603 2498 ad
640 2446 948 2501 tolerandas
993 2445 1450 2517 pusillanimitas.|
1484 2446 1612 2513 Quae
1661 2445 1845 2499 omnia

270 2534 415 2588 mala
464 2551 595 2590 vera
642 2537 919 2594 humilitas
964 2538 1148 2594 famuli
1200 2539 1294 2594 Dei
1329 2537 1584 2610 perfacile
1627 2539 1845 2593 vincere

274 2623 428 2694 [Ms.,
456 2626 675 2700 curare]
707 2631 922 2698 poterit.
959 2629 1270 2702 [Humilitas
1322 2645 1448 2685 vera
1493 2637 1597 2694 est,
1625 2637 1687 2682 ut
1711 2629 1847 2683 dixi-

275 2731 417 2781 mus,
441 2720 683 2774 veritatis
707 2731 1016 2776 sermwem
1043 2722 1316 2777 humiliter
1359 2721 1567 2788 audire,
1591 2716 1843 2776 memori-

275 2815 359 2863 ter
385 2810 643 2878 retinere,
675 2813 976 2868 voluntarie
1001 2810 1310 2884 perlicere]

818 2948 1044 3006 CAPUT
1083 2948 1312 3004 XXVIII.

952 3040 1031 3097 De
1065 3041 1212 3112 gula.

345 3149 585 3205 Primum
613 3161 698 3207 est
721 3152 997 3222 corporale
1052 3160 1330 3222 peccatum
1379 3151 1521 3221 gula,
1556 3150 1608 3204 id
1634 3158 1738 3212 est,
1767 3150 1843 3203 in-
1867 3130 1913 3192 ε

280 3249 590 3312 temperans
617 3243 720 3296 cibi
746 3243 828 3298 vel
851 3252 1008 3312 potus
1044 3243 1311 3312 voluptas,
1355 3257 1453 3310 per
1479 3256 1640 3310 quam
1682 3240 1841 3310 primi

280 3342 534 3400 parentes
563 3333 780 3388 humani
802 3335 1014 3404 generis
1041 3335 1277 3404 paradisi
1311 3333 1625 3388 felicitatem
1670 3333 1846 3402 perdi-

280 3427 491 3491 derunt,
548 3435 604 3481 et
632 3427 685 3481 in
735 3427 874 3480 hanc
907 3442 1266 3482 mrumnosam
1305 3426 1464 3498 hujus
1505 3426 1630 3480 vita:
1660 3425 1845 3497 [mise-

281 3516 437 3588 riam]
469 3517 664 3587 dejecti
687 3527 847 3581 sunt;
881 3517 968 3571 ubi
997 3517 1173 3572 omnis
1221 3518 1382 3572 homo
1426 3531 1522 3586 per
1559 3523 1842 3586 peccatum

281 3608 542 3671 nascitur,
573 3624 670 3677 per
715 3608 950 3663 laborem
978 3609 1130 3672 vivit,
1168 3624 1264 3676 per
1309 3608 1548 3664 dolorem
1595 3593 1840 3661 moritur.

281 3700 407 3765 Quae
443 3699 615 3753 tribus
643 3700 815 3754 modis
870 3714 1097 3770 regnare
1144 3699 1358 3752 videtur
1403 3698 1456 3751 in
1503 3698 1757 3764 homine;
1791 3696 1845 3751 id

279 3799 382 3847 est.
412 3789 541 3844 dum
575 3790 735 3844 homo
758 3790 946 3845 horam
1001 3789 1315 3844 canonicam
1343 3795 1399 3842 et
1425 3794 1681 3841 statutam
1711 3787 1846 3858 gulae

280 3895 442 3937 causa
473 3883 770 3952 anticipare
804 3881 968 3951 cupit,
1001 3889 1094 3935 aut
1137 3880 1518 3949 exquisitiores
1564 3879 1712 3933 cibos
1742 3877 1845 3932 sibi

279 3987 585 4041 praeparare
606 3971 775 4040 jubet,
805 3987 968 4041 quam
995 3971 1292 4026 necessitas
1330 3969 1594 4042 corporis,
1622 3969 1708 4023 vel
1737 3983 1848 4023 sua:

275 4065 511 4133 qualitas
566 4079 811 4133 personae
865 4065 1066 4132 exigat,
1124 4063 1207 4118 vel
1260 4063 1307 4118 si
1349 4062 1470 4132 plus
1517 4062 1744 4132 accipiet
1790 4061 1844 4115 in

278 4158 484 4212 edendo
503 4156 590 4211 vel
618 4156 847 4211 bibendo
883 4166 1102 4225 propter
1126 4155 1452 4210 desiderium
1489 4153 1850 4222 intemperan-

281 4250 370 4303 tiae
383 4264 513 4312 suae,
543 4264 704 4318 quam
725 4263 836 4304 suae
859 4247 1104 4319 proficiat
1138 4247 1316 4302 saluti.
1368 4247 1445 4300 De
1470 4259 1576 4315 qua
1605 4245 1726 4316 gula
1755 4260 1851 4298 na—

283 4341 452 4395 scitur
474 4343 652 4412 inepta
667 4341 868 4409 Iustitia,
885 4341 1202 4405 scurrilitas,
1228 4339 1441 4404 levitas,
1458 4337 1844 4407 vaniloquium,

1951 537 2116 603 mula,
2148 547 2202 592 et
2233 539 2456 596 obedire
2483 543 2712 598 dominae
2749 554 2881 611 suae,
2921 547 2974 602 id
2997 556 3100 614 est,
3153 550 3400 607 rationali
3421 554 3534 608 ani-

1949 645 2069 683 mae.
2101 629 2230 697 Quae
2281 629 2570 688 fornicatio
2620 634 2680 689 ﬁt
2718 647 2818 706 per
2864 639 3295 696 commistionem
3351 643 3532 698 carnis

1951 734 2075 777 cum
2110 721 2309 776 femina
2337 723 2596 792 qualibet,
2626 727 2709 781 vel
2753 728 2918 782 etiam
2961 728 3064 783 alia
3090 742 3410 801 quacunque
3437 733 3534 786 im-

1950 813 2213 868 munditia
2257 815 2324 868 ad
2372 816 2697 885 explendum
2746 818 2980 874 libidinis
3010 821 3276 876 ardorem.
3321 824 3528 894 Dequa

1952 903 2354 976 [fornicatione]
2388 909 2632 962 nascitur
2658 910 2875 966 caecitas
2914 912 3133 978 mentis,
3164 913 3529 970 inconstantia

1949 995 2226 1049 oculorum
2277 997 2360 1049 vel
2415 999 2580 1053 totius
2635 1002 2876 1070 corporis
2924 1015 3078 1056 amor
3107 1003 3526 1069 immoderatus;

1949 1099 2090 1153 sape
2129 1084 2423 1152 periculum
2474 1087 2618 1148 vitae.
2665 1088 2906 1155 lascivia,
2942 1087 3090 1158 joca,
3134 1093 3453 1161 petulantia,
3477 1103 3534 1149 et

1949 1175 2125 1229 omnis
2152 1175 2540 1232 ineontinentia
2569 1194 2583 1243 ;
2624 1179 2807 1234 odium
2835 1182 3212 1237 mandatorum
3242 1185 3356 1248 Dei,
3381 1199 3532 1238 meu-

1950 1265 2020 1319 tis
2044 1266 2343 1330 enervatio,
2368 1275 2422 1320 et
2445 1267 2655 1338 injuste
2675 1270 3034 1339 cupiditates;
3064 1273 3388 1344 negligentia
3403 1275 3528 1328 vita:

1949 1355 2162 1423 futurae,
2198 1365 2254 1411 et
2274 1359 2560 1427 praesentis
2605 1359 2890 1416 delectatio
2920 1360 3076 1433 μη,
3105 1363 3365 1436 dilectio].
3399 1365 3529 1431 Qua:

1948 1447 2181 1502 vincitur
2202 1462 2299 1517 per
2324 1449 2634 1504 castitatem
2676 1457 2732 1505 et
2762 1453 3154 1507 continentiam
3185 1464 3525 1519 consuetam,

1947 1542 2003 1590 et
2031 1537 2459 1592 recordationem
2506 1538 2646 1606 ignis
2674 1541 2886 1605 aeterni,
2915 1549 2972 1595 et
3011 1543 3259 1598 timorem
3287 1558 3527 1611 praesen-

1949 1628 2036 1682 tiae
2064 1629 2376 1698 sempiterni
2405 1629 2500 1684 Dei
2531 1629 2651 1702 [nos
2675 1631 2872 1702 ubique
2893 1640 2948 1687 et
2969 1647 3130 1703 opera
3153 1640 3339 1689 nostra
3359 1634 3528 1703 inspi-

1948 1718 2166 1791 cientis]

2532 1792 2758 1849 CAPUT
2788 1791 2956 1849 XXX.

2569 1885 2648 1938 De
2683 1885 2932 1939 avaritia.

2017 1973 2257 2030 Avaritia
2279 1984 2363 2031 est
2386 1977 2547 2031 nimia
2571 1977 2883 2032 divitiarum
2911 1977 3244 2048 acquirendi,
3270 1973 3528 2043 habendi.

1946 2065 2032 2119 vel
2076 2067 2296 2122 tenendi
2341 2067 2625 2135 cupiditas,
2675 2082 2796 2137 quae
2833 2068 3004 2138 pestis
3045 2068 3385 2140 inexplebilis
3416 2077 3522 2124 est.

1949 2153 2103 2210 Sicut
2130 2157 2473 2226 hydropicus,
2523 2158 2615 2227 qui
2641 2166 2846 2228 quanto
2883 2157 3004 2228 plus
3041 2160 3195 2225 bibit,
3223 2169 3374 2216 tanto
3399 2160 3520 2230 plus

1945 2246 2022 2301 illi
2059 2247 2178 2301 sitis
2201 2249 2465 2302 accrescit
2493 2247 2646 2319 [Ms.,
2687 2249 2868 2304 addita
2897 2249 3115 2319 crescit]
3140 2267 3152 2303 :
3187 2251 3268 2305 sic
3297 2252 3523 2308 avaritia

1946 2343 2149 2404 quanto
2189 2337 2362 2405 magis
2390 2337 2574 2403 habet,
2609 2345 2756 2392 tanto
2781 2337 2902 2407 plus
2935 2335 3184 2410 [habere]
3230 2340 3517 2400 desiderat.

1946 2426 2014 2480 Et
2039 2427 2164 2480 dum
2215 2429 2406 2483 modus
2437 2443 2544 2483 non
2604 2438 2688 2484 est
2714 2429 2789 2484 illi
2828 2431 2884 2485 in
2929 2430 3196 2497 habendo,
3229 2432 3418 2503 modus
3446 2429 3522 2487 illi

1945 2531 2053 2573 non
2075 2517 2180 2570 erit
2203 2517 2256 2570 in
2270 2517 2644 2572 desiderando.
2667 2517 2830 2588 Cujus
2851 2533 3050 2589 genera
3075 2518 3228 2590 μη,
3256 2519 3522 2594 germina]

1943 2615 2072 2661 sunt
2105 2607 2324 2672 invidia,
2354 2607 2518 2673 furta,
2549 2607 2854 2672 latrocinia,
2881 2609 3195 2674 homicidia,
3220 2609 3522 2674 mendacia,

1943 2697 2204 2768 perjuria,
2245 2698 2467 2767 rapinae,
2500 2697 2788 2761 violentia),
2821 2698 3156 2768 inquietudo,
3217 2695 3417 2765 injusta
3437 2697 3523 2768 ju-

1943 2787 2104 2852 dicia,
2130 2796 2470 2858 contemptus
2496 2787 2763 2852 veritatis,
2794 2786 2990 2842 futurae
3019 2786 3372 2842 beatitudinis
3393 2785 3523 2840 obli-

1942 2876 2050 2941 vio,
2082 2877 2366 2932 obduratio
2419 2877 2618 2932 cordis.
2663 2876 2792 2944 Quae
2831 2876 2892 2930 fit
2935 2875 3090 2947 [Με.,
3115 2891 3236 2946 qua:
3261 2875 3368 2947 est]
3401 2891 3525 2930 con-

1943 2966 2108 3020 traria
2137 2967 2536 3031 misericordiae,
2567 2967 2925 3037 eleemosynis
2946 2967 3000 3020 in
3031 2981 3317 3036 pauperes,
3340 2977 3396 3022 et
3421 2963 3518 3024 toti

1943 3055 2130 3127 pietati
2157 3057 2209 3110 in
2235 3058 2482 3112 miseros.
2515 3057 2645 3124 Quae
2666 3057 2904 3111 vincitur
2931 3066 3029 3126 per
3052 3057 3301 3111 timorem
3326 3051 3442 3118 Dei,
3467 3065 3522 3110 et

1944 3163 2040 3218 per
2060 3147 2354 3201 fraternam
2376 3145 2716 3212 charitatem,
2740 3154 2796 3202 et
2813 3157 2910 3216 per
2929 3159 3092 3216 opera
3113 3143 3520 3207 misericordiae.

1943 3249 1999 3296 et
2017 3255 2116 3309 per
2142 3239 2510 3308 eleemosynas
2538 3234 2592 3292 in
2638 3250 2924 3308 pauperes,
2951 3245 3006 3291 et
3025 3251 3123 3308 per
3150 3251 3300 3306 spem
3331 3236 3526 3290 futurre

1944 3329 2309 3394 beatitudinis,
2351 3329 2476 3383 dum
2502 3326 2652 3382 falsae
2677 3325 2837 3395 hujus
2883 3326 3066 3382 smculi
3098 3325 3296 3380 divitia:
3330 3324 3525 3381 futurae

1941 3421 2290 3477 beatitudinis
2315 3419 2460 3474 veris
2486 3417 2689 3474 divitiis
2713 3420 3022 3474 vincuntur.

2401 3531 2557 3604 143
2599 3526 2828 3589 CAPUT
2875 3529 3067 3586 xxxx.

2629 3625 2706 3679 De
2740 3626 2842 3678 ira.

2014 3724 2095 3778 ira
2122 3737 2226 3776 una
2258 3729 2341 3777 est
2366 3719 2434 3775 de
2454 3728 2578 3775 octo
2603 3718 2749 3773 vitiis
2769 3717 3192 3786 principalibus,
3222 3731 3340 3785 quae
3367 3717 3408 3770 si
3441 3733 3523 3770 ra-

1944 3815 2088 3870 tione
2116 3829 2222 3867 non
2244 3811 2472 3881 regitur,
2498 3811 2552 3863 in
2580 3811 2818 3864 furorem
2854 3809 3085 3862 vertitur
3113 3823 3127 3862 :
3152 3809 3225 3862 ita
3257 3816 3315 3861 ut
3354 3809 3524 3862 homo

1946 3905 2026 3959 sui
2060 3902 2224 3958 animi
2249 3902 2512 3969 impotens
2533 3899 2637 3951 erit
2659 3896 2812 3968 [Ms.,
2841 3895 2978 3967 iiat],
3006 3897 3210 3951 faciens
3247 3911 3365 3964 qua:
3416 3913 3521 3950 non

1945 3994 2214 4051 convenit.
2243 3992 2368 4045 Haec
2404 3990 2550 4044 enim
2589 3989 2634 4043 si
2673 3987 2823 4042 cordi
2852 3987 3039 4042 insidit
3072 3987 3224 4058 [Ms.,
3279 3985 3523 4058 insidet],

1946 4103 2162 4143 omnem
2192 4084 2380 4140 eximit
2404 4083 2472 4136 ab
2503 4096 2568 4136 eo
2604 4079 2999 4151 providentiam
3042 4077 3194 4140 facti,
3249 4093 3350 4132 nec
3378 4075 3526 4146 judi-

1947 4181 2092 4236 cium
2119 4185 2280 4232 rectae
2309 4173 2626 4230 directionis
2651 4171 2805 4244 [Ms.,
2847 4167 3212 4240 discretionis]
3225 4168 3523 4237 inquirere,

1947 4283 2048 4324 nec
2083 4268 2325 4322 honestae
2349 4261 2814 4332 contemplationis
2836 4259 3116 4324 virtutem,
3155 4273 3257 4313 uec
3291 4257 3523 4312 maturi-

1950 4365 2114 4412 tatem
2144 4353 2354 4412 consilii
2380 4353 2580 4408 habere
2611 4351 2833 4422 poterit,
2880 4349 2976 4405 sed
3002 4347 3184 4404 omnia
3240 4363 3339 4418 per
3387 4361 3527 4416 prce-

279 4431 619 4486 immunditia
674 4432 934 4501 corporis,
986 4429 1306 4484 instabilitas
1334 4428 1549 4494 mentis,
1589 4427 1844 4489 ebrietas,

282 4519 437 4539 ηις),
475 4537 482 4539 Α
543 4521 650 4539 -ης-
713 4535 768 4539 ___
823 4519 1094 4539 -A.___3.-._
1147 4517 1347 4539 --Α-.-2-
1398 4517 1560 4539 “1.2.1-
1607 4515 1844 4539 ..ιι-...Α-ι..

1951 4446 2192 4518 cipitium
2227 4443 2497 4514 quoddam
2536 4441 2717 4498 facere
2743 4440 2970 4496 videtur.
2996 4439 3072 4496 De
3093 4455 3217 4510 qua,
3236 4438 3287 4492 id
3311 4447 3392 4492 est
3419 4438 3524 4502 ira,

277 4519 484 4575 libido:
535 4521 662 4590 quia
705 4535 772 4574 ex
818 4519 1098 4575 saturitate
1147 4517 1350 4572 ventris
1398 4517 1564 4572 libido
1603 4517 1848 4585 corporis

281 4611 606 4682 congeritur,
633 4627 752 4681 qua:
771 4625 867 4681 per
885 4610 1089 4681 jejunia
1116 4617 1172 4666 et
1213 4608 1618 4672 abstinentiam,
1647 4614 1702 4661 et
1721 4621 1850 4676 ope-

282 4703 354 4756 ris
386 4701 674 4772 cujuslibet
719 4701 1090 4756 assiduitatem
1142 4700 1342 4770 Optime
1384 4699 1636 4754 vincitur.
1676 4697 1851 4771 [Com-

282 4795 457 4848 munis
487 4793 634 4848 enim
663 4800 749 4847 est
779 4791 960 4861 regula
1006 4789 1254 4845 omnibus
1309 4789 1573 4858 religiosis
1613 4789 1761 4842 sanis
1796 4795 1852 4842 et

282 4886 531 4949 infirmis,
565 4895 625 4939 ut
643 4887 708 4940 de
747 4883 1110 4954 qualicunque
1137 4881 1257 4937 cibo
1286 4894 1563 4950 nunquam
1591 4878 1852 4949 impleant

285 4977 574 5048 manem]
864 5064 1088 5121 (‘APUT
1120 5065 1288 5118 vim

851 5154 927 5209 De
961 5154 1326 5224 fornicatione.

350 5267 662 5322 Fornicatio
689 5275 773 5320 est
793 5265 970 5320 omnis
1013 5263 1307 5334 corporalis
1338 5261 1700 5326 immunditia,
1733 5276 1850 5332 qure

287 5357 416 5412 solet
443 5356 559 5410 fieri
584 5371 652 5409 ex
681 5354 1074 5409 incontinentia
1106 5353 1362 5415 libidinis,
1399 5357 1452 5404 et
1495 5350 1716 5404 mollitia
1739 5352 1854 5404 ani-

289 5463 405 5514 mas,
433 5462 556 5518 qua:
583 5446 855 5502 consentit
884 5461 994 5500 suae
1037 5445 1188 5500 carni
1229 5457 1478 5516 peccare.
1513 5440 1646 5494 Nam
1674 5443 1853 5496 anima

290 5585 559 5640 reclamat.
592 5581 1000 5648 Qoracsraaus.
1046 5610 1115 5620 —
1145 5578 1200 5632 In
1234 5577 1419 5648 codice
1462 5575 1723 5630 Vaticano
1749 5576 1853 5648 650

289 5651 419 5708 ἰπὶ-ιο
449 5668 576 5707 sate.
605 5647 657 5704 si
688 5651 968 5720 sequentia
997 5650 1170 5718 capita
1199 5649 1251 5720 iu
1278 5647 1410 5720 duos
1435 5653 1697 5720 tractatus
1722 5647 1853 5720 divi-

292 5725 506 5789 duntur,
549 5715 781 5792 quorum
826 5722 1027 5790 primus
1065 5715 1383 5774 inscribitur
1420 5755 1430 5770 .
1486 5715 1718 5770 Dictator
1755 5715 1842 5768 Αι-

1951 4535 2176 4610 pullulat
2199 4543 2376 4589 tumor
2406 4533 2629 4597 mentis,
2653 4524 2786 4586 rixa:
2822 4539 2878 4585 et
2899 4528 3258 4592 contumeliae,
3283 4527 3488 4583 clamor
3511 4568 3524 4592 ,

1951 4625 2267 4696 indignatio,
2297 4623 2664 4694 praesumptio,
2691 4621 3059 4690 blasphemia),
3087 4617 3365 4688 sanguinis
3382 4615 3518 4672 effu-

1952 4720 2054 4782 sio,
2092 4716 2403 4780 homicidia,
2427 4713 2718 4769 ulciscendi
2748 4705 3039 4781 cupiditas,
3060 4704 3379 4777 injuriarum
3409 4724 3521 4763 mc-

1953 4811 2141 4867 moria.
2181 4809 2310 4875 Qua:
2335 4802 2572 4861 vincitur
2602 4819 2704 4874 per
2727 4804 3046 4873 patientiam
3075 4813 3130 4857 et
3152 4802 3528 4873 longanimita-

1954 4908 2084 4966 tem,
2114 4908 2170 4955 et
2209 4916 2304 4968 per
2351 4898 2616 4952 rationem
2662 4890 3100 4959 intellectualem,
3152 4908 3311 4964 quam
3362 4891 3526 4954 Deus,

1955 4987 2146 5047 inserit
2192 4983 2465 5044 mentibus
2523 4981 2797 5051 humanis,
2831 4993 2887 5039 et
2944 4999 3042 5054 per
3096 4981 3525 5038 recordationem

1955 5080 2295 5154 [injuriarum
2320 5088 2372 5134 et
2390 5077 2720 5147 passionum,
2750 5092 2887 5146 quas
2909 5091 3006 5146 pro
3029 5075 3183 5129 nobis
3201 5069 3391 5139 injuste
3408 5085 3527 5140 p.-r—

1958 5177 2076 5232 tulit
2141 5173 2420 5235 Christus;
2485 5179 2541 5224 et
2580 5185 2676 5239 per
2718 5167 3056 5238 memoriam]
3107 5164 3381 5220 Orationis
3427 5164 3525 5217 Do-

1956 5267 2184 5331 minicze,
2219 5263 2310 5317 ubi
2342 5261 2451 5318 Deo
2478 5262 2678 5317 dicitur
2711 5279 2725 5313 :
2760 5259 2975 5313 Dimitte
3014 5259 3160 5312 nobis
3207 5257 3380 5310 debita
3435 5273 3526 5309 no-

1959 5358 2240 5423 stra,sicut
2258 5364 2306 5409 et
2329 5372 2418 5409 nos
2445 5354 2754 5408 dimittimus
2771 5350 3086 5405 debitoribus
3107 5347 3524 5404 nostrisfdlauli.

1961 5466 2038 5516 vt,
2076 5448 2180 5520 I2).

1959 5584 2101 5664 enini
2120 5583 2185 5705 iga
2213 5593 2323 5636 octo
2364 5583 2494 5638 ritiis
2520 5578 2893 5652 principalibus
2917 5596 2935 5646 ;
2965 5578 3099 5636 alter
3192 5577 3266 5634 Dc
3301 5588 3525 5651 quatuor

1959 5663 2126 5705 virtuti
2167 5669 2245 5705 us.

1959 5663 2245 5706 ιτπιιιιιιηιδ.
