3894 6182
275 334 369 392 631

1091 322 1416 379 MORALIA.
1455 350 1528 366 -—-
1563 323 1764 379 LIBER
1803 323 1894 379 DE
1931 322 2349 381 VIRTUTIBUS
2382 325 2470 381 ΕΤ
2508 324 2732 383 VlTllS.

3423 324 3523 386 639

266 463 470 512 ama
495 466 655 521 ma
685 446 997 511 ἀξιωθείην,
1031 451 1187 510 unde
1228 453 1360 509 dicit
1383 452 1622 509 Ioannes
1647 453 1701 508 in
1729 452 1855 524 Ερί,
1881 439 1927 498 Α
1962 433 2183 506 (Matth.
2207 451 2286 500 ιι,
2314 434 2427 505 29).
2459 435 2648 492 Nonne
2671 436 2864 492 melius
2878 446 2962 493 est
3006 446 3062 494 et
3100 439 3310 495 beatius
3358 440 3527 496 Deum

266 544 405 603 stola
434 557 577 599 sua:
618 541 719 617 Est
754 554 1025 615 peccatum
1059 544 1130 599 ad
1165 554 1405 610 mortem,
1451 561 1557 599 non
1588 560 1682 616 pro
1736 543 1852 609 illo,

265 637 407 699 dico,
436 645 495 689 ut
522 634 640 705 quis
673 645 820 706 roget
852 634 1035 705 (Joan.
1058 650 1111 700 ν,
1135 635 1244 709 l5).
1276 635 1371 691 lsti
1395 649 1525 691 vero
1538 633 1852 707 bellatores]

263 726 379 783 Deo
426 726 731 783 auxiliante
774 726 1030 782 facillime
1082 728 1372 783 vincuntur
1421 743 1453 782 a
1501 726 1855 782 bellatoribus

261 820 471 877 Christi
509 833 612 890 per
633 821 862 875 virtutes
880 827 1116 875 sanctas.
1149 819 1330 873 Prima
1376 819 1852 888 superbiaperhu-

258 911 439 967 milita
447 921 581 978 tem,
598 910 722 983 gula
746 922 845 980 per
859 908 1263 974 abstinentiam,
1281 908 1569 964 fomicatio
1584 922 1678 978 per
1697 907 1856 965 casti-

258 1013 461 1071 tatem,
491 1000 717 1059 avaritia
741 1016 842 1072 per
878 999 1261 1055 abstinentiam
1295 997 1424 1070 [Ms.
1467 996 1524 1054 S.
1556 996 1700 1063 Jac.,
1750 998 1852 1053 lar-

256 1098 493 1173 gitatem
521 1107 576 1153 et
594 1102 961 1165 contemptum
992 1090 1223 1166 mundi],
1266 1088 1346 1147 ira
1372 1108 1471 1163 per
1514 1093 1849 1163 patientiam,

260 1191 453 1247 accdia
481 1202 580 1260 per
605 1186 921 1242 instantiam
947 1184 1076 1239 boni
1098 1183 1301 1254 Operis,
1330 1183 1552 1238 tristitia
1582 1183 1722 1237 mala
1754 1198 1855 1253 per

260 1282 515 1337 lzetitiam
540 1277 901 1350 spiritualem,
924 1291 1063 1332 vana
1091 1275 1261 1347 gloria
1282 1291 1382 1347 per
1414 1274 1736 1331 cbaritatem
1757 1275 1853 1331 Dei

263 1372 402 1446 [Αι.,
438 1387 541 1444 per
560 1368 906 1442 sapientiam]
937 1366 1239 1442 [vincitur].
1292 1368 1457 1439 Igitur
1488 1384 1556 1423 ex
1584 1367 1670 1423 his
1700 1364 1855 1423 Chri‘

262 1467 458 1521 stianze
488 1456 765 1535 religionis
785 1462 1120 1529 ductoribus,
1148 1477 1285 1532 quos
1301 1461 1649 1531 opposuimus
1667 1460 1854 1516 diabo-

256 1556 384 1615 lica:
413 1556 712 1628 impietatis
739 1550 1117 1620 bellatoribus,
1148 1561 1381 1623 quatuor
1426 1561 1667 1621 praesunt
1686 1552 1852 1608 duces

260 1648 673 1722 gloriosissimi,
703 1645 959 1720 [quorum
982 1646 1201 1701 nomina
1226 1644 1344 1700 haec
1370 1642 1516 1716 sunt]
1552 1657 1564 1698 :
1612 1645 1852 1715 pruden-

261 1741 365 1807 tia,
382 1738 614 1811 justitia,
653 1735 937 1801 fortitudo,
965 1735 1339 1806 temperantia.

823 1826 1052 1887 CAPUT
1076 1828 1292 1884 XXXV.

719 1920 798 1977 De
834 1921 1113 1976 virtutibus
1143 1932 1399 1995 quatuor.

332 2010 525 2068 Primo
561 2008 843 2068 sciendum
881 2019 966 2068 est
1002 2011 1133 2082 quid
1177 2012 1249 2067 sit
1294 2012 1489 2067 virtus.
1536 2011 1722 2067 Virtus
1763 2016 1848 2067 est

260 2104 431 2160 animi
462 2104 704 2173 habitus,
737 2112 945 2159 naturae
995 2103 1180 2170 decus,
1232 2103 1360 2159 vitae
1414 2103 1574 2169 ratio,
1631 2118 1845 2159 morum

258 2198 462 2267 pietas,
525 2196 706 2253 cultus
749 2194 1070 2260 divinitatis,
1119 2197 1293 2252 honor
1328 2196 1583 2259 hominis,
1628 2205 1847 2250 aeternae

257 2286 620 2343 beatitudinis
641 2286 914 2341 meritum.
955 2285 1120 2357 Cujus
1137 2293 1323 2356 partes
1344 2294 1491 2351 sunt,
1514 2293 1576 2340 ut
1589 2285 1841 2349 diximus,

260 2386 496 2449 quatuor
520 2375 885 2448 principales:
916 2372 1227 2447 prudentia,
1275 2364 1513 2444 iustitia,
1559 2373 1842 2439 fortitudo,

256 2468 641 2541 temperantia.
665 2464 958 2524 Prudentia
987 2476 1072 2523 est
1103 2483 1285 2522 rerum
1313 2468 1617 2524 divinarum
1655 2467 1845 2521 huma-

256 2574 591 2631 narumque,
639 2566 800 2631 prout
848 2559 1057 2617 homini
1111 2559 1294 2615 datum
1340 2568 1445 2626 est,
1481 2557 1736 2623 scientia;
1789 2558 1845 2612 iu

254 2666 365 2722 qua
396 2650 806 2722 intelligendum
832 2658 934 2717 est,
968 2648 1100 2720 quid
1146 2649 1445 2706 cavendum
1495 2649 1568 2704 sit
1616 2646 1841 2712 homini,

253 2741 343 2796 vel
370 2740 506 2812 quid
529 2739 832 2795 faciendum
860 2759 873 2794 :
905 2749 960 2796 et
990 2741 1095 2797 hoc
1131 2748 1233 2806 est,
1273 2740 1418 2811 quod
1458 2741 1512 2795 in
1535 2737 1749 2795 Psalmo
1770 2738 1846 2817 le-

252 2833 447 2904 gitur:
497 2828 653 2903 145
677 2829 886 2886 Diverte
915 2848 947 2885 a
984 2829 1147 2897 malo,
1197 2840 1246 2885 et
1290 2830 1377 2901 {ac
1422 2830 1615 2885 bonum
1665 2826 1838 2901 (Psal.

252 2938 457 2987 nun,
504 2922 613 2994 15).
648 2921 865 2979 Iustitia
903 2930 988 2978 est
1010 2922 1173 2981 animi
1221 2922 1496 2988 nobilitas,
1551 2920 1843 2992 unicuique

1873 1814 1922 1875 B

1956 525 2200 597 diligere,
2224 527 2315 596 qui
2344 537 2428 583 est
2446 536 2648 583 aeterna
2674 530 3041 598 pulchritudo,
3059 538 3262 587 aeterna
3282 536 3532 603 fragran-

1955 616 2053 682 tia,
2077 624 2279 673 aetema
2301 618 2630 688 jucunditas,
2659 629 2860 676 aeterna
2889 621 3137 686 dulcedo,
3165 630 3368 677 aeterna
3397 637 3527 678 sua-

1951 704 2112 772 vitas,
2143 714 2435 777 perpetuus
2458 707 2651 774 honor,
2697 708 3015 766 indeﬁcieus
3054 709 3316 778 felicitas;
3365 724 3530 781 quam

1953 797 2113 868 hujus
2141 798 2324 854 saeculi
2348 813 2533 854 amare
2554 800 2807 856 vanitates
2826 810 2875 855 et
2901 802 3139 856 insanias
3159 802 3327 873 falsas
3353 802 3530 875 (Psat.

1951 902 2139 953 xxxix,
2168 887 2246 960 5),
2277 890 2485 959 species
2506 890 2763 959 pulchras
2789 890 2920 963 [Al.,
2947 892 3402 963 pulchritudinem
3438 908 3533 951 su.

1952 979 2321 1052 pervacuam],
2355 981 2539 1037 dulces
2572 997 2815 1051 sapores,
2868 999 3033 1039 sonos
3074 1000 3290 1051 suaves,
3329 986 3530 1041 odores

1953 1069 2276 1142 fragrantes,
2330 1079 2505 1128 tactus
2543 1070 2831 1144 iucundos,
2859 1075 3096 1131 honores
3143 1084 3200 1131 et
3240 1075 3533 1132 felicitates

1953 1163 2133 1218 saeculi
2165 1164 2529 1231 transitorias,
2552 1178 2672 1235 quae
2697 1165 2878 1220 omnia
2898 1162 3045 1221 velut
3082 1164 3318 1223 volatilis
3340 1167 3536 1223 umbra

1954 1254 2215 1309 recedunt
2234 1261 2288 1309 et
2314 1263 2620 1320 transeunt,
2647 1263 2701 1311 et
2730 1255 3004 1327 decipiunt
3040 1264 3312 1312 amantem
3345 1270 3424 1321 se,
3478 1264 3535 1311 et

1953 1346 2005 1401 in
2032 1355 2287 1402 aeternam
2311 1348 2532 1403 mittunt
2552 1362 2675 1403 eum
2700 1347 3012 1404 miseriam?
3040 1347 3142 1417 Qui
3182 1364 3315 1404 vero
3357 1348 3528 1402 Deum

1951 1442 2006 1489 et
2035 1435 2325 1491 Dominum
2360 1436 2592 1493 ﬁdeliter
2610 1448 2775 1502 amat,
2814 1446 2869 1494 et
2890 1439 3261 1494 indesinenter
3305 1437 3453 1504 colit,
3475 1446 3532 1492 et

1951 1524 2068 1593 ejus
2095 1527 2347 1582 mandata
2378 1537 2796 1597 perseveranter
2847 1529 3053 1599 implet,
3102 1537 3362 1584 aeternam
3407 1544 3532 1584 cum

1951 1616 2158 1759 ἓὲὶεειίε
2184 1616 2279 1673 Dei
2299 1620 2525 1689 gloriam
2579 1620 2970 1689 perpetualiter
3005 1620 3289 1692 possidere
3338 1621 3533 1691 dignus

2038 1704 2229 1759 cietur.

2038 1704 2229 1761 cietur.

2496 1797 2724 1855 CAPUT
2761 1799 3002 1855 XXXVI.

2458 1903 2485 1932 ι
2516 1890 2790 1947 Peroratio
2828 1895 3022 1965 operis.

2016 1998 2142 2057 ΙΙωο
2184 2000 2305 2069 tibi,
2344 2001 2657 2061 dulcissime
2684 2005 2759 2061 ﬁli
2805 2004 3034 2081 [Wido],
3066 2008 3214 2065 brevi
3260 2025 3534 2078 sermone,

1945 2091 2089 2146 sicut
2132 2092 2335 2161 petisti,
2377 2093 2616 2162 dictavi;
2662 2103 2722 2150 ut
2769 2096 2973 2153 habeas
3001 2113 3065 2154 ea
3111 2101 3353 2169 quotidie
3380 2098 3538 2173 quasi

1944 2180 2252 2236 manualem
2274 2182 2327 2236 in
2354 2193 2651 2254 conspectu
2680 2193 2771 2242 tuo
2793 2188 3054 2257 libellum,
3079 2193 3207 2247 etin
3231 2209 3338 2264 quo
3356 2197 3537 2265 possis

1948 2272 2177 2342 teipsum
2202 2273 2572 2342 considerare,
2601 2278 2731 2348 quid
2757 2295 2973 2348 cavere,
2999 2283 3086 2339 vel
3105 2285 3235 2354 quid
3260 2302 3421 2358 agere
3450 2288 3538 2344 de-

1944 2363 2096 2430 beas,
2140 2373 2301 2435 atque
2349 2382 2449 2437 per
2486 2367 2725 2439 singulas
2772 2371 2895 2427 vitae
2932 2372 3094 2443 hujus
3144 2378 3535 2447 prosperitates

1942 2454 2029 2509 vel
2048 2454 2407 2514 adversitates
2434 2459 2733 2527 exhortari,
2758 2466 3029 2533 quomodo
3052 2467 3122 2521 ad
3158 2467 3371 2524 culmen
3412 2452 3538 2540 per—

1944 2547 2192 2605 fectionis
2216 2551 2509 2607 ascendere
2534 2552 2751 2609 debeas.
2790 2554 2903 2612 Nec
2950 2564 3005 2613 te
3044 2556 3167 2614 laici
3196 2560 3413 2616 habitus
3453 2560 3537 2617 vel

1943 2641 2375 2696 conversationis
2399 2641 2675 2698 smcuiaris
2700 2653 2903 2701 terreat
2923 2648 3178 2718 qualitas,
3205 2651 3358 2721 quasi
3390 2652 3443 2706 in
3472 2668 3539 2708 eo

1942 2728 2130 2784 habitu
2156 2731 2284 2787 vita:
2310 2730 2549 2787 caelestis
2586 2731 2783 2802 januas
2822 2736 3028 2793 intrare
3060 2755 3168 2794 non
3203 2740 3403 2797 valeas.
3436 2742 3538 2814 lgid

1944 2827 2033 2875 tur
2060 2820 2201 2875 sicut
2226 2821 2475 2878 omnibus
2503 2821 2783 2893 aequaliter
2810 2828 2962 2899 regni
3002 2821 3101 2885 Dei
3137 2831 3425 2900 praedicata
3455 2840 3541 2889 est

1942 2912 2240 2996 beatitudo,
2272 2914 2348 2968 ita
2388 2915 2537 2969 omni
2575 2917 2749 2981 sexui,
2790 2919 2961 2985 aetati,
2989 2929 3045 2976 et
3079 2936 3327 2991 persona:
3362 2938 3538 2993 mqua-

254 3013 335 3066 rei
358 3011 641 3084 propriam
662 3010 905 3068 tribuens
930 3013 1267 3085 dignitatem.
1299 3008 1357 3068 In
1395 3014 1498 3069 hac
1545 3012 1843 3068 divinitatis
1942 3003 2069 3059 Ιίιοΐ
2093 3005 2389 3060 secundum
2430 3006 2749 3063 meritorum
2779 3009 3098 3081 dignitatem
3127 3013 3279 3084 regni
3308 3012 3404 3069 Dei
3447 3029 3541 3083 ρει-

254 3102 462 3169 cultus,
489 3111 545 3158 et
576 3104 928 3159 humanitatis
954 3098 1331 3176 jura,etjusta
1343 3103 1568 3175 judicia,
1601 3110 1657 3158 et
1675 3103 1843 3171 aequi-

1951 3101 2025 3150 tet
2056 3093 2328 3150 introitus.
2383 3094 2486 3151 Ubi
2529 3112 2638 3152 non
2682 3105 2768 3152 est
2795 3099 3090 3165 distinctio,
3136 3101 3258 3171 quis
3298 3111 3444 3158 esset
3480 3104 3537 3158 in

257 3204 343 3253 tas
394 3195 565 3252 totius
604 3198 729 3253 vita:
776 3205 1145 3253 conservatur.
1198 3192 1481 3253 Fortitudo
1518 3205 1603 3252 est
1647 3210 1842 3265 magna
1868 3157 1915 3221 ο
1944 3185 2142 3241 8330010
2165 3185 2335 3241 laicus
2373 3186 2454 3240 νεὶ
2494 3186 2746 3253 Clericus.
2790 3189 2943 3244 dives
2982 3189 3067 3244 vel
3095 3204 3318 3261 pauper,
3353 3188 3540 3259 junior

255 3288 427 3342 animi
454 3287 719 3357 patientia
753 3296 809 3344 et
832 3284 1305 3357 longanimitas,et
1330 3286 1737 3360 perseverantia
1785 3285 1842 3340 in

1951 3276 2029 3331 vel
2059 3276 2261 3344 senior,
2293 3292 2482 3333 servus
2508 3278 2592 3333 vel
2618 3278 2868 3336 dominus
2892 3298 2904 3335 :
2933 3281 3029 3336 sed
3057 3281 3430 3354 unusquisque
3458 3298 3541 3339 see

254 3381 419 3436 bonis
440 3380 717 3451 operibus,
740 3389 797 3436 et
830 3380 1057 3437 victoria
1094 3389 1281 3437 contra
1303 3379 1543 3436 omnium
1558 3370 1711 3451 [Ms.,
1726 3394 1845 3435 om-

258 3469 377 3543 nia]
403 3469 664 3525 vitiorum
694 3485 913 3541 genera.
953 3466 1334 3541 Temperantia
1366 3479 1450 3525 est
1501 3470 1666 3525 totius
1718 3469 1844 3525 vitae

258 3562 479 3625 modus,
507 3577 575 3617 ne
621 3562 749 3634 quid
778 3563 939 3618 nimis
968 3562 1131 3619 homo
1154 3562 1237 3618 vel
1262 3571 1430 3628 amet,
1456 3563 1541 3618 vel
1575 3562 1700 3618 odio
1747 3562 1846 3617 ha-

258 3653 419 3721 beat;
460 3655 555 3710 sed
586 3670 775 3710 omnes
796 3656 920 3711 vita:
949 3650 1109 3724 huius
1157 3656 1449 3712 varietates
1496 3656 1843 3713 considerata

260 3750 534 3815 temperet
559 3743 856 3814 diligentia.
883 3742 1010 3800 llaec
1052 3759 1183 3800 vero
1228 3740 1284 3799 in
1323 3744 1429 3799 ﬁde
1473 3751 1531 3799 et
1577 3745 1845 3801 charitate

259 3836 679 3892 observantibus
705 3845 920 3893 aeternae
941 3836 1125 3908 gloria:
1160 3838 1228 3893 ab
1264 3837 1379 3907 ipsa
1419 3837 1663 3892 Veritate
1684 3834 1847 3893 Chri-

262 3939 349 3982 sto
369 3927 499 3983 Jesu
517 3928 740 3997 przemia
768 3928 1105 3997 pollicentur.
1137 3927 1292 3983 Nulla
1317 3928 1510 3984 melior
1530 3935 1615 3983 est
1630 3929 1846 3998 sapien-

262 4022 362 4085 tia,
390 4035 556 4090 quam
579 4035 641 4075 ea
663 4036 769 4090 qua
792 4020 933 4075 Deus
962 4022 1259 4077 secundum
1292 4019 1566 4075 modulum
1594 4019 1846 4077 humana:

263 4112 466 4166 mentis
484 4111 801 4183 intelligitur
819 4119 874 4167 et
912 4112 1131 4169 timetur
1183 4111 1337 4185 [Ms.,
1388 4120 1444 4168 et
1487 4111 1745 4184 amatur],
1790 4118 1847 4169 et

264 4204 510 4259 futurum
536 4204 654 4274 ejus
674 4204 916 4259 creditur
932 4202 1215 4274 judicium.
1269 4203 1406 4260 Nam
1433 4204 1566 4275 quid
1590 4214 1675 4260 est
1722 4202 1846 4273 jus-

264 4294 379 4348 tius
406 4308 569 4361 quam
618 4292 787 4347 Deum
839 4292 1063 4364 diligere
1106 4291 1329 4364 ejusque
1369 4294 1626 4349 mandata
1666 4303 1850 4352 custo-

264 4383 410 4447 dire,
447 4397 544 4452 per
594 4396 779 4452 quem,
832 4381 961 4439 dum
1007 4399 1116 4439 non
1162 4382 1387 4450 fuimus,
1446 4380 1619 4443 creati
1662 4401 1848 4444 sumus

268 4471 419 4544 [dum
446 4474 645 4544 perditi
674 4473 895 4540 fuimus,
935 4476 1164 4530 recreati
1194 4475 1428 4548 sumus],
1452 4482 1510 4532 et
1534 4492 1567 4531 a
1611 4478 1846 4533 servitu-

266 4572 318 4617 te
346 4563 614 4617 diabolica
640 4563 874 4629 liberati,
903 4565 993 4634 qui
1017 4566 1173 4621 nobis
1199 4567 1380 4621 omnia
1405 4565 1545 4624 bona
1566 4583 1687 4638 qua:
1747 4570 1846 4625 ha-

262 4648 477 4720 bemus,
503 4655 853 4723 perdonavit?
877 4657 944 4712 Et
973 4658 1101 4728 quid
1132 4658 1235 4713 hac
1283 4655 1600 4716 fortitudine
1652 4660 1846 4718 melius

264 4754 349 4800 est
375 4759 544 4814 quam
590 4744 858 4802 diabolum
886 4747 1123 4811 vincere,
1146 4757 1203 4803 et
1237 4747 1358 4816 ejus
1375 4764 1566 4806 omnes
1588 4766 1847 4822 superare

265 4835 645 4907 suggestiones
694 4845 749 4891 et
791 4837 971 4892 omnia
997 4839 1226 4894 adversa
1267 4840 1454 4895 mundi
1502 4855 1602 4910 pro
1630 4841 1726 4896 Dei
1753 4855 1850 4897 no—

268 4926 413 4981 mine
437 4924 651 4981 fortiter
676 4926 937 4982 toierare?
959 4926 1161 4983 Nobilis
1181 4930 1356 4984 virtus
1369 4940 1453 4986 est
1470 4930 1626 4985 valde
1646 4939 1850 5002 tempe-

195 5079 201 5084 _
266 5017 467 5079 rautia,
494 5031 593 5087 per
614 5031 774 5085 quam
802 5020 981 5074 omnis
1002 5020 1173 5075 honor
1204 5020 1329 5077 vitae
1361 5019 1523 5089 hujus
1564 5022 1709 5078 inter
1749 5023 1849 5078 bo—

270 5109 442 5163 mines
463 5116 712 5175 constat;
738 5117 795 5164 ut
816 5111 996 5166 omnia
1024 5110 1078 5165 iu
1100 5127 1422 5183 quacunque
1473 5128 1639 5170 causa
1683 5115 1847 5171 homo

270 5204 640 5268 temperanter
662 5198 886 5267 cogitet,
916 5198 1189 5270 loquatur,
1213 5209 1268 5256 et
1296 5210 1422 5272 agat
1448 5217 1573 5257 cum
1616 5202 1844 5260 consilio

270 5288 462 5342 salutis
492 5302 626 5343 suae.
652 5288 779 5344 Hzec
802 5290 946 5346 enim
979 5299 1104 5346 sunt
1154 5291 1290 5347 levia
1339 5300 1397 5349 et
1439 5294 1626 5349 suavia
1679 5293 1849 5350 Deum

270 5374 537 5446 diligenti,
568 5376 660 5445 qui
691 5377 806 5431 ait:
842 5377 1035 5434 Discite
1061 5396 1093 5432 α
1119 5396 1223 5447 me,
1254 5381 1379 5452 quia
1437 5382 1578 5436 mitis
1628 5398 1745 5436 sunt
1801 5392 1850 5438 et

273 5463 485 5520 humilis
508 5465 664 5519 corde
687 5480 704 5518 :
727 5477 776 5522 et
812 5468 1081 5525 invenietis
1098 5472 1322 5542 requiem
1339 5473 1614 5528 animabus
1640 5476 1843 5529 vestris.

273 5553 467 5625 Iugum
498 5558 635 5611 enim
667 5575 839 5612 meum
900 5577 1056 5614 suare
1091 5572 1190 5627 est,
1247 5572 1294 5617 et
1351 5579 1481 5617 onus
1523 5579 1696 5618 meum
1747 5564 1851 5620 lere

344 5705 368 5731 ι
406 5693 463 5748 In
498 5708 602 5747 ms.
631 5690 688 5745 S.
736 5689 874 5745 Galli
922 5691 1150 5761 legitur:
1195 5693 1594 5764 Superscriptio.
1636 5694 1693 5749 ln
1733 5695 1852 5751 aliis

277 5762 423 5820 deest
446 5781 461 5831 ;
488 5778 589 5818 nec
619 5771 778 5833 caput
806 5771 1139 5817 muneratur.

1944 3368 2182 3422 cundum
2218 3367 2475 3423 meritum
2515 3368 2644 3424 boni
2680 3372 2861 3440 operis
2899 3380 3160 3444 perpetua
3187 3374 3539 3430 coronabitur

1945 3456 2134 3528 gloria.
2164 3456 2358 3513 Amen.

2016 3551 2046 3591 δ
2076 3550 2333 3607 Salomon
2354 3551 2530 3607 dixit:
2562 3572 2581 3604 ι
2618 3551 2855 3610 Verbum
2881 3551 3039 3610 dulce
3061 3555 3384 3626 multiplicat
3408 3555 3541 3611 ami-

1943 3658 2059 3709 cos,
2085 3651 2140 3698 et
2162 3644 2376 3716 mitigat
2408 3644 2655 3702 inimicos
2682 3664 2695 3701 :
2723 3655 2779 3701 et
2800 3647 2985 3718 lingua
3014 3649 3266 3705 eucharis
3295 3650 3349 3704 in
3391 3648 3536 3704 bono

1944 3735 2165 3791 homine
2195 3737 2509 3793 abundabit.
2553 3738 2702 3793 Multi
2740 3738 2953 3809 paciﬁci
2981 3740 3093 3794 sint
3128 3741 3247 3806 tibi,
3279 3749 3334 3795 et
3366 3740 3542 3795 consio

1945 3823 2086 3883 liarii
2117 3828 2210 3883 tibi
2237 3828 2344 3882 sint
2370 3843 2512 3883 unus
2547 3829 2613 3883 de
2637 3829 2804 3884 mille.
2839 3828 2898 3884 Si
2920 3830 3165 3899 possides
3201 3830 3456 3893 amicum,
3482 3829 3538 3883 in

1946 3918 2246 3975 tentatione
2271 3917 2488 3987 posside
2512 3930 2656 3984 eum,
2687 3927 2743 3974 et
2770 3932 2881 3974 non
2911 3918 3068 3973 facile
3090 3920 3281 3975 credas
3304 3919 3399 3974 illi.
3441 3918 3541 3975 Est

1944 4014 2092 4066 enim
2112 4009 2320 4064 amicus
2344 4007 2641 4064 secundum
2670 4016 2880 4077 tempus
2905 4023 3081 4073 suum,
3106 4016 3163 4064 et
3187 4024 3296 4063 non
3322 4024 3537 4078 perma-

1946 4101 2099 4157 nebit
2124 4100 2179 4154 in
2209 4100 2296 4155 die
2336 4099 2718 4155 tribulationis.
2745 4098 2845 4154 Est
2872 4098 3099 4165 amicus,
3130 4101 3224 4171 qui
3265 4100 3541 4173 egreditur

1946 4192 2014 4247 ad
2037 4192 2330 4247 amicitiam
2360 4190 2567 4263 [Vulg.,
2592 4192 2686 4261 qui
2708 4192 3044 4248 convertitur
3070 4194 3138 4249 ad
3163 4195 3535 4269 imicitiam..].

1946 4276 2046 4335 Est
2074 4288 2255 4334 autem
2300 4280 2510 4335 amicus
2555 4280 2737 4336 socius
2780 4296 3007 4349 mensae,
3035 4292 3094 4339 et
3118 4299 3225 4340 non
3254 4295 3539 4356 permanet

1947 4373 2005 4427 in
2032 4372 2119 4426 die
2148 4373 2507 4428 necessitatis.
2535 4371 2758 4429 Amicus
2785 4375 2831 4429 si
2858 4378 3221 4445 permanserit
3245 4378 3405 4444 ﬁxus,
3433 4380 3541 4435 erit

1949 4465 2046 4520 tibi
2074 4464 2383 4535 cozequalis,
2413 4472 2468 4519 et
2502 4464 2560 4519 in
2605 4465 2918 4522 domesticis
2944 4469 3053 4523 tuis
3078 4470 3299 4525 attende
3321 4467 3534 4542 [Vulg.,

1946 4554 2271 4613 ﬁducialiter
2298 4555 2534 4629 aget...].
2564 4555 2786 4614 Amicus
2817 4556 3013 4623 ﬁdelis,
3042 4560 3308 4628 protectio
3336 4560 3494 4617 fortis
3518 4572 3533 4616 ξ

1947 4650 2040 4721 qui
2066 4657 2245 4705 autem
2272 4650 2480 4705 invenit
2504 4649 2676 4714 illum,
2721 4649 2932 4704 invenit
2970 4650 3304 4706 thesaurum.
3344 4649 3539 4710 Amico

1944 4727 2092 4798 fideli
2134 4742 2278 4797 nulla
2317 4750 2403 4796 est
2423 4740 2774 4810 comparatio,
2796 4749 2988 4797 etnon
3026 4750 3116 4797 est
3136 4743 3297 4814 digna
3332 4745 3538 4813 ponde.

1946 4832 2088 4889 ratio
2129 4831 2245 4885 auri
2276 4837 2331 4885 et
2375 4814 2584 4900 argenti
2624 4836 2815 4884 contra
2859 4829 3159 4888 bonitatem
3200 4831 3324 4889 ﬁdei
3367 4832 3534 4889 illius.

1945 4920 2169 4977 Amicus
2210 4919 2385 4977 fidelis
2430 4918 2885 4977 medicamentum
2928 4922 3054 4978 vita
3075 4931 3133 4978 et
3157 4923 3541 4980 immortalita-

1945 5014 2055 5078 tis;
2095 5020 2148 5067 et
2178 5010 2272 5081 qui
2297 5018 2546 5066 metuunt
2572 5009 2883 5077 Dominum,
2921 5012 3204 5068 inveniunt
3228 5012 3398 5070 illum.
3431 5009 3538 5082 Qui

1951 5104 2103 5158 timet
2148 5100 2458 5164 Dominum,
2504 5115 2657 5170 aeque
2703 5099 2926 5156 habebit
2974 5102 3269 5157 amicitiam
3312 5102 3539 5168 bonam,

1948 5194 2205 5264 quoniam
2246 5193 2545 5248 secundum
2591 5193 2739 5248 illum
2768 5194 2874 5249 erit
2918 5196 3125 5251 amicus
3165 5196 3328 5253 illius.
3353 5196 3477 5264 Fili,
3504 5211 3538 5252 λ

1943 5283 2227 5353 iuventute
2259 5291 2352 5338 tua
2376 5283 2567 5353 excipe
2602 5283 2925 5351 doctrinam,
2967 5293 3024 5341 et
3062 5302 3234 5357 usque
3267 5288 3337 5343 ad
3368 5304 3538 5347 canos

1951 5375 2197 5432 invenies
2227 5375 2589 5445 sapientiam:
2631 5384 2691 5430 et
2721 5376 2877 5445 quasi
2915 5376 2980 5443 is,
3007 5377 3098 5447 qui
3126 5388 3244 5435 arat
3276 5389 3333 5437 et
3368 5382 3539 5438 semi-

1950 5474 2065 5532 nat,
2094 5466 2292 5522 accede
2324 5466 2391 5521 ad
2429 5465 2594 5532 illam,
2624 5474 2680 5521 et
2708 5468 2917 5522 sustine
2935 5468 3108 5525 bonos
3130 5468 3335 5528 fructus
3357 5470 3536 5541 illius;

1952 5559 2005 5612 in
2038 5572 2201 5628 opere
2230 5559 2375 5613 enim
2406 5558 2574 5627 ipsius
2610 5558 2863 5629 exiguum
2892 5558 3179 5617 laborabis.
3211 5581 3231 5615 ι

2024 5692 2052 5731 ι)
2081 5692 2203 5747 ll:ee
2239 5692 2513 5767 desunt__i_n
2538 5692 2701 5767 mild.
2740 5708 2880 5767 _mss.
2911 5693 3102 5767 Addita
3133 5704 3257 5753 sunt
3291 5712 3320 5753 a
3360 5696 3536 5767 Quer-

1955 5771 2146 5819 cctano
2171 5780 2235 5819 ex
2269 5773 2396 5818 tom.
2432 5763 2494 5817 Vl
2525 5764 2703 5831 Antiq.
2738 5763 2885 5819 [εισι.
2917 5764 3139 5819 Canisii.
