3894 6182
377 297 488 353 σω

1230 295 1289 349 Β.
1331 293 1392 348 F.
1433 293 1660 350 ALBlNl
1699 294 1831 350 SEU
1868 293 2142 350 ALCUINI
2182 295 2474 351 OPERUM'
2504 293 2682 348 PARS
2720 290 2807 348 ιν.

382 442 398 463 ,
1332 437 1345 452 ,.
1536 437 1779 453 ,
2205 437 2213 442 ..
3608 431 3615 455 ι

431 712 440 720 κ
1234 570 2077 686 OPUSCULUM
2165 570 2778 685 SEXTUM.

332 911 333 1006 ᾗ
536 814 729 940 aIlli
810 811 1157 937 ANIMIE
1228 807 1678 934 BATlllNE
1759 805 1973 929 LIB]!

2056 905 2066 928 .
2144 803 2279 929 ΑΙ)
2368 802 2878 929 ΕΠΙΑΑΜΑΜ
2941 802 3490 935 VIRGINEM.

450 1122 608 1192 15,6
629 1117 969 1173 Charissimae
993 1116 1046 1169 in
1071 1112 1276 1168 Christi
1300 1108 1569 1165 charitate
1601 1107 1775 1162 sorori
1801 1108 1826 1144 ι)
1853 1106 1953 1159 Eu—
1982 1113 2028 1165 Α
2057 1105 2217 1158 malia
2252 1119 2591 1168 communes,
2629 1105 2680 1159 id
2716 1112 2819 1169 est,
2846 1106 3362 1176 concupiscentiam,
3391 1117 3446 1164 et
3471 1110 3636 1166 iram.

372 1209 511 1270 lalize
538 1211 732 1282 virgini
762 1209 986 1263 Albinus
1014 1209 1069 1262 in
1097 1206 1325 1259 Domino
1359 1203 1605 1258 salutem.

444 1305 482 1358 Ι.
520 1303 732 1357 Sanctae
772 1297 1122 1354 sollicitudini
1154 1302 1349 1350 vestra:
1379 1301 1430 1347 et
1462 1281 1710 1345 laudabili
1753 1291 1805 1342 in
1839 1287 1950 1342 Deo

374 1396 553 1450 studio
602 1393 798 1464 placuit
830 1389 1127 1461 deprecari,
1165 1387 1232 1442 de
1276 1386 1487 1441 ratione
1522 1363 1715 1437 anima:
1753 1381 1952 1451 aliquid

376 1493 614 1538 nostram
641 1482 878 1537 scribere
919 1479 1282 1540 devotionem,
1329 1481 1550 1544 propter
1579 1471 1840 1541 quasdam
1871 1470 1952 1524 in-

373 1573 713 1641 quisitiones,
755 1577 814 1622 ut
839 1569 938 1632 ais,
972 1580 1117 1620 anno
1161 1570 1438 1617 transacto
1468 1563 1613 1616 inter
1646 1577 1741 1614 vos
1778 1559 1952 1613 venti-

373 1667 530 1718 latas.
580 1661 731 1727 Quod
757 1661 986 1713 libenter
1018 1656 1296 1718 fecissem,
1336 1653 1383 1707 si
1424 1668 1509 1706 me
1551 1659 1702 1706 tanto
1737 1649 1949 1720 ﬂagrari

376 1754 508 1826 [Αι.,
543 1760 747 1806 tantum
771 1746 1019 1819 ﬂagrare]
1042 1747 1256 1816 ingenio
1277 1759 1514 1806 nossem,
1539 1749 1596 1795 ut
1624 1750 1735 1795 tam
1755 1742 1952 1794 arduas

373 1844 614 1898 rationes
649 1840 784 1913 [Al.,
816 1836 1129 1909 relationes]
1156 1837 1316 1907 digne
1341 1849 1612 1904 exponere
1641 1847 1799 1902 posse
1830 1847 1955 1887 con-

375 1935 618 1989 ﬁderem.
655 1931 764 1986 Sed
789 1947 857 1985 ex
885 1938 1038 1999 parte
1062 1928 1340 1998 indignum
1375 1941 1500 1980 esse
1524 1924 1739 1978 videtur
1767 1923 1948 1978 dicere

372 2026 636 2094 tneipsum
661 2039 748 2078 me
785 2021 1017 2076 nescire.
1051 2019 1191 2086 Quid
1226 2033 1346 2072 sum
1384 2032 1506 2087 ego,
1535 2016 1642 2070 nisi
1686 2015 1867 2069 anima
1899 2021 1957 2068 et

373 2114 545 2168 caro?
595 2113 734 2168 Caro
779 2112 908 2182 quid
955 2111 1042 2175 sit,
1089 2109 1340 2164 omnibus
1388 2114 1574 2161 notum
1617 2113 1724 2169 est,
1763 2105 1856 2174 qui
1894 2119 1955 2160 se

370 2205 554 2260 sciunt
577 2204 822 2259 homines
855 2215 978 2258 esse
1002 2219 1016 2254 :
1050 2200 1242 2254 anima:
1263 2212 1394 2252 vero
1419 2197 1688 2250 rationem
1712 2195 1800 2250 vix
1827 2211 1958 2265 pau-

370 2310 559 2350 corum
593 2301 679 2349 est
702 2292 934 2363 pleniter
979 2304 1160 2345 nosse.
1193 2286 1303 2341 Nec
1345 2285 1548 2355 aliquid
1583 2285 1754 2357 magis
1787 2283 1957 2340 homi-

374 2385 431 2440 ni
455 2386 510 2438 in
534 2384 638 2438 hac
667 2383 995 2438 mortalitate
1025 2379 1229 2434 viventi
1260 2376 1626 2433 necessarium
1657 2382 1741 2430 est
1770 2391 1952 2440 nosse,

2049 1193 2218 1248 llomo
2239 1194 2385 1248 solus
2414 1194 2558 1248 inter
2579 1195 2836 1250 mortales
2863 1196 3073 1251 ratione
3099 1197 3260 1268 viget,
3285 1201 3513 1256 consilio
3542 1219 3641 1258 va-

2047 1281 2144 1346 let,
2180 1281 2530 1352 intelligentia
2561 1283 2850 1338 antecellit.
2899 1280 3006 1340 Sed
3050 1285 3135 1341 his
3179 1285 3410 1352 duobus,
3443 1287 3494 1344 id
3527 1301 3638 1356 est.

2049 1373 2498 1441 concupiscentiis
2549 1381 2604 1427 et
2650 1374 2766 1438 iraa,
2812 1375 2974 1440 ratio,
3015 1391 3136 1446 qua:
3171 1381 3369 1434 mentis
3415 1385 3638 1452 propria

2050 1471 2156 1527 est,
2193 1464 2457 1533 imperare
2492 1464 2671 1518 debet.
2717 1460 2880 1532 Cujus
2921 1467 3335 1524 excellentiores
3385 1472 3634 1541 virtutes,

2049 1564 2280 1623 quatuor
2313 1570 2435 1611 esse
2463 1555 2810 1612 manifestum
2844 1565 2946 1624 est,
2972 1557 3025 1613 id
3063 1569 3170 1627 est,
3199 1563 3505 1632 prudentia,
3529 1584 3635 1637 qua

2051 1644 2182 1716 [Al.,
2219 1645 2360 1718 qum]
2412 1647 2618 1717 agenda
2670 1647 2757 1702 vel
2807 1663 2916 1704 non
2965 1653 3170 1723 agenda
3223 1655 3528 1722 discernit;
3581 1669 3638 1714 et

2045 1736 2274 1806 justitia,
2303 1752 2406 1806 qua
2438 1737 2581 1792 Deus
2614 1739 2826 1804 colitur,
2874 1748 2930 1795 et
2957 1749 3186 1808 amatur,
3221 1752 3277 1799 et
3322 1756 3473 1802 recte
3497 1747 3632 1804 vivi—

2052 1837 2138 1882 tur
2170 1829 2314 1885 inter
2337 1829 2619 1885 consocias
2651 1831 2896 1897 animas;
2931 1837 3306 1904 temperantia,
3345 1854 3467 1908 quae
3505 1855 3635 1895 con-

2051 1919 2443 1987 cupiscentiam
2481 1922 2572 1976 vel
2599 1923 2734 1978 iram
2771 1925 3058 1994 gubernat,
3093 1942 3163 1982 ne
3196 1928 3449 1985 delinitos
3474 1931 3640 1988 hone-

2053 2007 2214 2062 statis
2241 2010 2499 2065 terminos
2529 2013 3035 2085 transgrediantur;
3087 2015 3367 2085 fortitudo,
3406 2037 3510 2091 qua
3549 2023 3639 2076 ad-

2051 2113 2210 2157 versa
2240 2101 2398 2174 hujus
2439 2105 2563 2162 vita:
2603 2122 2939 2178 quaecunque
2980 2111 3314 2183 contingant,
3361 2116 3636 2170 constanti

2055 2193 2236 2248 animo
2260 2195 2474 2250 tolerat.

2125 2284 2210 2339 iV.
2240 2287 2308 2341 Et
2333 2287 2447 2343 haec
2473 2297 2726 2359 quatuor,
2753 2291 2798 2346 si
2825 2291 3092 2348 charitate
3110 2292 3350 2364 perfecta
3383 2295 3434 2349 in
3459 2296 3638 2352 anima

2057 2379 2210 2444 fiunt,
2236 2378 2473 2433 cilicium
2493 2395 2612 2434 eam
2637 2380 2748 2435 Deo
2773 2383 3096 2451 proximam.
3125 2382 3257 2451 Quia
3286 2383 3418 2439 nihil
3441 2385 3641 2460 [aliud]

381 2491 545 2548 quam
598 2476 764 2530 Deum
801 2482 857 2529 εί
905 2473 1163 2527 θυίιηθω·
1217 2470 1490 2536 Quantum
1539 2468 1686 2522 enim
1729 2466 1955 2535 quisque
1985 2453 2028 2511 Β
2055 2479 2141 2526 est
2170 2471 2434 2540 optimum
2481 2472 2736 2538 hominis,
2781 2475 2867 2530 cui
2897 2475 3104 2532 haerere
3143 2453 3504 2533 beatissimum
3539 2453 3641 2547 sit,

375 2566 540 2621 Deum
563 2564 827 2636 agnoscit,
851 2564 905 2616 in
924 2567 1132 2616 tantum
1155 2559 1345 2628 diligit,
1368 2557 1458 2625 qui
1487 2557 1665 2610 minus
1692 2557 1952 2626 agnoscit,

374 2662 552 2715 minus
575 2661 783 2730 diligit:
815 2670 944 2727 ergo
969 2655 1213 2710 naturale
1235 2661 1319 2708 est
1361 2653 1507 2707 omni
1546 2651 1750 2706 homini
1785 2650 1956 2704 Deum

376 2765 579 2802 amare.
609 2747 664 2802 Si
694 2745 937 2800 naturale
959 2752 1044 2799 est
1082 2743 1229 2798 omni
1272 2741 1477 2796 homini
1515 2741 1716 2795 bonum
1750 2754 1952 2806 amare,

378 2839 622 2893 naturale
649 2845 734 2892 est
760 2836 924 2891 etiam
950 2835 1117 2889 Deum
1141 2849 1345 2896 amare,
1371 2832 1498 2901 quia
1524 2831 1666 2884 Deus
1688 2845 1955 2884 summum

375 2933 572 2986 bonum
597 2931 822 2984 estsine
851 2943 958 2998 quo
988 2927 1152 2991 bono,
1190 2925 1263 2979 nil
1296 2922 1426 2996 [Αι.,
1468 2920 1626 2994 nihil]
1656 2921 1781 2976 boni
1808 2921 1956 2990 quis-

371 3037 534 3089 quam
563 3020 763 3074 habere
796 3017 1010 3088 poterit.
1039 3016 1132 3070 llle
1155 3024 1240 3070 est
1266 3013 1582 3068 indeficiens
1605 3012 1824 3075 bonum,
1847 3009 1957 3080 ple-

374 3129 439 3164 na
483 3109 843 3179 pulchritudo,
882 3107 1048 3162 totius
1091 3095 1365 3160 felicitatis
1405 3102 1752 3157 abundantia.
1790 3101 1956 3155 Amor

373 3218 500 3257 vero
525 3201 681 3270 hujus
713 3199 860 3264 boni,
901 3212 1009 3253 non
1045 3198 1149 3251 nisi
1185 3197 1240 3250 in
1275 3196 1451 3250 anima
1477 3210 1597 3250 esse
1621 3194 1863 3263 poterit;
1897 3201 1954 3247 et

371 3295 474 3348 hoc
500 3294 693 3347 anima:
712 3291 984 3346 excellens
1015 3291 1214 3343 bonum
1236 3296 1338 3352 est,
1366 3287 1496 3341 illud
1525 3301 1707 3340 amare
1728 3286 1952 3349 bonum,

371 3389 428 3439 in
465 3399 570 3452 quo
605 3383 740 3445 solo,
783 3389 837 3435 et
877 3397 908 3434 a
939 3395 1064 3448 quo,
1102 3389 1158 3434 et
1185 3395 1281 3447 per
1313 3393 1493 3447 quem,
1540 3376 1799 3446 quidquid
1827 3376 1954 3430 boni

373 3480 459 3524 est
491 3472 545 3523 in
569 3470 675 3522 ulla
710 3475 980 3531 creatura,
1014 3467 1213 3519 bonum
1238 3473 1341 3520 est.

441 3560 503 3613 ll.
539 3560 603 3613 Et
644 3559 760 3612 hmc
785 3558 894 3612 sola
926 3557 1105 3610 anima
1143 3555 1340 3608 nobilis
1376 3564 1481 3620 est,
1507 3556 1550 3610 si
1577 3555 1725 3608 illum
1753 3563 1954 3608 amata

375 3666 481 3720 quo
511 3657 593 3704 est
618 3649 760 3718 quod
795 3656 910 3711 est;
954 3646 1044 3716 qui
1082 3645 1226 3698 illam
1268 3643 1433 3698 talem
1463 3645 1687 3707 creavit,
1718 3651 1777 3697 ut
1810 3645 1862 3697 in
1897 3661 1956 3699 sc

374 3742 458 3796 sui
503 3740 671 3810 ipsius
717 3739 1002 3808 imaginem
1043 3744 1097 3791 et
1129 3732 1538 3789 similitudinem
1585 3733 1808 3788 haberet
1856 3734 1956 3787 im-

373 3848 639 3902 pressam,
676 3839 731 3886 et
763 3831 917 3900 digna
953 3827 1049 3882 Dei
1081 3834 1228 3882 esset
1254 3825 1609 3890 habitatione,
1657 3826 1953 3880 secundum

375 3924 612 3988 modum,
657 3937 817 3992 quem
867 3918 998 3991 [Αι.,
1038 3917 1166 3988 quo]
1218 3916 1469 3987 quaelibet
1511 3926 1756 3972 creatura
1803 3917 1857 3970 in
1895 3932 1954 3972 se

375 4015 688 4068 Creatorem
732 4012 930 4065 habere
974 4008 1189 4079 possit;
1231 4007 1312 4062 sic
1340 4007 1607 4070 ordinata,
1634 4015 1694 4060 ut
1728 4007 1782 4060 id
1812 4006 1955 4076 quod

373 4106 477 4160 sibi
519 4103 870 4159 excellentius
905 4107 1010 4167 est,
1046 4100 1100 4154 id
1123 4107 1209 4154 est
1233 4098 1376 4153 Deus
1421 4097 1554 4169 [Al.,
1596 4098 1812 4169 Deum],
1841 4107 1954 4151 tota

375 4202 583 4247 amaret
615 4191 912 4246 intentione
941 4208 953 4241 :
1004 4196 1058 4242 et
1100 4187 1152 4241 id
1177 4186 1324 4255 quod
1358 4186 1459 4240 sibi
1499 4185 1726 4240 inferius
1764 4193 1870 4250 est,
1900 4184 1954 4238 id

373 4293 460 4338 est
486 4298 722 4346 carnem,
748 4289 863 4334 toto
892 4287 1104 4349 regeret
1138 4278 1335 4332 studio.
1365 4276 1599 4331 Proinde
1626 4277 1809 4346 igitur,
1828 4277 1955 4346 quia

374 4379 564 4434 melior
585 4393 708 4447 pars
731 4383 815 4431 est
847 4373 1078 4428 hominis
1115 4372 1314 4435 anima,
1352 4371 1509 4425 decet
1541 4385 1659 4424 eam
1683 4371 1955 4425 dominam

373 4486 515 4535 esse,
546 4478 602 4525 et
646 4467 799 4537 quasi
849 4466 914 4521 de
964 4462 1090 4532 sede
1136 4461 1330 4533 regalis
1383 4460 1631 4514 culminis
1666 4461 1954 4531 imperare,

368 4562 522 4632 quid,
570 4575 666 4630 per
707 4574 846 4628 quae,
881 4555 962 4610 vel
1005 4553 1244 4624 quando,
1288 4551 1372 4606 vel
1406 4551 1520 4615 ubi,
1568 4551 1653 4604 vel
1687 4552 1956 4619 quomodo

373 4652 534 4704 faciat
559 4650 819 4712 membra,
850 4653 904 4702 et
945 4643 1289 4700 considerare
1334 4639 1635 4710 diligenter,
1686 4640 1815 4708 quid
1847 4641 1960 4694 cui-

367 4755 476 4808 que
497 4737 626 4810 [Al.,
657 4737 783 4806 quid
809 4735 915 4808 cui]
938 4734 1181 4789 membro
1207 4732 1436 4800 imperet
1460 4729 1802 4795 faciendum;
1827 4729 1954 4800 quid

368 4831 565 4898 cuique
593 4826 723 4899 [Αιη
745 4827 875 4895 quid
889 4824 998 4896 cui}
1025 4823 1334 4880 consentiat
1355 4823 1407 4875 in
1432 4822 1702 4877 desiderio
1729 4836 1838 4876 suae
1861 4837 1957 4878 na-

370 4929 532 4984 turaz;
559 4928 613 4972 et
639 4919 753 4972 haec
773 4917 954 4971 omnia
977 4915 1280 4970 rationabili
1303 4914 1500 4969 mentis
1524 4915 1719 4969 intuitu
1745 4921 1958 4984 oportet

369 5025 489 5063 eam
524 5011 855 5071 discernere,
888 5022 955 5060 ne
990 5006 1117 5075 quid
1145 5005 1402 5060 indecens
1427 5005 1522 5058 ﬁat
1549 5005 1604 5059 in
1630 5003 1804 5060 oﬂicio
1847 5019 1959 5060 sum

368 5107 548 5160 carnis
582 5103 798 5159 alicubi.

2057 2561 2162 2616 nisi
2193 2562 2335 2617 Deus
2360 2581 2373 2616 :
2396 2564 2483 2618 cui
2508 2565 2716 2621 haerere
2745 2575 2893 2622 certe
2919 2584 3027 2624 non
3063 2566 3315 2635 valemus,
3359 2571 3466 2625 nisi
3509 2573 3648 2629 dile-

2055 2654 2255 2708 ctione.
2285 2654 2520 2711 Proinde
2563 2656 2647 2712 ha:
2677 2667 2912 2728 quatuor
2949 2661 3174 2716 virtutes
3216 2677 3326 2716 uno
3354 2662 3645 2720 charitatis

2055 2743 2358 2798 diademate
2405 2755 2685 2802 ornantur.
2739 2747 2868 2816 Quae
2914 2757 2999 2805 est
3031 2767 3158 2806 vera
3207 2745 3496 2822 sapientia,
3533 2755 3642 2810 nisi

2055 2833 2224 2890 Deum
2253 2835 2552 2907 intelligere
2597 2838 2928 2893 amandum?
2977 2839 3107 2907 Quae
3143 2849 3228 2896 est
3248 2839 3482 2909 iustitia,
3532 2845 3640 2900 nisi

2054 2939 2175 2980 eum
2205 2925 2404 2992 colere,
2435 2942 2466 2980 a
2507 2942 2612 2996 quo
2659 2936 2762 2994 est,
2792 2935 2847 2984 et
2886 2930 3144 3002 quidquid
3183 2929 3346 2988 habet
3391 2933 3541 2998 boni,
3573 2932 3644 2989 ab

2050 3032 2119 3072 eo
2146 3016 2357 3070 habet?
2402 3017 2539 3083 Quid
2573 3020 2947 3089 temperantia,
2988 3019 3094 3076 nisi
3129 3020 3399 3092 integrum
3424 3038 3484 3078 se
3508 3038 3643 3092 pra-

2054 3109 2180 3163 beat
2209 3108 2262 3162 in
2292 3108 2623 3178 perfectione
2646 3111 2770 3165 vitae
2808 3111 2878 3175 ei,
2905 3127 3066 3182 quem
3093 3113 3282 3167 amat?
3319 3113 3459 3180 Quid
3490 3113 3638 3168 forti-

2055 3199 2202 3263 tudo,
2230 3198 2335 3251 nisi
2363 3213 2462 3267 pro
2490 3214 2675 3254 amore
2703 3199 2798 3255 Dei
2830 3201 3042 3256 fortiter
3085 3201 3240 3274 14³1
3290 3202 3473 3257 omnia
3503 3203 3636 3258 tole-

2056 3303 2178 3341 rare
2207 3287 2480 3341 adversa?
2516 3286 2572 3341 Si
2605 3289 2750 3343 enim
2784 3288 2927 3344 Deus
2962 3296 3048 3344 est
3094 3306 3362 3344 summum
3402 3291 3639 3344 hominis

2055 3379 2274 3444 bonum,
2327 3379 2466 3448 quod
2501 3380 2683 3450 negari
2715 3396 2824 3436 non
2863 3389 3062 3450 potest,
3111 3383 3354 3452 sequitur
3381 3383 3637 3452 quoniam

2054 3483 2325 3522 summum
2352 3469 2549 3523 bonum
2577 3479 2830 3540 appetere
2859 3480 2944 3526 est
2986 3472 3124 3527 bene
3165 3474 3362 3537 vivere,
3414 3480 3474 3526 ut
3504 3472 3642 3527 nihil

2055 3557 2127 3613 sit
2153 3559 2296 3612 aliud
2325 3560 2462 3614 bene
2485 3560 2688 3626 vivere,
2719 3577 2878 3630 quam
2922 3569 3038 3617 toto
3070 3562 3253 3627 corde,
3292 3569 3399 3616 tota
3429 3563 3641 3628 anima.

2057 3655 2168 3702 tota
2195 3656 2376 3704 mente
2400 3649 2622 3720 diligere
2643 3650 2834 3717 Deum,
2867 3668 2897 3705 a
2920 3667 3028 3721 quo
3063 3653 3265 3707 existit.
3298 3653 3374 3707 Ita
3417 3654 3640 3709 tandem

2057 3737 2305 3792 ordinate
2339 3738 2490 3802 vivit,
2537 3736 2628 3809 qui
2665 3740 2905 3811 seipsum
2952 3742 3272 3800 considerat.
3298 3742 3428 3810 quid
3468 3743 3559 3808 sit,
3589 3751 3645 3800 et

1982 3799 2028 3860 (ἶ
2057 3838 2166 3893 quo
2195 3825 2444 3881 festinet:
2483 3827 2528 3881 si
2563 3826 2788 3883 affectus
2819 3828 3008 3894 animi,
3055 3829 3137 3883 vel
3161 3831 3411 3884 carnales
3438 3839 3640 3897 motus,

2053 3919 2276 3988 provida
2302 3919 2568 3988 gubernat
2595 3919 2828 3974 ratione.
2862 3919 2918 3974 Si
2945 3919 3088 3974 enim
3118 3921 3204 3975 vel
3252 3922 3645 3990 concupiscen-

2054 4009 2150 4074 tia,
2191 4010 2277 4065 vel
2305 4011 2384 4065 ira
2421 4012 2683 4066 rationem
2721 4012 2911 4077 vincit,
2953 4021 3010 4068 et
3044 4012 3352 4067 dominatur
3390 4014 3643 4082 quaelibet

2054 4100 2266 4156 illorum
2293 4102 2348 4156 in
2379 4102 2595 4167 anima;
2630 4103 2764 4156 ordo
2801 4117 3090 4172 perversus
3129 4105 3490 4174 przecipitabit
3519 4121 3643 4159 con-

2054 4190 2381 4246 sentientem
2408 4192 2463 4246 in
2491 4190 2643 4263 pejus
2673 4209 2687 4257 ;
2728 4199 2784 4246 et
2823 4192 3032 4247 tenebit
3075 4191 3204 4264 [ΑΙ.,
3240 4193 3411 4266 tenet]
3448 4194 3638 4248 solium

2053 4281 2281 4335 rationis
2308 4281 2408 4346 ira,
2440 4283 2485 4337 si
2516 4283 2872 4338 immoderata
2915 4283 3039 4348 erit,
3088 4282 3172 4338 vel
3199 4284 3638 4354 concupiscentia

2054 4372 2332 4427 effrenata.
2371 4374 2449 4427 Ex
2481 4374 2567 4428 his
2590 4375 2761 4429 tribus
2789 4375 2947 4444 quasi
2973 4374 3264 4439 radicibus,
3297 4375 3342 4429 si
3376 4383 3639 4444 corrupta:

2055 4469 2232 4524 erunt,
2262 4477 2452 4517 omnes
2480 4479 2618 4532 pene
2651 4464 2918 4533 pullulant
2958 4474 3161 4534 pestes.
3191 4463 3638 4536 Concupiscentia

2055 4553 2180 4608 data
2205 4561 2290 4608 est
2330 4554 2539 4609 homini
2585 4555 2653 4609 ad
2684 4557 3116 4626 concupiscenda
3150 4572 3270 4626 qua:
3300 4567 3424 4613 sunt
3462 4559 3636 4623 utilia,

2055 4651 2113 4698 et
2138 4657 2256 4712 quae
2282 4643 2383 4697 sibi
2416 4644 2483 4698 ad
2530 4643 2756 4701 salutem
2804 4646 3087 4715 proficiant
3131 4649 3534 4718 sempiternam.
3577 4649 3636 4704 Si

2055 4751 2186 4792 vero
2213 4737 2596 4806 corrumpitur,
2643 4740 2886 4794 nascitur
2911 4755 2978 4794 ex
3006 4755 3071 4794 ea
3105 4741 3505 4812 gastrimargia,
3537 4741 3640 4796 for-

2055 4825 2279 4890 nicatio,
2312 4835 2366 4880 et
2393 4825 2717 4897 phylargiria
2750 4827 2877 4899 [Αι.,
2908 4828 3275 4900 philargeria].
3298 4829 3381 4884 Ira
3403 4830 3529 4885 data
3553 4839 3640 4886 est

2057 4916 2123 4969 ad
2144 4917 2274 4970 vitia
2295 4917 2614 4982 cohibenda,
2646 4933 2716 4973 ne
2738 4918 2942 4988 impiis,
2973 4919 3025 4973 id
3056 4927 3163 4985 est,
3188 4921 3448 4989 peccatis,
3479 4921 3637 4976 homo

2057 5005 2258 5059 serviat
2284 5005 2539 5070 dominis,
2563 5007 2690 5074 quia
2709 5007 2864 5076 juxta
2887 5007 3102 5062 Domini
3129 5023 3349 5063 vocem:
3383 5008 3488 5073 Qui
3509 5009 3638 5078 [αι’ἰι

2057 5105 2345 5163 peccatum,
2368 5111 2545 5149 servus
2567 5105 2640 5150 est
2669 5099 2866 5166 peccati
2914 5096 3091 5169 (Joan.
3124 5114 3248 5164 vm,
3281 5097 3370 5169 54)
3397 5117 3412 5164 ;
3441 5115 3507 5154 ex
3531 5115 3638 5169 qua

441 5197 522 5250 Ill.
556 5195 770 5265 Triplex
799 5200 883 5247 est
911 5193 1056 5247 enim
1088 5192 1303 5254 animae,
1332 5198 1392 5244 ut
1415 5189 1717 5258 philosophi
1746 5188 1950 5253 volunt,
1983 5160 2035 5218 D
2057 5160 2329 5254 corrupta,
2359 5187 2601 5256 procedit
2630 5160 2873 5252 tristitia,
2898 5160 2952 5242 et
2972 5190 3174 5244 accdia.
3206 5160 3368 5244 Ratio
3391 5160 3514 5244 data
3532 5160 3636 5256 est,

373 5295 561 5339 natura
593 5304 604 5339 ε
635 5293 719 5340 est
743 5285 796 5340 in
819 5302 883 5339 ea
921 5285 1165 5354 quendam
1199 5300 1326 5354 pars
1366 5281 1820 5351 concupiscibilis,
1850 5280 1954 5334 alia

374 5377 649 5432 rationalis
677 5376 811 5449 [Al.,
839 5373 1224 5446 rationabilis],
1258 5373 1420 5427 tertia
1456 5370 1761 5424 irascibilis.
1809 5369 1952 5421 Duas

373 5471 517 5526 enim
544 5471 746 5528 habent
781 5472 971 5525 harum
1005 5477 1190 5543 partes
1233 5467 1513 5523 nobiscum
1542 5464 1728 5518 bestia:
1757 5469 1810 5517 et
1838 5461 1950 5514 ani-

446 5614 468 5640 ιι
506 5604 633 5658 Vide
661 5602 716 5658 S.
748 5601 883 5670 Aug.
912 5602 1027 5655 Lib.
1062 5601 1125 5653 de
1159 5600 1361 5670 Spiritu
1393 5607 1446 5655 et.
1467 5597 1683 5661 Anima,
1715 5611 1831 5665 cap.
1867 5593 1948 5657 l3,

378 5683 504 5726 tum.
540 5673 628 5725 XL
653 5669 990 5739 Pati-ologize,
1023 5670 1122 5723 col.
1157 5669 1275 5722 78!.

2051 5284 2109 5330 ut
2138 5277 2393 5342 diximus,
2423 5293 2635 5332 omnem
2672 5277 2906 5332 hominis
2934 5279 3099 5332 vitam
3129 5296 3336 5350 regere,
3360 5289 3417 5334 et
3444 5280 3634 5351 guber-

2052 5383 2202 5432 nare,
2239 5384 2305 5421 ex
2329 5384 2431 5436 qua
2469 5371 2514 5423 si
2541 5369 2928 5436 corrumpitur,
2957 5371 3128 5424 oritur
3164 5373 3438 5440 superbia,
3470 5380 3525 5427 et
3549 5387 3637 5427 ce-

2054 5460 2305 5513 nozloxia.
2342 5460 2419 5514 Ex
2471 5460 2554 5514 his
2581 5460 2735 5529 quasi
2766 5460 3072 5526 arboribus,
3118 5460 3334 5530 plurimi
3383 5465 3639 5519 vitiorum

2128 5589 2166 5661 1},
2184 5587 2409 5661 Eulalia?
2430 5605 2525 5661 seu
2549 5588 2870 5661 Gundrada'.
2907 5589 3037 5646 Vide
3074 5588 3333 5646 Monitum
3376 5593 3638 5661 praevium

2056 5667 2110 5712 ct
2133 5659 2396 5729 Epistolas
2426 5659 2496 5713 ibi
2524 5660 2734 5715 citatas.
