3894 6182
350 286 457 344 645

1202 287 1263 341 Β.
1306 286 1367 341 F.
1407 286 1633 341 ALBlNl
1673 284 1805 341 SEU
1843 283 2116 340 ALCL‘INI
2152 282 2427 338 OPERUM
2461 280 2641 337 PARS
2677 281 2763 337 IV.

3499 285 3601 342 (ιιι

346 402 662 460 mobilitatis
688 409 789 465 est,
831 408 891 455 ut
922 414 989 455 ne
1015 409 1124 457 tum
1149 401 1387 472 quidem,
1411 415 1533 455 cum
1577 401 1782 469 sopitus
1816 407 1917 462 est,
1952 403 1997 460 Α
2025 399 2161 452 ritus
2184 396 2574 462 intellectualis,
2612 396 2918 461 rationalis,
2944 411 3160 469 semper
3188 396 3245 455 in
3273 407 3446 466 motu,
3467 416 3602 458 sem.

350 493 739 563 conquiescat:
772 499 934 546 tanta:
962 491 1274 555 celeritatis,
1303 497 1363 544 ut
1382 504 1491 544 uno
1519 488 1774 558 temporis
1801 503 1932 558 pun-

353 595 439 642 cto
467 586 662 641 coelum
703 585 999 649 collustret,
1034 584 1134 656 [et]
1186 584 1231 639 si
1260 582 1405 646 velit,
1453 580 1625 636 maria
1668 580 1926 650 pervolet,

355 687 531 732 terras
566 684 624 731 et
670 678 836 731 urbes
860 682 1151 746 peragret:
1195 673 1375 729 omnia
1424 672 1674 741 denique,
1702 686 1825 740 quae
1867 672 1932 725 li-

351 767 554 832 buerit,
587 767 834 837 quamvis
864 767 1021 836 longe
1045 765 1259 833 lateque
1278 763 1525 819 submota
1557 763 1687 827 sint,
1711 762 1765 816 in
1804 777 1933 816 con.

351 867 542 931 spectu
569 855 673 912 sibi
699 855 813 924 ipse
837 852 1126 923 cogitando
1150 851 1465 908 constituat.
1498 851 1567 910 Et
1586 851 1816 907 miratur
1840 850 1932 904 ali-

354 948 494 1019 quis,
524 946 570 1002 si
590 947 770 1001 divina
794 958 947 999 mens
976 942 1096 1007 Dei,
1124 942 1405 996 universas
1435 940 1616 997 mundi
1638 948 1820 1010 partes
1858 939 1934 992 si-

349 1040 485 1105 mul,
514 1047 571 1093 et
602 1051 815 1106 semper
842 1042 1133 1104 praesentes
1159 1033 1379 1097 habeat,
1415 1046 1534 1101 qum
1567 1030 1747 1085 omnia
1794 1028 1932 1099 regit

347 1131 547 1200 ubique
591 1142 849 1198 praesens,
885 1127 1085 1195 ubique
1108 1133 1261 1190 tota;
1302 1138 1426 1179 cum
1453 1131 1603 1178 tanta
1648 1121 1721 1177 sit
1749 1121 1832 1175 vis
1868 1134 1933 1174 ac

345 1226 589 1292 potestas
613 1218 808 1274 mentis
832 1218 1083 1273 humanae
1106 1216 1247 1271 intra
1272 1215 1497 1270 mortale
1534 1229 1729 1284 corpus
1759 1213 1933 1268 inclu-

346 1329 443 1379 sae,
471 1320 531 1368 ut
568 1327 638 1367 ne
667 1311 834 1381 septis
872 1310 1091 1380 quidem
1127 1308 1310 1379 gravis
1333 1307 1494 1377 hujus
1531 1322 1596 1361 ac
1630 1305 1770 1376 pigri
1815 1319 1935 1359 cor-

346 1409 513 1479 poris,
545 1423 653 1477 quo
701 1407 903 1477 illigata
931 1413 1038 1471 est,
1085 1404 1326 1460 coerceri
1378 1403 1488 1458 ullo
1536 1402 1697 1458 modo
1740 1400 1931 1471 possit,

348 1500 638 1569 quominus
666 1498 893 1552 liberam
931 1496 1201 1568 cogitandi
1244 1494 1576 1559 facultatem,
1615 1492 1815 1562 quietis
1840 1491 1937 1546 im-

348 1592 561 1661 patiens
589 1588 808 1649 habeat.

417 1680 507 1735 IX.
557 1677 846 1733 Sciendum
889 1683 972 1731 est
1014 1675 1342 1741 certissime,
1394 1674 1654 1737 animam,
1700 1673 1747 1728 si
1777 1672 1832 1726 in
1870 1684 1934 1726 ea

2031 503 2127 558 per
2181 489 2386 552 vivens,
2434 488 2588 542 bonas
2636 487 2899 556 malzeque
2922 487 3217 546 voluntatis
3261 504 3466 560 capax;
3519 507 3604 549 se-

2029 578 2263 633 cundum
2290 576 2681 646 benignitatem
2724 575 3001 632 Creatoris
3047 578 3216 634 libero
3253 580 3479 636 arbitrio
3510 598 3604 641 n.0-

2028 667 2286 733 bilitatus,
2311 683 2409 722 sua
2426 666 2702 723 voluntate
2733 667 2976 725 vitiatus.
3003 669 3099 728 Dei
3136 673 3310 743 gratia
3346 673 3604 732 liberatus

2031 757 2109 831 [in
2133 761 2328 830 quibus
2380 760 2523 815 Deus
2561 760 2677 829 ipse
2708 760 2929 833 voluit];
2984 763 3054 818 ad
3098 767 3394 835 regendum
3423 769 3605 825 carnis

2028 857 2207 906 motus
2231 858 2473 914 creatus,
2530 849 2835 915 invisibilis,
2890 854 3264 923 incorporalis,
3302 850 3421 912 sine
3471 844 3609 928 pono

2030 940 2178 1005 dere,
2225 940 2343 995 sine
2371 939 2571 1005 colore,
2619 940 3087 1012 circumscriptus,
3139 943 3192 998 in
3229 945 3453 1016 singulis
3496 963 3610 1003 suae

2029 1030 2211 1085 carnis
2250 1030 2507 1085 membris
2545 1037 2719 1092 totus;
2753 1030 2809 1086 in
2838 1046 2945 1100 quo
2966 1041 3056 1088 est
3090 1033 3269 1105 imago
3296 1034 3604 1094 Conditoris

2031 1122 2348 1194 spiritaliter
2391 1122 2665 1192 primitiva
2687 1123 2964 1179 creatione
3010 1124 3294 1194 impressa,
3339 1128 3484 1183 sicut
3522 1145 3614 1184 su.

2031 1212 2217 1282 perius
2251 1209 2604 1267 ostendimus.
2643 1210 2900 1277 Quamvis
2934 1211 3004 1269 sit
3029 1212 3227 1269 misera
3265 1214 3444 1270 duma
3472 1215 3610 1271 Con—

2032 1307 2208 1362 ditore
2270 1306 2326 1363 in
2383 1305 2622 1374 seipsam
2675 1302 2970 1370 delabitur;
3017 1313 3201 1363 tamen
3248 1308 3610 1364 aeternitatem

2033 1396 2430 1467 imaginemque
2479 1393 2757 1464 dignitatis
2803 1408 2915 1448 suae
2942 1394 3167 1464 perdere
3219 1409 3327 1451 non
3369 1388 3608 1466 poterit:

2034 1500 2140 1541 non
2170 1484 2375 1540 habens
2404 1484 2460 1538 in
2488 1498 2548 1538 se
2580 1490 2905 1553 potestatem
2949 1484 3181 1539 exeundi
3212 1484 3280 1540 de
3310 1499 3497 1551 carne,
3548 1496 3606 1543 ct

2032 1576 2293 1632 redeundi
2336 1577 2530 1630 iterum
2556 1575 2611 1630 in
2647 1589 2787 1638 eam,
2839 1575 2933 1632 sed
2965 1574 3081 1644 ejus
3112 1577 3335 1634 arbitrio
3368 1581 3460 1649 qui
3483 1580 3612 1636 fecit

2034 1683 2157 1722 eam
2205 1667 2465 1737 carnique
2512 1665 2754 1720 immisit.
2810 1666 2969 1721 Exiet
3027 1668 3173 1723 enim
3216 1672 3469 1739 quamvis
3521 1688 3612 1727 no-

348 1771 628 1825 nobilitate
658 1767 1046 1838 permansisset
1083 1781 1188 1836 qua
1229 1766 1443 1820 condita
1467 1773 1553 1820 est
1588 1780 1619 1819 a
1649 1762 1927 1826 Creatore,
1964 1759 2005 1819 Β
2028 1756 2150 1816 lens
2200 1757 2612 1830 praesentandus
2657 1757 2859 1827 judicio
2913 1758 3040 1821 Dei;
3088 1759 3305 1831 Deoquc
3329 1762 3609 1832 judicante

346 1860 674 1916 omnimodis
695 1857 1052 1914 immortalem
1065 1871 1205 1921 esse,
1233 1855 1374 1910 sicut
1398 1862 1711 1909 sanctorum
1733 1851 1927 1906 anima:

347 1959 496 2014 sunt;
527 1949 620 2004 sed
650 1949 777 2003 dum
801 1947 970 2001 libero
998 1946 1248 2010 arbitrio,
1275 1945 1468 2015 spiritu
1498 1943 1790 2013 instigante
1815 1955 1931 1994 ma.

349 2040 515 2110 ligno,
547 2038 839 2107 depravata
868 2043 970 2101 εει,
997 2035 1197 2105 partim
1244 2033 1488 2089 mortalis
1534 2047 1601 2087 ex
1631 2029 1928 2085 immortali

347 2129 489 2186 facta
506 2136 612 2192 est,
640 2127 735 2183 sed
751 2142 859 2181 non
885 2134 1016 2182 tota.
1044 2124 1195 2180 Sicut
1221 2124 1468 2193 corporis
1488 2122 1597 2177 vita
1619 2122 1800 2176 anima
1821 2129 1927 2185 est,

348 2221 427 2277 ita
456 2219 652 2275 animae
677 2217 787 2272 vita
817 2217 959 2272 Deus
982 2224 1085 2271 est.
1115 2215 1251 2269 Dum
1279 2215 1459 2268 anima
1488 2213 1689 2269 deserit
1709 2226 1927 2282 corpus,

347 2311 579 2366 moritur
605 2323 823 2380 corpus,
855 2316 911 2363 et
936 2314 1208 2361 mortuum
1250 2314 1395 2360 recte
1433 2304 1651 2369 dicitur,
1682 2303 1809 2372 quia
1850 2302 1931 2356 in-

349 2400 605 2456 sensibile
629 2408 752 2455 est:
801 2406 1094 2454 esttamen
1140 2411 1338 2473 corpus
1382 2396 1659 2464 corruptio
1686 2393 1932 2465 quaedam

346 2508 419 2551 ex
445 2494 627 2548 carnis
651 2500 867 2555 natura,
897 2491 1145 2560 quamvis
1171 2504 1278 2544 non
1306 2488 1610 2542 vivilicctur
1638 2488 1707 2541 ab
1727 2486 1927 2540 anima.

350 2581 560 2636 Anima:
583 2594 714 2636 vero
740 2594 887 2634 mors
927 2586 1033 2642 est,
1078 2578 1204 2631 dum
1235 2591 1354 2630 eam
1395 2576 1537 2630 Deus
1567 2575 1765 2630 deserit
1790 2574 1931 2629 dono

353 2684 465 2725 sua:
489 2668 697 2741 gratiae,
718 2669 788 2723 ob
814 2665 1237 2737 magnitudinem
1260 2665 1545 2727 scelerum,
1573 2663 1802 2719 moritur
1827 2678 1935 2717 me-

349 2762 484 2817 liore
510 2754 594 2817 sui
620 2768 793 2830 parte.
825 2759 1042 2814 Duabus
1065 2772 1196 2813 vero
1240 2759 1590 2829 dignitatibus
1618 2773 1649 2812 a
1680 2757 1933 2813 Creatore

352 2851 534 2906 anima
564 2851 619 2906 iu
644 2864 740 2905 sua
763 2858 957 2905 natura
983 2848 1279 2923 gloriﬁcata
1323 2857 1429 2911 est,
1475 2848 1529 2905 id
1572 2858 1676 2913 est,
1718 2847 1935 2902 aeterni—

350 2950 463 2997 tate
502 2948 561 2996 et
606 2940 960 2998 beatitudine.
1017 2940 1303 2995 Beatitudo
1357 2938 1565 2994 scilicet
1610 2937 1804 2992 anima:
1850 2944 1936 2991 est

347 3032 519 3087 Deum
545 3031 747 3088 habere
770 3032 827 3087 in
849 3047 926 3088 se.
960 3031 1119 3107 159
1146 3031 1425 3100 Quomodo
1461 3030 1706 3086 habere?
1744 3030 1795 3083 id
1825 3036 1928 3094 est,

345 3121 550 3193 justam
575 3138 719 3189 esse,
745 3123 872 3194 quia
895 3098 1240 3193 Deus'justus
1266 3132 1350 3178 est
1373 3140 1388 3190 ;
1437 3130 1491 3178 et
1522 3120 1925 3177 misericordem
1951 3098 2001 3164 ο

349 3228 492 3278 εεεε,
515 3213 642 3283 quia
673 3211 816 3268 Deus
842 3212 1153 3270 misericors
1177 3222 1260 3269 est
1285 3230 1301 3278 ;
1329 3222 1383 3268 et
1405 3214 1603 3268 bonam
1641 3227 1781 3275 esse.
1804 3211 1930 3281 quia

349 3303 494 3358 Deus
519 3304 692 3358 bonus
714 3310 834 3368 est;
862 3311 917 3357 et
942 3310 1181 3359 sanctam
1209 3317 1349 3368 esse,
1378 3303 1505 3373 quia
1536 3304 1678 3358 Deus
1713 3310 1933 3359 sanctus

350 3401 473 3458 est;
503 3401 563 3448 et
603 3392 922 3447 charitatem
966 3393 1189 3458 habere,
1234 3395 1361 3463 quia
1404 3393 1545 3447 Deus
1588 3393 1819 3448 charitas
1855 3402 1932 3446 est

351 3480 535 3551 (Joan.
569 3494 645 3545 tv,
674 3479 750 3550 8).
781 3480 884 3547 Qui
911 3480 1199 3549 plurimum
1229 3481 1345 3535 hrec
1388 3481 1440 3534 iu
1470 3495 1529 3536 se
1559 3481 1738 3544 habet,
1759 3481 1931 3551 majo-

350 3584 467 3625 rem
497 3570 553 3624 in
598 3584 663 3627 se
704 3569 1113 3627 similitudinem
1158 3571 1254 3625 Dei
1300 3571 1461 3626 habet
1493 3578 1549 3625 et
1595 3572 1928 3642 imaginem:

351 3658 657 3729 quicunque
684 3672 813 3713 vero
840 3657 956 3716 haec
988 3657 1043 3713 in
1068 3658 1247 3713 anima
1277 3674 1385 3714 non
1424 3660 1603 3725 habet,
1632 3667 1687 3715 et
1711 3660 1815 3714 alia
1845 3660 1932 3716 his

352 3749 570 3815 similia,
613 3765 732 3819 qua:
757 3749 1047 3821 Apostolus
1094 3748 1297 3830 fructus
1346 3753 1646 3807 nominavit
1690 3754 1930 3822 spiritus,

352 3839 448 3894 Dei
479 3839 811 3896 habitatione
834 3840 1084 3911 indignus
1107 3839 1385 3906 elllcietur,
1417 3849 1473 3895 et
1515 3842 1622 3897 erit
1645 3842 1934 3897 semivivus

354 3928 498 4003 (Gal.
533 3948 583 3997 v,
611 3931 703 4003 22)
732 3949 745 3985 :
783 3932 922 3987 sicut
947 3932 1188 3988 latrones
1216 3933 1489 3989 hominem
1516 3933 1932 3989 descendentem

353 4024 424 4079 ab
445 4021 745 4078 Jerusalem
769 4023 821 4077 in
841 4022 1056 4083 Iericho
1084 4023 1468 4094 spoliaverunt,
1491 4024 1931 4089 Vulneraverunt,

351 4122 409 4169 et
433 4114 751 4170 semivivum
780 4114 1115 4184 reliquerunt
1137 4114 1288 4186 (Luc.
1318 4131 1376 4180 ι,
1400 4114 1513 4188 '50).
1538 4114 1809 4171 Semiviva
1829 4115 1935 4170 erit

352 4207 550 4270 anima,
582 4206 631 4261 si
655 4213 876 4277 propter
907 4206 1037 4261 vitia
1067 4215 1122 4261 et
1167 4207 1502 4275 iniquitates,
1544 4206 1931 4261 beatitudinem

354 4288 576 4351 visionis
602 4303 657 4349 et
683 4294 1034 4351 habitationis
1058 4294 1154 4350 Dei
1178 4296 1508 4364 perdiderit;
1550 4296 1619 4351 ad
1643 4311 1806 4366 quam
1835 4310 1932 4351 au-

354 4394 462 4440 tem
486 4383 638 4456 [Ms.,
667 4382 763 4439 sed
789 4392 968 4445 tamen
992 4384 1060 4439 ad
1084 4384 1269 4457 quam]
1293 4393 1476 4440 creata
1508 4392 1612 4450 εει,
1658 4386 1930 4441 aeternita-

353 4481 465 4529 tem
483 4443 707 4543 perdere
731 4488 839 4529 non
863 4443 1060 4542 potest.
1086 4443 1379 4533 ﬁutabitur
1397 4474 1543 4529 enim
1566 4443 1785 4545 propter
1808 4488 1932 4545 pec-
1957 4443 2009 4506 θ

354 4570 478 4617 cata
500 4577 598 4617 sua
627 4561 902 4618 beatitudo
928 4562 983 4617 in
1008 4562 1281 4620 miseriam
1308 4577 1322 4628 ;
1352 4569 1407 4617 et
1440 4562 1544 4620 hoc
1576 4563 1701 4629 erit,
1731 4563 1776 4618 si
1802 4578 1935 4618 con-

268 4688 273 4691 -
356 4653 691 4722 cupiscentia
713 4653 799 4708 vel
824 4654 904 4709 ira
925 4654 1046 4724 plus
1068 4653 1433 4713 dominabitur
1450 4654 1507 4709 in
1530 4654 1750 4710 homine
1768 4670 1930 4725 quam

356 4743 515 4807 ratio,
547 4743 603 4797 in
630 4758 735 4812 qua
761 4744 877 4800 sola
904 4745 1171 4815 prascellit
1194 4746 1577 4803 animantibus.
1605 4745 1729 4805 Ideo
1752 4746 1819 4802 de
1840 4746 1933 4802 tali

354 4832 558 4888 dictum
581 4840 667 4889 est
694 4833 750 4888 in
776 4834 1026 4890 Pssimo:
1061 4834 1129 4888 Et
1153 4835 1305 4889 homo
1338 4853 1457 4890 cum
1477 4837 1533 4896 in
1564 4836 1760 4894 honore
1779 4845 1933 4899 esset,

358 4943 462 4982 non
489 4924 762 4991 intellexit,
797 4935 1127 4997 comparatus
1160 4936 1237 4981 est
1260 4928 1512 4998 jumentls
1549 4928 1932 4999 insipientibus,

354 5024 405 5070 et
440 5016 626 5072 similis
670 5016 840 5087 factus
881 5024 957 5070 est
1008 5014 1116 5071 illis
1161 5014 1343 5087 (Psal.
1380 5034 1569 5083 nvttt,
1613 5016 1735 5090 1⁸5).
1785 5017 1938 5074 Sicut

356 5106 516 5162 enim
530 5106 741 5176 loquela
761 5106 1019 5179 praecellit
1047 5107 1102 5162 in
1131 5122 1292 5164 carne
1317 5109 1528 5165 caeteris
1548 5108 1931 5174 animantibus,

359 5194 435 5248 ita
464 5202 518 5250 et
539 5194 717 5250 anima
745 5197 956 5252 ratione
975 5196 1088 5253 sola
1120 5197 1350 5254 nobilior
1374 5208 1457 5254 est
1478 5199 1580 5264 eis,
1603 5212 1724 5268 qua:
1746 5213 1934 5254 omnes

357 5287 603 5345 carnales
628 5291 1091 5361 concupiscentias
1118 5301 1173 5348 et
1208 5293 1375 5347 animi
1422 5300 1603 5347 motus
1639 5293 1796 5362 quasi
1835 5292 1934 5347 do-

360 5372 505 5428 mina
538 5385 593 5431 et
618 5380 804 5450 regina
831 5379 899 5434 de
936 5380 1151 5436 sublimi
1190 5380 1459 5449 aequitatis
1491 5381 1618 5436 sede
1665 5394 1851 5449 regere
1880 5388 1935 5436 et

363 5474 669 5537 temperare
699 5471 877 5527 debet.

436 5579 502 5632 Χ.
561 5579 672 5635 Hoc
718 5584 875 5637 modo
921 5586 1096 5639 anima
1152 5586 1363 5641 deliniri
1407 5595 1583 5655 potest
1630 5585 1778 5655 juxta
1821 5601 1933 5640 sum

363 5668 749 5737 proprietatem
804 5679 1009 5725 natura)
1044 5692 1055 5726 :
1094 5676 1270 5727 anima
1304 5692 1397 5727 seu
1445 5677 1656 5729 animus
1699 5686 1783 5730 est
1831 5676 1935 5745 spi-

2025 1851 2203 1907 locum
2255 1848 2482 1904 intrabit
2534 1848 2647 1903 suis
2698 1848 2906 1902 meritis
2960 1852 3309 1922 condignum,
3356 1863 3606 1924 spectare

2028 1939 2164 2012 [Al.,
2214 1936 2549 2010 exspectare]
2583 1936 2755 1995 ultimi
2798 1937 2904 1993 diei
2927 1937 3209 2008 judicium,
3269 1953 3328 1998 ut
3376 1946 3610 2015 accipiat

2026 2047 2268 2097 carnem,
2314 2032 2370 2086 in
2417 2047 2523 2102 qua
2555 2032 2609 2085 iu
2643 2032 2745 2088 hoc
2807 2033 3005 2088 szeculo
3046 2035 3276 2090 vivebat.
3331 2035 3434 2103 Qui
3461 2038 3612 2107 spiri-

2030 2132 2117 2179 tus
2150 2123 2311 2178 modo
2339 2124 2486 2177 curis
2538 2127 2775 2196 angitur,
2829 2126 2989 2181 modo
3022 2127 3265 2196 corporis
3322 2127 3606 2184 doloribus

2028 2213 2298 2278 condolet,
2350 2215 2510 2270 modo
2532 2214 2715 2273 laetitia
2738 2218 3037 2281 hilarescit,
3089 2217 3252 2272 modo
3285 2221 3500 2290 cognita
3534 2235 3613 2275 re-

2028 2304 2249 2375 cogitet,
2274 2304 2432 2359 modo
2456 2305 2732 2377 incognita
2763 2308 2902 2363 scire
2925 2306 3135 2378 quaerit.
3191 2306 3310 2362 Alia
3336 2308 3471 2373 vult,
3504 2308 3613 2365 alia

2030 2410 2139 2451 non
2171 2393 2302 2448 vult.
2360 2393 2420 2455 ln
2453 2411 2559 2465 quo
2586 2405 2673 2454 est
2716 2413 2869 2454 amor
2911 2397 3251 2464 naturaliter,
3304 2399 3427 2467 quia
3453 2415 3614 2455 amor

2030 2484 2305 2540 intellectu
2340 2484 2731 2544 discernendus
2789 2496 2893 2553 est,
2946 2495 3004 2544 et
3032 2490 3236 2546 ratione
3278 2486 3345 2542 ab
3403 2487 3609 2542 illicitis

2030 2576 2475 2643 delectationibus
2504 2575 2905 2650 [cohibendus],
2937 2588 2998 2633 ut
3023 2593 3089 2634 ea
3113 2586 3253 2633 amet
3281 2591 3399 2647 qua:
3418 2591 3610 2632 amati.

2033 2666 2102 2722 da
2140 2674 2287 2720 sunt.

2106 2753 2198 2813 XI.
2232 2753 2408 2824 Atque
2468 2755 2762 2813 secundum
2807 2755 3041 2814 cilicium
3085 2757 3263 2829 operis
3298 2757 3382 2813 sui
3440 2757 3611 2814 variis

2033 2852 2375 2915 nuncupatur
2420 2846 2731 2901 nominibus
2764 2864 2776 2899 :
2807 2847 2986 2902 anima
3039 2856 3145 2912 est,
3180 2848 3311 2903 dum
3342 2848 3612 2914 viviﬁcat;

2034 2935 2162 2990 dum
2192 2936 2610 3007 contemplatur,
2640 2937 2864 3007 spiritus
2898 2946 3013 3004 est;
3046 2939 3174 2994 dum
3205 2940 3390 3004 sentit,
3417 2955 3616 2999 sensus

2034 3038 2149 3096 est;
2201 3029 2330 3085 dum
2372 3030 2534 3100 sapit,
2562 3031 2775 3085 animus
2823 3039 2938 3097 est;
2980 3032 3107 3089 dum
3132 3030 3399 3101 intelligit,
3455 3046 3613 3087 meus

2029 3132 2143 3190 est;
2197 3123 2324 3180 dum
2350 3123 2627 3189 discernit,
2675 3123 2814 3179 ratio
2835 3131 2949 3188 est;
3004 3123 3131 3179 dum
3172 3122 3463 3186 consentit,
3510 3136 3612 3175 vo»

2031 3215 2211 3271 luntas
2246 3222 2363 3278 est;
2414 3213 2541 3269 dum
2586 3214 2925 3281 recordatur,
2960 3213 3219 3268 memoria
3249 3221 3353 3269 est.
3391 3210 3509 3266 Non
3540 3221 3617 3265 ta-

2031 3322 2155 3362 men
2205 3305 2319 3360 bIBC
2345 3306 2419 3360 ita
2463 3305 2774 3361 dividentur
2796 3306 2851 3360 in
2884 3304 3206 3370 substantia,
3266 3305 3409 3359 sicut
3436 3304 3491 3363 in
3523 3319 3615 3359 no-

2032 3396 2295 3462 minibus;
2352 3396 2479 3465 quia
2514 3395 2628 3450 haec
2673 3396 2879 3461 omnia,
2936 3409 3043 3451 una
3071 3404 3157 3451 est
3193 3396 3391 3450 anima.
3458 3395 3606 3451 Inter

2033 3485 2279 3556 spiritum
2296 3494 2352 3539 et
2373 3485 2613 3539 animam
2634 3484 2901 3555 ejusmodi
2935 3493 3115 3556 potest
3140 3484 3441 3541 dili‘erentia
3459 3500 3605 3549 esse,

2031 3573 2177 3643 quod
2224 3577 2403 3628 omnis
2455 3574 2635 3628 anima
2671 3574 2895 3644 spiritus
2931 3580 3034 3638 est,
3080 3587 3190 3627 non
3225 3581 3405 3628 tamen
3433 3572 3615 3627 omnis

2032 3663 2255 3733 spiritus
2302 3648 2503 3719 anima.
2533 3662 2643 3719 Sed
2685 3672 2741 3717 et
2772 3663 2961 3719 beatus
2986 3662 3262 3732 apostolus
3290 3661 3491 3717 Paulus
3520 3658 3617 3716 mi-

2033 3755 2272 3810 rabiliter
2295 3754 2556 3813 discernit
2584 3756 2727 3811 inter
2761 3756 3007 3826 spiritum
3037 3763 3094 3811 et
3120 3762 3356 3810 mentem
3382 3755 3611 3810 dicens:

2034 3844 2270 3901 Psallam
2315 3848 2525 3918 spiritu,
2574 3847 2795 3918 psallam
2843 3857 2892 3901 et
2938 3858 3107 3902 mente
3133 3847 3184 3919 (1
3212 3848 3334 3902 Cor.
3360 3848 3610 3915 xxv,15).

2034 3936 2236 4008 Spiritu
2261 3936 2463 4008 psallit,
2515 3937 2608 4008 qui
2634 3952 2815 3992 rerum
2852 3937 3157 4011 [obscuras]
3187 3937 3615 4009 signiﬁcationes

2033 4046 2142 4086 non
2165 4031 2489 4100 intelligens,
2543 4044 2636 4085 ore
2655 4029 2893 4099 profert;
2919 4030 3103 4101 psallit
3130 4039 3331 4095 mente,
3377 4031 3470 4099 qui
3498 4046 3618 4086 eas-

2032 4119 2154 4175 dem
2191 4118 2614 4191 signilicationes
2664 4119 2865 4175 mentis
2917 4118 3155 4174 ellicacia
3182 4118 3446 4190 intelligit.
3476 4119 3613 4174 Nam

2032 4211 2254 4280 spiritus
2297 4209 2793 4265 Nabuchodonosor
2838 4209 2983 4281 regis
3013 4208 3337 4264 infamatus
3367 4216 3509 4274 erat,
3544 4215 3607 4261 ut

2031 4301 2239 4356 videret
2262 4298 2461 4364 futura,
2514 4300 2611 4356 sed
2637 4315 2747 4356 non
2804 4308 2925 4355 erat
2963 4314 3120 4354 mens
3172 4298 3498 4363 illuminata,
3553 4314 3614 4353 ut

2031 4390 2358 4461 intelligeret
2378 4404 2499 4460 quae
2544 4390 2778 4446 videbat.
2829 4389 3075 4444 Accessit
3094 4387 3379 4458 propheta,
3424 4386 3614 4442 divino

2034 4480 2370 4535 illuminatus
2397 4479 2612 4549 spiritu,
2664 4480 2757 4550 qui
2784 4488 3074 4548 utrumque
3101 4486 3159 4533 et
3180 4477 3443 4533 intellexit
3488 4492 3614 4547 quae

2033 4584 2129 4623 rex
2148 4567 2383 4633 videbat,
2412 4575 2468 4622 et
2490 4569 2740 4640 exposuit
2765 4568 2894 4639 quid
2921 4566 3293 4638 signiﬁcarent
3324 4565 3484 4639 (Dan.
3517 4564 3608 4636 ti).

2103 4679 2214 4739 XII.
2257 4679 2370 4735 Hoc
2402 4681 2583 4750 itaque
2605 4681 2809 4751 absque
2829 4680 3161 4735 dubitatione
3185 4678 3467 4735 sciendum
3498 4685 3608 4744 est.

2035 4772 2178 4842 quod
2225 4771 2418 4826 anima:
2443 4771 2782 4842 pulchritudo
2831 4771 2999 4827 virtus
3045 4779 3149 4836 est,
3174 4778 3230 4825 et
3273 4770 3390 4841 ejus
3433 4766 3613 4824 deforv

2038 4861 2200 4914 initas
2268 4860 2480 4914 vitium.
2544 4857 2601 4914 Si
2639 4859 2786 4914 enim
2835 4860 2921 4913 vel
2966 4859 3158 4922 Deum,
3210 4858 3296 4913 vel
3350 4858 3608 4928 seipsam,

2037 4950 2119 5005 vel
2148 4950 2390 5022 spiritale
2435 4949 2635 5020 aliquid
2686 4950 3031 5005 considerare
3072 4950 3253 5021 gestit,
3315 4950 3514 5004 avertit
3551 4962 3612 5004 se

2033 5058 2064 5097 a
2099 5042 2347 5097 sensibus
2380 5041 2584 5107 carnis,
2636 5055 2707 5096 ne
2736 5040 2871 5094 ﬁant
2898 5041 2947 5095 ei
2996 5040 3405 5111 impedimento,
3446 5040 3615 5109 εμπ-ἰ-

2031 5132 2158 5187 talia
2204 5131 2442 5189 rimanti.
2478 5130 2636 5200 Saepe
2661 5131 2824 5186 etiam
2869 5132 2925 5185 in
2976 5138 3187 5185 tantum
3237 5129 3488 5186 affectata
3505 5130 3614 5189 erit

2032 5222 2271 5292 qualibet
2323 5222 2670 5294 cogitatione.
2719 5228 2797 5285 ut,
2842 5223 3088 5292 quamvis
3132 5227 3347 5297 apertos
3410 5221 3613 5276 habeat

2034 5315 2241 5380 oculos,
2288 5328 2408 5385 quae
2454 5320 2650 5384 praesto
2675 5319 2822 5377 sunt,
2869 5327 2979 5369 non
3027 5313 3234 5378 videat;
3272 5325 3377 5367 nec
3413 5327 3615 5370 sonano

2034 5417 2143 5460 tem
2178 5420 2367 5459 vocem
2396 5403 2675 5475 intelligat,
2707 5418 2811 5458 nec
2839 5411 3155 5476 tangentem
3180 5419 3379 5473 corpus
3404 5403 3609 5459 sentiat

2034 5494 2169 5566 [ΑΙ.,
2226 5509 2334 5549 non
2368 5493 2521 5557 vidit,
2579 5508 2688 5548 non
2722 5492 2990 5564 intelligit,
3042 5510 3151 5548 non
3191 5492 3401 5565 sentit].
3443 5491 3607 5563 Regit

2033 5586 2179 5640 enim
2225 5599 2420 5654 corpus
2451 5599 2548 5654 per
2582 5598 2817 5654 qumque
2840 5599 3051 5648 sensus,
3076 5600 3195 5655 quae
3235 5585 3429 5639 horum
3472 5582 3609 5636 nihil

2036 5689 2138 5730 est.
2166 5675 2299 5728 Dum
2329 5675 2394 5729 de
2427 5690 2489 5729 ea
2516 5674 2834 5745 cogitamus,
2866 5674 3000 5729 nihil
3026 5689 3339 5746 corporeum
3362 5672 3606 5743 cogitare
