3894 6182
258 324 361 379 (iiii

1163 319 1488 376 MORALIA.
1528 350 1595 358 —-
1634 318 1835 374 LIBER
1876 317 1962 372 DE
1999 317 2238 372 ΑΝΙΜᾸΞ
2279 317 2596 372 RATIONE.

3403 320 3507 375 646

254 435 533 491 debemus.
596 431 749 486 Sicut
773 432 919 485 enim
954 431 1097 485 Deus
1121 444 1338 487 omnem
1366 429 1714 502 [creaturam,
1753 429 1831 484 sic
1867 432 1906 489 Α
1935 428 2080 483 ditia:
2125 438 2182 483 et
2224 429 2491 485 libertatis
2535 444 2566 484 a
2589 438 2832 500 peccato,
2864 440 2924 485 ut
2949 432 3191 487 omnium
3222 432 3274 487 in
3305 447 3364 487 se
3389 448 3516 490 eou-

253 526 434 582 auima
467 519 627 594 150
656 520 897 593 omnem]
934 536 1248 592 corpoream
1294 530 1598 576 creaturam
1632 528 1837 575 natura:

255 617 519 688 dignitate
543 614 819 684 praecellit.
869 613 1000 680 Quae
1029 616 1192 670 etiam
1227 630 1323 686 per
1343 614 1517 669 lucem
1550 624 1605 669 et
1632 629 1834 678 aerem,

254 722 376 778 quae
428 714 560 763 sunt
594 704 982 760 excellentiora
1029 706 1215 761 mundi
1242 720 1492 775 corpora,
1524 721 1721 775 corpus
1750 705 1841 759 ad-

253 798 533 854 ministrat
562 811 739 851 suum.
779 795 1033 851 Omnium
1070 811 1252 851 rerum
1288 798 1498 866 species
1523 797 1613 850 lux
1644 798 1841 851 animae

254 889 566 953 annuntiat,
619 902 756 957 quas
825 887 941 957 ipsa
997 887 1053 942 in
1106 903 1168 942 se
1234 890 1489 958 acceptas
1540 887 1838 958 speciiicat,

254 978 706 1050 speciiicatasque
761 977 1034 1044 recondit;
1067 986 1267 1033 etcum
1301 976 1619 1032 aiilictiones
1643 975 1845 1044 aliquae

250 1070 467 1139 corpori
520 1070 799 1133 eveniunt,
853 1067 1145 1124 odenditur
1181 1068 1384 1133 anima,
1424 1067 1550 1122 dum
1579 1076 1844 1136 tempera-

251 1170 499 1216 mentum
537 1159 791 1225 faciendi,
825 1161 970 1230 quod
1001 1160 1133 1225 vult,
1163 1160 1366 1225 deerit;
1397 1167 1453 1214 et
1475 1159 1589 1214 bzec
1612 1157 1841 1214 offensio

252 1253 407 1307 dolor
429 1260 676 1307 vocatur.
713 1248 772 1305 Si
799 1251 1065 1320 autemin
1104 1258 1313 1306 tantum
1347 1249 1629 1304 iraudatur
1678 1263 1844 1303 mem-

251 1343 478 1399 brorum
526 1341 949 1406 ministratione,
986 1350 1048 1395 ut
1081 1357 1190 1397 non
1218 1341 1434 1405 habeat,
1494 1340 1623 1410 quid
1656 1353 1846 1408 opere-

252 1443 344 1489 tur
376 1435 431 1488 in
459 1434 563 1500 eis,
607 1432 831 1497 recedit,
865 1432 1020 1501 quasi
1046 1431 1325 1501 indignata
1354 1430 1677 1484 habitationi
1708 1444 1840 1484 sua).

253 1526 391 1594 Quid
439 1526 514 1580 sit
556 1524 758 1588 anima,
804 1521 881 1579 nil
925 1521 1119 1576 melius
1169 1521 1409 1577 occurrit
1446 1520 1628 1575 dicere
1678 1532 1842 1590 quam

253 1616 481 1686 spiritus
539 1614 692 1679 vitae;
728 1613 823 1667 sed
874 1627 981 1667 non
1004 1611 1122 1681 ejus
1170 1611 1291 1667 vita:
1316 1626 1436 1680 quae
1463 1611 1517 1664 in
1552 1610 1843 1681 pecoribus

251 1714 361 1772 est,
428 1705 546 1760 sine
603 1703 852 1758 rationali
911 1711 1091 1759 mente
1119 1720 1132 1757 ε
1161 1702 1257 1758 sed
1288 1703 1400 1757 vita
1450 1717 1597 1756 nunc
1642 1701 1838 1766 minor,

1940 520 2224 575 ﬁdentium
2275 536 2493 587 carnes,
2542 522 2721 576 divina
2780 525 2837 578 in
2894 539 2959 578 ea
3012 534 3271 593 operante
3318 526 3512 596 gratia,

1938 613 2155 682 purgari
2191 622 2248 667 et
2272 612 2490 667 liberari
2517 615 2730 682 possint
2755 614 2888 687 [Al.,
2932 616 3202 689 possunt].
3226 617 3363 684 Quia
3391 633 3516 673 san-

1939 701 2057 770 guis
2106 702 2198 771 qui
2227 702 2294 756 de
2317 703 2504 757 eadem
2534 718 2723 768 carne,
2758 704 2945 759 lancea
2990 706 3179 771 militis
3212 707 3515 772 vulnerata,

1941 786 2188 853 (luxerat,
2235 792 2467 858 pretium
2517 800 2603 847 est
2649 792 2841 848 salutis
2886 794 3153 861 humanae,
3213 811 3312 866 per
3364 794 3520 867 cuius

1938 879 2254 936 eﬂ‘usionem
2279 882 2549 939 exstincta
2595 892 2679 938 est
2731 883 2979 940 ﬂammea
3018 886 3106 942 illa
3150 887 3385 957 paradisi
3420 902 3516 944 cu-

1942 971 2136 1037 stodia,
2192 980 2247 1027 et
2275 973 2359 1027 via
2393 973 2637 1030 ﬁdelibus
2688 985 2874 1045 aperta
2906 985 2995 1033 est
3034 978 3103 1033 ad
3134 978 3336 1049 lignum
3368 980 3515 1046 vitae,

1942 1063 2083 1132 quod
2112 1063 2412 1132 plumatum
2462 1073 2548 1120 est
2570 1080 2728 1120 secus
2757 1066 3019 1122 decursus
3053 1083 3316 1137 aquarum
3336 1069 3525 1124 viven-

1946 1154 2081 1208 tium
2106 1153 2277 1225 (Paul.
2325 1172 2363 1220 ι,
2389 1153 2464 1226 3).
2520 1155 2683 1227 Cujus
2722 1157 2853 1227 ligni
2902 1159 3337 1229 sapientissimus
3369 1160 3523 1216 Salo-

1942 1262 2090 1310 mon,
2141 1248 2266 1302 dum
2310 1248 2376 1302 de
2405 1247 2562 1304 laude
2593 1250 2872 1318 sapientiae
2927 1250 3095 1306 multa
3148 1251 3395 1319 dixisset,
3434 1269 3523 1309 re-

1943 1337 2200 1393 cordatus
2239 1345 2344 1403 est,
2392 1338 2468 1392 ita
2488 1338 2672 1393 dicens
2700 1358 2713 1392 :
2739 1339 2932 1396 Beatus
2966 1342 3142 1408 homo,
3193 1345 3283 1413 qui
3329 1344 3523 1399 invenit

1943 1431 2279 1498 sapientiam,
2320 1440 2368 1486 et
2389 1433 2479 1502 qui
2504 1432 2665 1502 afﬂuit
2695 1433 2992 1501 prudentia.
3042 1434 3111 1488 Et
3154 1435 3314 1504 paulo
3349 1447 3471 1504 post
3506 1454 3519 1489 :

1953 1521 2066 1577 Via:
2102 1523 2216 1592 ejus
2248 1524 2344 1577 via:
2377 1521 2634 1592 pulchrtc,
2689 1532 2737 1575 et
2756 1538 2933 1577 omnes
2976 1526 3176 1577 semita:
3230 1525 3347 1594 ejus
3373 1527 3519 1594 paci-

1940 1612 2078 1681 βίω.
2119 1611 2345 1682 Lignum
2378 1612 2498 1666 vita:
2530 1619 2608 1665 est
2658 1611 2740 1664 his
2787 1612 2877 1681 qui
2925 1609 3357 1680 apprehenderint
3387 1627 3524 1678 eam,

1944 1714 1991 1759 et
2018 1706 2107 1776 qui
2132 1706 2352 1759 tenuerit
2375 1721 2511 1768 eam,
2544 1704 2722 1758 beatus
2774 1702 2958 1775 (Prov.
3001 1719 3086 1767 ιιι,
3130 1702 3218 1768 l3,
3261 1702 3374 1773 i7).

253 1811 426 1867 quam
461 1794 791 1866 angelorum,
819 1801 875 1848 et
898 1791 1077 1847 futura
1099 1791 1313 1862 quidem
1338 1791 1672 1863 angelorum,
1706 1792 1752 1845 si
1774 1806 1841 1849 ex
1874 1796 1917 1855 Β
2016 1795 2155 1850 XIV.
2219 1794 2478 1850 Humana:
2522 1809 2652 1849 vero
2701 1795 2895 1849 animae
2941 1793 3285 1862 pulchritudo
3339 1802 3425 1849 est
3474 1803 3531 1849 et

251 1893 531 1956 praecepto
562 1882 645 1938 sui
679 1882 955 1938 Creatoris
990 1882 1081 1937 hic
1108 1882 1320 1937 vixerit.

324 1977 465 2032 XIII.
492 1975 651 2047 Origo
678 1990 809 2030 vero
850 1976 1156 2029 animarum
1206 1975 1349 2030 unde
1401 1975 1496 2040 sit,
1544 1974 1711 2030 solius
1742 1972 1841 2028 Dei

251 2068 551 2142 cognitioni
611 2066 1023 2138 relinquendum
1058 2073 1161 2121 est.
1216 2064 1391 2132 Quam
1425 2064 1592 2119 multa
1645 2063 1841 2119 exinde

250 2158 559 2231 philosophi
619 2174 758 2213 vana
795 2157 1090 2221 ﬁnxerunt,
1141 2164 1197 2210 et
1238 2155 1499 2226 plurimas
1548 2153 1842 2209 Christiani

252 2254 507 2309 doctores
552 2250 838 2322 opiniones
881 2249 1006 2303 inde
1064 2255 1386 2319 posuerunt,
1452 2255 1509 2301 et
1543 2246 1675 2301 nihil
1707 2260 1842 2316 pene

251 2354 464 2402 certum
496 2342 852 2412 reliquerunt.
887 2340 1028 2412 Ergo
1050 2348 1107 2394 et
1140 2339 1333 2394 beatus
1365 2337 1698 2409 Augustinus
1726 2348 1752 2377 ι
1777 2337 1843 2391 de

252 2435 465 2506 origine
498 2432 693 2487 anima:
742 2432 900 2486 beato
943 2430 1270 2501 Hieronymo
1320 2429 1537 2498 scripsit
1565 2437 1622 2483 et
1670 2429 1840 2493 misit,

251 2523 442 2580 volens
462 2521 605 2576 scire
629 2520 759 2591 quid
793 2519 1086 2574 allirmaret
1111 2527 1295 2574 tantus
1327 2519 1518 2575 doctor
1543 2518 1610 2573 de
1636 2518 1845 2589 origine

250 2614 474 2668 animae.
515 2610 574 2667 Si
597 2610 684 2667 ille
735 2610 874 2665 liber
921 2610 1198 2666 vobiscum
1251 2610 1581 2674 inveniatur,
1638 2608 1751 2680 lege
1792 2616 1847 2663 et

254 2703 525 2774 intellige,
579 2701 707 2772 quid
744 2700 834 2755 ille
887 2700 1235 2756 acutissimus
1297 2716 1480 2756 rerum
1518 2700 1846 2755 naturalium

253 2794 554 2864 inquisitor
577 2793 644 2847 de
678 2792 885 2863 origine.
910 2791 1107 2849 dixerit
1127 2792 1340 2846 animae.
1393 2791 1636 2859 Quatuor
1680 2806 1847 2861 quas-

253 2888 384 2942 dam
417 2886 476 2941 in
505 2901 571 2941 ea
597 2884 965 2954 diSputatione
1010 2883 1191 2952 posuit
1242 2882 1550 2953 opiniones,
1596 2890 1656 2936 ut
1700 2882 1847 2937 arbi-

253 2989 397 3044 tror,
434 2978 522 3033 eui
569 2977 757 3031 beatus
791 2974 1152 3046 Hieronymus
1186 2990 1292 3028 una
1339 2973 1658 3029 brevissima
1711 2970 1846 3044 [Αι.,

254 3066 631 3141 parvissima],
690 3065 785 3121 sed
840 3065 1153 3119 acutissima
1207 3063 1487 3134 resrezndit
1554 3061 1778 3135 epistola
1831 3081 1844 3115 :

1945 1884 2131 1949 decus,
2185 1884 2469 1954 sapientiae
2495 1885 2751 1950 studium,
2793 1900 2900 1940 non
2931 1883 3020 1938 illa
3062 1899 3183 1953 quae
3215 1884 3270 1941 in
3297 1886 3530 1941 terrenis

1942 1976 2080 2031 solet
2125 1977 2380 2046 occupari
2429 1977 2682 2047 negotiis,
2738 1977 2834 2032 sed
2867 1975 2958 2031 illa
3017 1976 3189 2046 magis
3246 1991 3352 2045 qua
3388 1975 3532 2032 Deus

1940 2068 2137 2123 colitur
2182 2076 2237 2123 et
2283 2078 2518 2123 amatur.
2574 2066 2672 2123 Cui
2711 2069 2938 2139 teipsam
2967 2069 3206 2132 studeas,
3246 2068 3407 2141 Virgo
3434 2084 3531 2127 no-

1942 2158 2225 2224 bilissima,
2255 2168 2367 2215 tota
2426 2162 2624 2219 mentis
2665 2162 2966 2217 intentione
3025 2163 3361 2232 mancipare;
3402 2161 3530 2232 quia

1943 2250 1998 2304 in
2043 2249 2143 2304 hac
2192 2259 2276 2305 est
2316 2251 2426 2305 vita
2482 2252 2629 2306 omni
2668 2251 3056 2321 tranquillitate
3092 2252 3429 2318 beatissima,
3471 2253 3528 2311 in

1944 2343 2046 2399 hac
2070 2351 2158 2399 est
2179 2343 2320 2399 illius
2354 2358 2578 2399 summae
2626 2343 2907 2399 Trinitatis
2945 2344 3124 2415 imago
3151 2343 3379 2405 feliciter
3408 2358 3530 2413 per-

1944 2432 2105 2488 fecta.
2139 2432 2239 2488 Hic
2259 2440 2344 2488 est
2396 2433 2684 2492 thesaurus
2742 2434 3133 2499 desiderabilis,
3187 2434 3276 2502 qui
3323 2433 3534 2503 requie-

1945 2523 2049 2577 scit
2102 2522 2157 2577 in
2212 2538 2307 2578 ore
2372 2524 2675 2593 prudentis,
2724 2532 2779 2578 et
2829 2524 3067 2578 abundat
3118 2526 3173 2578 in
3229 2524 3393 2578 corde
3434 2538 3526 2577 sa-

1944 2615 2163 2685 pientis.
2214 2615 2341 2670 Hzec
2378 2615 2432 2669 in
2499 2615 2800 2686 Virgiliaeis
2856 2629 2963 2669 non
3014 2614 3322 2669 invenietur
3380 2629 3533 2668 men-

1947 2706 2136 2771 daciis,
2180 2708 2273 2762 sed
2312 2708 2366 2761 in
2412 2708 2723 2777 evangelica
2775 2706 3059 2763 ailluentcr
3106 2708 3408 2776 reperietur
3441 2723 3531 2761 ve-

1949 2799 2127 2854 ritate.
2183 2798 2258 2853 l‘e
2288 2814 2416 2853 vera
2473 2799 2678 2854 scilicet
2732 2800 3001 2869 sapientia
3054 2799 3255 2855 dicitur
3291 2818 3304 2857 :
3346 2799 3532 2855 Omnis

1948 2890 2206 2958 sapientia
2233 2905 2265 2941 a
2309 2887 2530 2943 Domino
2549 2888 2656 2942 Deo
2704 2898 2777 2943 est
2834 2888 3027 2960 (Eccli.
3066 2889 3206 2962 1,1).
3260 2889 3529 2960 Quidquid

1949 2981 2095 3035 enim
2130 2988 2276 3035 recte
2324 2995 2422 3050 per
2468 2981 2791 3050 sapientiam
2846 2980 3165 3052 intelligitur
3201 2989 3255 3035 et
3297 2991 3531 3046 amatur,

1951 3070 2048 3125 Dei
2113 3071 2311 3125 donum
2367 3081 2470 3126 est.
2539 3070 2773 3125 Proinde
2827 3070 3026 3136 omnis,
3083 3071 3175 3141 qui
3235 3072 3536 3126 secundum

256 3174 424 3231 quem
455 3157 692 3213 libellum
737 3158 791 3211 in
816 3156 993 3227 patria
1023 3154 1272 3227 legimus,
1310 3154 1408 3209 sed
1433 3154 1522 3209 hic
1558 3153 1843 3209 nobiscum
1878 3149 1922 3213 C
1953 3163 2123 3219 Deum
2174 3163 2395 3233 sapiens
2417 3173 2527 3228 est,
2585 3164 2778 3218 beatus
2825 3170 2929 3218 est.
2993 3162 3150 3220 Unde
3209 3161 3262 3221 in
3299 3158 3400 3218 Job
3450 3165 3534 3221 di-

255 3266 371 3308 non
392 3250 704 3321 repetitur;
762 3263 864 3303 nec
906 3247 1071 3302 etiam
1103 3245 1328 3316 epistola
1384 3245 1756 3316 responsionis
1783 3243 1852 3297 ad

254 3360 406 3400 eum.
472 3343 625 3398 Fecit
668 3356 883 3413 quoque
926 3339 1066 3399 idem
1120 3339 1328 3403 doctor,
1363 3345 1424 3393 ut
1452 3339 1507 3393 in
1543 3337 1696 3392 libris
1752 3335 1853 3391 Re-

257 3438 654 3495 tractationum
704 3433 821 3503 ejus
856 3433 1070 3504 legitur,
1129 3431 1233 3486 alia
1277 3432 1343 3486 de
1390 3431 1601 3485 ratione
1657 3429 1853 3483 anima:

257 3527 543 3600 opuscula,
574 3527 627 3581 id
659 3534 766 3591 est,
792 3525 857 3579 de
889 3523 1193 3589 Quantitate
1216 3523 1407 3576 anima:
1431 3520 1622 3575 librum
1653 3535 1850 3585 unum;

257 3621 330 3675 de
368 3616 776 3672 lmmortalitate
805 3615 995 3669 anime
1034 3613 1123 3666 lib.
1148 3628 1341 3676 unum;
1367 3611 1431 3666 de
1458 3610 1678 3664 Duabus
1716 3610 1849 3663 Ani-

262 3710 449 3765 mabus
496 3708 689 3762 librum
734 3722 929 3771 unum;
977 3702 1042 3759 de
1103 3701 1513 3757 Intmortalitate
1546 3703 1758 3767 animae,
1803 3710 1851 3755 et

262 3800 381 3870 ejus
403 3798 610 3868 origine
629 3795 788 3849 libros
813 3803 1061 3868 quatuor,
1090 3791 1183 3863 qui
1228 3790 1463 3845 necdum
1496 3789 1702 3844 inventi
1727 3797 1855 3845 sunt

264 3906 294 3945 a
339 3890 520 3945 nobis.
572 3887 628 3942 Si
666 3887 872 3942 fortein
909 3884 1146 3940 armario
1182 3881 1447 3953 imperiali
1484 3882 1852 3947 inveniantur,

266 3981 519 4053 quaerite,
568 3977 751 4050 legite,
808 3985 865 4031 et
920 3974 1299 4031 communione
1361 3972 1644 4028 cbaritatis
1698 3971 1856 4026 nobis

268 4074 490 4146 dirigite
544 4071 612 4126 ad
644 4070 919 4142 legendos.
974 4066 1033 4121 In
1085 4068 1187 4122 hoc
1214 4066 1357 4120 enim
1416 4080 1606 4121 omnes
1633 4078 1835 4121 censen

1953 3255 2095 3310 citur
2125 3272 2138 3308 :
2168 3253 2438 3324 Sapientia
2474 3254 2701 3308 hominis
2735 3264 2810 3308 est
2840 3254 3024 3324 pietas,
3083 3252 3319 3308 recedere
3362 3261 3538 3307 autem

1953 3361 1985 3398 a
2015 3343 2152 3398 malo
2177 3330 2395 3399 scientia
2432 3344 2574 3416 (Job.
2608 3360 2802 3409 xxvut,
2844 3343 2936 3416 28)
2964 3359 2980 3397 :
3011 3358 3122 3399 uno
3162 3356 3293 3405 vero
3319 3344 3539 3399 nomine

1926 3436 2187 3506 pietatis,
2236 3435 2441 3491 cultum
2479 3436 2643 3491 totius
2684 3435 2881 3490 divina:
2930 3433 3208 3505 religionis
3254 3433 3540 3504 designare

1952 3525 2159 3581 volens.
2213 3524 2352 3592 Quid
2408 3526 2619 3581 beatius
2670 3534 2756 3581 est
2785 3525 3001 3592 animae,
3049 3539 3211 3595 quam
3268 3538 3537 3579 summum

1957 3614 2110 3686 151
2145 3615 2367 3686 diligere
2418 3615 2641 3681 bonum,
2696 3615 2842 3684 quod
2867 3614 3010 3669 Deus
3041 3615 3168 3669 est?
3232 3613 3371 3681 Quid
3431 3612 3542 3667 fcli-

1952 3704 2092 3768 eius,
2141 3719 2304 3773 quam
2350 3718 2408 3757 se
2454 3704 2674 3773 dignum
2725 3702 2859 3773 [Al.,
2910 3717 2970 3756 se
3025 3701 3267 3772 dignam]
3331 3709 3536 3757 acterna

1953 3807 2261 3863 prmparare
2322 3791 2677 3857 beatitudine,
2726 3793 2854 3847 dum
2903 3792 3266 3847 immortalem
3299 3807 3375 3845 .sc
3419 3808 3541 3846 esse

1954 3883 2237 3938 verissime
2266 3882 2458 3936 novit?
2498 3881 2608 3937 Nec
2632 3882 2869 3936 :estimes
2902 3882 2996 3936 tibi
3028 3889 3236 3937 tantum
3272 3882 3537 3949 sufﬁcere,

1959 3990 2120 4030 nosse
2165 3970 2296 4043 quid
2368 3971 2550 4028 facere
2589 3973 2805 4036 debeas,
2846 3972 2949 4026 nisi
3002 3974 3167 4027 etiam
3228 3989 3395 4044 opere
3440 3976 3541 4030 im-

1957 4063 2104 4132 pleas
2151 4080 2271 4133 qua:
2316 4063 2476 4118 nosti.
2516 4061 2689 4129 Quam
2728 4061 2948 4130 plurimi
2980 4078 3037 4117 se
3081 4062 3354 4132 sapientes
3395 4068 3537 4122 uasti.

268 4165 415 4221 fiunt
463 4159 715 4216 catholici
762 4159 1078 4228 scriptores,
1129 4156 1271 4226 quod
1318 4152 1497 4209 anima
1544 4170 1576 4207 a
1629 4153 1742 4209 Deo
1786 4153 1858 4207 sit
1958 4160 2128 4216 mant,
2174 4160 2231 4207 et
2281 4152 2423 4206 viam
2465 4165 2523 4207 se
2564 4150 2813 4205 veritatis
2854 4166 3018 4207 nosse
3064 4150 3390 4220 gloriantur,
3446 4154 3541 4208 scd

267 4251 523 4316 condita;
576 4266 679 4305 nec
710 4258 919 4319 partem
964 4261 1085 4302 eam
1151 4260 1272 4319 esse
1316 4245 1412 4300 Dei
1437 4253 1667 4311 naturae,
1730 4246 1855 4315 quia

266 4344 315 4399 si
350 4357 419 4397 ex
447 4340 543 4396 Dei
572 4350 719 4396 esset
748 4346 942 4394 natura
978 4344 1275 4407 assumpta,
1326 4350 1554 4407 peccare
1586 4351 1693 4395 non
1740 4352 1837 4407 pos

266 4446 379 4491 set.
430 4432 545 4488 Nec
588 4446 709 4486 eam
758 4430 955 4500 corpus
988 4444 1110 4484 esse
1162 4426 1428 4499 palpabile
1479 4428 1562 4482 vel
1607 4428 1855 4483 visibile:

1960 4257 2298 4313 nequaquam
2318 4257 2447 4296 vere
2469 4249 2593 4297 sunt
2618 4242 2914 4312 sapientes,
2938 4243 3029 4315 qui
3060 4258 3167 4298 non
3194 4243 3400 4300 habent
3430 4245 3542 4299 for—

1962 4334 2244 4390 titudinem
2271 4334 2436 4390 animi
2456 4333 2521 4389 ad
2545 4332 2936 4403 proﬁciendum
2962 4334 3091 4407 [Αίη
3127 4335 3540 4408 perliciendum]

1961 4439 2146 4494 opere,
2174 4422 2316 4493 quod
2344 4422 2580 4492 sapiunt.
2606 4422 2748 4493 Ergo
2777 4439 2905 4479 vera
2942 4433 3027 4479 est
3063 4425 3350 4495 sapientia,
3382 4440 3544 4481 nosse

266 4541 372 4582 nec
400 4525 543 4581 mori
564 4539 686 4579 eam
706 4492 888 4593 posse,
912 4523 987 4577 ita
1016 4530 1076 4575 ut
1102 4492 1211 4576 no'n
1252 4492 1356 4587 sit;
1392 4535 1494 4576 nec
1512 4535 1543 4574 a
1569 4528 1721 4575 reatu
1750 4521 1861 4591 pri-
1888 4492 1938 4554 θ
1964 4492 2313 4583 quaedebeas,
2330 4520 2526 4570 etnota
2540 4492 2822 4584 perﬁcere.
2841 4512 3073 4567 Proinde
3096 4492 3294 4567 nullam
3312 4522 3544 4585 quatuor

271 4636 376 4676 ma:
431 4616 900 4690 praevaricationis
950 4613 1166 4685 liberari
1214 4627 1397 4684 posse,
1443 4613 1549 4669 nisi
1586 4627 1684 4683 per
1733 4628 1855 4684 gra-

272 4712 410 4768 tiam
460 4719 518 4765 et
568 4708 885 4779 mysterium
953 4704 1267 4760 mediatoris
1317 4703 1414 4758 Dei
1465 4712 1521 4758 et
1580 4703 1856 4759 hominum

270 4801 492 4858 Domini
522 4799 697 4857 nostri
740 4796 870 4853 Jesu
905 4796 1129 4861 Christi,
1170 4795 1262 4865 qui
1307 4794 1528 4864 plenam
1559 4793 1861 4847 humanita-

272 4898 345 4952 tis
393 4905 599 4952 nostra:
629 4901 902 4953 naturam,
932 4890 1135 4958 absque
1171 4888 1318 4944 omni
1358 4894 1604 4957 peccato,
1654 4885 1710 4940 in
1746 4900 1859 4940 suae

272 4984 581 5041 divinitatis
626 4981 921 5053 assumpsit
974 4994 1261 5050 personam
1291 4996 1304 5031 :
1337 4977 1462 5047 quia
1514 4984 1660 5031 totus
1693 4976 1859 5031 homo

272 5073 552 5147 peccavit,
593 5080 649 5127 et
675 5076 817 5126 totus
840 5071 1003 5125 homo
1044 5067 1355 5123 liberandus
1388 5074 1530 5133 erat,
1561 5066 1859 5121 secundum

1964 4604 2159 4660 animae
2182 4606 2464 4672 virtutum,
2516 4604 2582 4659 de
2602 4592 2798 4673 quibus
2822 4618 2984 4673 supra
3016 4603 3273 4669 diximus,
3305 4605 3542 4676 perfecto

1964 4699 2127 4754 habet
2154 4699 2354 4765 anima,
2389 4700 2435 4754 si
2473 4707 2616 4754 totas
2672 4714 2780 4753 non
2827 4698 3011 4764 habet,
3043 4700 3169 4769 quia
3216 4700 3333 4758 haec
3360 4704 3541 4759 omnia

1965 4794 2033 4850 ad
2055 4810 2221 4849 unum
2247 4793 2531 4850 cbaritatis
2571 4792 2855 4849 intendunt
2890 4802 3241 4865 prmceptum,
3284 4812 3405 4866 quae
3429 4798 3543 4852 sola

1967 4886 2022 4940 in
2070 4885 2347 4942 catholicm
2374 4884 2496 4941 ﬁdei
2549 4884 2800 4950 veritate,
2829 4885 3046 4957 dignam
3069 4885 3267 4942 eﬂiciet
3305 4886 3541 4941 animam

1962 4977 2298 5033 habitatione
2348 4984 2551 5035 sancta:
2617 4976 2921 5044 Trinitatis,
2966 4978 3037 5033 ad
3061 4992 3215 5047 (ξυιυς
3252 4977 3541 5048 imaginem

1964 5068 2237 5126 conditam
2261 5084 2383 5124 esse
2410 5067 2660 5138 superius
2687 5068 3046 5134 ostendimus,
3072 5069 3137 5123 de
3158 5069 3313 5140 cujus
3336 5068 3543 5123 ratione

275 5162 746 5234 dispensationem
792 5168 1009 5215 aeterna:
1062 5159 1279 5230 pictatis
1309 5158 1362 5211 in
1399 5156 1530 5213 Deo.
1571 5156 1742 5213 Totus
1771 5159 1865 5213 Ιιο-
1965 5167 2018 5215 et
2055 5166 2267 5222 natura,
2328 5157 2467 5212 sicut
2518 5155 2795 5227 ﬂagitasti,
2848 5157 2966 5213 haec
3011 5174 3179 5229 pauca
3215 5158 3540 5228 perstrinxi-

274 5268 371 5311 mo
414 5251 776 5308 assumendus
809 5260 950 5317 erat,
986 5250 1164 5315 idest,
1215 5249 1395 5303 anima
1420 5257 1476 5303 et
1515 5263 1664 5315 caro,
1710 5247 1865 5318 cujus
1968 5266 2109 5315 mus,
2177 5258 2337 5319 prout
2357 5247 2661 5319 epistolaris
2707 5249 2954 5319 angustia
2998 5251 3287 5305 concessit.
3325 5249 3544 5305 Mirum-

275 5347 485 5409 anima,
525 5344 580 5400 id
621 5353 726 5411 est,
781 5342 1156 5414 Redemptoris
1186 5342 1382 5407 nostri,
1418 5349 1581 5397 tantze
1606 5342 1866 5397 sanctita-
1969 5357 2072 5412 que
2097 5339 2490 5410 quodammodo
2521 5354 2551 5392 a
2574 5338 2910 5394 scholasticis
2943 5335 3114 5393 videri
3144 5339 3359 5409 poterit,
3402 5356 3541 5410 quo-

277 5440 353 5495 tis
394 5448 452 5495 et
478 5436 882 5510 iustificationis
936 5444 1041 5501 est,
1096 5443 1158 5490 ut
1195 5450 1385 5490 omnes
1442 5435 1496 5489 in
1545 5449 1604 5489 se
1638 5434 1886 5497 creden-_
1966 5431 2126 5487 modo
2155 5438 2206 5484 te
2253 5430 2374 5500 plus
2421 5428 2551 5483 mihi
2587 5427 2859 5500 cognitam
2892 5442 3012 5483 esse
3035 5436 3227 5499 putare
3258 5428 3541 5496 voluisses,

281 5531 421 5587 tium
468 5531 665 5585 animae
705 5545 802 5601 per
824 5545 948 5585 eum
977 5528 1112 5602 [Al.,
1143 5545 1243 5600 per
1289 5526 1433 5601 eam]
1460 5526 1789 5584 sanctiﬁcari
1813 5536 1869 5583 et
1966 5536 2125 5591 quam
2154 5518 2251 5573 tibi
2282 5517 2402 5588 ipsi.
2460 5515 2613 5573 Unde
2673 5516 2808 5571 vivis
2833 5517 2915 5572 vel
2959 5518 3167 5573 ratione
3208 5519 3379 5592 viges,
3436 5521 3541 5574 nisi

278 5622 568 5696 iustiﬁcari
590 5624 801 5693 possint
828 5622 959 5695 [Al.,
993 5621 1243 5693 queunt],
1281 5632 1338 5677 et
1360 5635 1489 5676 caro
1525 5627 1686 5674 tante
1716 5634 1869 5672 mun—
1968 5614 2024 5669 in
2079 5611 2271 5667 animm
2323 5608 2656 5664 substantia?
2718 5608 2845 5665 dum
2878 5618 2930 5665 te
2967 5624 3191 5680 perraro
3227 5610 3398 5669 oculis
3435 5611 3544 5665 vidi

356 5738 389 5768 ⁸
441 5731 627 5790 Sancti
664 5730 944 5803 Augustini
967 5731 1287 5787 sententiam
1315 5729 1381 5786 de
1411 5729 1617 5801 origine
1667 5727 1860 5783 animae
1896 5725 2134 5799 reperies
2161 5723 2215 5779 in
2244 5722 2359 5795 c-jus
2382 5721 2541 5792 epist.
2569 5720 2685 5777 i66.
