3894 6182
203 289 324 346 ὒᾶθ

1029 286 1356 346 MORALIA.
1397 317 1468 328 —
1505 288 1594 344 DE
1638 287 2104 346 CONFESSIONE
2146 289 2630 349 PECCATORUM.
2720 344 2740 353 _

3374 300 3477 357 650

283 404 402 460 Hoc
431 417 656 458 carmen
698 401 794 457 tibi
840 400 1013 457 cecini
1056 403 1271 458 senario
1314 416 1542 456 numero
1579 390 1798 467 nobile',
1826 404 1882 464 Α
1975 401 2054 455 Tu
2080 399 2450 455 misericordia
2478 415 2622 465 mea,
2650 397 2911 454 miserere
2943 400 3096 455 mihi.

209 495 310 566 qui
347 508 610 550 numerus
639 491 1070 563 perfectissimus
1094 490 1209 564 ,[Αι.
1235 531 1249 556 ,
1277 489 1574 562 perfectus]
1618 496 1702 545 est
1745 491 1802 545 in

210 584 330 640 suis
360 582 630 654 partibus,
662 589 713 636 te
740 589 934 651 optans
973 596 1095 636 esse
1127 579 1424 651 perfectam
1468 580 1523 636 in
1554 579 1802 635 sensibus

214 677 348 732 tuis.
380 673 549 743 Cujus
576 673 788 728 numeri
817 673 1086 727 rationem
1104 714 1118 738 ,
1150 674 1292 727 sicut
1321 683 1380 727 et
1413 672 1642 726 aliorum
1663 712 1678 737 ,
1713 686 1804 725 sa-

211 764 597 838 pientissimus
609 763 904 833 imperator
920 770 1024 816 tua:
1035 761 1290 832 perfacile
1315 762 1601 816 ostendere
1629 767 1809 831 potest

213 857 539 929 sagacitati;
573 853 729 924 cujus
753 854 952 910 mentis
981 854 1229 910 miranda
1257 861 1344 909 est
1373 853 1648 919 nobilitas,
1680 853 1807 908 dum

214 949 366 1002 inter
421 955 604 1001 tantas
649 945 835 1016 palatii
888 960 1049 1000 curas
1103 953 1159 1001 et
1218 945 1370 1016 regni
1418 944 1807 1015 occupationes

215 1039 667 1110 philosophorum
701 1036 931 1108 pleniter
959 1053 1161 1093 arcana
1189 1037 1401 1092 curavit
1427 1038 1571 1092 scire
1600 1044 1808 1108 myste-

218 1133 326 1196 ria,
359 1131 500 1202 quod
529 1131 623 1185 vix
651 1131 762 1184 otio
793 1138 1016 1199 torpens
1062 1129 1198 1184 alius
1242 1130 1364 1200 quis
1413 1130 1573 1185 modo
1611 1145 1810 1200 cogno-

218 1235 377 1276 scere
422 1220 619 1275 studet.
658 1218 770 1273 Nec
817 1218 916 1272 tibi
953 1234 983 1272 a
1021 1219 1178 1273 nobis
1216 1233 1442 1273 necesse
1489 1226 1574 1274 est
1613 1233 1809 1274 causas

213 1327 465 1382 quarere
495 1325 697 1376 rerum,
721 1309 807 1363 vel
826 1311 1068 1364 rationes
1093 1309 1334 1380 physicae
1360 1310 1604 1365 occultas
1630 1311 1809 1365 scien-

214 1404 312 1457 tia
339 1444 355 1468 ,
384 1402 511 1455 dum
542 1400 686 1454 illius
715 1399 1018 1454 clarissima
1052 1400 1293 1470 quotidie
1321 1401 1491 1455 uteris
1521 1400 1806 1471 sapientia,

219 1511 287 1550 ac
315 1496 683 1551 venerandam
711 1495 944 1550 intueris
971 1494 1185 1550 faciem.
1218 1493 1330 1549 Nec
1349 1484 1447 1548 tibi
1473 1494 1633 1564 longo
1657 1493 1809 1547 labo-

217 1586 478 1655 riosoque
502 1586 696 1640 itinere
724 1585 791 1640 de
816 1583 1094 1654 [Ethiopia
1121 1583 1495 1654 Hierosolyma
1538 1583 1811 1638 visitanda

215 1685 334 1742 est,
373 1685 434 1730 ut
469 1677 654 1732 videas
706 1675 1049 1733 Salomonem
1095 1676 1163 1730 de
1215 1690 1399 1731 rerum
1443 1675 1811 1744 disputantem

1972 489 2526 564 Miserere,gDomine,
2555 489 2835 558 miserere,
2867 470 3085 548 Christe
3111 532 3125 557 ,
3166 500 3223 548 ut
3266 498 3487 553 credam

1906 582 1959 635 in
1993 589 2066 636 te.

1975 669 2253 736 Miserere,
2295 669 2523 725 Domine
2546 709 2562 737 ,
2599 671 2881 738 miserere,
2909 670 3125 731 Christe
3151 716 3167 743 ,
3205 686 3266 733 ut
3286 693 3486 751 cogno-

1906 775 2056 815 scam
2085 768 2158 814 te.

1975 849 2514 916 Miserere,Domine,
2543 849 2822 917 miserere,
2838 849 3075 919 Christe,
3100 855 3390 928 utdiligam
3412 867 3485 915 te.

1978 937 2255 1004 Miserere,
2287 937 2512 993 Domine
2537 979 2552 1004 ,
2584 939 2863 1006 miserere,
2895 939 3110 998 Christe
3133 983 3146 1009 ,
3169 954 3230 1000 ut
3273 962 3489 1017 sperem

1907 1029 1964 1084 in
1991 1037 2062 1082 te.

1981 1119 2253 1201 Miserere,
2271 1119 2514 1185 Domine,
2529 1119 2806 1188 miserere,
2821 1121 3053 1190 Christe,
3079 1134 3140 1180 ut
3161 1126 3342 1181 anima
3369 1143 3492 1184 mea

1907 1209 2053 1264 vivat
2083 1211 2137 1264 in
2169 1218 2239 1264 te.

1979 1300 2258 1365 Miserere,
2289 1299 2534 1368 Domine,
2566 1301 2845 1368 miserere,
2871 1301 3104 1370 Christe,
3128 1314 3189 1360 ut
3212 1321 3342 1362 caro
3367 1322 3489 1362 mea

1907 1390 2143 1443 exsultet
2164 1391 2217 1444 in
2241 1398 2312 1445 te.

1981 1481 2259 1547 Miserere,
2284 1481 2531 1550 Domine,
2563 1483 2848 1550 miserere,
2872 1483 3108 1552 Christe,
3141 1496 3201 1542 ut
3236 1490 3348 1544 vita
3372 1507 3494 1547 mea

1909 1570 2163 1643 proﬁciat
2191 1573 2246 1626 in
2276 1581 2348 1626 te.

1983 1663 2259 1730 Miserere,
2297 1665 2543 1732 Domine,
2574 1666 2716 1720 Deus
2766 1666 2948 1734 Pater,
2980 1668 3149 1739 gloria
3179 1686 3299 1726 mea
3325 1712 3340 1738 ,
3384 1672 3496 1726 vita

220 1767 462 1821 naturis.
489 1767 626 1823 Ecce
645 1766 803 1837 juxta
834 1776 887 1822 te
911 1775 1014 1833 est,
1034 1782 1195 1837 quem
1220 1782 1319 1837 per
1339 1775 1522 1822 tantas
1543 1774 1812 1822 terrarum
1842 1748 1886 1809 Β
1916 1767 2054 1807 mea-

223 1855 576 1912 difﬁcultates
599 1858 784 1928 regina
811 1855 1062 1927 quaesivit
1088 1855 1292 1911 Austri.
1326 1856 1433 1912 Sed
1461 1872 1584 1912 cum
1622 1857 1813 1911 eadem

215 1944 433 2000 celebri
481 1945 634 2001 laude
661 1945 758 2001 tibi
789 1946 1076 2001 dicendum
1101 1954 1186 2001 est
1212 1965 1223 2000 :
1253 1945 1405 2000 Beati
1451 1948 1552 2002 viri
1603 1949 1714 2014 tui,
1765 1959 1815 2003 et

210 2035 369 2090 beati
393 2037 530 2090 servi
558 2038 657 2103 tui,
683 2038 772 2111 qui
803 2046 942 2092 stant
973 2053 1152 2092 coram
1194 2047 1244 2092 te
1271 2055 1504 2110 semper,
1519 2050 1566 2093 et
1592 2041 1814 2096 audiunt

208 2127 539 2196 sapientiam
561 2136 726 2181 tuam.
753 2126 838 2183 Sit
867 2125 1125 2182 Dominus
1160 2127 1304 2182 Deus
1339 2136 1459 2182 tuus
1494 2127 1814 2194 benedictus,

210 2216 317 2270 cui
350 2216 733 2287 complacuisti,
767 2227 814 2271 et
847 2217 1020 2287 posuit
1070 2226 1118 2271 te
1157 2235 1314 2288 super
1349 2219 1593 2272 thronum
1637 2218 1816 2287 populi

215 2309 312 2363 tui
341 2347 356 2374 ,
392 2325 450 2363 eo
478 2309 619 2380 quod
651 2308 896 2364 dilexerit
939 2307 1196 2362 Dominus
1247 2305 1500 2378 populum
1551 2324 1703 2361 suum
1761 2307 1816 2361 in

215 2401 605 2470 smpiternam
642 2397 763 2470 (III
796 2397 927 2470 Reg.
968 2415 1024 2464 Χ,
1057 2399 1083 2452 1
1119 2407 1166 2452 et
1195 2398 1380 2470 seqq.).

301 2512 346 2569 0
373 2512 496 2569 ﬁliae
525 2511 823 2568 Jerusalem
849 2552 865 2578 ,
888 2513 1096 2568 cernite
1116 2511 1462 2569 Salomonem
1486 2521 1732 2569 nostrum
1761 2515 1815 2570 in

221 2606 535 2661 diademate
583 2603 876 2675 fulgentem
933 2604 1250 2674 sapientiai;
1296 2604 1586 2659 imitamini
1639 2620 1818 2660 mores

219 2696 374 2752 illius
401 2695 799 2760 nobilissimos;
834 2694 1164 2750 aversamini
1198 2695 1348 2760 vitia,
1378 2695 1539 2750 colite
1567 2696 1816 2752 virtutes.

220 2788 425 2859 Magna
452 2787 606 2841 vobis
633 2785 914 2852 incumbit,
965 2785 1011 2841 si
1063 2785 1408 2841 dissimulare
1458 2801 1567 2841 non
1613 2786 1816 2853 vultis,

217 2877 435 2948 optime
483 2875 701 2929 vivendi
761 2875 1103 2940 necessitas,
1143 2869 1297 2945 153
1328 2873 1456 2929 dum
1505 2875 1650 2945 apud
1695 2890 1820 2930 eum

219 2965 476 3038 quotidie
521 2965 815 3021 versamini
846 2963 953 3038 [AL
981 3006 1010 3032 ,.
1028 2964 1452 3038 conversamini]
1471 3005 1486 3031 ,
1515 2965 1572 3020 in
1602 2981 1711 3037 quo
1740 2973 1823 3022 to-

223 3057 344 3111 tius
370 3056 676 3110 honestatis
711 3055 920 3110 habetis
949 3055 1246 3126 exemplar,
1268 3064 1534 3126 quatenus
1560 3071 1660 3128 per
1685 3071 1822 3128 prte-

223 3158 418 3204 sentes
440 3147 575 3224 [Αι.,
602 3165 701 3219 per
717 3148 1021 3221 praesentis]
1043 3148 1187 3205 illius
1212 3150 1614 3206 sacratissimos
1644 3166 1824 3208 mores

223 3239 302 3295 ad
323 3228 438 3308 ejus
461 3255 587 3294 cum
607 3239 794 3294 eodem
815 3241 1098 3310 pervenire
1117 3241 1436 3296 mereamini
1453 3242 1822 3312 prasentiam,

222 3332 303 3386 de
331 3345 440 3400 quo
471 3329 586 3400 ipsa
636 3330 838 3384 cecinit
890 3329 1173 3400 Sapientia
1207 3350 1220 3386 :
1253 3331 1542 3388 Ferculum
1577 3335 1678 3388 sibi

225 3519 533 3577 argenteas,
547 3509 939 3565 reclinatorium
962 3529 1201 3580 aureum,
1217 3531 1492 3569 ascensum
1503 3532 1825 3586 purpureum

224 3596 412 3650 media
459 3597 716 3652 charitate
757 3601 1040 3654 constravit
1084 3611 1295 3671 propter
1344 3601 1486 3670 ﬁlias
1528 3602 1823 3658 Jerusalem

224 3683 419 3757 (Cant.
453 3704 540 3754 tu,
577 3686 630 3755 9,
675 3688 786 3761 10).

894 3805 1173 3861 LITANIA

674 3911 770 3953 εει]
808 3913 1070 3955 PRECA'I‘IO
1109 3916 1176 3954 AD
1214 3915 1503 3956 CHRISTUI.

302 4002 591 4073 Miserere,
629 4007 874 4074 Domine,
904 4009 1186 4077 miserere,
1222 4009 1458 4067 Christe.

302 4106 337 4170 fl
367 4094 447 4170 Ex
467 4097 599 4170 cod.
617 4113 720 4153 ms.
753 4098 1166 4170 Tegernseensi.

303 4164 334 4202 ιι
369 4164 429 4220 ln
462 4167 668 4236 codice
728 4164 859 4225 ms.'
891 4169 1327 4229 Sanct—Gallensi
1349 4212 1366 4236 ,

227 4233 422 4308 (Tom.
454 4235 498 4290 Il
521 4237 682 4294 Thes.
708 4238 1214 4316 Monument.__Ed_it_.
1247 4233 1524 4316 Bas-nagii,
1556 4258 1676 4316 pag.
1703 4243 1827 4316 577)

225 4320 376 4360 usus
401 4315 506 4373 est,
533 4317 656 4384 post
678 4312 990 4384 praecedens
1031 4311 1304 4384 distichon
1342 4311 1831 4384 alii'seq'uebantur

226 4390 454 4442 versus,
479 4379 572 4453 qui
599 4394 666 4433 an
699 4381 766 4433 ad
791 4379 1055 4453 Eulaliam
1074 4382 1160 4436 vel
1183 4382 1252 4436 ad
1281 4379 1563 4453 epistolam
1592 4383 1667 4438 illi
1697 4383 1833 4439 scri-

227 4454 391 4520 ptam
418 4449 765 4520 pertineant,
796 4466 919 4504 cum
950 4452 1128 4520 potius
1179 4449 1450 4508 varidrum
1477 4454 1721 4509 locorum
1750 4455 1832 4508 in-

228 4516 570 4586 scriptiones
603 4520 734 4586 sint,
758 4516 1273 4578 merito'dubitatur.
1315 4522 1396 4578 Ita
1425 4539 1554 4580 vero
1582 4533 1782 4580 sonant
1813 4543 1825 4579 :

301 4627 434 4698 Du_m
457 4631 639 4698 sedeas
663 4632 804 4683 laetus
824 4633 1022 4697 pulchra
1048 4648 1299 4698 possessor
1323 4637 1372 4685 in
1397 4636 1508 4687 aula
1529 4676 1544 4698 ,

370 4689 496 4741 Tum
520 4696 727 4744 miseros
743 4689 932 4746 stantes
957 4689 1070 4748 esse
1095 4705 1345 4748 memento
1373 4699 1516 4749 foras.

307 4749 436 4820 υιε..
461 4755 551 4803 tibi
579 4766 868 4820 perpetuam
887 4760 970 4820 qui
999 4760 1193 4808 tradidit
1219 4761 1359 4808 istam

367 4813 799 4878 Jamque'doinum
821 4813 1042 4870 clemens
1058 4821 1274 4870 Christus
1292 4822 1341 4869 in
1372 4831 1490 4871 arce
1511 4819 1628 4884 poli.
1684 4872 1697 4885 κ

1424 4186 1533 4241 quo
1579 4172 1831 4229 Canisius

1992 1843 2272 1911 Miserere,
2301 1846 2517 1903 Christe
2559 1848 2830 1917 Salvator,
2872 1851 3020 1907 salus
3060 1867 3212 1919 mea,
3242 1851 3501 1909 fortitudo

1917 1953 2058 1994 mea.

1989 2025 2266 2095 Miserere,
2293 2027 2876 2104 SpiritusParacletus,
2901 2033 3204 2091 consolatio
3227 2051 3370 2104 mea,
3386 2036 3502 2090 illu-

1919 2118 2145 2174 minatio
2172 2135 2314 2175 mea.

1991 2205 2268 2274 Miserere,
2310 2207 2557 2275 Domine,
2591 2211 2733 2264 Deus
2762 2211 3003 2266 Trinitas
3031 2221 3086 2266 et
3119 2213 3331 2269 Unitas.

1991 2291 2068 2371 Te
2095 2297 2278 2364 laudo,
2311 2308 2365 2354 te
2395 2299 2582 2366 adoro,
2615 2309 2667 2355 te
2697 2302 2980 2358 conﬁteor.

1990 2385 2103 2444 Pax
2135 2405 2277 2456 mea,
2317 2405 2444 2460 spes
2479 2407 2619 2457 mea,
2653 2392 2770 2449 laus
2797 2410 2941 2461 mea,
2971 2397 3062 2451 lux
3090 2413 3230 2453 mea.

1990 2477 2340 2535 Pulchritudo
2367 2495 2509 2546 mea,
2544 2481 2822 2539 beatitudo
2849 2501 2990 2539 mea.

1993 2567 2114 2623 Tibi
2134 2568 2272 2634 laus,
2302 2569 2398 2624 tibi
2431 2570 2620 2640 gloria,
2666 2571 2764 2626 tibi
2803 2575 3099 2644 gratiarum
3125 2577 3268 2632 actio
3294 2592 3512 2649 semper

1919 2656 2120 2728 ubique
2146 2658 2200 2712 in
2228 2659 2424 2714 saecula
2454 2663 2802 2732 sempiterna.

2531 2762 2556 2792 α
2597 2750 2900 2806 CARMEN.

1925 2837 2066 2905 Quid
2096 2839 2310 2910 mystice
2360 2840 2888 2965 signiﬁcent’palmaz
2941 2845 2996 2898 in
3044 2845 3283 2900 manibus
3315 2848 3510 2918 gestari

2497 2930 2505 2934 -
2609 2927 2797 2965 εοιω.

2497 2930 2505 2934 ”
2609 2927 2797 2966 εοιιιω.

1925 2999 2167 3056 Candida
2188 3000 2453 3073 ﬁorigeris
2479 3002 2661 3058 lucent
2685 3019 2783 3058 ceu
2807 3004 2918 3060 lilia
2946 3008 3155 3077 campis

1849 3124 1897 3186 ο
1925 3089 2151 3162 Fulgeat
2176 3092 2231 3145 in
2264 3092 2473 3146 meritis
2497 3093 2575 3147 sic
2601 3093 2689 3163 pia
2724 3093 2875 3165 virgo
2905 3097 3079 3150 sacris
3108 3097 3154 3149 δ.

1927 3181 2188 3238 Versibus
2207 3197 2477 3252 exponam
2506 3183 2761 3251 breviter,
2788 3184 2917 3255 quid
2940 3185 3118 3255 palma
3141 3187 3317 3243 amice
3340 3199 3362 3226 α

1928 3269 2227 3342 Signiﬁcet,
2259 3272 2507 3327 manibus
2529 3288 2664 3342 quas
2693 3289 2794 3329 nos
2821 3275 3160 3344 portabimus
3181 3291 3390 3332 omnes.

788 3333 1173 3440 [iféaﬂemfa
1207 3350 1220 3386 ³
1253 3333 1542 3440 erculum
1577 3335 1678 3437 ξίθί
1926 3333 2113 3419 Palma
2139 3333 2223 3418 tui
2243 3364 2476 3436 signum,
2507 3333 2701 3437 magne
2725 3374 2810 3422 est
2822 3333 2949 3422 lies
2970 3367 3206 3436 Christe,
3233 3367 3513 3440 triumphi.

225 3437 329 3474 rex
377 3417 726 3528 Salomonnde
760 3420 916 3523 lignis
944 3421 1173 3488 Libani;
1225 3422 1497 3479 columnas
1543 3425 1658 3496 ejus
1705 3425 1826 3494 fecit
1927 3417 2116 3511 Ρηωᾷ
2150 3417 2756 3528 ’ἰρέοέ

2795 3474 2896 3515 nos
2933 3461 3154 3515 vincere
3179 3475 3400 3517 carnem
3423 3501 3440 3529 ,

1926 3547 2116 3603 Palma
2142 3554 2229 3603 est
2263 3548 2530 3603 mercedis
2559 3548 2775 3620 signum
2802 3549 3023 3606 cmleste
3052 3550 3265 3607 futurae.

1928 3641 2053 3695 Haec
2077 3640 2256 3710 palma
2283 3641 2533 3695 hortatur
2561 3642 2727 3696 vitam
2753 3641 2974 3714 sperare
3005 3644 3267 3708 futuram.

1927 3733 1985 3788 ln
2011 3747 2173 3788 cruce
2200 3733 2487 3800 pendentis
2517 3732 2719 3789 Christi
2747 3745 2834 3790 est
2863 3737 3088 3791 victoria
3116 3738 3311 3806 prima.

1930 3823 2164 3878 Vincere
2185 3837 2287 3877 nos
2315 3821 2462 3893 ipsos
2497 3838 2605 3877 non
2635 3832 2722 3878 est
2744 3826 2971 3879 victoria
3002 3841 3190 3894 parva.

1931 3915 2012 3969 Tu
2041 3923 2096 3969 te
2121 3914 2300 3978 vince,
2329 3928 2544 3983 precor,
2576 3928 2792 3984 semper
2814 3923 2866 3969 te
2892 3916 3070 3980 vince,
3103 3900 3280 3974 amica

1931 4001 2122 4072 Sitque
2149 4002 2225 4056 tui
2253 4001 2502 4057 Christus
2531 4016 2742 4057 merces
2765 4002 2999 4073 ﬁnisque
3025 4004 3246 4061 laboris.

1994 4135 2199 4203 Frigora
2217 4137 2302 4197 qui
2326 4135 2499 4203 fugiat,
2527 4137 2693 4186 veniat
2715 4137 3048 4203 suamcmbra
3073 4136 3265 4203 fovere,

2057 4197 2128 4245 Ad
2153 4210 2232 4246 me
2258 4197 2553 4257 prmgelidus
2571 4209 2748 4257 nempe
2777 4200 2932 4248 viator
2955 4213 3120 4248 ovans.

1994 4259 2121 4322 Crux
2148 4265 2333 4308 sacrata
2359 4257 2454 4309 Dei
2479 4257 2709 4322 fulgescit
2730 4263 2969 4322 sanguine
2989 4263 3162 4310 summi
3186 4296 3203 4320 ,

2057 4319 2155 4370 Nos
2183 4327 2493 4384 nostramque
2519 4319 2660 4384 simul
2687 4319 2915 4384 protegat
2936 4323 3058 4371 alma
3085 4319 3299 4375 domum.

1998 4381 2118 4450 litae
2139 4389 2307 4450 pateat
2332 4383 2491 4432 charis
2504 4383 2600 4444 jam
2617 4381 2760 4444 janua
2785 4381 2986 4447 semper
3003 4385 3167 4434 amicis
3191 4424 3208 4450 ,

2059 4446 2152 4502 Qui
2176 4443 2290 4495 laeto
2313 4443 2535 4504 quaerant
2559 4443 2763 4504 pectore
2788 4443 3000 4507 namque
3025 4443 3237 4508 patrem.

1860 4478 1912 4542 θ
2000 4507 2094 4555 I'lc
2118 4505 2389 4555 requiescit
2413 4519 2562 4555 ovans
2585 4507 2751 4555 abbas.
2779 4518 3027 4555 sauusuue
3054 4521 3237 4555 resurz:

2049 4509 2094 4569 lc
2118 4505 2389 4566 requiescit
2413 4519 2562 4555 ovans
2585 4507 2751 4568 abbas,
2779 4505 3037 4569 sanusque
3054 4514 3280 4569 resurgat

2063 4568 2324 4629 Quem_tua
2349 4576 2610 4617 conservet
2633 4569 2861 4622 dextera.
2888 4567 3078 4616 Christe
3107 4567 3298 4629 potEns.

1998 4631 2074 4680 Sit
2097 4630 2178 4678 tibi
2206 4627 2428 4691 Christus
2445 4642 2598 4687 amor,
2621 4635 2780 4691 potus,
2805 4630 2964 4685 cibus,
2991 4627 3148 4691 omnia
3173 4631 3410 4691 Christus,

2063 4691 2190 4748 Lux,
2219 4690 2314 4748 via,
2342 4692 2463 4752 vita,
2486 4688 2636 4751 salus,
2657 4688 2795 4749 laus,
2824 4689 3106 4738 venerande
3135 4691 3298 4741 Pater.

2009 4803 2031 4830 ε
2066 4791 2227 4846 Forte
2255 4789 2384 4859 leg.,
2407 4790 2609 4850 amictu,
2645 4786 2856 4843 scilicet
2882 4803 3138 4859 exponam
3169 4791 3372 4844 amictu.

909 5079 1070 5154 ³⁵⁸
1153 5093 2002 5212 OPUSCULUM
2103 5087 2879 5206 SEPTIMUM.

621 5290 731 5353 DE
771 5291 1313 5376 COXFESSIONE
1365 5293 1902 5357 PECCATORUM
1950 5294 2057 5353 ΑῘ)
2103 5291 2412 5353 PUEROS
2464 5291 2748 5354 SANCTI
2800 5293 3168 5356 MARTINI.

851 5481 1187 5540 EPISTOLA
1211 5497 1258 5538 ι.

324 5571 712 5630 Dilectissimis
734 5574 788 5628 in
821 5572 1040 5630 Christo
1085 5575 1213 5631 filiis
1237 5619 1252 5641 ,
1283 5576 1547 5648 bonaeque
1574 5577 1687 5649 spei
1717 5577 1845 5631 ado-

1953 5482 2286 5546 lescentulis,
2318 5483 2411 5553 qui
2451 5483 2505 5538 in
2535 5483 2768 5539 ecclesia
2815 5482 3012 5537 summi
3059 5481 3331 5553 pontiﬁcis
3359 5498 3540 5557 prote-

1952 5577 2226 5647 ctorisque
2256 5576 2436 5647 magni
2464 5575 2609 5631 beati
2641 5574 2858 5630 Martini
2879 5573 3110 5628 Domino
3131 5572 3258 5630 Jesu
3279 5576 3541 5649 [Al.,Deo

329 5721 355 5749 ι
377 5709 435 5765 ln
461 5710 584 5765 cod.
617 5725 722 5765 ms.
767 5707 826 5764 S.
860 5709 1190 5766 Emmerami
1238 5711 1426 5768 titulus
1452 5719 1538 5767 est
1566 5729 1580 5767 :
1611 5711 1849 5785 Epistola
1877 5723 1924 5768 et
1963 5713 2252 5769 admonitio
2291 5713 2467 5770 Albini
2497 5713 2566 5768 ad
2587 5731 2776 5786 pueros
2802 5724 2850 5769 et
2891 5712 3330 5779 adolescentulos,
3363 5716 3419 5770 id
3442 5726 3542 5784 est.

667 5803 946 5863 Parant.
998 5803 1097 5863 CI.

3048 5807 3120 5866 ‘21
