3894 6182
444 258 541 311 651

1262 257 1323 315 B.
1364 258 1426 316 χ.
1470 255 1694 315 suam
1733 226 1863 316 seu
1902 255 2178 314 ALCUlNl
2215 255 2501 315 OPERUM
2539 260 2718 319 mus
2755 261 2852 318 tv.

3607 268 3722 325 653

441 368 595 443 Jesu]
641 369 913 427 deservire
958 370 1209 427 videntur
1237 413 1252 436 ,
1300 380 1461 440 atque
1516 371 1586 426 ab
1637 368 2022 424 ecclesiasticis
2051 368 2097 426 A
2125 381 2191 427 eo
2234 368 2445 426 dicente
2472 380 2527 425 et
2553 373 2606 427 in
2632 373 2738 427 alio
2766 372 3058 444 Scriptura:
3086 373 3208 430 loco
3248 392 3260 428 :
3305 373 3372 429 In
3399 393 3721 450 quacunque

442 460 762 517 erudiuntur
806 463 1080 534 magistris
1121 463 1177 517 in
1208 462 1437 519 Domino
1470 463 1582 517 Deo
1611 460 1765 533 [δίδη
1787 461 1842 515 in
1865 460 2025 531 domo

417 551 562 625 ’Dei]
610 567 714 625 ego
759 551 987 609 Albinus
1021 550 1175 626 [Cod.
1217 552 1277 608 S.
1313 548 1841 621 Em.,Alcbuuinus]
1884 549 2024 604 bene

443 647 670 718 cupiens
719 646 911 703 salutis
940 653 1134 703 vestras
1154 686 1169 712 ,
1199 654 1417 701 aeternae
1460 643 1841 715 prosperitatis
1867 639 1974 713 [ΑΙ.
2005 681 2020 706 ,

442 739 633 795 salutis
659 747 851 797 vestra:
876 736 1316 810 prosperitatem]
1340 737 1394 792 in
1429 736 1647 792 Christo
1678 736 1906 794 Domino
1935 753 2023 793 sa-

442 832 629 889 lutem.

508 926 550 982 l.
582 926 910 983 Desiderans
936 941 1053 990 vos,
1088 924 1180 979 ﬁlii
1208 924 1537 990 charissimi,
1569 923 1623 979 in
1653 923 1883 979 salutem
1905 924 2023 978 ani-

441 1033 653 1074 marum
681 1017 944 1088 proﬁcere
970 1024 1275 1072 vestrarum
1298 1056 1314 1082 ,
1363 1016 1486 1071 ideo
1532 1015 1741 1087 aliquas
1791 1022 2022 1086 paterno

439 1108 635 1164 affectu
670 1108 822 1163 vobis
848 1106 1247 1162 admonitiones
1298 1105 1441 1162 dulci
1486 1122 1739 1163 sermone
1786 1105 2021 1177 dirigere

438 1198 659 1264 studui,
710 1205 771 1252 ut
796 1212 894 1268 per
921 1212 1017 1252 eas
1038 1196 1325 1268 praesentis
1351 1197 1474 1251 vitae
1501 1196 1920 1267 prosperitatem
1966 1203 2023 1248 et

437 1288 664 1354 futuras,
694 1287 808 1344 Deo
828 1288 1142 1354 miserante,
1172 1286 1560 1342 beatitudinem
1590 1286 1792 1342 habere
1812 1300 2021 1340 merea-

436 1378 591 1445 mini,
624 1386 681 1434 et
713 1377 933 1450 fragiles
960 1385 1159 1434 vestrze
1187 1379 1364 1432 aetatis
1392 1392 1566 1433 annos
1595 1378 1650 1431 in
1680 1377 1779 1432 Dei
1801 1375 2021 1432 servitio

436 1470 617 1527 edocti
646 1470 714 1525 ad
738 1469 1041 1541 perfectum
1072 1469 1370 1525 senectutis
1416 1470 1560 1525 diem
1591 1469 1879 1525 adducere.
1911 1470 2019 1524 Vos

436 1572 673 1631 quoque,
699 1559 874 1614 sancti
902 1559 1113 1625 Patres,
1143 1559 1348 1613 lumina
1388 1557 1548 1628 hujus
1591 1559 1846 1614 fraterna:
1891 1572 2020 1613 con-

437 1649 767 1723 gregationis
791 1689 807 1716 ,
852 1650 1104 1704 doctores
1131 1656 1188 1704 et
1214 1649 1468 1703 ductores
1508 1649 1563 1703 in
1602 1648 1748 1703 omni
1774 1646 2019 1729 bpnitate

2123 459 2209 513 die
2238 470 2479 530 peccator
2508 478 2786 517 conversus
2817 461 2995 532 fuerit,
3035 465 3138 518 vita
3174 465 3305 519 vivet
3334 506 3350 531 ,
3378 475 3427 520 et
3461 484 3568 522 non
3599 486 3721 525 ἠοε-

2123 550 2288 605 rietur
2321 550 2540 623 (Ezech.
2576 569 2774 619 χχχιιι,
2806 553 2893 619 12,
2938 553 3047 627 15).
3081 554 3126 611 Ο
3155 555 3430 626 singulare
3456 557 3713 615 clemen-

2121 640 2318 696 tissimi
2360 641 2563 710 judicis
2607 642 2968 699 beneﬁcium!
3018 644 3063 700 Ο
3109 645 3456 716 magniﬁcum
3514 647 3720 705 divinae

2118 732 2339 802 pietatis
2366 732 2685 787 thesaurum
2709 734 2722 788 !
2754 733 2983 803 Propter
3022 735 3128 789 hoc
3157 751 3186 789 a
3215 736 3575 806 peccantibus
3597 738 3721 794 vult

2120 822 2479 879 confessionis
2515 839 2712 879 munus
2749 825 3017 895 accipere,
3039 831 3100 878 ut
3129 841 3239 880 non
3269 826 3533 891 inveniat,
3565 830 3718 897 quod

2118 914 2305 970 ulcisci
2334 915 2544 970 debeat.
2565 914 2683 970 Non
2712 915 2882 971 simus
2904 916 3103 987 ingrati
3130 924 3294 971 tanta:
3318 917 3719 974 benevolentia:

2121 1004 2500 1074 Redemptoris
2527 1006 2699 1060 nostri
2729 1024 2741 1060 :
2769 1006 2862 1076 qui
2886 1006 3058 1077 magis
3084 1007 3199 1060 vult
3225 1006 3378 1079 [Cod.
3414 1005 3560 1073 Vat.,
3596 1024 3717 1064 ma-

2068 1120 2083 1129 ο
2118 1094 2254 1167 vult]
2285 1096 2562 1166 ignoscere
2589 1112 2752 1167 quam
2802 1096 3030 1167 punire;
3070 1099 3243 1169 magis
3279 1098 3492 1155 salvare
3539 1117 3717 1172 quam

2118 1185 2365 1255 perdere.
2394 1185 2709 1255 Acquiritur
2733 1184 2965 1241 Domino
2988 1228 3002 1253 ,
3055 1189 3201 1258 quod
3244 1204 3353 1244 non
3399 1192 3631 1261 punitur
3656 1193 3713 1248 in

2120 1289 2278 1329 servo
2310 1293 2323 1328 :
2355 1283 2412 1329 et
2439 1275 2668 1330 multum
2713 1275 2995 1332 confertur
3041 1279 3246 1333 auctori
3277 1320 3292 1345 ,
3325 1280 3371 1335 si
3418 1282 3715 1351 deputatus

2117 1380 2294 1435 preme
2320 1367 2493 1421 venite
2512 1368 2867 1424 condonetur.
2892 1368 3004 1424 Nec
3023 1379 3175 1440 optat
3196 1370 3402 1436 ulcisci,
3428 1374 3521 1443 qui
3548 1374 3712 1445 155

2118 1464 2341 1526 paratus
2365 1463 2452 1511 est
2493 1458 2738 1513 misereri
2766 1478 2778 1514 :
2810 1460 2928 1530 ipso
2953 1461 3019 1515 de
3046 1477 3105 1517 se
3143 1477 3243 1532 per
3267 1462 3601 1533 Prophetam
3631 1467 3715 1521 di-

2119 1555 2275 1602 cente
2308 1565 2320 1601 :
2358 1545 2498 1600 Nolo
2533 1559 2753 1603 mortem
2797 1553 3107 1621 peccatoris,
3139 1553 3230 1607 sed
3274 1563 3330 1607 ut
3375 1564 3715 1610 convertatur

2118 1645 2167 1691 et
2193 1639 2329 1692 vivat
2361 1636 2553 1710 [Ibid.,
2582 1638 2693 1712 ll].
2718 1639 2859 1695 Ecce
2883 1657 3044 1697 verus
3071 1643 3197 1698 vita:
3220 1652 3439 1710 auctor,
3481 1644 3572 1715 qui
3599 1662 3709 1702 non

431 1716 755 1810 iuventutis,
781 1739 1066 1810 deprecor,
1086 1746 1151 1794 ut
1175 1739 1513 1795 admoneatis
1540 1753 1637 1793 eos
1659 1779 1674 1803 ,
1716 1737 1769 1791 id
1797 1716 1911 1803 est,
1936 1736 2019 1791 di-
2050 1716 2094 1776 Β
2122 1728 2233 1783 vult
2255 1730 2534 1799 peccantis
2558 1738 2788 1786 mortem
2814 1772 2829 1798 ν
2873 1733 2969 1787 sed
3004 1737 3372 1791 convertentis
3395 1735 3503 1807 [ΑΙ.
3529 1779 3543 1804 ,
3577 1753 3711 1794 con-

437 1832 672 1906 scipulos
715 1840 928 1888 vestros
951 1873 966 1899 ,
996 1840 1058 1887 ut
1085 1832 1328 1888 studiose
1358 1831 1576 1886 discant
1616 1844 1736 1900 quae
1763 1830 1876 1885 Deo
1902 1827 2019 1899 pla-

436 1930 565 1978 cent
588 1920 725 1996 [Αι.,
751 1921 1048 1995 placeant],
1071 1928 1128 1978 et
1155 1922 1226 1980 ad
1259 1921 1489 1978 salutem
1515 1921 1822 1976 animarum
1851 1920 2019 1990 perti-

435 2021 569 2070 nent
593 2029 815 2070 suarum
842 2033 856 2069 :
881 2022 1151 2086 quatenus
1180 2028 1248 2069 ex
1276 2012 1490 2068 illorum
1525 2010 1774 2083 profectu
1812 2018 1869 2066 et
1891 2024 2017 2082 pro—

435 2102 698 2173 speritate
724 2118 821 2161 vos
847 2110 1168 2175 perpetuam
1192 2103 1335 2173 apud
1372 2102 1665 2159 Dominum
1710 2100 1845 2175 [Al.,
1874 2100 2017 2171 apud

435 2192 627 2267 Deum]
657 2194 905 2253 habeatis
949 2193 1273 2250 mercedem.
1326 2192 1700 2250 Exhortamini
1740 2190 1884 2257 illos,
1922 2204 2014 2245 so—

433 2287 550 2347 brie
579 2327 593 2353 ,
630 2295 782 2344 caste
806 2328 822 2353 ,
850 2286 1047 2359 pudice
1076 2327 1092 2352 ,
1130 2300 1256 2341 cum
1292 2285 1441 2340 omni
1466 2284 1772 2339 humilitate
1806 2290 1864 2338 et
1885 2281 2016 2338 obe-

434 2378 636 2435 dientia
676 2378 785 2435 Deo
808 2378 1013 2434 servire
1034 2377 1089 2431 in
1110 2376 1267 2432 bonis
1292 2376 1552 2443 moribus,
1579 2383 1634 2431 et
1663 2383 1852 2432 sancta
1884 2387 2016 2428 con-

430 2473 771 2538 versatione,
808 2479 865 2528 et
915 2470 1168 2543 religiosa
1214 2470 1465 2526 castitate
1498 2510 1512 2535 ,
1571 2477 1628 2524 et
1676 2468 1915 2524 maxime
1946 2466 2015 2522 de

432 2563 772 2619 confessione
814 2569 1158 2633 peccatorum
1204 2574 1425 2616 suorum
1457 2579 1470 2613 :
1501 2559 1629 2629 quia
1658 2558 1838 2613 multae
1884 2564 2015 2614 sunt

431 2663 622 2711 contra
675 2652 1108 2711 adolescentulos
1136 2652 1417 2707 diabolicae
1444 2651 1650 2706 fraudis
1698 2652 1907 2706 insidize
1955 2651 2011 2706 in

431 2744 701 2803 desiderio
727 2743 935 2801 carnali
959 2750 1016 2797 et
1039 2742 1252 2799 caeteris
1277 2741 1654 2798 adolescentia:
1679 2742 1842 2797 vitiis.

496 2835 561 2892 ll.
593 2833 703 2893 Sed
725 2832 883 2902 nihil,
907 2833 1019 2889 Deo
1041 2833 1297 2899 donante,
1320 2831 1538 2904 proﬁcit
1564 2832 1619 2887 in
1643 2847 1743 2888 sua
1764 2830 2010 2887 diabolus

430 2926 655 2993 malitia,
691 2925 739 2982 si
766 2939 956 2996 puram
990 2922 1179 2979 volunt
1206 2921 1438 2993 juvenes
1485 2921 1667 2979 facere
1712 2920 2011 2978 confessio-

429 3032 576 3085 nem,
603 3023 660 3072 et
684 3014 895 3072 fructus
929 3015 1121 3088 dignos
1165 3013 1501 3086 pcenitcntiaz
1533 3030 1715 3088 agere,
1739 3014 1793 3069 id
1823 3022 1928 3079 est,
1951 3022 2011 3068 ut

426 3106 739 3165 vulneribus
761 3104 984 3186 Vulnera
1012 3121 1123 3162 non
1148 3105 1584 3178 superadjiciant,
1612 3113 1669 3163 et
1693 3114 1882 3162 sanata
1902 3120 2010 3161 non

427 3198 755 3257 resaueient.
788 3196 1083 3273 [Salutare]
1128 3199 1396 3271 siquidem
1441 3199 1779 3271 poenitentiae
1813 3207 1901 3254 est
1925 3213 2012 3254 re—

426 3289 665 3346 medium
695 3289 1006 3361 pmnitenda
1059 3289 1256 3344 iterum
1282 3305 1392 3345 non
1419 3290 1701 3361 perﬁcere.
1733 3289 2009 3360 Scriptum

427 3388 516 3436 est
541 3381 685 3436 enim
714 3399 729 3433 :
764 3377 1141 3433 Poenitentibus
1169 3379 1314 3434 Deus
1349 3379 1491 3434 dedit
1536 3390 1739 3449 partem
1782 3378 2009 3448 justitiae

426 3468 639 3543 [Vulg.,
675 3470 815 3523 viam
834 3468 1085 3539 justitiaa]
1122 3467 1314 3541 (Eccii.
1347 3485 1482 3535 xvn,
1523 3468 1637 3541 20).
1675 3470 1790 3540 Age
1846 3470 2009 3541 igitur

426 3559 722 3630 pwnitens,
748 3558 964 3630 propria
991 3558 1198 3614 scelera
1222 3558 1484 3615 conﬁtere
1513 3557 1668 3631 [ϐοά.
1704 3558 1853 3626 Vat.,
1883 3576 2010 3616 con-

427 3646 615 3723 ﬁteri],
643 3647 821 3720 pande
845 3663 946 3720 per
968 3648 1367 3705 confessionem
1416 3655 1522 3703 tute
1568 3648 1869 3719 iniquitatis
1916 3666 2007 3705 se-

427 3746 652 3795 cretum.
683 3735 820 3796 Nota
847 3747 976 3797 sunt
1000 3738 1113 3795 Deo
1151 3754 1273 3809 quae
1296 3740 1350 3795 in
1379 3739 1591 3796 occulto
1629 3738 1836 3807 fecisti;
1887 3755 2008 3812 quae

426 3829 473 3885 si
501 3842 613 3885 non
634 3829 833 3885 dixerit
859 3828 1060 3901 lingua,
1088 3844 1197 3886 non
1226 3830 1427 3901 poterit
1453 3829 1630 3886 celare
1651 3832 2001 3888 conscientia.

426 3917 652 3976 Frustra
697 3920 840 3976 intra
867 3920 1104 3992 parietes
1133 3929 1227 3976 tua
1254 3923 1491 3979 aestimes
1513 3921 1694 3995 μίχθη
1742 3922 2002 3996 aestimas]

425 4011 654 4068 crimina
678 4012 954 4068 abscondi.
984 4010 1142 4069 Patet
1171 4011 1325 4085 [Cod.
1359 4010 1505 4079 Vat.,
1529 4012 1684 4085 Pate]
1712 4013 1823 4068 Deo
1843 4028 2006 4068 omne

426 4102 571 4174 quod
607 4103 981 4159 absconditum
1016 4110 1214 4174 putas:
1248 4111 1304 4159 et
1350 4104 1395 4160 si
1438 4104 1673 4159 hominis
1716 4103 1899 4160 oculos
1947 4105 2003 4159 in

425 4194 665 4265 peccatis
685 4192 925 4266 effugere
952 4194 1155 4262 valeas,
1188 4195 1497 4252 nullatenus
1525 4203 1703 4251 tamen
1725 4196 1820 4252 Dei
1847 4212 2004 4267 aspe—

426 4292 577 4340 ctum
610 4284 780 4341 latere
816 4287 1048 4356 poterit,
1076 4287 1336 4357 quidquid
1381 4288 1436 4342 in
1481 4288 1693 4343 occulto
1743 4288 1997 4360 gesseris.

2038 3061 2085 3124 C

2118 1821 2283 1893 versi]
2314 1823 2502 1877 vitam.
2534 1823 2691 1880 Unde
2710 1833 2768 1880 et
2800 1826 2854 1881 in
2887 1825 3178 1899 Evangelio
3199 1829 3316 1898 ipsa
3343 1829 3422 1883 ait
3446 1828 3665 1886 Veritas
3692 1852 3706 1887 :

2118 1910 2206 1968 Sic
2225 1914 2324 1968 erit
2348 1915 2601 1985 gaudium
2626 1916 2682 1969 in
2705 1917 2832 1971 caelo
2857 1934 3035 1972 coram
3055 1917 3216 1974 Patre
3241 1930 3406 1974 vestro
3431 1931 3481 1975 et
3505 1923 3708 1993 angelis

2116 2009 2233 2079 ejus
2262 2026 2421 2081 super
2454 2028 2559 2066 uno
2601 2002 2871 2083 peccatore
2911 2012 3091 2086 [Mss.,
3123 2033 3281 2088 super
3302 2034 3467 2072 unum
3519 2037 3705 2089 pecca-

2115 2097 2302 2170 torem]
2331 2100 2689 2169 paenitentiam
2738 2111 2922 2173 agente
2969 2101 3121 2176 (Luc.
3151 2121 3242 2171 xv,
3274 2104 3326 2178 7)
3357 2114 3451 2164 :et
3486 2108 3539 2162 in
3573 2109 3710 2165 Pro-

2113 2191 2277 2261 pheta
2302 2208 2315 2245 :
2342 2191 2443 2246 Dic
2485 2203 2543 2247 tu
2588 2193 2879 2264 injustitias
2920 2205 3040 2251 tuas
3087 2197 3236 2268 prior
3263 2238 3279 2264 ,
3315 2208 3370 2252 ut
3388 2199 3705 2269 justiﬁceris

2116 2280 2272 2354 (Isai.
2304 2299 2457 2348 mn,
2485 2283 2597 2355 26).
2631 2284 2773 2340 Ecce
2801 2286 3067 2359 benignus
3102 2295 3188 2342 est
3228 2286 3451 2360 largitor
3491 2292 3666 2347 venia!
3687 2335 3703 2359 ,

2112 2373 2206 2442 qui
2234 2374 2438 2444 praebet
2460 2390 2559 2445 pro
2583 2375 2732 2431 lucro
2756 2374 2908 2448 μὴ,
2949 2376 3118 2450 luctu]
3162 2380 3441 2450 temporali
3486 2383 3706 2437 aeterni-

2114 2464 2243 2520 tatis
2289 2465 2563 2537 gaudium,
2615 2466 2734 2537 ipso
2762 2467 2977 2523 dicente
3006 2482 3021 2522 :
3051 2468 3201 2523 Beati
3227 2471 3317 2541 qui
3336 2469 3513 2540 lugent
3536 2487 3706 2537 nunc,

2110 2557 2359 2629 quoniam
2372 2559 2472 2629 ipsi
2485 2558 2896 2615 consolabuntur
2914 2558 3130 2634 (Matth.
3144 2577 3197 2628 v,
3219 2562 3273 2634 5)
3298 2581 3311 2616 :
3334 2570 3388 2617 et
3413 2562 3522 2619 alio
3544 2563 3674 2622 loco
3691 2585 3703 2619 :

2120 2646 2303 2704 Venite
2333 2650 2406 2703 ad
2453 2666 2557 2715 me,
2591 2667 2769 2705 omnes
2798 2653 2890 2723 qui
2941 2651 3191 2708 laboratis
3222 2663 3269 2708 et
3300 2656 3507 2709 onerati
3552 2659 3704 2723 estis,

2111 2745 2162 2793 et
2196 2753 2290 2809 ego
2326 2738 2561 2809 reﬁciam
2597 2756 2687 2795 vos
2739 2741 2955 2812 (Matth.
3013 2759 3103 2809 χι,
3159 2743 3272 2815 28).
3325 2744 3416 2799 Ait
3443 2747 3614 2813 enim,
3646 2758 3705 2803 nt

2064 2870 2071 2876 .
2112 2828 2348 2885 diximus
2376 2846 2391 2883 :
2420 2828 2518 2884 Dic
2553 2838 2608 2883 tu
2650 2831 2798 2902 prior
2817 2831 3107 2901 iujustitias
3132 2842 3273 2899 tuas,
3302 2844 3359 2887 ut
3385 2835 3705 2905 justiﬁceris

2113 2920 2317 2996 [Vulg.,
2368 2922 2551 2978 Narra
2576 2924 2627 2978 si
2649 2924 2777 2995 quid
2808 2925 2966 2979 [tabes
2984 2966 2998 2990 ,
3027 2935 3083 2979 ut
3105 2925 3439 2999 justi/Fceris]
3466 2969 3480 2992 ,
3504 2937 3561 2983 et
3591 2945 3702 2984 non

2112 3013 2492 3069 condemneris
2518 3031 2531 3067 :
2559 3021 2621 3069 ut
2644 3022 2865 3069 maneat
2888 3015 2942 3070 in
2965 3022 3019 3070 te
3039 3015 3320 3086 prazmium
3340 3017 3703 3086 ptenitentia',

2115 3118 2222 3158 non
2251 3102 2489 3158 vindicta
2515 3112 2880 3174 peccatorum.

2179 3191 2262 3247 ill.
2311 3191 2563 3264 Nunquid
2587 3194 2743 3264 quasi
2770 3195 2985 3250 nescius
3011 3195 3153 3252 Deus
3182 3212 3282 3253 nos
3306 3196 3551 3253 conﬁteri
3574 3199 3704 3256 hor-

2111 3291 2259 3339 tatur
2284 3291 2530 3354 peecata,
2561 3284 2655 3353 qui
2682 3284 3000 3355 priusquam
3024 3295 3177 3358 gesta
3204 3296 3408 3353 essent,
3439 3290 3702 3358 praescie-

2108 3373 2201 3429 bat
2230 3391 2243 3427 :
2268 3372 2422 3442 cujus
2472 3374 2825 3444 providentiae
2868 3375 3051 3430 omnia
3095 3384 3381 3446 patescunt
3430 3377 3705 3433 occulta?

2109 3466 2262 3521 Tunc
2305 3465 2452 3521 enim
2493 3466 2698 3536 poteris
2745 3465 3041 3536 perfectum
3077 3469 3331 3538 consequi
3369 3468 3705 3525 beneﬁcium

2108 3558 2406 3623 medicinae,
2430 3559 2477 3613 si
2506 3573 2615 3614 non
2641 3558 2785 3614 celes
2805 3560 3015 3614 medico
3041 3568 3145 3616 tua:
3167 3561 3385 3616 vulnera
3413 3563 3704 3619 conscien-

2108 3651 2212 3706 tiae.
2267 3649 2471 3721 Opinor
2511 3650 2677 3717 enim,
2730 3650 2835 3705 nisi
2875 3652 3245 3722 interpelletur
3278 3652 3541 3721 medicus,
3587 3670 3700 3710 non

2106 3752 2330 3799 curatur
2354 3752 2607 3815 :egrotus.
2658 3741 2943 3799 Confessio
2977 3752 3066 3798 tua
3095 3746 3363 3801 medicina
3392 3754 3477 3801 est
3515 3745 3701 3802 vulne-

2108 3849 2229 3889 rum
2253 3841 2488 3900 tuorum,
2517 3842 2573 3889 et
2607 3833 2796 3889 salutis
2835 3841 2939 3889 tute
2975 3834 3340 3891 certissimum
3370 3836 3693 3892 subsidium.

2106 3924 2280 3980 Homo
2298 3932 2529 3997 :egrotus
2558 3939 2589 3978 a
2614 3923 2823 3979 medico
2848 3923 3042 3993 quaerit
3065 3924 3411 3989 medicinam,
3435 3926 3529 3995 qui
3550 3939 3696 3996 saepe

2105 4018 2317 4073 incerto
2346 4014 2572 4088 [labore]
2602 4015 2831 4071 desudat
2864 4014 2921 4070 in
2955 4021 3176 4085 aegroto.
3225 4013 3369 4069 Deus
3408 4029 3537 4069 vero
3576 4015 3695 4069 sine

2104 4110 2288 4165 labore
2318 4116 2495 4174 sanat,
2523 4108 2641 4163 sine
2664 4105 2919 4162 tarditate
2945 4106 3344 4162 medicamenta
3364 4108 3538 4163 venite
3560 4122 3695 4178 prae-

2105 4211 2234 4268 stat,
2271 4203 2317 4257 si
2352 4201 2545 4257 devota
2583 4199 2837 4271 lacrymis
2874 4200 3078 4270 scripta
3121 4199 3175 4252 in
3213 4199 3434 4254 auribus
3471 4199 3692 4269 pietatis

2105 4309 2216 4350 sua:
2237 4293 2446 4365 legatur
2470 4291 2801 4362 poenitentiae
2830 4288 2980 4363 [Ms.,
3010 4289 3371 4362 paenitentia].
3418 4287 3590 4345 Nemo
3618 4299 3688 4351 te,

425 4372 526 4430 Dic
569 4370 669 4445 per
701 4374 1103 4432 confessionem
1144 4386 1364 4448 peccata
1396 4419 1411 4444 ,
1464 4386 1754 4450 antequam
1800 4378 2002 4447 judicis
2030 4402 2083 4463 ι)
2106 4386 2287 4449 homo,
2317 4382 2508 4438 melius
2537 4382 2710 4438 reﬁcit
2733 4396 2894 4453 quam
2915 4381 3007 4451 qui
3035 4380 3190 4447 fecit;
3222 4397 3322 4437 nec
3350 4381 3487 4438 alius
3508 4389 3686 4444 sanat,
3748 4446 3753 4451 ξ

427 4465 761 4521 iracundiam
789 4465 1012 4521 sentias.
1042 4466 1215 4522 Crede
1253 4468 1385 4523 mihi
1409 4509 1425 4534 ,
1457 4476 1628 4524 totum
1665 4470 1874 4525 veniale
1899 4471 2005 4525 erit

427 4560 573 4633 quod
598 4559 879 4632 peccasti,
931 4560 976 4615 si
1023 4558 1271 4616 conﬁteri
1315 4576 1424 4616 non
1454 4562 1743 4617 erubesces
1771 4579 1783 4616 :
1818 4570 1875 4617 et
1908 4578 2006 4634 per

426 4654 1059 4725 poenitentiampurgare
1078 4654 1356 4710 euraberis
1383 4651 1539 4726 [ϐοά.
1567 4652 1625 4709 S.
1660 4650 1781 4708 Em.
1799 4696 1814 4719 ,
1847 4670 2004 4711 cura-

425 4743 572 4799 veris
594 4784 609 4812 ,
636 4742 733 4810 aL,
757 4758 856 4814 per
877 4744 1253 4815 paenitentiam
1279 4758 1469 4798 curare
1498 4760 1605 4800 non
1636 4745 1959 4818 cessaveris]
1986 4789 1999 4811 ,

426 4830 641 4894 dicente
667 4835 1089 4907 Psalmographo
1117 4855 1131 4890 :
1164 4836 1293 4892 Dixi
1311 4835 1488 4910 [Vulg
1519 4837 1667 4903 add,
1697 4837 2001 4911 conﬁtebor]

426 4927 701 4984 adversum
730 4943 811 4982 me
851 4928 1137 4998 injustitias
1191 4945 1334 4984 meas
1384 4928 1614 4984 Domino
1636 4970 1651 4996 ,
1684 4939 1733 4985 et
1763 4939 1820 4984 tu
1852 4932 2006 4985 remi-

425 5018 542 5073 sisti
575 5018 891 5089 impietatem
937 5017 1135 5087 peccati
1188 5019 1291 5072 mei
1333 5015 1504 5090 (Psal.
1546 5036 1718 5085 χχχι,
1767 5020 1843 5091 5).
1897 5021 2005 5076 Ex-

423 5116 635 5182 spectat
660 5108 918 5165 Dominus
942 5122 974 5162 a
994 5107 1151 5164 nobis
1176 5108 1536 5167 confessionis
1564 5110 1912 5177 sacriﬁcium,
1944 5121 2004 5167 ut

422 5206 646 5270 praestet
688 5198 847 5256 nobis
882 5196 1199 5255 delectabile
1244 5198 1588 5271 indulgentiae
1631 5216 1827 5256 munus
1855 5243 1870 5267 ,
1913 5204 2004 5273 qui

424 5290 533 5348 vult
564 5308 743 5349 omnes
772 5291 1005 5348 homines
1046 5288 1217 5347 salvos
1256 5290 1375 5361 ﬁeri
1399 5298 1455 5348 et
1482 5292 1756 5348 neminem
1780 5294 1961 5363 perire
1986 5312 1998 5347 :

423 5448 489 5518 de
508 5445 846 5518 confessione.
871 5444 1102 5518 Conjicit
1118 5446 1367 5505 Canisins
1387 5445 1671 5518 epistolam
1692 5447 1836 5504 hanc
1855 5464 2001 5504 eam-

420 5517 549 5590 dem
584 5516 709 5590 esse
737 5516 1018 5590 aclibrum
1046 5516 1126 5572 De
1158 5516 1450 5590 auriculam
1472 5518 1816 5590 confessione,
1840 5534 2000 5590 quem

420 5587 569 5642 inter
595 5585 769 5657 Opera
793 5587 1005 5644 Alcuini
1035 5597 1287 5645 recenset
1311 5588 1518 5644 [labens
1540 5585 1649 5651 {et
1674 5585 1875 5644 forsan‘
1890 5605 2002 5645 me-

426 5657 550 5709 rito.
592 5655 916 5712 Constanter
943 5666 1123 5723 tamen
1155 5658 1364 5713 titulum
1395 5658 1483 5713 hic
1506 5657 1785 5729 praeﬁxum
1814 5658 2001 5730 praefe-

2108 4476 2209 4530 nisi
2234 4474 2324 4544 qui
2365 4472 2596 4544 flagellat
2632 4481 2685 4527 et
2718 4480 2903 4536 curat;
2945 4470 3090 4527 solus
3128 4472 3275 4526 enim
3320 4472 3469 4527 novit
3509 4471 3689 4540 operis

2105 4566 2188 4622 sui
2214 4564 2577 4635 fragilitatem,
2606 4562 2698 4633 qui
2730 4564 2832 4617 hoc
2860 4570 3067 4617 tantum
3098 4569 3399 4632 exspectat,
3423 4568 3484 4615 ut
3517 4559 3689 4616 fatea-

2105 4658 2221 4722 ris';
2273 4671 2424 4711 mora
2479 4671 2587 4711 non
2638 4657 2780 4721 erit,
2835 4663 2898 4709 ut
2951 4654 3164 4710 saneris
3205 4674 3217 4707 :
3257 4655 3351 4725 qui
3405 4668 3504 4725 per
3554 4668 3685 4724 pro-

2103 4750 2322 4820 phetam
2350 4747 2691 4804 Ezechielem
2714 4746 2826 4801 ait:
2852 4745 2986 4801 Cum
3007 4760 3303 4802 conversus
3328 4744 3494 4800 fueris
3524 4754 3582 4801 et
3611 4745 3687 4800 in-

2105 4837 2393 4909 gemueris,
2422 4845 2553 4892 tunc
2588 4836 2882 4893 salvaberis
2920 4836 3136 4909 (Ezech.
3182 4834 3398 4907 χχχιιι).

2174 4927 2261 4982 ιν.
2309 4927 2480 4984 Datur
2518 4927 2673 4984 nobis
2703 4942 2735 4981 a
2766 4927 3156 5000 benignissimo
3187 4926 3370 4997 judice
3408 4927 3558 4985 locus
3594 4941 3681 4983 ae-

2105 5018 2326 5074 cusandi
2372 5018 2734 5089 nosmetipsos
2764 5018 2821 5072 in
2855 5019 3093 5089 peccatis
3129 5019 3333 5076 nostris
3372 5035 3557 5075 coram
3589 5035 3679 5075 sa-
3742 5030 3758 5049 ⁸

2105 5107 2322 5167 cerdote
2362 5108 2491 5176 Dei,
2526 5124 2596 5165 ne
2636 5108 2830 5164 iterum
2866 5118 3088 5166 accuset
3117 5126 3217 5167 nos
3267 5112 3325 5167 in
3382 5112 3461 5166 eis
3496 5110 3681 5166 diabo-

2104 5200 2187 5255 lus
2233 5215 2417 5256 coram
2447 5199 2626 5271 judice
2660 5198 2895 5255 Christo.
2945 5199 3073 5255 Vult
3122 5210 3184 5257 ut
3222 5204 3570 5274 ignoscantur
3602 5200 3679 5272 [in

2104 5294 2208 5349 hoc
2230 5291 2473 5365 saculo],
2503 5307 2572 5348 ne
2594 5292 2888 5363 puniantur
2923 5293 2975 5347 in
2998 5291 3196 5349 futuro.
3229 5292 3396 5365 Igitur
3424 5293 3546 5363 pius
3578 5291 3680 5347 Pa-

2103 5456 2229 5504 runt
2248 5449 2369 5505 cod.
2403 5463 2535 5504 mss.
2566 5447 2829 5503 BASNAGE.
2849 5447 3019 5519 —De
3051 5448 3232 5519 pueris
3255 5488 3269 5514 ,
3302 5461 3505 5519 eorum
3532 5444 3678 5519 obla-

2103 5520 2246 5575 tione
2292 5519 2346 5575 in
2402 5518 2745 5588 monasteriis
2766 5557 2792 5588 ,_
2812 5518 3006 5574 studiis
3034 5513 3098 5574 ac
3128 5513 3431 5588 disciplina,
3459 5513 3677 5588 consule

2101 5588 2463 5714 BénEdmundi
2493 5587 2737 5643 Martene
2763 5586 3067 5646 Comment.
3100 5589 3155 5645 in
3196 5582 3316 5659 cap.
3360 5586 3432 5644 59
3472 5601 3583 5658 reg.
3614 5582 3672 5639 S.
