3894 6182
220 353 332 414 853

1053 343 1382 406 MORALIA.
1421 373 1493 384 ——
1527 337 1616 396 DE
1658 333 2134 394 CONFESSIONE
2172 330 2663 389 PECCATORUM.

3380 324 3499 378 ,ΟΞ-1»

227 479 333 536 ter,
358 465 487 523 dum
512 464 659 520 videt
676 461 1174 534 perapoenitcntiam
1200 466 1420 531 peccata
1442 463 1629 512 nostra
1652 469 1687 507 a
1717 465 1811 506 no—
1840 453 1885 508 Α
1923 445 2064 512 Vat.,
2094 463 2192 518 pro
2226 445 2445 518 modici]
2478 443 2735 536 temporis
2762 442 2986 536 luxuria
3006 441 3193 536 poenis
3210 440 3347 495 tradi
3381 458 3502 536 per-

226 560 313 615 bis
337 556 608 621 damnari,
642 553 842 626 gaudet
871 551 1139 616 misereri,
1176 558 1232 605 et
1264 548 1538 620 proprium
1561 556 1818 600 exercere

228 663 430 705 munus
466 644 856 702 misericordiae
890 643 945 698 in
985 642 1316 713 poenitentes
1351 647 1521 709 optat,
1555 637 1694 690 sicut
1722 648 1821 704 per

226 738 429 796 Isaiam
464 745 701 793 testatur
733 736 1054 807 prophetam
1082 752 1095 787 :
1125 732 1238 803 Ego
1262 748 1399 795 sum,
1430 729 1519 800 qui
1542 726 1686 782 deleo
1720 726 1821 779 ini-

226 830 452 904 quitates
492 839 613 884 tuas
665 827 822 896 (Isai.
867 842 1034 890 xutt,
1078 824 1204 893 25);
1246 830 1300 878 et
1325 822 1519 876 iterum
1548 837 1561 872 :
1592 816 1820 872 Conver-

229 922 402 976 timini
428 920 499 974 ad
519 919 805 974 Dominum
828 917 997 970 Deum
1028 924 1276 978 vestrum,
1301 912 1548 983 quoniam
1572 906 1725 980 [Cod.
1760 904 1817 960 S.

227 1012 375 1077 Em.,
424 1010 575 1083 quia]
623 1008 917 1063 misericors
949 1015 997 1060 et
1031 1005 1147 1075 pius
1194 1012 1293 1068 est,
1323 1002 1523 1072 patiens
1561 1008 1608 1053 et
1643 995 1822 1050 mutue

227 1101 605 1156 misericordim
629 1097 788 1172 (Joel.
817 1115 878 1162 ιι,
913 1097 1022 1169 15).
1071 1095 1185 1150 Hoc
1217 1094 1396 1150 sciens
1428 1092 1619 1146 beatus
1652 1086 1824 1144 David

229 1197 310 1251 ait
335 1213 349 1249 :
379 1192 668 1250 Peccatum
698 1207 871 1244 meum
897 1189 1161 1259 cognitum
1187 1186 1278 1240 tibi
1304 1185 1420 1254 feci,
1453 1192 1503 1237 et
1536 1179 1824 1252 injustilias

228 1302 376 1342 meas
424 1302 532 1340 non
576 1282 758 1354 operui
789 1278 961 1352 (Psal.
1007 1296 1158 1343 xxxi,
1202 1276 1257 1349 5)
1291 1295 1303 1330 :
1332 1291 1363 1330 e
1385 1283 1578 1330 contra
1613 1273 1659 1327 si
1692 1286 1822 1341 pec-

229 1385 437 1441 catum,
466 1375 612 1447 quod
640 1373 831 1429 fecerit
860 1372 1041 1435 homo,
1080 1374 1308 1440 negatur
1344 1363 1626 1438 [tegatur],
1657 1377 1822 1433 paena

227 1478 417 1527 reatus
441 1465 837 1526 accumulatur;
865 1462 993 1531 quia
1024 1460 1246 1530 punitur
1267 1456 1609 1514 contumacia
1634 1456 1686 1509 in
1712 1469 1825 1509 scc-

227 1559 364 1615 leris
396 1557 705 1628 negatione.
765 1553 872 1609 Sed
908 1552 1043 1607 dicis
1090 1550 1276 1605 forsan
1305 1568 1317 1603 :
1349 1548 1432 1603 Me
1470 1554 1634 1602 terret
1674 1561 1823 1600 meo-

228 1667 356 1707 rum
396 1648 711 1721 magnitudo
747 1652 1115 1717 peccatorum.
1161 1641 1419 1708 Quinimo
1459 1646 1614 1693 tanto
1650 1637 1821 1708 magis

226 1739 596 1797 insistendum
639 1744 724 1791 cst
756 1736 871 1801 tibi,
911 1750 944 1789 o
977 1740 1262 1802 peccator,
1301 1730 1356 1785 in
1390 1728 1659 1785 medicina
1698 1742 1822 1782 con-

1916 538 2112 608 pctuis.
2151 536 2350 604 Quanti
2390 535 2549 590 modo
2574 532 2929 589 infernalibus
2956 530 3196 602 deputati
3221 532 3501 586 tormentis

1916 628 2158 685 converti
2179 628 2498 694 voluissent,
2534 627 2579 682 si
2614 627 2849 697 spatium
2886 625 2989 679 illis
3024 625 3245 680 daretur
3277 639 3506 680 conver-

1920 721 2064 775 tendi
2090 722 2102 772 !
2147 718 2341 775 Omnia
2373 718 2591 790 quidem
2624 719 2783 788 hujus
2814 717 2993 773 smculi
3026 717 3181 783 dura,
3211 718 3267 773 in
3292 733 3508 789 compa-

1921 812 2130 866 ratione
2169 820 2559 867 tormentorum
2597 809 2943 866 infernalium
2976 810 3118 866 levia
3154 820 3209 866 et
3244 812 3508 881 quodam-

1922 900 2338 971 modojucunda
2369 901 2641 958 videntur.
2695 900 2922 958 Servisti
2954 902 3165 958 diabolo
3187 903 3243 958 in
3270 903 3503 969 luxuria,

1922 992 2128 1046 servire
2161 990 2341 1062 [Mss.,
2370 991 2536 1064 servi]
2575 990 2793 1048 Christo
2825 993 2879 1046 in
2909 998 3192 1061 castitate;
3224 996 3508 1066 utriusque

1922 1082 2002 1137 rei
2025 1081 2188 1137 ﬁnem
2219 1084 2457 1137 attende.
2498 1083 2591 1137 illa
2618 1082 2906 1153 siquidem,
2943 1083 2997 1138 id
3029 1092 3132 1150 est,
3170 1085 3382 1141 luxuria
3412 1087 3511 1140 bo—

1923 1173 2126 1231 minem
2157 1173 2321 1227 mittit
2342 1174 2397 1229 in
2425 1173 2689 1229 ﬂammas.
2728 1173 2966 1230 Castitas
3001 1175 3256 1231 charitati
3292 1176 3512 1246 conjun-

1921 1270 2013 1316 cta
2046 1276 2146 1318 nos
2182 1263 2397 1318 deducit
2420 1264 2475 1317 in
2500 1280 2727 1335 regnum
2762 1265 2876 1320 Dei.
2918 1265 3217 1322 Revertere
3252 1267 3307 1322 in
3342 1269 3507 1331 viam,

1923 1352 1991 1406 de
2040 1368 2147 1423 qua
2198 1354 2485 1409 abcrrasti.
2533 1353 2760 1424 Jejuniis
2800 1372 2999 1426 corpus
3046 1356 3281 1413 afﬁcitur
3325 1358 3510 1432 [Mss.,

1924 1443 2216 1517 afﬁciatur]
2237 1487 2251 1511 ,
2277 1447 2373 1501 scd
2395 1447 2742 1516 pulchritudo
2765 1450 2960 1503 animm
2985 1450 3196 1519 paritur
3221 1450 3399 1522 [Mss.,
3426 1467 3513 1508 rc-

1922 1535 2186 1609 paretur].
2230 1536 2363 1592 Vilis
2398 1539 2471 1593 sit
2510 1539 2757 1609 corporis
2794 1539 3000 1607 cultus;
3040 1542 3135 1598 sed
3172 1542 3289 1612 ipse
3318 1544 3514 1613 praeci-

1920 1641 2059 1696 puus
2101 1635 2184 1682 est
2220 1627 2532 1682 sanctitatis
2570 1636 2816 1683 ornatus.
2865 1627 3182 1699 Vigiliarum
3222 1632 3516 1688 assiduitas

1922 1717 1978 1772 in
2003 1716 2340 1773 orationibus
2373 1726 2430 1773 et
2468 1719 2523 1772 in
2548 1717 2707 1774 laude
2735 1718 2835 1774 Dei
2870 1720 3128 1792 angelica:
3161 1731 3247 1779 est
3285 1723 3517 1779 imitatio

221 1830 510 1893 fessionis,
538 1842 605 1882 ne
629 1840 820 1897 pereas
846 1825 900 1879 in
930 1821 1217 1894 putredine
1246 1808 1551 1884 vulnerum,
1585 1819 1630 1874 si
1656 1818 1821 1874 medi-
1847 1810 1895 1869 Β
1924 1805 2066 1897 ?“ch
2118 1805 2322 1862 Parcus
2355 1806 2509 1862 Cibus
2561 1816 2749 1879 ρθεωε
2774 1818 2860 1865 εει
2892 1811 3104 1867 ειηίῐῐιεε-
3145 1812 3204 1868 Si
3231 1814 3400 1871 habes
3420 1832 3520 1870 un—

222 1935 303 1975 co
354 1919 630 1975 erubescis
672 1917 883 1988 aperire
928 1913 1250 1985 multiplices
1301 1912 1543 1968 ulcerum
1585 1910 1818 1966 dolores.

114 2004 123 2012 ’
222 2007 555 2063 Nullatenus
582 2006 776 2062 divinae
804 2004 1195 2059 abundantiam
1233 2001 1537 2058 clementiae
1570 2014 1826 2055 numero-

222 2098 370 2153 sitas
396 2105 610 2151 tuorum
644 2110 901 2166 superare
938 2093 1140 2163 poterit
1182 2101 1551 2163 peccatorum.
1601 2088 1685 2143 Ne
1714 2099 1826 2143 tar—

223 2187 324 2243 des
346 2187 411 2241 de
433 2187 518 2242 die
550 2187 605 2240 in
630 2186 790 2251 diem,
813 2184 943 2239 dicit
976 2182 1278 2252 Scriptura,
1304 2179 1549 2246 converti,
1576 2177 1699 2249 quia
1743 2195 1829 2233 ae-

218 2278 336 2334 scis
371 2277 499 2349 quid
540 2283 912 2347 superuentura
951 2274 1125 2344 pariat
1160 2270 1315 2344 [Cod.
1356 2269 1414 2325 S.
1452 2269 1594 2335 Em.,
1632 2267 1826 2342 pariet]

227 2369 346 2424 dies
381 2366 573 2440 (Eccli.
605 2382 659 2431 v,
687 2365 764 2436 8).
803 2365 939 2431 Quia
973 2363 1187 2435 qualem
1223 2370 1273 2418 te
1307 2360 1531 2416 ultimus
1561 2359 1829 2415 invenerit

224 2461 371 2528 dies,
400 2459 522 2514 talis
536 2458 800 2528 iudicaris
836 2455 987 2529 [Ms.,
1019 2453 1395 2527 judicaberis].
1435 2453 1545 2508 Nec
1578 2462 1630 2509 te
1659 2451 1830 2507 voluit

228 2550 382 2607 Deus
403 2551 545 2606 diem
576 2549 723 2603 illum
746 2547 1021 2619 praescire,
1054 2554 1113 2600 ut
1134 2560 1349 2616 semper
1377 2551 1603 2616 paratus
1624 2557 1775 2598 esses
1809 2559 1822 2594 :

227 2642 453 2715 qualem
480 2650 637 2713 optas
665 2649 791 2696 ante
809 2639 1045 2709 judicem
1072 2647 1123 2695 te
1157 2648 1323 2704 stare,
1361 2637 1522 2693 talem
1548 2646 1600 2692 te
1625 2650 1829 2707 praepa-

226 2752 318 2801 ra,
345 2736 473 2792 dum
509 2733 678 2789 habes
701 2741 915 2803 tempus
943 2726 1223 2802 operandi.
1253 2729 1717 2800 Esto'negotiator
1737 2728 1829 2783 de-

226 2832 414 2881 votus.
456 2824 590 2878 Eme
627 2822 722 2877 tibi
753 2836 978 2894 regnum
1006 2821 1103 2876 Dei
1139 2821 1474 2892 poenitentiae
1504 2819 1690 2885 lucris,
1721 2833 1831 2874 me-

224 2935 359 2975 mor
386 2918 676 2975 Dominum
696 2916 966 2973 dicentem
996 2935 1009 2970 :
1041 2914 1408 2970 Pwnitentiam
1434 2913 1586 2985 agite,
1618 2922 1665 2968 et
1696 2911 1826 2984 [Al.,

1927 1895 2012 1961 dc,
2043 1897 2372 1967 pauperibus
2402 1899 2618 1970 porrige
2653 1915 2873 1954 manum
2906 1898 3061 1981 [Cod.
3100 1902 3162 1958 S.
3194 1904 3341 1973 Em.,
3375 1908 3519 1963 unde

1925 1988 2253 2058 pauperibus
2294 1990 2572 2061 porrigere
2617 2006 2837 2046 manum
2878 1995 3102 2069 possis],
3150 1999 3278 2068 quia
3322 2014 3519 2057 manus

1926 2079 2183 2149 pauperis
2217 2082 2663 2151 gazophylacium
2698 2092 2784 2138 est
2822 2082 3043 2140 Christi.
3092 2086 3205 2144 Nec
3248 2090 3315 2145 de
3354 2107 3521 2163 opere

1927 2170 2311 2227 misericordiae
2358 2180 2411 2231 te
2449 2172 2596 2241 justc
2641 2189 2906 2232 excusare
2944 2180 3169 2247 poteris,
3213 2180 3341 2237 dum
3377 2184 3519 2243 calix

1929 2276 2083 2331 aquae
2111 2260 2318 2333 frigidae
2349 2265 2599 2319 mercede
2635 2268 3075 2324 remunerabitur
3112 2281 3376 2343 perpetua
3403 2295 3415 2329 :
3440 2277 3523 2330 vi-

1929 2352 2097 2407 sitare
2131 2351 2407 2420 inﬁrmos,
2447 2364 2743 2413 maerentes
2777 2359 3066 2427 consolari,
3103 2362 3405 2433 hospitibus
3430 2383 3522 2422 oc-

1928 2460 2168 2511 currere,
2201 2445 2346 2502 fame
2381 2447 2468 2502 vel
2502 2448 2594 2504 siti
2628 2448 2939 2507 laborantes
2968 2452 3211 2521 reﬁcere,
3246 2463 3523 2528 possessio

1929 2547 2015 2592 est
2050 2537 2203 2608 regni
2253 2536 2348 2592 Dei
2393 2538 2449 2592 in
2494 2540 2668 2606 ctelis,
2716 2540 2857 2597 sicut
2897 2543 2952 2598 in
2992 2544 3284 2617 Evangelia
3328 2548 3525 2621 legitur

1931 2627 2147 2699 (Matth.
2176 2630 2324 2704 xxv).
2365 2631 2425 2685 lu
2463 2632 2670 2699 talium,
2713 2648 2747 2688 o
2781 2634 2877 2701 ﬁli,
2914 2650 3140 2706 operum
3174 2643 3525 2698 exsecutione

1932 2718 2084 2793 [Cod.
2130 2719 2276 2791 ναι,
2313 2723 2687 2793 excusatione,
2721 2725 2911 2801 male],
2952 2737 3303 2799 peccatorum
3340 2734 3528 2790 remis-

1931 2813 2014 2868 sio
2042 2813 2356 2882 adhibetur;
2384 2816 2607 2887 insuper
2640 2825 2697 2872 et
2723 2828 2997 2891 perpetuae
3020 2821 3371 2880 beatitudinis
3394 2841 3537 2897 pne-

1932 2916 2045 2964 stat
2074 2909 2395 2981 ingressum.

222 3009 377 3083 me]
413 3007 848 3081 appropinquabit
874 3007 1013 3062 vobis
1046 3023 1260 3079 regnum
1285 3004 1383 3060 Dei
1410 3004 1624 3080 (Matth.
1658 3021 1717 3069 tt,
1747 3004 1825 3074 5).
2004 3000 2090 3056 Vl.
2135 3001 2255 3058 Noli
2281 3004 2563 3076 degeneris
2591 3005 2757 3061 animi
2778 3021 2918 3063 esse.
2949 3008 3046 3063 Dei
3075 3008 3245 3065 Filius
3277 3011 3331 3065 in
3354 3010 3530 3083 bapti—

310 3100 379 3158 ν.
418 3100 529 3156 Pro
551 3108 604 3156 te
629 3099 813 3171 igitur,
835 3113 869 3153 o
887 3096 1123 3168 juvenis,
1155 3098 1298 3152 Deus
1320 3097 1483 3153 homo
1512 3094 1689 3152 factus
1721 3105 1829 3163 est,
1869 3165 1901 3171 _
1935 3107 2055 3149 smo
2099 3101 2455 3150 consecratus
2498 3111 2558 3151 es
2595 3115 2608 3148 :
2645 3096 2743 3152 sed
2780 3104 2891 3152 tam
2936 3098 3212 3155 excellens
3247 3100 3525 3167 nobilitas,

226 3202 302 3250 ut
328 3203 384 3250 te
405 3165 716 3258 redimertit,
737 3199 792 3246 et
812 3165 1052 3262 seipsum
1078 3189 1303 3244 tradidit
1332 3189 1388 3243 in
1411 3196 1663 3255 mortem,
1688 3195 1749 3242 ut
1780 3197 1833 3243 te
1858 3165 1903 3226 (ἶ
1938 3192 2047 3241 non
2069 3185 2174 3241 nisi
2189 3183 2429 3259 [magna]
2445 3202 2660 3243 morum
2683 3187 2943 3260 dignitate
2965 3190 3275 3245 conservari
3306 3165 3524 3261 poterit.

229 3284 478 3343 salvaret
500 3285 556 3339 in
583 3284 751 3339 vitam
777 3282 945 3355 :quid
971 3289 1026 3336 tu
1044 3280 1196 3351 jaces
1226 3281 1281 3336 in
1312 3290 1488 3337 morte
1521 3280 1833 3337 scelerum?
1937 3277 2186 3334 leestis
2210 3278 2394 3344 Pater,
2425 3278 2534 3335 imo
2564 3279 2806 3334 omnium
2833 3280 3093 3337 Dominus
3124 3283 3364 3354 peccatis
3399 3283 3530 3339 sub-

230 3375 414 3449 Surge
448 3383 507 3430 et
541 3376 628 3431 dic
669 3393 683 3429 :
724 3372 905 3437 Pater,
944 3372 1155 3444 peccavi
1188 3373 1244 3427 in
1288 3371 1471 3427 caelum
1517 3371 1668 3444 (Luc.
1716 3373 1829 3445 xv).
1937 3367 2079 3423 ditos
2106 3367 2429 3441 dedignatur
2464 3370 2665 3425 habere
2702 3370 2859 3427 ﬁlios.
2898 3372 3103 3429 Excute
3138 3376 3204 3431 de
3247 3375 3388 3432 collo
3432 3384 3528 3433 tuo

233 3468 433 3524 Αειάυε
477 3467 571 3523 ubi
598 3475 708 3523 ιιιω
753 3465 1086 3538 paenitentia
1123 3472 1323 3523 testem
1358 3465 1590 3522 ﬁdelem.
1637 3465 1833 3521 Munda
1931 3457 2119 3529 jugum
2159 3460 2493 3530 captivitatis
2525 3460 2822 3518 diabolicae.
2870 3462 3112 3521 Recurre
3155 3466 3222 3522 ad
3268 3467 3531 3539 pietatem

230 3559 327 3613 vis
354 3558 559 3614 habere
585 3558 941 3624 vestimenta,
972 3572 1143 3628 quare
1166 3570 1276 3613 non
1302 3556 1473 3615 multo
1504 3558 1676 3630 magis
1698 3572 1838 3629 qure-
1937 3558 2179 3621 paternae
2220 3552 2543 3610 dilectionis.
2596 3553 2892 3611 Revertere
2932 3557 3000 3612 ad
3041 3556 3329 3615 Dominum
3377 3559 3488 3633 [ΑΙ.
3511 3603 3528 3628 ,

232 3648 320 3704 ris
345 3649 602 3705 mundam
631 3658 682 3704 te
705 3649 906 3704 habere
928 3648 1212 3704 animam?
1249 3647 1512 3704 Sordidus
1543 3649 1837 3720 procedere

1938 3639 2153 3714 Deum],
2187 3640 2281 3707 ﬁli,
2307 3650 2599 3711 revertere,
2624 3653 2679 3699 et
2703 3659 2771 3700 ex
2804 3654 3018 3702 mortuo
3050 3650 3332 3715 revivisce,
3372 3660 3427 3706 et
3460 3667 3532 3707 ex

234 3756 352 3795 non
394 3741 479 3796 vis
516 3741 572 3795 in
612 3749 907 3811 conspectu
952 3740 1268 3805 hominum;
1306 3754 1478 3810 quare
1523 3755 1631 3795 non
1670 3739 1838 3795 multo

234 3832 418 3903 magis
442 3832 605 3888 times
627 3831 902 3887 sordidum
932 3831 1173 3902 peccatis
1200 3839 1254 3885 te
1285 3830 1420 3903 [Al.,
1454 3832 1702 3887 sordidus
1721 3847 1843 3902 pec-

232 3923 381 3979 catis
401 3921 719 3995 procedere]
743 3923 1035 3993 procedere
1058 3923 1112 3978 in
1125 3930 1418 3994 conspectu
1441 3921 1572 3977 Dei?
1612 3922 1759 3978 Lava
1786 3933 1841 3978 te

232 4010 614 4081 lacrymarum
638 4009 804 4075 fonte,
821 4025 889 4065 nc
901 4011 1028 4081 quid
1041 4010 1095 4065 in
1111 4020 1163 4065 te
1177 4009 1294 4079 ejus
1324 4010 1509 4066 oculos
1540 4009 1843 4080 maiestatis

229 4100 505 4158 offendat.
553 4099 705 4169 Quis,
750 4116 899 4173 rogo,
947 4101 1149 4158 cadens
1187 4117 1296 4160 non
1341 4103 1536 4173 qumrit
1568 4105 1843 4174 surgere?

231 4191 379 4259 Quis
425 4192 764 4259 inﬁrmatur,
825 4202 880 4247 et
937 4208 1044 4248 non
1097 4192 1375 4249 desiderat
1424 4193 1845 4249 convalescere?

231 4282 385 4353 Quis
407 4284 761 4355 periclitatur,
794 4292 849 4339 et
872 4299 980 4341 non
1004 4290 1155 4354 optat
1178 4284 1454 4339 evadere?
1476 4283 1767 4341 Ptenitebit
1795 4296 1845 4342 te

222 4375 598 4449 ’postmodum
634 4374 929 4441 tarditatis,
963 4374 1008 4429 si
1037 4389 1143 4430 non
1178 4374 1525 4448 cogitaveris,
1565 4376 1695 4445 quid
1730 4377 1847 4432 ani-

233 4482 350 4524 mae
374 4474 481 4520 tuae
514 4465 762 4537 proﬁciat
783 4466 851 4521 ad
879 4466 1129 4522 salutem.
1168 4467 1431 4539 Exsurge,
1457 4467 1554 4533 ﬁli,
1588 4484 1841 4540 exsurge,

226 4557 470 4632 placare
498 4555 715 4611 Patrem
739 4556 1082 4627 paenitentia,
1112 4572 1273 4628 quem
1306 4550 1576 4615 oﬁ‘endisti
1614 4560 1841 4615 scelere.

229 4645 526 4705 Conﬁtere
559 4645 792 4717 culpam,
826 4654 885 4701 ut
911 4647 1123 4704 sancris
1157 4663 1188 4703 a
1222 4649 1466 4705 medico.’
1496 4650 1629 4707 Esto
1664 4651 1720 4706 in
1753 4659 1844 4706 tua

232 4737 519 4795 sollicitus
540 4736 733 4792 salute.
773 4735 830 4792 Si
868 4745 924 4791 tu
948 4738 1065 4808 ipse
1102 4740 1178 4794 tui
1214 4740 1384 4810 ipsius
1415 4755 1525 4796 nou
1564 4742 1733 4797 habes
1759 4756 1850 4796 cu—

234 4847 393 4896 ram,
423 4830 550 4901 quis
579 4829 675 4885 tibi
710 4829 777 4885 ad
808 4830 1041 4886 salutem
1071 4832 1332 4903 prodesse
1356 4813 1585 4903 poterit;
1617 4835 1700 4899 vel
1726 4834 1847 4904 quis

232 4924 349 4980 tibi
378 4921 554 4977 ﬁdelis
574 4923 698 4988 erit,
727 4922 774 4977 si
799 4930 858 4977 tu
880 4922 994 4994 ipse
1018 4914 1231 4978 tibimet
1264 4922 1496 4980 inﬁdelis
1518 4940 1639 4980 esse
1660 4925 1850 4995 proba-

229 5012 403 5069 beris
430 5008 589 5086 [ϐοά.
616 5010 676 5067 S.
702 5010 850 5077 Em.,
874 5000 1181 5085 probaris]?
1214 5012 1508 5070 lnﬁdelitas
1527 5023 1614 5071 est
1631 5031 1845 5087 magna,

235 5105 357 5181 [te]
399 5120 509 5160 non
548 5103 709 5176 156
736 5119 934 5161 curare
969 5104 1037 5160 de
1069 5105 1244 5161 salute
1280 5115 1403 5174 tua;
1440 5116 1492 5163 te
1527 5109 1849 5164 morientem

232 5202 309 5255 in
334 5196 600 5268 pacatis,
628 5211 738 5252 non
768 5197 1094 5252 resuscitare
1123 5212 1222 5269 per
1249 5200 1643 5272 ptenitentiam.
1675 5200 1852 5267 Quan-

231 5299 312 5344 ιο
364 5287 582 5360 longius
629 5287 907 5345 recessisti
948 5303 1048 5360 pro
1091 5289 1359 5346 scelerum
1406 5292 1778 5363 magnitudine
1820 5307 1851 5346 a

228 5380 406 5447 Deo,
445 5388 600 5436 tanto
635 5378 834 5437 fortius
869 5396 969 5452 per
1004 5383 1386 5452 paenitentiam
1421 5385 1854 5455 appropinquare

229 5471 504 5532 studeas.
536 5470 791 5529 Clemens
815 5481 972 5544 pater
992 5482 1217 5545 paratus
1239 5484 1324 5531 est
1346 5482 1399 5530 te
1422 5476 1688 5547 accipere,
1718 5478 1764 5533 si
1798 5486 1854 5532 tu

230 5577 373 5622 non
397 5563 702 5619 tardaveris
723 5564 945 5620 reverti.
968 5565 1175 5636 Aspera
1198 5566 1292 5622 tibi
1316 5567 1530 5624 videtur
1550 5569 1855 5636 conversio,

230 5650 507 5709 carnalia
539 5652 850 5725 relinquere
877 5654 1178 5723 desideria;
1213 5658 1308 5714 sed
1331 5657 1502 5714 multo
1528 5660 1713 5716 durior
1736 5674 1861 5716 con-

232 5741 399 5798 ditio
427 5745 649 5801 aeternis
675 5753 730 5800 te
753 5745 945 5802 ardere
972 5745 1226 5818 ﬂammis,
1263 5758 1319 5805 et
1338 5764 1440 5822 pro
1464 5751 1677 5808 modica
1702 5749 1856 5825 [ϐοά.

1938 3734 2149 3801 perdito
2184 3748 2456 3803 reparare.
2492 3734 2697 3803 Quaerit
2730 3750 2886 3790 ovem
2921 3737 3095 3793 bonus
3124 3748 3317 3808 pastor
3346 3754 3533 3794 erran-

1941 3833 2073 3888 tem,
2102 3832 2157 3877 et
2186 3823 2417 3893 amplius
2439 3824 2507 3879 de
2534 3824 2777 3889 inventa,
2810 3840 2974 3894 quam
3015 3842 3121 3881 non
3157 3829 3367 3898 perdita
3404 3845 3531 3900 gra-

1943 3914 2162 3979 tulatur,
2200 3911 2442 3967 humeris
2481 3912 2597 3966 suis
2632 3912 2775 3966 inter
2807 3914 3078 3984 angelicos
3114 3917 3323 3971 revehit
3356 3927 3533 3975 ctetus

1943 4003 2095 4075 (Luc.
2143 4002 2255 4074 xv).
2291 4000 2678 4057 Animadverte
2714 4001 3197 4061 clementissimam
3238 4007 3535 4067 Dominiczc

1942 4098 2162 4167 pictatis
2197 4094 2527 4152 sententiam
2557 4094 2789 4151 dicentis
2824 4115 2837 4149 :
2870 4095 2993 4152 Non
3025 4099 3159 4153 enim
3201 4103 3312 4157 veni
3346 4120 3535 4159 vocare

1936 4190 2132 4259 justas,
2154 4188 2245 4242 sed
2263 4194 2558 4258 peccatores
2582 4185 2795 4258 (Matt/1.
2820 4205 2897 4256 ix,
2916 4190 3024 4263 l5),
3055 4192 3110 4247 in
3134 4195 3530 4264 paenitentiam.

1945 4279 2118 4357 Vocat
2167 4296 2297 4351 ergo
2340 4279 2603 4339 Dominus
2648 4280 2717 4336 ad
2771 4283 3148 4352 paenitentiam
3198 4296 3533 4358 peccatores.

1946 4371 2072 4441 quia
2115 4371 2287 4442 magis
2334 4378 2487 4441 optat
2536 4371 2749 4428 salvare
2795 4388 2958 4444 quam
2997 4375 3287 4443 damnare,
3326 4384 3381 4433 et
3415 4378 3536 4450 plus

1946 4480 2070 4521 cum
2101 4465 2305 4520 sanctis
2332 4479 2433 4520 nos
2461 4465 2715 4537 gaudere,
2744 4481 2907 4537 quam
2933 4483 3057 4523 cum
3083 4468 3296 4525 diabolo
3319 4471 3532 4542 punire.

1951 4558 2121 4614 Vocat
2156 4574 2255 4614 nos
2297 4573 2394 4630 per
2433 4560 2701 4631 seipsum;
2740 4570 2901 4618 vocat
2933 4576 3030 4633 per
3070 4562 3378 4633 Scripturas
3411 4579 3539 4620 san-

1948 4658 2097 4714 ctas;
2132 4658 2292 4705 vocat
2319 4650 2484 4706 etiam
2509 4666 2608 4721 per
2638 4652 2886 4706 doctores
2907 4652 3224 4719 catholicos,
3253 4663 3313 4710 ut
3348 4669 3536 4713 rever-

1951 4751 2130 4797 tamur
2155 4741 2222 4797 ad
2248 4759 2391 4809 cum,
2424 4744 2514 4814 qui
2551 4749 2774 4813 paratus
2800 4751 2886 4799 est
2916 4760 3014 4800 nos
3047 4746 3315 4818 accipere,
3353 4749 3400 4805 si
3438 4766 3539 4807 nos

1952 4848 2059 4888 non
2082 4834 2286 4889 erimus
2316 4834 2453 4904 pigri
2491 4833 2559 4887 ad
2590 4848 2715 4887 eum
2747 4834 2950 4891 venire.
2988 4837 3288 4895 Audiamus
3321 4839 3541 4896 beatum

1951 4925 2218 4983 Joannem
2260 4927 2756 5004 evangelistamad
2792 4930 3167 5000 pmnitentiam
3210 4949 3310 4990 nos
3349 4938 3544 4993 exhor—

1955 5030 2180 5076 tantem.
2238 5019 2377 5074 Dicit
2404 5020 2549 5075 enim
2587 5020 2640 5074 in
2687 5021 2928 5093 Epistula
2972 5039 3070 5079 sua
3098 5043 3110 5079 :
3139 5023 3199 5080 Si
3232 5028 3541 5091 dixerimus.

1955 5113 2081 5185 quia
2101 5120 2313 5183 peccata
2346 5110 2474 5183 [Al.,
2511 5113 2802 5187 peccatum]
2837 5132 2939 5170 non
2971 5116 3241 5183 habemus,
3278 5137 3371 5175 nos
3401 5122 3544 5192 ipsas

1958 5204 2278 5268 seducimus,
2310 5212 2357 5258 et
2389 5204 2579 5259 veritas
2608 5206 2662 5258 in
2696 5206 2840 5260 nobis
2866 5224 2971 5261 non
2991 5216 3109 5263 est:
3136 5210 3180 5263 si
3212 5220 3385 5265 autem
3421 5229 3544 5268 con-

1963 5293 2085 5364 fessi
2105 5292 2360 5363 fuerimus
2380 5301 2592 5363 peccata
2615 5304 2791 5348 nostra
2806 5338 2819 5361 ,
2845 5295 3015 5365 ﬁdelis
3035 5307 3083 5351 et
3093 5298 3276 5368 justus
3290 5310 3364 5355 est
3383 5300 3542 5365 Deus,

1961 5393 2019 5438 ut
2052 5384 2196 5437 nobis
2218 5392 2427 5453 peccata
2474 5392 2652 5437 nostra
2692 5382 2942 5449 dimittat,
2974 5395 3023 5439 et
3052 5389 3265 5443 mandet
3302 5390 3366 5444 ab
3403 5393 3545 5446 omni

1962 5474 2233 5546 iniquitate
2261 5471 2314 5546 (Ι
2337 5471 2498 5528 Joan.
2533 5490 2572 5537 ι,
2610 5472 2685 5543 8).
2725 5472 2783 5527 Si
2816 5474 2994 5530 nullus
3028 5479 3267 5534 estsine
3300 5490 3543 5551 peccato,

1964 5565 2086 5635 quis
2111 5572 2214 5628 est,
2246 5563 2339 5634 qui
2363 5563 2685 5634 poenitentia
2707 5579 2815 5620 non
2844 5566 3102 5638 indigeat,
3127 5584 3247 5640 quae
3272 5572 3391 5628 sine
3411 5587 3546 5630 con-

1964 5659 2201 5715 fessione
2215 5658 2305 5713 vix
2323 5657 2597 5713 fructuosa
2620 5656 2737 5714 ﬁeri
2759 5658 2935 5715 valet?
2964 5659 3379 5720 Consideremus
3399 5664 3546 5720 beati

1966 5748 2152 5808 Jacobi
2216 5749 2443 5821 apostoli
2508 5756 2838 5824 praeceptum
2891 5752 3122 5812 dicentis
3160 5774 3173 5810 :
3214 5754 3547 5828 Conﬁtentiui
