3894 6182
419 362 521 415 639

1255 331 1314 407 η.
1355 353 1416 408 r.
1458 351 1679 406 ALBINI
1719 347 1849 404 seu
1887 346 2161 404 ALCUINI
2200 345 2485 403 OPERUM
2522 343 2700 402 rans
2739 341 2802 396 v.

3571 338 3687 396 660

419 473 776 536 nobilitatem,
824 478 906 526 est
950 471 1214 525 addictus.
1257 466 1364 521 Sed
1391 466 1473 520 vir
1523 472 1743 517 sanctus
1821 461 1992 531 magis
2019 458 2308 528 Aadjutor
2363 469 2466 524 est,
2512 474 2618 512 non
2678 453 2879 509 timebo
2929 453 3103 506 minas
3160 456 3298 505 tuas.
3331 447 3442 505 Sed
3482 449 3688 508 multas

422 565 587 637 elegit
637 563 749 618 Deo
785 562 992 618 eadesti
1051 559 1280 622 servire,
1331 570 1493 625 quam
1531 554 1632 608 sub
1677 553 2001 622 imperatore

421 658 658 712 militare
701 663 946 718 terreno;
1004 651 1096 720 qui
1149 646 1458 719 specialiter
1517 644 1721 730 electus
1781 650 1882 705 est,
1941 649 2002 694 ut

423 747 679 802 vexillum
726 753 927 801 sanctae
957 743 1135 797 crucis
1164 739 1420 794 occiduas
1473 738 1622 791 orbis
1672 741 1912 805 portaret
1946 733 1999 787 in

418 848 631 908 partes,
682 836 963 893 etmilitia:
1011 838 1352 888 sacramenta
1385 828 1710 899 evangelicis
1764 834 2001 880 mutaret

421 929 612 984 edictis
645 947 657 981 :
697 944 804 983 non
841 941 940 997 pro
993 939 1160 994 regno
1196 923 1363 977 armis
1394 919 1745 975 szccularibus
1790 925 2002 973 certare

421 1019 689 1083 Romano,
735 1018 829 1072 sed
865 1015 1192 1085 specialibus
1215 1011 1479 1068 doctrinis
1506 1009 1874 1064 Christianum
1913 1006 1996 1060 di~

419 1110 595 1166 [atare
631 1110 951 1178 imperium;
986 1124 1086 1164 nec
1119 1107 1254 1162 dura
1281 1107 1648 1161 Romanorum
1695 1104 1809 1172 lege
1835 1117 2001 1171 popu—

420 1197 503 1254 los
536 1200 804 1270 subjicere
839 1199 1070 1263 feroces,
1111 1199 1204 1252 sed
1237 1198 1353 1252 leve
1395 1197 1594 1251 Christi
1613 1195 1803 1265 jugum
1835 1193 2002 1262 pluri-

423 1303 634 1342 marum
660 1289 798 1344 collo
826 1288 1046 1356 injicere
1069 1288 1330 1359 gentium.
1359 1285 1460 1353 Qui
1484 1294 1605 1356 post
1632 1283 1772 1340 sacri
1798 1283 2002 1352 baptis-

420 1382 583 1436 matis
604 1381 922 1452 mysterium
940 1381 1152 1450 magnis
1177 1380 1230 1434 in
1254 1377 1454 1432 mundo
1481 1377 1678 1431 claruit
1700 1374 1998 1437 miraculis,

420 1481 476 1526 et
529 1472 788 1526 doctrinis
825 1473 980 1542 longe
1031 1471 1246 1540 lateque
1276 1469 1611 1540 respleuduit
1633 1469 1687 1522 in
1712 1468 1874 1531 orbe;
1907 1482 2000 1520 eu—

414 1564 505 1633 jus
535 1564 650 1617 hzcc
688 1564 863 1633 prima
895 1563 1143 1633 leguntur
1198 1562 1446 1631 insignia.
1480 1560 1616 1614 Cum
1658 1560 1832 1614 adhuc
1855 1567 2001 1613 cate-

420 1655 720 1707 chumenus
801 1661 985 1717 esset,
1051 1651 1268 1706 hiemali
1337 1651 1556 1721 frigore,
1627 1651 1802 1704 media
1889 1664 2000 1703 suae

419 1742 721 1813 chlamydis
744 1756 1036 1813 pauperem
1065 1750 1218 1812 parte
1243 1741 1476 1797 vestivit.
1502 1740 1618 1807 Qua
1654 1741 1820 1794 etiam
1844 1745 2012 1809 parte'

2099 549 2423 604 Arianorum
2460 545 2833 602 tribulationes
2881 543 3176 606 sustinens,
3228 541 3427 596 iterum
3474 540 3685 598 Gallias

2101 638 2399 707 repedavit,
2442 645 2736 706 sanctoque
2791 634 2994 688 Hilario
3052 632 3379 687 Pietaviensi
3415 630 3640 700 junctus
3667 675 3686 701 ,

2098 743 2264 797 prope
2293 727 2567 780 civitatem
2591 725 2693 780 sibi
2717 724 2968 779 cellulam
3017 723 3342 787 construxit,
3378 723 3433 776 in
3476 739 3584 793 qua
3619 725 3690 780 li-

2097 818 2281 872 berius
2305 815 2752 886 contemplativos
2777 823 3027 884 carperet
3058 812 3285 869 fructus.
3327 813 3426 868 Cui
3457 816 3690 884 quidam

2101 908 2524 962 catechumenus
2545 905 2828 960 adbzerens
2849 905 3049 969 subita,
3074 911 3264 958 sancto
3289 905 3512 959 absente
3537 905 3688 972 viro,

2102 1006 2275 1051 morte
2302 1005 2603 1068 pratreptus
2635 1004 2718 1050 est
2745 1013 2760 1048 :
2785 1010 2945 1064 quem
2969 995 3056 1048 vir
3089 994 3184 1048 Dei
3214 995 3467 1064 precibus
3493 995 3691 1064 profu-

2101 1088 2176 1142 sis
2207 1086 2568 1152 resuscitavit,
2594 1087 2718 1140 vitm
2744 1086 3010 1140 redditum
3040 1084 3356 1153 baptizavit,
3384 1086 3476 1154 qui
3498 1086 3692 1142 multis

2063 1188 2287 1249 'postea
2336 1179 2492 1232 annis
2523 1179 2679 1231 vixit.
2715 1177 2959 1232 Alterum
3005 1191 3240 1246 quoque,
3292 1177 3348 1230 in
3394 1176 3688 1246 cujusdam

2101 1269 2346 1338 Lupicini
2370 1269 2397 1307 δ
2415 1284 2546 1339 agro
2566 1268 2757 1337 laqueo
2775 1283 3115 1338 suspensum,
3143 1268 3314 1323 sacris
3344 1270 3692 1327 orationibus

2101 1360 2226 1413 vita:
2263 1360 2520 1414 restituit.
2574 1358 2817 1412 Tertium
2849 1359 2915 1412 ab
2966 1359 3154 1413 eodem
3201 1365 3388 1412 sancto
3436 1358 3576 1423 viro,
3633 1361 3691 1414 in

2101 1452 2406 1508 Carnoteno
2429 1453 2642 1522 oppido,
2683 1449 2962 1518 cujusdam
2999 1449 3242 1504 mulieris
3266 1448 3482 1505 flentem
3514 1450 3688 1506 ﬁlium

2101 1546 2212 1600 sola
2239 1548 2485 1601 oratione
2520 1548 2574 1601 in
2625 1553 2914 1615 conspectu
2950 1545 3131 1615 populi
3163 1545 3526 1599 resuscitavit.
3563 1544 3690 1610 Quo

2102 1636 2362 1692 miraculo
2417 1637 2554 1701 viso,
2631 1636 2848 1705 plurimi
2924 1651 2990 1690 ex
3065 1634 3262 1704 populo
3338 1634 3690 1688 crediderunt

2101 1728 2336 1784 Christo.
2371 1727 2706 1782 Succedente
2743 1726 2928 1780 itidem
2973 1736 3236 1793 tempore,
3269 1725 3322 1778 in
3369 1725 3558 1779 eodem
3585 1739 3689 1794 0p-

419 1800 720 1906 chlamvdis
745 1800 895 1899 suae,
951 1800 1097 1890 inter
1125 1833 1395 1905 angelicos
1417 1833 1691 1888 exercitus
1713 1800 1998 1887 Dominum
2034 1800 2076 1861 Β
2105 1819 2255 1887 Dido,
2306 1827 2510 1872 mutam
2557 1818 2626 1872 ab
2693 1815 2922 1871 infamia
2976 1814 3207 1886 Puellam
3262 1813 3534 1870 benedic“
3571 1814 3688 1870 οίθί

418 1925 627 1993 Jesum,
655 1928 914 1983 divinitus
937 1927 1290 1992 illuminatus,
1325 1934 1482 1980 nocte
1507 1933 1788 1995 sequente,
1835 1924 2002 1978 vesti-

2104 1910 2416 1964 inunctione
2446 1908 2688 1963 sanavit;

419 2026 533 2073 tum
562 2018 806 2088 aspexit;
840 2024 899 2070 ιιι
924 2031 1111 2071 verum
1139 2017 1460 2085 intelligeret
1485 2015 1629 2084 quod
1675 2015 1790 2085 ipse
1828 2015 2003 2069 Domi-
2035 2021 2072 2072 tt
2173 2022 2260 2076 Vl.
2285 2022 2517 2094 Eligitur
2541 2024 2808 2093 episcopus
2843 2021 3177 2076 Turonensis.
3203 2019 3460 2076 Omnibus
3485 2022 3692 2074 virtuti-

419 2123 523 2162 nus
546 2107 706 2162 Jesus
739 2106 1066 2177 evangelicis
1116 2107 1324 2159 intonat
1349 2105 1594 2174 paginis:
1647 2103 1896 2168 Quandiu
1927 2104 2002 2172 fe-

420 2200 563 2254 cistis
597 2200 689 2254 uni
730 2215 794 2254 ex
824 2200 904 2253 his
929 2199 1158 2252 minimis
1186 2198 1334 2264 meis,
1365 2198 1492 2251 mihi
1529 2196 1723 2267 fecistis
1750 2195 1962 2268 (Matth.
1985 2238 2000 2262 ,

420 2307 549 2357 xxv,
585 2291 699 2361 40).

493 2381 578 2435 ill.
613 2381 927 2436 Adolescens
974 2381 1264 2437 Mediolani
1293 2390 1528 2436 moratus
1552 2382 1764 2436 Arionis
1792 2381 1998 2434 restitit.

420 2474 489 2528 In
532 2473 762 2528 Galliam
792 2475 982 2529 secedit
1001 2485 1050 2528 et
1077 2474 1137 2529 S.
1175 2474 1388 2528 Hilario
1411 2465 1677 2544 jungitur.
1706 2504 1778 2513 —-
1801 2472 1899 2527 llic
1923 2473 2003 2526 vir

420 2561 610 2616 ﬂorem
635 2563 1009 2618 adolescentia
1034 2579 1144 2619 suae
1169 2563 1469 2618 Mediolana
1492 2563 1828 2631 transegitin
1845 2561 1999 2623 urbe,

419 2667 585 2722 quam
612 2660 740 2707 tunc
763 2655 1022 2724 temporis
1047 2655 1270 2718 Ariana,
1301 2653 1514 2709 favente
1535 2654 1828 2718 Auxentio,
1867 2651 2003 2706 mul-

418 2751 535 2798 tum
595 2744 886 2800 maculavit
935 2745 1193 2814 perﬁdia;
1253 2746 1340 2801 cui
1374 2754 1595 2800 sanctus
1649 2745 1911 2799 Martinus
1943 2752 2004 2797 ut

418 2830 574 2887 fortis
605 2833 805 2888 athleta
833 2832 1035 2889 Christi
1064 2835 1293 2890 viriliter
1338 2835 1556 2899 restitit,
1596 2835 2002 2904 intrepidusque

417 2939 604 2979 veram
667 2934 868 2981 sanctae
914 2927 1196 2982 Trinitatis
1236 2927 1396 2982 fidem
1438 2927 1687 2982 docebat.
1733 2927 1842 2981 Sed
1878 2927 2001 2980 inde

419 3013 553 3090 [Al.,
612 3017 830 3092 exinde]
865 3017 1193 3074 Arianorum
1246 3020 1450 3075 saavitia
1481 3021 1786 3091 principum
1816 3019 2002 3089 depul-

2105 2116 2199 2169 bus
2227 2115 2493 2186 praelusit.
2521 2147 2592 2156 —
2621 2114 2728 2170 Sed
2753 2131 2818 2170 ne
2843 2116 3064 2170 lucerna
3088 2114 3301 2170 Domini
3331 2114 3517 2169 modio
3545 2122 3690 2169 tecta

2104 2206 2315 2271 lateret,
2368 2207 2694 2264 dulcissimis
2732 2209 3038 2262 abstractus
3075 2215 3161 2261 est
3201 2206 3442 2271 sedibus,
3491 2205 3691 2261 multo-

2105 2316 2334 2371 rumque
2356 2301 2608 2370 precibus
2640 2300 2910 2368 alligatus,
2939 2299 3145 2354 electus
3185 2305 3267 2353 est
3288 2298 3344 2352 in
3368 2298 3689 2367 episcopum

2106 2391 2388 2447 Turonicm
2409 2392 2666 2458 civitatis,
2703 2393 2795 2446 ubi
2821 2391 3052 2460 plurima
3093 2397 3406 2446 sanctarum
3449 2389 3690 2459 insignia

2103 2489 2270 2559 gessit
2314 2487 2596 2551 virtutum,
2654 2494 2709 2541 et
2739 2484 2906 2539 multa
2965 2483 3202 2538 cmlestis
3250 2482 3373 2536 vita:
3427 2481 3693 2551 dogmata

2105 2580 2324 2650 sparsit,
2355 2589 2535 2634 tamen
2580 2579 2805 2648 privata:
2827 2577 2953 2631 vita:
2989 2574 3372 2631 continentiam
3421 2573 3474 2626 in
3505 2573 3695 2628 turbis

2103 2672 2425 2742 populorum
2461 2686 2566 2726 non
2599 2670 2796 2724 amisit.
2828 2669 3060 2724 Humilis
3099 2670 3153 2722 in
3184 2666 3392 2730 habitu,
3411 2662 3694 2734 jucundus

2107 2763 2160 2816 in
2191 2778 2454 2826 sermone,
2489 2762 2715 2816 devotus
2748 2763 2800 2816 in
2842 2760 3249 2831 przedicatione,
3273 2773 3440 2811 verax
3463 2755 3517 2810 in
3539 2753 3696 2824 judi-

2106 2857 2213 2922 cio,
2241 2857 2566 2911 venerabilis
2598 2858 2651 2910 in
2683 2857 2942 2919 moribus,
2970 2852 3194 2925 pervigil
3221 2853 3274 2907 in
3321 2849 3692 2912 orationibus,

2107 2949 2356 3002 assiduus
2385 2950 2439 3002 in
2490 2949 2739 3014 lectione,
2768 2956 3024 3004 constans
3053 2948 3107 3002 in
3145 2946 3316 3010 vultu,
3341 2946 3464 3014 pius
3509 2944 3563 2998 in
3609 2941 3696 2997 af-

2107 3039 2272 3104 fectu,
2297 3039 2630 3094 honorabilis
2655 3040 2709 3093 in
2739 3040 3042 3094 ministerio
3064 3037 3409 3099 sacerdotali,
3437 3035 3696 3106 infatiga-

422 3126 517 3168 sus
571 3109 878 3167 Gallicanas
932 3114 1157 3169 secessit
1211 3114 1264 3167 in
1327 3121 1532 3183 partes,
1600 3113 1998 3182 venerabilique

2106 3132 2231 3186 bilis
2257 3132 2406 3186 verbi
2434 3132 2528 3186 Dei
2561 3133 2876 3196 seminator,
2905 3133 3137 3202 impiger
3161 3139 3438 3201 acceptam
3473 3128 3693 3184 Domini

414 3201 774 3258 Pictaviensis
799 3205 950 3259 urbis
979 3204 1208 3258 antistiti
1253 3204 1456 3258 Hilario
1479 3203 1724 3272 junctus,
1751 3203 1841 3273 qui
1872 3211 1999 3257 tunc

414 3293 678 3360 temporis
725 3295 880 3362 quasi
930 3295 1240 3350 firmissima
1290 3295 1412 3349 fidei
1463 3296 1713 3350 columna
1749 3295 1998 3349 omnibus

415 3378 698 3435 laudabilis
726 3383 937 3436 exstitit
965 3399 979 3436 :
1007 3395 1064 3439 et
1101 3383 1255 3453 quasi
1285 3384 1357 3455 [F
1361 3396 1491 3451 orte,
1515 3395 1571 3440 et
1591 3385 1752 3456 sicut]
1784 3385 2000 3440 Lucifer

416 3468 473 3522 in
499 3467 638 3523 ccelo
663 3469 834 3525 stellis
862 3470 1062 3526 clarior
1091 3473 1306 3527 cmteris
1329 3473 1603 3539 clarescit,
1652 3475 1726 3527 ita
1751 3473 1840 3528 ille
1876 3491 2000 3529 san-

416 3567 537 3612 ctus
564 3559 646 3613 vir
673 3561 726 3614 in
762 3560 1005 3616 Ecclesia
1053 3562 1278 3629 Christi,
1311 3564 1564 3618 omnibus
1601 3564 1759 3619 famae
1793 3566 1999 3636 magni-

417 3649 620 3715 tudine,
677 3658 731 3705 et
759 3653 1046 3707 sanctitate
1075 3654 1221 3719 vitae,
1269 3663 1326 3709 et
1375 3654 1743 3709 doctrinarum
1772 3656 1999 3710 veritate

415 3750 730 3797 sanctarum
754 3744 1102 3799 excellentior
1133 3745 1334 3799 effulsit
1370 3763 1382 3798 :
1422 3745 1577 3814 cujus
1605 3745 1907 3815 disciplinis
1942 3764 2000 3803 se

415 3842 636 3890 sanctus
678 3834 964 3900 Martinus,
1001 3844 1123 3904 post
1169 3835 1420 3891 relictum
1461 3835 1665 3891 militia:
1700 3837 1996 3907 cingulum,

414 3931 664 3996 sociavit,
688 3939 747 3985 ut
779 3931 915 3986 tanti
939 3931 1040 3985 viri
1074 3930 1319 3986 eruditus
1345 3931 1607 4000 exemplis
1633 3929 1999 3986 Christianam

413 4020 610 4077 fortior
629 4023 986 4092 processisset
1007 4023 1074 4076 ad
1101 4037 1354 4092 pugnam,
1395 4021 1520 4076 fidei
1548 4031 1790 4076 armatus
1818 4023 1996 4094 galea,

412 4121 469 4167 et
489 4112 651 4168 lorica
692 4113 918 4182 iustitia:
961 4115 1260 4180 accinctus,
1285 4117 1464 4187 gladio
1507 4117 1656 4171 verbi
1691 4117 1784 4172 Dei
1821 4132 1999 4171 arma-

415 4218 524 4274 tus,
580 4209 879 4279 intrepidus
919 4218 1108 4262 contra
1155 4210 1338 4265 omnia
1368 4211 1470 4264 tela
1511 4210 1730 4283 maligni
1770 4210 2000 4265 bellator

418 4307 744 4360 muniretur.

484 4394 573 4450 IV.
611 4393 862 4452 Parentes
903 4397 1128 4452 invisens
1180 4406 1401 4452 matrem
1427 4401 1674 4454 convertit
1701 4401 1769 4453 ad
1812 4401 1990 4469 ﬁdem.

2105 3224 2188 3279 sui
2223 3224 2508 3294 pecuniam
2545 3225 2932 3294 multiplicare;
2981 3239 3104 3279 cum
3155 3222 3515 3290 gaudentibus
3548 3238 3694 3293 gau-

2102 3315 2255 3378 dens,
2287 3331 2410 3370 cum
2441 3315 2750 3386 lugentibus
2776 3317 2983 3386 lugens,
3008 3315 3261 3371 omnibus
3281 3316 3462 3370 omnia
3486 3314 3694 3381 factus,

2100 3416 2160 3461 ut
2189 3423 2378 3462 omnes
2407 3407 2753 3463 lucrifaceret
2801 3407 3050 3472 Christo;
3092 3407 3381 3461 virtutibus
3432 3407 3694 3477 insignis,

2100 3500 2343 3554 bonitate
2425 3500 2729 3566 laudabilis,
2788 3503 2988 3572 pietate
3053 3498 3318 3564 amabilis,
3386 3499 3578 3555 multis
3638 3502 3694 3555 in

2100 3593 2412 3663 episcopatu
2445 3591 2655 3664 fulgens
2678 3595 2987 3648 virtutibus.

2171 3682 2278 3737 νη.
2315 3684 2600 3738 Miracula.
2622 3717 2691 3724 —
2711 3685 2844 3738 Nam
2876 3685 3089 3740 turbam
3106 3699 3440 3758 paganorum
3464 3683 3576 3737 ritu
3606 3691 3694 3738 tn-

2101 3775 2457 3831 multuantem
2499 3777 2555 3830 in
2603 3778 2862 3845 obsequio
2917 3778 3197 3848 cujusdam
3221 3776 3488 3845 corporis,
3516 3774 3692 3829 verbo

2099 3867 2385 3932 orationis,
2405 3883 2532 3922 uno
2581 3867 2766 3936 ligavit
2809 3868 2863 3922 in
2893 3867 3043 3932 loco;
3074 3868 3379 3936 iterumque
3406 3864 3691 3920 resolvens

2101 3960 2212 4014 suis
2268 3960 2514 4029 permisit
2557 3960 2822 4014 dominari
2877 3961 3135 4031 vestigiis.
3197 3959 3465 4015 Ruentem
3495 3958 3690 4026 pinum

2101 4063 2262 4117 super
2308 4062 2365 4102 se
2395 4049 2546 4116 signo
2569 4050 2745 4104 crucis
2767 4051 3016 4120 opposito
3039 4050 3258 4114 avertit,
3283 4050 3691 4118 mirantemque

2101 4137 2314 4191 turbam
2347 4136 2563 4194 Christo
2591 4141 2812 4195 credere
2863 4140 3009 4196 fecit.
3046 4141 3296 4210 Seipsum
3327 4141 3380 4194 in
3410 4147 3555 4195 tecto
3583 4155 3688 4194 cu-

2093 4229 2308 4296 jusdam
2337 4232 2528 4285 domus
2555 4230 2784 4286 llatnmis
2811 4233 3078 4302 opposuit,
3103 4249 3171 4288 ne
3198 4233 3430 4286 innocua
3461 4230 3689 4285 ﬁnderet

2099 4319 2238 4386 ignis
2268 4329 2429 4385 tecta,
2475 4323 2566 4390 qui
2615 4321 2798 4376 fanum
2831 4322 3068 4376 incendit
3125 4321 3462 4376 idololatriae.
3515 4319 3686 4375 Aliud

2098 4423 2310 4477 quoque.
2338 4411 2596 4480 templum
2625 4413 2846 4482 antiquo
2872 4428 3058 4467 errore
3085 4413 3420 4468 dmmonibus
3459 4412 3686 4467 dedica-

415 4486 669 4543 Similiter
710 4498 759 4543 et
809 4489 1085 4543 latronem.
1118 4520 1187 4529 —
1220 4489 1366 4543 Idem
1415 4495 1630 4559 quoque
1664 4501 1881 4546 sanctus
1911 4494 1995 4546 vir
2023 4496 2070 4554 D
2098 4504 2231 4561 tum,
2265 4498 2390 4551 dum
2438 4515 2600 4554 manu
2643 4517 2749 4556 non
2789 4504 2965 4571 potuit
3007 4504 3266 4568 humana,
3296 4502 3542 4572 angelico
3576 4500 3685 4556 [ιιι-

411 4579 593 4636 divino
619 4578 925 4636 admonitus
953 4580 1189 4644 oraculo,
1219 4591 1472 4650 parentes
1495 4596 1623 4635 suos
1653 4593 1677 4620 α
1723 4583 1789 4635 ad
1822 4598 1990 4637 sacrm

412 4668 535 4724 fidei
589 4671 854 4726 convertit
908 4669 1328 4741 professionem;
1377 4678 1432 4726 et
1483 4679 1735 4736 matrem,
1785 4688 1906 4740 quae
1931 4688 1990 4726 se

409 4758 612 4813 mundo
658 4761 863 4829 genuit,
903 4761 1018 4830 ipse
1052 4763 1391 4832 regeneravit
1426 4761 1660 4817 Christo.
1701 4761 1813 4817 lloc
1857 4780 1989 4833 quo-

406 4862 515 4918 que
563 4848 755 4904 itinere
797 4849 1070 4904 latronum
1099 4867 1390 4922 perpessus
1449 4852 1693 4916 insidias,
1729 4853 1855 4906 dum
1896 4854 1988 4907 uni

406 4939 642 4994 traditur
667 4940 736 4994 ad
777 4940 1210 5005 custodiendum,
1245 4943 1554 5013 evangelica
1604 4943 1989 5012 prmdicatione

405 5027 674 5086 latronem
701 5031 973 5085 convertit
994 5032 1062 5085 ad
1103 5031 1412 5088 Christum:
1440 5043 1495 5088 et
1516 5035 1606 5102 qui
1636 5033 1766 5106 [Al.,
1798 5043 1851 5089 et
1875 5034 1985 5105 cui]

408 5121 638 5176 traditus
676 5118 778 5175 fuit
807 5121 876 5175 ad
903 5137 1136 5191 pmnam,
1176 5125 1353 5179 factus
1379 5135 1464 5180 est
1491 5127 1540 5181 ei
1577 5127 1631 5180 in
1666 5128 1914 5181 salutem.

481 5212 642 5284 160
669 5213 734 5270 Υ.
772 5211 839 5266 In
881 5212 1085 5268 Gallias
1117 5215 1269 5269 redit.
1329 5214 1527 5270 Cellam
1554 5220 1827 5272 construit.
1865 5219 1988 5273 Tres

407 5313 640 5359 mortuos
682 5306 976 5360 resuscitat.
1029 5303 1273 5362 Puellam
1321 5319 1520 5363 mutam
1565 5321 1737 5365 sanat.
1766 5310 1989 5366 —lnde

405 5407 684 5465 regressus
718 5398 934 5452 obviam
967 5399 1157 5454 habuit
1207 5400 1503 5470 malignum
1563 5402 1836 5471 spiritum,
1894 5404 1986 5472 qui

405 5495 595 5542 sancto
626 5487 764 5552 viro,
797 5503 1118 5559 quocunque
1162 5500 1436 5561 pergeret,
1483 5494 1737 5548 comitem
1772 5509 1831 5548 se
1865 5509 1986 5549 esse

407 5576 725 5642 spopondit;
755 5579 843 5630 cui
871 5578 1168 5649 intrepidus
1201 5583 1478 5652 respondit
1514 5601 1526 5635 :
1563 5583 1822 5639 Dominus
1853 5586 1985 5640 mihi

478 5696 503 5756 ξ
538 5683 788 5756 Parentes
802 5702 958 5756 _suos,
1010 5698 1114 5742 etc.
1163 5690 1343 5745 Solam
1376 5703 1623 5756 matrem,
1649 5697 1726 5750 ait
1752 5697 1986 5753 Severus

411 5750 600 5821 Sulpit.
639 5765 754 5818 cap.
789 5752 843 5816 4,
873 5763 1026 5822 patre
1047 5757 1099 5810 in
1124 5760 1281 5813 malis
1309 5750 1706 5829 perseverante.

2093 4596 2178 4641 tus
2210 4589 2410 4643 auxilio
2459 4593 2744 4648 subvertit.
2799 4594 2908 4648 Nec
2957 4610 3062 4648 non
3095 4595 3198 4649 alio
3229 4595 3347 4650 loco
3394 4594 3685 4662 gentilium

2091 4696 2242 4735 sacra
2267 4683 2608 4749 subvertens,
2634 4702 2663 4739 a
2690 4689 2920 4754 quodam
2941 4703 3154 4758 pagano
3181 4687 3360 4758 gladio
3380 4688 3680 4757 appetitus,

2091 4772 2178 4826 ille
2228 4773 2428 4827 nudum
2471 4773 2716 4830 ferientis
2745 4777 2872 4832 ictui
2905 4777 3098 4832 collum
3129 4777 3408 4847 opposuit;
3453 4777 3548 4832 sed
3577 4777 3676 4832 in}

2089 4863 2210 4931 pius
2242 4871 2386 4918 retro
2415 4864 2635 4931 cadens,
2679 4882 2831 4921 suam
2863 4867 3166 4938 intelligens
3193 4868 3549 4937 impietatem,
3580 4883 3682 4922 ve-

2090 4953 2234 5008 niam
2273 4955 2564 5022 postulavit
2590 4972 2620 5010 a
2650 4965 2870 5023 sancto;
2917 4959 3198 5029 alteroque
3246 4960 3480 5014 librante
3505 4961 3683 5014 ictum

2090 5044 2143 5098 in
2173 5052 2417 5098 sanctum
2465 5055 2647 5115 caput,
2684 5047 2888 5103 ferrum
2924 5048 3112 5119 effugit
3137 5051 3202 5104 de
3241 5052 3512 5105 manibus.
3546 5050 3686 5106 Tre-

2088 5136 2233 5190 veris
2258 5137 2616 5208 paralyticam
2634 5140 2890 5208 puellam,
2922 5141 3156 5211 totisque
3188 5142 3482 5197 resolutam
3506 5159 3685 5198 mem-

2088 5227 2224 5293 bris,
2253 5243 2408 5282 sacra
2439 5229 2707 5285 benedicti
2737 5229 2840 5284 olei
2889 5231 3177 5297 inlusione,
3213 5242 3424 5288 astante
3455 5232 3680 5304 pepulo,

2087 5317 2330 5386 pristinae
2377 5319 2608 5374 reddidit
2658 5321 2900 5375 sanitati.
2962 5321 3202 5376 Tetradii
3267 5323 3683 5391 proconsularis

2087 5407 2188 5460 viri
2209 5422 2423 5462 servum
2451 5424 2641 5464 manus
2687 5410 3030 5481 impositione
3049 5428 3078 5466 a
3107 5414 3373 5468 daemonio
3399 5413 3680 5468 liberavit.

2091 5498 2241 5579 Unde
2264 5507 2317 5555 et
2349 5501 2436 5556 ille
2467 5499 2754 5557 Tetradius
2791 5519 2913 5557 cum
2939 5513 3049 5559 tota
3080 5505 3238 5560 domo
3275 5521 3372 5560 sua
3415 5506 3484 5560 ad
3516 5505 3685 5560 Chri-

2088 5591 2318 5646 stianam
2343 5609 2637 5650 conversus
2658 5604 2743 5649 est
2770 5595 3182 5664 professionem.
3213 5597 3509 5668 Cujusdam
3537 5613 3683 5669 quo-

2159 5702 2185 5740 b
2231 5701 2491 5770 Lupicini.
2535 5703 2689 5758 Hunc
2713 5706 3034 5762 honoratum
3080 5709 3377 5764 secundum
3412 5705 3680 5765 szeculum

2087 5771 2260 5824 virum
2288 5771 2547 5841 Sulpitius
2570 5775 2832 5843 nominat,
2865 5776 2899 5828 ι.
2931 5777 3024 5831 cit.
