3894 6182
179 363 275 420 661

1140 360 1723 420 IIAGIOGRAPIIICA.
1758 390 1831 401 —
1873 361 2034 416 VlTA
2078 363 2134 416 S.
2178 364 2478 421 MARTINI.

3330 366 3433 419 66:1

176 495 282 553 que
332 474 741 549 patrisfamilias
791 489 1017 545 puerum
1087 490 1118 529 a
1187 476 1428 531 daemone
1478 482 1754 545 arreptum
1786 479 1831 536 Α
1859 479 2065 533 satione
2089 479 2382 550 perfectus,
2413 482 2466 535 in
2496 482 2643 535 omni
2678 482 2877 552 pietate
2905 489 2960 536 et
3001 452 3260 554 religione
3300 498 3441 553 pra:-

177 569 540 635 atrocissimo,
599 567 796 638 digitos
846 567 902 620 in
946 581 1008 621 os
1065 567 1307 632 mittens,
1365 566 1616 637 Spiritum
1649 581 1757 619 ma-

176 661 381 733 lignum
427 673 530 728 per
558 658 807 728 pudenda
840 656 1095 726 patientis
1129 656 1278 711 exire
1324 656 1601 727 compulit.
1655 653 1757 710 Le-

176 752 398 821 pr'osum
451 748 507 803 in
537 754 696 819 porta
722 746 1012 802 Parisiacae
1045 747 1282 802 civitatis
1336 762 1367 801 a
1415 746 1758 802 deformitate

176 841 253 895 sui
296 838 550 908 corporis
598 836 717 893 solo
747 836 975 897 salvavit
1027 836 1244 901 osculo;
1304 834 1399 891 sed
1438 844 1495 892 et
1518 835 1758 891 ﬁmbrias

176 929 485 987 vestimenti
510 928 651 999 ejus,
687 935 743 983 et
780 927 869 982 fila
895 925 1055 981 cilicii
1087 925 1285 980 multos
1307 940 1500 981 sanare
1538 925 1760 981 morbos

176 1028 515 1093 compertum
538 1028 643 1075 est.
673 1018 813 1073 Filia
837 1017 1057 1073 Arborii
1076 1015 1316 1086 praefecti
1341 1031 1438 1086 per
1462 1015 1758 1084 impositio-

178 1126 299 1166 nem
327 1108 574 1180 epistolae
615 1107 787 1163 sancti
822 1105 1040 1160 Martini
1088 1120 1121 1159 a
1166 1103 1499 1176 gravissimis
1531 1104 1759 1160 liberata

177 1209 250 1256 est
283 1199 550 1257 febribus.
588 1197 801 1253 Paulini
834 1210 860 1238 ει
884 1196 1100 1252 oculum
1142 1195 1391 1265 peniculo
1420 1197 1759 1265 superposito

176 1291 387 1346 sanavit
410 1305 441 1343 a
469 1290 655 1345 dolore
681 1300 843 1357 atque
868 1287 1119 1358 caligine.
1488 1307 1493 1311 υ

238 1379 380 1435 VIII.
408 1379 485 1434 Ab
531 1378 750 1449 angelis,
782 1377 846 1431 B.
903 1376 967 1431 V.
1006 1387 1056 1431 et
1101 1376 1222 1431 aliis
1268 1377 1463 1431 sanctis
1495 1377 1754 1432 visitatur.

178 1469 380 1540 Spiritu
427 1470 713 1541 prophetia:
760 1466 970 1522 claruit.
997 1467 1237 1524 —ldem
1284 1483 1498 1538 quoque
1540 1476 1760 1523 sanctus

176 1559 443 1614 Martinus
471 1559 672 1615 cadens
710 1573 810 1629 per
837 1557 1057 1629 gradus,
1095 1558 1331 1629 graviter
1349 1573 1486 1629 pene
1508 1566 1655 1615 totus
1678 1568 1760 1614 at-

175 1651 341 1706 tritus
367 1650 652 1715 membris,
676 1657 833 1705 nocte
858 1649 927 1704 ab
949 1649 1141 1720 angelo
1164 1651 1231 1705 ad
1253 1650 1519 1721 integram
1547 1665 1762 1706 recrea-

176 1752 265 1797 tus
294 1748 387 1795 est
428 1740 717 1795 sanitatem
752 1757 764 1792 :
801 1739 1105 1809 saepiusque
1140 1739 1396 1809 angelicis
1435 1734 1761 1794 visitationi-

174 1831 279 1887 bus
308 1835 369 1888 et
406 1828 659 1884 familiari
705 1807 975 1884 locutione
1019 1807 1322 1883 fruebatur.
1355 1828 1596 1896 Quodam
1631 1842 1760 1884 vero
1788 1807 1834 1868 Β

177 1921 266 1977 die
290 1919 625 1976 beatissimae
658 1919 948 1974 Cenitricis
972 1918 1069 1974 Dei
1101 1928 1156 1975 et
1189 1919 1403 1975 Domini
1434 1920 1604 1976 nostri
1631 1918 1761 1974 Jcsu

178 2008 410 2075 Christi,
439 2014 496 2062 et
525 2014 833 2063 sanctorum
882 2007 1251 2078 apostolorum
1295 2007 1444 2063 Petri
1474 2016 1529 2062 et
1576 2008 1758 2072 Pauli;

179 2114 277 2156 nec
321 2113 433 2154 non
459 2105 768 2152 sanctarum
796 2097 1066 2168 virginum
1095 2097 1309 2153 Thecla:
1342 2106 1399 2154 et
1435 2098 1661 2170 Agnetis
1684 2099 1761 2152 vi-

180 2187 435 2242 sitatione
476 2186 562 2240 vir
587 2185 684 2240 Dei
708 2185 1005 2242 honoratus
1044 2194 1099 2242 et
1133 2188 1471 2243 confortatus
1492 2197 1594 2243 est.
1625 2187 1773 2249 Nam,

182 2278 483 2333 daemonum
512 2277 909 2346 phantasmata,
961 2285 1019 2332 et
1048 2277 1100 2331 in
1146 2277 1375 2333 diversis
1402 2277 1592 2347 figuris
1636 2279 1763 2332 hor-

183 2367 366 2423 ribiles
387 2374 639 2436 aspectus
667 2366 800 2421 nihil
829 2373 1096 2431 metuens,
1127 2383 1229 2423 nec
1250 2368 1377 2422 ullis
1402 2382 1589 2422 eorum
1614 2365 1764 2421 falla-

184 2459 279 2514 ciis
289 2458 441 2513 illudi
462 2456 655 2527 potuit.
681 2456 885 2526 Spiritu
905 2471 1035 2514 vero
1054 2459 1437 2528 prophetarum
1454 2457 1527 2511 ita
1549 2456 1760 2523 claruit,

186 2555 244 2601 ut
294 2547 485 2601 multis
533 2545 703 2600 multa
745 2546 1059 2616 prtedixerit
1118 2548 1271 2619 161
1322 2546 1546 2602 futura:
1597 2546 1765 2602 veluti

187 2638 419 2694 Maximo
458 2637 773 2709 imperatori
803 2637 1087 2693 victoriam
1135 2638 1192 2692 in
1227 2636 1380 2692 Italia
1416 2645 1471 2692 et
1514 2637 1566 2692 in
1592 2637 1763 2707 Aqui-

186 2728 284 2784 leia
330 2729 614 2785 interitum
659 2727 927 2799 praedixit.
961 2728 1029 2783 Et
1055 2728 1245 2784 eodem
1279 2728 1441 2784 beato
1472 2729 1590 2784 viro
1626 2728 1768 2786 cele-

193 2821 382 2875 brante
417 2827 666 2874 sanctum
697 2818 1013 2890 mysterium
1045 2819 1111 2873 ad
1140 2818 1329 2884 altare,
1363 2818 1550 2890 globus
1577 2818 1765 2890 igneus

186 2913 364 2968 subito
410 2913 482 2967 de
542 2911 744 2967 vertice
805 2910 953 2966 fulsit
1011 2912 1175 2967 illius.
1234 2911 1496 2967 Evantius
1546 2913 1766 2983 quidam

188 3010 447 3073 :egrotus,
462 3008 785 3072 properante
799 3003 874 3057 ad
893 3018 951 3058 se
967 3002 1129 3058 beato
1148 3004 1289 3073 viro,
1306 3005 1458 3075 prius
1478 3004 1766 3060 sanitatem

191 3091 414 3163 recepit,
440 3106 603 3162 quam
629 3100 851 3147 sanctus
884 3092 1148 3149 Martinus
1169 3093 1387 3150 domum
1419 3094 1668 3148 intraret.
1706 3092 1764 3147 In

190 3187 375 3243 eadem
400 3200 619 3257 quoque
644 3186 803 3242 domo
844 3202 1072 3257 puerum
1097 3202 1126 3241 a
1153 3195 1402 3258 serpente
1428 3201 1766 3257 percussum,

192 3285 503 3332 sanctorum
534 3283 682 3332 tactu
715 3276 1001 3348 digitorum
1030 3293 1058 3332 a
1105 3277 1349 3348 periculo
1385 3277 1577 3333 mortis
1604 3275 1766 3332 eruit.

258 3363 351 3419 IX.
385 3362 571 3419 Sancti
610 3365 708 3419 viri
742 3367 1013 3436 patientia.
1040 3367 1315 3422 Daemones
1355 3366 1534 3439 pellit,
1564 3374 1671 3421 etc.
1702 3396 1772 3406 —

194 3450 324 3507 Nam
351 3460 518 3506 tantae
546 3451 648 3507 fuit
678 3453 762 3507 vir
787 3453 882 3508 Dei
922 3455 1220 3524 patientiac',
1271 3464 1331 3510 ut
1376 3454 1619 3511 convicia
1664 3469 1770 3509 non

194 3542 442 3607 doluerit,
470 3544 761 3614 opprobria
791 3559 897 3600 non
923 3545 1180 3600 senserit:
1214 3544 1322 3600 imo
1340 3553 1393 3600 et
1414 3545 1771 3614 quorumdam

197 3632 522 3687 rusticorum
549 3630 757 3701 ﬂagella
781 3632 991 3703 placido
1016 3633 1270 3688 sustinuit
1311 3635 1491 3691 animo
1512 3675 1527 3701 ,
1553 3650 1773 3690 eorum-

198 3737 296 3792 que
318 3722 429 3776 lixa
459 3722 623 3776 terris
657 3721 909 3777 animalia
947 3721 1060 3777 solo
1088 3721 1331 3778 solvebat
1355 3738 1625 3779 sermone.
1662 3722 1770 3778 Ne-

198 3812 323 3866 mini
349 3810 620 3866 adulando
642 3810 1056 3877 blandiebatur;
1093 3810 1322 3882 principi
1357 3811 1488 3866 nulli
1528 3812 1774 3867 veritatis

199 3902 357 3956 verba
387 3901 583 3968 tacuit,
609 3901 678 3956 ad
700 3911 830 3957 nota
859 3916 1073 3971 semper
1095 3902 1401 3957 orationum
1423 3902 1664 3958 subsidia
1688 3918 1775 3958 re-

198 4008 438 4049 currens.
487 3992 641 4049 Unde
683 3993 728 4049 si
759 3993 887 4062 quid
916 3992 966 4047 ei
990 4001 1230 4062 potestas
1259 3993 1769 4059 renuit.sa:cularis,

199 4099 316 4138 mox
346 4084 533 4139 divina
562 4085 815 4154 praestitit
842 4085 1033 4154 pietas.
1079 4084 1335 4152 Quaedam
1364 4084 1540 4156 puella
1568 4084 1772 4140 dmmo-

198 4173 348 4228 niaco
368 4181 588 4243 arrepta
616 4173 831 4244 spiritu,
856 4173 1137 4240 stramine,
1158 4174 1249 4228 ubi
1274 4183 1492 4229 sanctus
1515 4174 1776 4230 Martinus

200 4265 443 4331 sedebat,
471 4280 503 4317 a
541 4271 803 4333 potestate
828 4272 1013 4336 erepta
1041 4273 1125 4320 est
1151 4264 1390 4320 inimica.
1438 4265 1555 4320 Non
1602 4264 1774 4321 solum

199 4356 462 4421 homines,
490 4355 771 4410 sedetiam
814 4354 1069 4410 animalia
1116 4370 1149 4409 a
1192 4355 1495 4411 daemonum
1539 4355 1778 4411 liberans

1856 568 2065 635 clarus,
2111 571 2166 624 in
2213 571 2361 625 omni
2403 571 2642 627 bonitate
2683 580 2739 627 et
2770 572 3104 643 benignitate
3144 573 3436 643 jucundus,

1859 673 2001 714 anno
2028 661 2206 715 aetatis
2239 675 2351 715 suae
2382 676 2566 726 um,
2598 668 2653 715 et
2676 662 3017 732 episcopatus
3042 664 3127 719 sui
3155 679 3305 729 xxvi,
3343 679 3441 719 an-

1858 750 1945 805 nis
1993 759 2239 807 maturus
2282 761 2337 808 et
2376 752 2618 818 meritis,
2657 754 2712 807 in
2746 753 2987 810 ccelestia
3031 755 3325 812 advocatus
3357 764 3442 811 est

1860 854 2053 910 regna;
2078 850 2343 910 quatenus
2368 857 2494 897 cum
2519 842 2804 912 multiplici
2829 844 2912 899 sui
2936 844 3138 900 laboris
3167 846 3439 912 mercede,

1859 936 2176 998 perpetuam
2225 946 2257 984 a
2308 929 2523 988 Christo
2568 931 2796 987 Domino
2846 934 3110 1002 reciperet
3158 951 3436 992 coronam.

1863 1014 2001 1074 Sed“
1999 1019 2143 1075 diem
2165 1021 2345 1076 obitus
2375 1022 2459 1076 sui
2503 1021 2671 1077 multo
2708 1032 2835 1077 ante
2860 1037 3210 1092 pernoscens,
3243 1034 3299 1080 et
3323 1026 3441 1095 qui-

1860 1108 2087 1162 busdam
2110 1108 2224 1163 suis
2241 1109 2540 1179 praedicens
2565 1109 2843 1176 fratribus,
2867 1114 3438 1184 appmpinquauteque

1861 1199 2015 1263 hora,
2042 1197 2273 1253 febrium
2295 1199 2480 1255 dolore
2499 1208 2697 1267 tactus,
2718 1201 2874 1256 lmtus
2899 1202 2952 1254 in
2976 1202 3133 1257 laude
3152 1200 3270 1267 Dei,
3294 1203 3438 1257 inter

1862 1286 2040 1341 divina
2065 1287 2464 1357 praedicationis
2482 1290 2671 1355 verba,
2689 1289 2831 1343 inter
2849 1290 3116 1360 angelicas
3139 1290 3438 1345 caelestium

1862 1376 2185 1446 hymnorum
2209 1392 2391 1442 voces,
2418 1378 2531 1434 suis
2550 1378 2851 1433 astantibus
2870 1377 3167 1448 discipulis,
3194 1386 3438 1435 sanctam

1861 1465 1972 1521 Deo
2001 1466 2219 1522 Christo
2243 1467 2475 1523 reddidit
2498 1468 2754 1523 animam.

1934 1556 2024 1610 XI.
2062 1556 2286 1612 Turonis
2314 1558 2582 1628 sepelitur.
2610 1588 2683 1598 —
2707 1556 2873 1626 Cujus
2915 1567 3160 1614 sanctum
3189 1574 3383 1630 corpus
3409 1576 3441 1614 a

1862 1646 2076 1702 clericis
2095 1647 2395 1712 civitatum,
2419 1656 2474 1702 et
2492 1647 2811 1717 populorum
2830 1648 3027 1715 turbis,
3049 1663 3170 1703 cum
3196 1648 3443 1704 laudibus

1863 1746 1918 1793 et
1956 1738 2173 1808 hymnis
2207 1737 2274 1792 ad
2304 1737 2627 1793 Turonicam
2657 1745 2903 1807 portatur
2931 1738 3226 1805 civitatem,
3263 1738 3445 1808 ibique

1863 1828 1918 1882 in
1948 1827 2245 1898 polyandro
2279 1827 2495 1896 publico
2529 1827 2769 1897 sepultus
2813 1838 2915 1893 est,
2964 1829 3054 1884 ubi
3100 1829 3442 1899 postmodum

1861 1918 2053 1973 beatus
2078 1916 2307 1971 antistes
2329 1916 2630 1988 Perpetuus
2658 1916 2685 1956 δ
2712 1915 2966 1972 laudabili
2992 1932 3170 1988 opere,
3204 1925 3259 1972 et
3282 1931 3444 1972 vene-

1864 2012 2021 2067 rabili
2048 2011 2195 2067 cultu
2224 2010 2526 2067 construxit
2564 2008 2849 2066 ecclesiam
2888 2010 3026 2064 tanti
3053 2009 3230 2066 Patris
3259 2010 3445 2083 condi-

1862 2116 2023 2173 gnam
2050 2102 2263 2157 meritis
2287 2118 2301 2154 :
2344 2101 2399 2155 in
2434 2114 2540 2170 qua
2565 2100 2731 2155 etiam
2759 2114 2929 2169 usque
2955 2100 3113 2155 hodie
3135 2100 3304 2154 multa
3336 2100 3443 2154 mi-

1863 2190 2171 2247 raculorum
2201 2191 2374 2261 signa,
2400 2189 2647 2259 plurimae
2684 2190 2978 2243 sanitatum
3019 2188 3269 2254 virtutes,
3314 2203 3445 2242 con-

1864 2278 2158 2333 solationes
2182 2277 2546 2342 maerentium,
2568 2275 2801 2347 pietates
2820 2275 3136 2341 laetantium,
3152 2284 3383 2345 prmstan
3393 2283 3443 2330 te

1864 2367 2093 2422 Domino
2122 2376 2311 2421 nostro
2337 2364 2466 2421 Jesu
2497 2364 2733 2431 Christo,
2759 2364 2877 2421 ﬁeri
2904 2366 3101 2431 solent,
3119 2365 3211 2436 qui
3240 2366 3368 2420 vivit
3389 2372 3445 2419 et

1865 2463 2057 2527 regnat
2081 2470 2201 2510 cum
2232 2454 2342 2509 Deo
2367 2454 2527 2508 Patre
2551 2453 2597 2526 [ο
2629 2462 2684 2508 et
2709 2454 2911 2523 Spiritu
2941 2463 3128 2510 sancto
3154 2454 3211 2509 in
3241 2454 3447 2511 unitate

1864 2545 2164 2618 majestatis
2189 2545 2405 2610 divinae,
2430 2560 2530 2614 per
2557 2544 2738 2599 omnia
2764 2542 3005 2615 sarcula].

2241 2679 2269 2720 ἀ
2297 2679 2688 2742 EIUSDEM
2717 2677 3061 2742 ALCUINI

1976 2800 2209 2858 SERMO
2243 2801 2334 2855 DE
2372 2799 2718 2856 TRANSITU
2759 2797 3004 2855 SANCTI
3041 2798 3345 2854 MARTINI.

1938 2912 2053 2967 XII.
2082 2912 2266 2968 Sancti
2289 2910 2510 2965 Martini
2530 2912 2806 2977 sanctitas,
2826 2910 3082 2965 miracula
3104 2920 3152 2965 et
3169 2894 3451 2981 prophetia:

1871 3001 2086 3056 donum.
2114 3032 2185 3041 —
2214 3000 2439 3070 Oportet
2467 3016 2566 3057 nos
2595 3016 2784 3057 omnes
2816 3001 3143 3056 unanimiter
3170 3002 3408 3073 gaudere
3430 3043 3447 3067 ,

1874 3092 2070 3147 fratres
2097 3089 2427 3155 charissimi,
2455 3098 2511 3146 et
2537 3090 2857 3161 praeclarum
2901 3090 3042 3147 diem
3068 3092 3247 3148 obitus
3277 3091 3451 3147 sancti

1875 3182 2089 3236 Martini
2116 3181 2345 3237 ﬁdeliter
2367 3181 2654 3248 venerari;
2691 3181 2787 3237 sed
2808 3181 3075 3252 praecipue
3098 3183 3190 3252 qui
3216 3183 3271 3237 in
3296 3182 3453 3239 Occi—

1872 3271 2179 3328 dentalibus
2207 3270 2390 3325 mundi
2418 3271 2664 3342 partibus
2694 3279 2821 3328 sunt
2866 3271 3053 3327 fideles
3087 3271 3323 3338 Christi,
3359 3273 3453 3342 qui

1873 3369 1927 3417 et
1949 3360 2211 3416 doctrinis
2232 3359 2349 3429 ejus
2368 3360 2615 3415 similiter
2633 3368 2689 3416 et
2705 3360 2965 3430 exemplis
2984 3360 3267 3416 illuminati
3292 3370 3450 3418 sunt:

1873 3451 1997 3520 quia
2046 3450 2404 3521 quodcunque
2451 3448 2780 3521 praedicabat
2819 3450 3020 3516 verbis,
3053 3453 3456 3508 demonstrabat

1873 3541 2148 3611 cperibus.
2184 3541 2245 3595 In
2288 3540 2434 3597 omni
2479 3541 2622 3596 enim
2664 3540 2775 3595 vita
2819 3556 2918 3597 sua
2963 3549 3020 3595 et
3043 3545 3452 3601 conversatione

1873 3647 1969 3686 sua
1995 3630 2289 3702 perfectus,
2315 3631 2370 3686 in
2393 3632 2539 3690 omni
2559 3632 2761 3702 pietate
2783 3640 2838 3686 et
2858 3633 3118 3704 religione
3139 3635 3449 3704 praeclarus,

1874 3722 1927 3775 in
1957 3723 2105 3777 omni
2131 3721 2375 3777 bonitate
2419 3729 2475 3777 et
2515 3722 2847 3793 benignitate
2883 3723 3154 3792 jucundus
3198 3732 3352 3789 erat,
3385 3725 3455 3779 ab

1874 3816 2124 3871 omnibus
2167 3814 2477 3880 laudabilis,
2524 3815 2776 3869 omnibus
2805 3814 3088 3881 amabilis;
3128 3815 3281 3884 virgo
3315 3815 3456 3869 inter

1875 3907 2072 3963 choros
2115 3905 2421 3977 virginum,
2477 3905 2727 3973 egregius
2774 3904 3115 3959 sacerdotum
3144 3944 3160 3969 ,
3212 3904 3454 3959 imitator

1875 3994 2262 4064 apostolorum,
2289 4001 2345 4048 et
2372 3991 2576 4065 Christi
2604 3991 2944 4063 praedicator.
2982 3991 3154 4059 Quem
3196 3991 3455 4047 Dominus

1876 4091 1930 4145 in
1955 4090 2127 4160 gratia
2155 4086 2447 4159 apostolica
2478 4092 2563 4141 est
2589 4085 2841 4157 dignatus
2870 4083 3086 4155 eligere,
3114 4085 3255 4140 sicut
3277 4084 3343 4139 de
3365 4084 3469 4140 illo.

1876 4180 2138 4250 scriptum
2162 4186 2246 4233 est
2271 4195 2282 4230 :
2325 4195 2343 4227 ι
2373 4176 2474 4232 llic
2495 4182 2580 4231 est
2614 4174 2897 4240 Martinus,
2928 4175 3131 4231 electus
3159 4174 3253 4231 Dei
3278 4175 3471 4245 pontii--

1876 4270 1998 4334 fex,
2043 4269 2130 4322 cui
2175 4267 2435 4323 Dominus
2476 4274 2601 4336 post
2651 4265 2924 4338 apostolos
2972 4273 3177 4321 tantam
3222 4266 3453 4336 gratiam

1877 4360 2129 4416 conferre
2158 4359 2409 4430 dignatus
2430 4364 2534 4423 est,
2564 4358 2703 4413 utin
2728 4356 2925 4414 virtute
2950 4366 3151 4414 sanctae
3176 4357 3458 4412 Trinitatis

200 4453 481 4516 potestate.
506 4453 561 4501 el
584 4453 864 4500 mansueta
898 4446 957 4499 in
985 4460 1141 4500 suum
1171 4444 1348 4501 redire
1381 4459 1596 4517 gregem
1623 4460 1774 4500 man-
1804 4487 1851 4546 υ
1879 4452 2084 4508 dciﬁcae
2111 4456 2413 4506 mereretur
2442 4449 2559 4505 ﬁeri
2587 4450 2751 4505 trium
2790 4457 3129 4504 mortuorum
3166 4448 3456 4503 suscitator

204 4536 359 4592 davit.
384 4536 563 4591 Etiam
592 4534 694 4591 fuit
722 4544 883 4591 tanta:
918 4536 1324 4601 misericordiae,
1353 4545 1415 4591 ut
1437 4538 1663 4592 canibus
1691 4552 1775 4592 se—

206 4628 485 4696 quentibus
510 4627 841 4698 lcpusculum
869 4628 1212 4699 imperaverit
1242 4635 1416 4693 stare;
1440 4635 1496 4682 et
1521 4629 1776 4684 miseram

209 4717 479 4774 bestiolam
502 4733 534 4771 a
560 4717 811 4787 praesenti
838 4725 1013 4772 morte
1040 4717 1257 4788 eripuit.
1290 4716 1427 4773 Villa
1455 4718 1699 4786 quaedam
1723 4717 1775 4772 in

213 4806 471 4863 Senonico
496 4805 790 4877 grandinea
833 4806 1028 4875 saepius
1070 4813 1282 4862 vastata
1326 4814 1678 4876 tempestate,
1711 4808 1780 4861 ad

212 4910 387 4964 preces
409 4895 585 4952 sancti
614 4894 851 4960 Martini,
878 4895 1061 4951 multis
1090 4896 1317 4952 liberata
1347 4904 1431 4951 est
1465 4897 1638 4951 annis.
1668 4896 1781 4951 Mu-

214 4984 302 5039 lier
327 5002 358 5041 a
385 4984 667 5055 sanguinis
694 4981 840 5039 ﬂuxu
864 4984 1303 5041 vestimentorum
1350 4985 1493 5040 illius
1523 4993 1666 5041 tactu
1696 5002 1783 5041 sa-

216 5087 327 5131 nata
352 5085 457 5134 08L

278 5166 343 5222 Χ.
375 5165 541 5222 Obiit.
577 5197 649 5207 —
678 5166 896 5222 Talibus
936 5167 1097 5222 etiam
1144 5167 1351 5222 electus
1395 5166 1489 5221 Dei
1533 5168 1785 5223 sacerdos

219 5257 407 5315 mundo
430 5257 631 5314 claruit
656 5256 970 5323 miraculis;
1000 5264 1055 5313 et
1076 5257 1132 5312 in
1160 5256 1306 5311 omni
1336 5255 1446 5310 vita
1475 5265 1531 5313 et
1557 5272 1783 5313 conver-

284 5445 309 5473 ι
340 5430 579 5498 Paulini,
611 5432 851 5557 (ἔξω)ρί
893 5431 1105 5487 Nolani.
1152 5431 1274 5487 Vid.
1332 5431 1529 5487 Baron.
1589 5431 1786 5486 Annal.

284 5516 345 5556 In.
371 5500 442 5557 ν.
467 5519 594 5557 natz.
707 5543 721 5557 .
744 5517 893 5557 num.
920 5501 1007 5555 l7.

227 5500 442 5575 tota},
467 5519 594 5575 pag.
627 5500 721 5567 25,
744 5500 893 5575 num.
920 5501 1007 5555 l'l.

288 5572 319 5610 δ
354 5569 645 5643 Perpetuus
691 5572 974 5643 episcopus
1016 5570 1354 5643 Turonensis
1400 5570 1622 5643 quintus
1667 5580 1789 5641 post

229 5641 809 5705 sanctumMartinuin;
836 5642 928 5711 qui
958 5642 1032 5711 ad
1074 5641 1376 5711 sepulcrum
1424 5641 1580 5711 hujus
1619 5643 1792 5695 satu-ti

228 5711 487 5777 pontiﬁcis
510 5711 813 5770 construxit
833 5709 1111 5768 basilicam
1121 5709 1150 5779 ί
1164 5709 1317 5780 cujus
1348 5709 1572 5782 ﬁguram
1597 5711 1793 5767 descri-

1879 4544 2214 4615 magnilicus.
2263 4562 2282 4595 ι
2330 4541 2412 4597 Ad
2455 4540 2760 4610 exemplum
2802 4538 3014 4594 Domini
3060 4547 3171 4593 tres
3216 4546 3458 4593 mortuos

1879 4634 2191 4692 suscitavit:
2222 4632 2390 4688 multa
2418 4633 2583 4686 etiam
2612 4631 2807 4703 spiritu
2825 4628 3143 4699 prophetiae,
3168 4636 3457 4698 antequam

1880 4723 2093 4789 tierent,
2141 4722 2480 4793 praesciebat.
2531 4719 2738 4789 Spiritu
2781 4719 2927 4773 enim
2952 4717 3247 4788 prophetia:
3270 4717 3460 4789 plenus

1879 4824 2018 4880 erat,
2044 4823 2099 4870 et
2125 4814 2247 4869 ideo
2280 4827 2436 4868 suum
2464 4811 2669 4867 obitum
2715 4810 2895 4865 divina
2935 4809 3286 4880 inspiratione
3314 4823 3456 4880 prte-

1882 4906 2056 4970 scivit,
2083 4911 2138 4959 et
2163 4901 2482 4972 quibusdam
2515 4914 2580 4954 ex
2626 4898 2887 4956 fratribus
2921 4899 3327 4956 dissolutionem
3375 4901 3468 4957 sui

1882 4994 2125 5065 corporis
2153 4991 2610 5062 appropinquasse
2638 4989 2912 5044 revelavit.

1958 5086 2113 5158 162
2136 5083 2269 5138 XIII.
2300 5081 2446 5136 Inter
2473 5081 2688 5136 clericos
2707 5082 3065 5137 discordantes
3091 5099 3267 5153 pacem
3291 5082 3460 5151 refor-

1886 5184 2014 5231 mat.
2040 5173 2234 5227 Avibus
2254 5171 2493 5240 imperat.
2518 5194 2589 5211 --
2621 5181 2644 5209 ο
2672 5170 2824 5225 Tunc
2847 5179 3027 5225 autem
3055 5186 3216 5226 causa
3244 5170 3317 5224 illi
3342 5186 3464 5224 eve-

1888 5273 2060 5329 nerat,
2087 5278 2190 5333 qua
2217 5275 2435 5316 necesse
2456 5260 2646 5314 habuit
2663 5258 3058 5314 Condatcnsem
3085 5258 3333 5315 dioecesis
3352 5274 3463 5313 sua:

1887 5432 1969 5486 bit
1996 5429 2053 5485 S.
2080 5428 2241 5498 Creg.
2272 5428 2472 5483 Turon.
2504 5427 2640 5482 Hist.
2675 5426 2866 5482 Franc.
2897 5427 3105 5498 libr._n,
3136 5441 3252 5497 cap.
3288 5428 3372 5498 μ.

1962 5511 1984 5539 ο
2015 5498 2146 5565 Quae
2171 5496 2385 5553 uncinis
2404 5497 2610 5553 inclusa
2633 5505 2778 5562 sunt,
2802 5511 2870 5552 ex
2891 5512 2992 5553 ms.
3023 5496 3317 5553 Rhemensi
3336 5512 3443 5553 saec

1892 5587 1968 5625 Ill
1994 5577 2120 5623 sunt
2148 5568 2454 5637 desumpta.

1962 5639 1987 5678 ἀ
2016 5639 2093 5692 Ex
2126 5652 2229 5692 ms.
2261 5635 2391 5691 Cod.
2416 5637 2777 5691 Puteanorum
2801 5635 3051 5691 fratrum.

1971 5721 1991 5748 ε
2017 5709 2092 5764 Ex
2118 5707 2340 5778 cpistola
2372 5707 2555 5763 Severi
2587 5706 2653 5763 ad
2677 5705 2948 5775 Basulam,
2979 5707 3165 5779 paucis
3188 5707 3429 5762 mutatis.
