3894 6182
434 330 540 386 663

1296 324 1358 378 Β.
1399 324 1460 379 F.
1501 321 1726 376 ALBINI
1765 320 1897 376 SEU
1936 319 2212 376 ALCUlNl
2250 319 2534 378 OPERUM
2569 322 2747 380 PARS
2785 321 2848 376 Υ.

3585 321 3699 377 66$

433 443 613 498 vicum
643 440 816 504 adire,
861 447 922 494 ut
945 437 1157 493 clericis
1184 437 1327 491 inter
1351 450 1408 490 se
1438 435 1692 490 Ecclesiae
1721 436 1862 490 illius
1895 435 2003 491 dis—
2029 439 2075 498 Α
2105 443 2269 500 ctum,
2296 451 2397 491 nec
2434 445 2610 491 morte
2639 435 2958 491 vincendum
2981 476 2994 500 ,
3043 434 3136 505 qui
3175 448 3276 490 nec
3318 433 3455 490 mori
3483 434 3698 502 timuit,

435 529 781 585 oordantibus
800 541 990 596 pacem
1020 525 1358 582 reformaret.
1389 525 1456 578 Et
1475 525 1602 579 licet
1621 523 1781 579 finem
1800 525 2010 580 dierum

433 633 657 675 suorum
686 617 920 672 adfuisse
951 633 1057 672 non
1091 616 1398 688 ignoraret,
1442 613 1710 684 proﬁcisci
1736 625 1914 671 tamen
1940 617 2010 672 ob

433 707 737 765 istiusmodi
777 724 997 764 causam
1042 723 1146 762 non
1189 705 1490 772 recusavit,
1530 721 1834 762 memorans
1881 707 2010 764 illud

434 801 800 872 evangelicum
825 816 839 854 :
877 801 1028 855 Beati
1059 800 1267 872 paciﬁci
1285 840 1299 865 ,
1328 800 1576 870 quoniam
1601 800 1702 868 ﬁlii
1730 799 1830 854 Dei
1858 818 2011 856 voca-

436 893 658 945 buntur:
683 890 976 960 volensque
995 904 1184 960 pacem
1205 889 1458 944 omnibus
1480 890 1805 960 relinquere,
1828 906 2010 946 exem-

433 985 524 1054 plo
544 983 756 1038 Domini
782 983 837 1036 in
863 981 948 1036 die
975 980 1308 1036 ascensionis
1332 997 1442 1036 sua:
1469 981 1726 1051 apostolis
1747 981 2004 1038 dicentis:

435 1073 629 1127 Pacem
659 1071 893 1142 relinquo
923 1071 1080 1134 vobis,
1109 1087 1288 1141 pacem
1319 1088 1485 1126 meam
1512 1072 1580 1125 do
1605 1073 1762 1126 vobis.
1795 1072 1863 1127 In
1883 1090 2011 1143 pace

431 1179 522 1215 vos
546 1162 743 1226 dimisi,
778 1161 832 1214 in
854 1177 980 1231 pace
1008 1178 1098 1215 vos
1123 1161 1405 1215 inveniam.
1437 1159 1679 1232 Cumque
1719 1162 1822 1217 hac
1847 1177 2009 1217 causa

432 1268 556 1308 cum
587 1251 842 1306 familiari
872 1251 1254 1322 discipulorum
1280 1253 1539 1307 comitatu
1577 1254 1680 1307 iter
1705 1261 2007 1324 perageret,

432 1360 647 1415 mergos
690 1346 745 1400 in
777 1343 996 1400 ﬂumine
1030 1345 1176 1399 videt
1208 1345 1436 1416 piscium
1483 1344 1880 1400 multitudinem
1912 1360 2005 1399 ca-

431 1442 665 1503 ptantes,
697 1441 753 1488 et
793 1434 961 1488 dixit:
994 1433 1192 1488 Forma
1232 1434 1348 1488 hmc
1395 1433 1696 1488 dmmonum
1726 1441 1828 1489 est.
1858 1433 2009 1489 Tunc

432 1523 538 1577 illis
564 1522 770 1592 potenti
794 1523 993 1577 virtute
1015 1524 1304 1576 verborum
1329 1523 1634 1592 imperavit,
1663 1532 1723 1577 ut
1745 1539 1865 1579 eum
1887 1539 2008 1594 gur'

432 1613 595 1680 gitem
620 1613 985 1682 relinquentes
1010 1613 1160 1667 arida
1189 1614 1505 1684 desertaque
1527 1622 1842 1684 appeterent
1864 1615 2001 1670 loca.

433 1701 736 1772 Statimque
758 1704 953 1758 mirum
977 1703 1029 1756 in
1049 1702 1267 1757 modum
1293 1718 1481 1758 omnes
1505 1703 1558 1758 in
1579 1719 1684 1758 una
1710 1705 1862 1760 turba
1883 1721 2006 1760 con-

2111 542 2211 582 nec
2230 527 2412 582 vivere
2433 526 2724 582 recusavit!
2751 524 2856 580 Sed
2879 540 2999 580 cum
3027 539 3058 578 a
3079 525 3358 595 discipulis
3384 536 3701 596 rogaretur,

2111 627 2171 674 ut
2205 627 2504 674 stramenta
2541 616 2640 672 sub
2682 631 2738 671 se
2785 614 2987 670 faceret
3020 616 3181 686 poni,
3222 616 3274 670 vi
3319 615 3548 670 febrium
3588 633 3702 688 per

2109 711 2312 781 aliquot
2339 710 2454 765 dies
2493 709 2772 770 laborans,
2812 706 2929 762 Non
2960 708 3134 772 decet,
3178 707 3368 776 inquit,
3415 707 3531 773 filii,
3577 724 3699 763 non

2109 800 2262 854 decet
2283 798 2668 863 Christianum,
2696 797 2799 852 nisi
2824 799 2877 850 in
2905 784 3084 851 cinere
3109 806 3162 851 et
3187 797 3365 851 cilicio
3384 798 3554 864 mori;
3586 813 3706 870 ego

2109 888 2277 953 enim,
2303 889 2347 942 si
2376 887 2520 942 aliud
2548 887 2701 942 vobis
2731 887 2923 955 reliqui
2950 886 3277 955 exemplum,
3306 887 3417 955 ipse
3437 889 3700 957 peccavi.

2111 975 2177 1030 Et
2207 992 2328 1031 cum
2356 977 2552 1030 iterum
2581 991 2612 1029 a
2655 975 3007 1046 presbyteris,
3037 976 3129 1043 qui
3159 975 3226 1029 ad
3253 975 3370 1046 ejus
3396 975 3702 1032 inﬁrmita-

2111 1077 2218 1122 tem
2248 1075 2529 1134 venerant,
2551 1077 2854 1138 rogaretur,
2881 1075 2941 1120 ut
2961 1067 3337 1136 corpusculum
3361 1067 3545 1122 lateris
3571 1084 3703 1123 mu-

2113 1162 2314 1216 tatione
2343 1161 2624 1225 relcvaret,
2655 1161 2845 1225 Sinite,
2885 1159 3078 1230 inquit,
3127 1159 3288 1215 sinite
3332 1176 3434 1225 me,
3467 1161 3696 1227 fratres,

2110 1255 2290 1324 potius
2313 1254 2507 1309 cmlum
2536 1269 2696 1323 quam
2729 1262 2927 1308 terram
2957 1253 3158 1318 videre,
3192 1261 3253 1306 ut
3279 1253 3334 1307 in
3366 1269 3465 1309 suo
3493 1256 3704 1311 itinere

2104 1344 2216 1414 jam
2248 1344 2422 1399 iturus
2449 1343 2516 1398 ad
2540 1343 2824 1398 Dominum
2845 1357 2999 1398 meus
3022 1342 3244 1412 spiritus
3268 1343 3552 1414 dirigatur.

2180 1433 2296 1488 XV.
2331 1432 2480 1486 Inter
2499 1431 2756 1503 angelicas
2779 1432 2996 1502 hymnos
3025 1433 3257 1486 animam
3281 1435 3405 1504 agit.
3433 1463 3502 1474 —
3531 1435 3700 1492 Anno

2113 1523 2275 1593 igitur
2294 1522 2469 1578 artatis
2497 1537 2608 1576 sua:
2636 1538 2822 1587 uxxx,
2847 1530 2902 1577 et
2929 1522 3271 1592 episcopatus
3293 1524 3375 1578 sui
3397 1541 3545 1592 xxvi,
3573 1542 3700 1580 ma-

2109 1623 2264 1669 turus
2292 1614 2449 1668 annis
2472 1621 2527 1668 et
2562 1614 2806 1670 moribus
2835 1615 2977 1684 apud
3000 1614 3392 1672 Condatensem
3436 1618 3695 1674 diteces'is

2109 1718 2219 1758 suae
2247 1703 2449 1767 vicum,
2493 1709 2555 1756 ut
2600 1702 2855 1769 diximus,
2899 1703 3129 1758 feliciter
3159 1705 3379 1760 recessit
3409 1721 3440 1759 a
3467 1708 3688 1762 saeculo.

429 1799 664 1862 gregatae
681 1791 872 1848 relicto
899 1792 1118 1848 ﬂumine
1158 1801 1370 1848 montes
1410 1794 1678 1865 silvasque
1711 1796 2003 1865 petierunt.
2040 1783 2084 1842 Β
2111 1793 2217 1848 Sed
2239 1794 2379 1849 inter
2407 1793 2587 1848 divina
2617 1809 2783 1849 sacra:
2803 1794 3200 1864 prmdicationis
3224 1795 3409 1859 verba,
3441 1797 3564 1850 cum
3593 1812 3692 1850 an-

429 1882 496 1936 Et
523 1883 771 1938 admirati
806 1893 950 1950 sunt,
982 1886 1075 1955 qui
1105 1885 1265 1940 simul
1296 1886 1538 1951 aderant,
1587 1887 1747 1942 talem
1777 1888 1832 1942 in
1861 1887 2004 1941 Mar-

429 1972 544 2027 tino
570 1989 690 2028 esse
723 1973 999 2039 virtutem,
1029 1975 1278 2030 utetiam
1311 1977 1502 2032 avibus
1527 1978 1642 2033 sive
1675 1977 2010 2033 daemonibus

430 2063 720 2132 imperaret
745 2082 842 2136 per
867 2066 1101 2137 gratiam
1129 2065 1244 2120 Dei.

499 2154 638 2210 XIV.
669 2155 960 2227 {Egrotan
989 2156 1280 2211 molliorem
1306 2157 1495 2212 lectum
1535 2161 1637 2214 sibi
1658 2162 1821 2215 sterni
1855 2177 2005 2215 recu—

428 2255 530 2298 sat.
561 2275 631 2284 —
657 2243 899 2314 Cumque
927 2245 982 2300 in
1012 2246 1102 2300 illo
1127 2247 1268 2314 vico,
1301 2249 1370 2302 ad
1416 2263 1574 2318 quem
1618 2250 1774 2314 ierat,
1821 2251 2008 2321 paucis

429 2334 618 2389 diebus
639 2343 1028 2401 commoratus,
1042 2351 1175 2405 pace
1197 2337 1340 2392 inter
1360 2337 1587 2395 clericos
1606 2341 1874 2406 restituta,
1891 2340 2003 2410 jam

427 2422 640 2492 regredi
685 2425 752 2479 ad
779 2427 1167 2482 monasterium
1207 2429 1486 2499 cogitaret,
1517 2428 1724 2486 viribus
1763 2433 2009 2501 corporis

427 2515 595 2584 coepit
623 2525 844 2584 repente
874 2518 1091 2572 destitui
1119 2536 1132 2584 ;
1165 2521 1581 2591 convocatisque
1607 2523 1901 2592 discipulis,
1925 2525 2008 2578 in-

428 2603 630 2658 dicavit
663 2605 744 2659 eis
779 2607 892 2676 jam
928 2607 1118 2661 adesse
1160 2616 1372 2678 tempus
1414 2610 1712 2666 resolvendi
1759 2613 2005 2683 spiritum

428 2689 546 2761 ejus
568 2707 599 2746 a
623 2709 871 2763 corpore.
905 2695 1058 2750 Tunc
1084 2711 1212 2751 vero
1238 2696 1413 2752 luctus
1434 2706 1488 2752 et
1515 2715 1716 2755 mmror
1739 2705 2003 2772 omnium,

426 2794 532 2835 vox
555 2797 662 2837 una
688 2783 1056 2853 plangentium
1085 2793 1142 2838 et
1168 2785 1459 2841 dicentium
1487 2806 1499 2840 :
1542 2787 1651 2843 Cur
1674 2806 1792 2856 nos,
1822 2791 2004 2862 Pater,

430 2865 656 2934 deseris,
703 2878 796 2924 aut
835 2871 922 2925 cui
966 2887 1063 2926 nos
1093 2873 1361 2930 desolatus
1405 2876 1706 2947 relinquis?
1751 2880 2007 2937 lnvadent

429 2957 571 3013 enim
601 2973 815 3031 gregem
844 2969 992 3016 tuum
1020 2963 1132 3033 lupi
1165 2980 1404 3034 rapaces.
1438 2966 1504 3020 Et
1531 2968 1651 3037 quis
1676 2985 1774 3025 nos
1794 2987 1823 3024 a
1853 2987 2008 3042 rapa-

428 3047 684 3105 citatibus
727 3065 938 3119 eorum,
989 3060 1042 3107 te
1090 3057 1393 3122 recedente,
1445 3057 1740 3114 defendet?
1791 3062 2006 3118 Scimus

429 3137 646 3207 quidem
675 3149 727 3196 te
747 3142 1057 3198 desiderare
1097 3119 1408 3213 Christum,
1435 3149 1529 3204 sed
1574 3148 1718 3204 salva
1743 3151 1838 3206 tibi
1866 3167 2005 3222 prae-
2031 3119 2078 3182 ϐ

429 3227 537 3282 mia
565 3236 678 3294 tua,
706 3245 807 3287 nec
832 3231 994 3288 dilata
1036 3234 1373 3303 minuentur;
1421 3239 1592 3294 nostri
1636 3243 1815 3311 potius
1844 3243 2007 3299 mise-

427 3333 570 3374 rere.
615 3319 765 3375 Tunc
815 3322 906 3378 ille
953 3334 1132 3380 motus
1180 3341 1369 3381 eorum
1417 3327 1630 3386 ﬂetibus
1675 3331 2006 3403 lacrymasse

427 3409 773 3496 perhibetur;
799 3429 1199 3487 conversusque
1229 3421 1298 3475 ad
1318 3421 1604 3478 Dominum
1627 3427 1852 3496 supplici
1875 3443 2006 3484 voce

427 3497 596 3553 dixit:
628 3499 872 3570 Domine,
901 3506 946 3559 si
974 3507 1148 3562 adhuc
1171 3511 1367 3579 pOpulo
1391 3520 1481 3567 tuo
1502 3529 1619 3568 sum
1645 3519 2004 3586 necessarius,

427 3603 536 3643 non
562 3604 753 3645 recuso
775 3591 1010 3649 laborem
1034 3612 1048 3660 ;
1083 3596 1176 3651 ﬂat
1200 3599 1447 3656 voluntas
1477 3609 1586 3656 tua.
1616 3602 1880 3660 Nimirum
1909 3623 2003 3662 ne-

430 3678 636 3734 sciebat
664 3681 792 3751 quid
817 3684 998 3752 potius
1023 3687 1205 3744 mallet
1231 3708 1242 3742 :
1290 3690 1417 3760 quia
1471 3708 1570 3747 nec
1599 3695 1698 3748 hos
1731 3695 2005 3766 deserere,

431 3783 531 3824 nec
561 3784 591 3824 a
613 3768 828 3827 Christo
857 3775 1073 3830 volebat
1101 3777 1301 3834 diutius
1323 3781 1581 3850 separari.
1614 3782 1758 3838 Nihil
1781 3787 1924 3840 enim
1949 3787 2004 3842 in

427 3867 556 3913 voto
584 3874 682 3914 suo
710 3877 915 3930 ponens
937 3867 1116 3921 omnia
1158 3868 1273 3925 bare
1315 3870 1368 3924 in
1411 3872 1504 3926 Dei
1535 3874 1759 3932 arbitrio
1798 3876 2005 3933 dimisit

431 3947 650 4005 dicens:
673 3950 980 4024 Domine,si
1007 3958 1182 4014 adhuc
1210 3976 1294 4015 me
1320 3963 1401 4018 vis
1430 3964 1483 4018 in
1511 3980 1735 4034 corpore
1761 3982 2001 4037 manere,

430 4051 538 4092 non
589 4056 779 4098 recuso
822 4043 1060 4103 laborem
1085 4062 1098 4101 :
1131 4058 1186 4104 et
1215 4051 1258 4104 si
1293 4053 1472 4121 parcis
1495 4057 1663 4121 :etati,
1693 4057 1892 4112 bonum
1919 4066 2004 4114 est

433 4129 597 4185 mihi:
626 4133 718 4188 ﬂat
744 4137 991 4193 voluntas
1018 4148 1128 4195 tua.
1158 4140 1268 4198 Hos
1289 4153 1487 4210 autem,
1510 4145 1576 4201 de
1602 4149 1798 4220 quibus
1816 4149 1997 4218 timeo,

433 4226 495 4272 tu
531 4221 642 4290 ipse
670 4226 896 4280 custodi.
934 4226 978 4282 Ο
1006 4229 1178 4284 virum
1213 4229 1554 4299 ineﬂ'abilem,
1584 4252 1683 4292 nec
1717 4239 1900 4296 labore
1923 4240 2002 4296 vi-

2107 1887 2292 1956 gelicis
2320 1886 2622 1941 ccelestium
2649 1885 2971 1958 hymnorum
3007 1885 3227 1940 vocibus
3247 1927 3261 1949 ,
3288 1885 3694 1940 circumstanti-

2108 1973 2209 2028 bus
2238 1974 2350 2028 suis
2377 1973 2674 2043 discipulis,
2706 1973 2879 2044 gratia
2909 1972 3099 2043 plenus
3126 1980 3181 2026 et
3220 1973 3526 2035 sanctitate,
3558 1990 3691 2028 san-

2107 2070 2250 2118 ctam
2276 2060 2404 2117 Jesu
2439 2062 2657 2118 Christo
2685 2062 2906 2118 tradidit
2940 2063 3195 2116 animam.
3247 2062 3396 2116 Multi
3443 2063 3588 2117 enim
3631 2063 3690 2118 in

2107 2152 2226 2224 ejus
2273 2153 2504 2208 transitu
2542 2168 2704 2208 voces
2746 2153 3032 2208 audierunt
3081 2152 3392 2224 angelorum
3437 2162 3690 2209 sanctum

2108 2245 2398 2300 Martinum
2427 2246 2778 2302 laudantium.
2809 2247 3022 2315 Quanta
3057 2256 3237 2302 autem
3285 2247 3572 2304 multitudo
3622 2249 3692 2304 ad

2105 2338 2222 2408 ejus
2243 2339 2557 2409 obsequium
2581 2340 2912 2406 convenerit,
2937 2341 3149 2395 narrari
3172 2355 3278 2394 non
3303 2349 3500 2410 potest.
3539 2341 3695 2396 Multi

2107 2429 2252 2486 enim
2291 2447 2354 2485 ex
2394 2429 2585 2485 vicinis
2619 2429 2840 2485 urbibus
2882 2437 2938 2484 et
2982 2431 3321 2485 monasteriis
3349 2439 3510 2499 atque
3553 2431 3695 2485 vicis

2107 2536 2232 2576 cum
2253 2520 2508 2591 lacrymis
2529 2527 2807 2584 venerunt,
2835 2534 2939 2573 una
2967 2534 3099 2575 voce
3129 2529 3368 2574 sanctum
3394 2519 3696 2575 Martinum

2107 2609 2369 2678 lugentes.
2420 2607 2464 2664 Ο
2507 2615 2739 2679 quantus
2787 2617 2903 2664 erat
2939 2607 3116 2664 luctus
3159 2609 3433 2664 omnium!
3481 2619 3700 2678 quanta

2105 2699 2379 2770 praecipue
2407 2698 2639 2753 lamenta
2667 2698 3052 2754 monachorum
3097 2711 3151 2754 et
3186 2699 3451 2769 virginum
3499 2700 3698 2754 dicen-

2107 2789 2264 2855 tium,
2294 2790 2422 2860 quia
2451 2789 2596 2859 pium
2628 2801 2710 2843 est
2744 2791 2977 2860 gaudere
3026 2789 3274 2854 Martino,
3323 2797 3378 2845 et
3420 2790 3568 2860 pium
3607 2802 3700 2846 est

2106 2877 2236 2933 ﬂere
2261 2877 2570 2933 Martinum.
2604 2877 2759 2934 Pium
2786 2879 2930 2934 enim
2965 2889 3088 2936 erat
3122 2894 3245 2934 eum
3293 2880 3494 2946 vivere,
3540 2881 3701 2952 pium

2105 2978 2226 3024 erat
2253 2978 2308 3024 et
2329 2969 2467 3024 mori
2493 2987 2507 3034 ;
2541 2971 2664 3038 quia
2692 2971 2744 3024 in
2773 2971 2881 3024 vita
2911 2986 3006 3025 sua
3029 2971 3304 3040 placuerat
3330 2971 3457 3026 Deo.

2143 3063 2145 3066 ⁴
2178 3058 2316 3114 XVI.
2355 3058 2577 3114 Turonis
2607 3057 2873 3130 sepelitur.
2902 3087 2973 3100 --
2999 3074 3025 3102 ιι
3056 3058 3222 3130 Cujus
3247 3061 3462 3131 quidem
3493 3076 3700 3132 corpus

2110 3165 2141 3205 a
2165 3151 2375 3206 clericis
2403 3151 2703 3216 civitatum,
2733 3160 2786 3206 et
2819 3152 3138 3221 populorum
3175 3152 3347 3206 turbis
3366 3192 3380 3218 ,
3422 3167 3543 3206 cum
3573 3151 3694 3206 lau—

2108 3241 2264 3303 dibus
2290 3249 2344 3295 ct
2379 3241 2594 3312 hymnis
2635 3243 2702 3297 ad
2738 3243 3062 3298 Turonicam
3087 3250 3362 3312 portatum
3389 3252 3471 3298 est
3501 3243 3694 3298 civita-

2108 3339 2243 3397 tem,
2277 3332 2458 3401 ibique
2495 3348 2616 3387 cum
2645 3349 2840 3406 magna
2880 3334 3225 3390 veneratione
3269 3335 3534 3405 sepultum
3579 3345 3694 3400 est,

2107 3430 2428 3491 assequente
2455 3435 2578 3476 eum
2605 3423 2810 3478 caelesti
2842 3425 2998 3478 turba
3049 3439 3172 3478 cum
3203 3423 3514 3478 coelestibus
3536 3423 3694 3494 hym-

2108 3511 2193 3567 nis
2217 3527 2390 3583 usque
2417 3511 2485 3567 ad
2510 3512 2685 3568 locum
2709 3514 2958 3584 sepulcri.
2982 3513 3040 3568 In
3069 3529 3177 3584 quo
3199 3522 3381 3583 postea
3408 3513 3527 3567 loco
3558 3512 3695 3568 bea-

2106 3609 2194 3655 tus
2219 3603 2447 3657 antistes
2479 3602 2776 3674 Perpetuus
2809 3619 3002 3658 novam
3051 3603 3302 3658 laudabili
3346 3618 3511 3672 opere
3558 3619 3692 3658 con-

2107 3694 2304 3746 struxit
2331 3693 2638 3759 ecclesiam,
2661 3693 2796 3748 tanti
2837 3697 3052 3764 patroni
3091 3695 3319 3765 talisque
3355 3695 3455 3749 viri
3493 3695 3687 3750 condi-

2105 3796 2264 3850 gnam
2289 3782 2516 3837 mcritis.
2541 3782 2598 3836 in
2627 3799 2733 3853 qua
2760 3785 2924 3838 etiam
2945 3801 3114 3855 usque
3139 3786 3297 3840 hodie
3321 3785 3489 3839 multa
3519 3785 3690 3840 mira-

2105 3871 2347 3928 culorum
2372 3873 2544 3944 signa,
2573 3873 2816 3943 plurima:
2843 3876 3135 3930 sanitatum
3160 3875 3408 3940 virtutes,
3437 3876 3689 3930 consola-

2108 3963 2283 4019 tiones
2307 3965 2668 4029 mmrentium,
2700 3974 2754 4018 et
2777 3966 3004 4035 pietates
3026 3966 3343 4033 ltetantium,
3387 3975 3684 4036 praestante

2107 4055 2334 4111 Domino
2366 4066 2550 4112 nostro
2575 4056 2702 4112 Jesu
2739 4057 2975 4125 Christo,
3019 4059 3136 4114 ﬁeri
3179 4059 3387 4115 solent:
3427 4061 3522 4130 qui
3553 4060 3686 4114 vivit

2107 4154 2161 4201 et
2193 4155 2384 4218 regnat
2430 4149 2485 4202 in
2527 4149 2733 4205 unitate
2775 4148 3106 4219 maiestatis,
3137 4165 3234 4221 per
3276 4151 3457 4206 omnia
3483 4149 3682 4207 secula

2108 4239 2448 4296 saeculorum.
2483 4241 2675 4297 Amen.

501 4366 529 4394 ι
556 4352 804 4411 Clausula
827 4357 940 4413 haec
961 4359 1147 4415 eadem
1186 4370 1271 4418 est
1310 4379 1374 4420 ac
1411 4369 1762 4436 praecedentis
1787 4371 1999 4442 scripti,
2036 4387 2197 4444 supra
2220 4389 2369 4429 num.
2403 4375 2490 4430 lt.

471 4495 3663 4536 Μ

1091 4653 1267 4727 163-
1303 4627 1741 4748 OPUSC
1759 4634 2144 4750 ULUM
2230 4635 3034 4780 SECUNDUM.

944 4857 1193 4938 VITA
1244 4859 1322 4942 S.
1375 4863 1814 4944 VEDASTI
1872 4867 2333 4951 EPISCOPI
2375 4876 3164 4974 ATREBATENSIS,

1621 5042 1870 5124 Scripta
1900 5049 2067 5107 circa
2093 5069 2319 5111 annum
2357 5054 2495 5116 800.

1897 5194 2170 5207 ὴ..-

493 5268 815 5368 Dulcissimo
837 5267 1140 5368 dilectionis
1167 5269 1279 5325 tilio
1307 5270 1515 5327 Radoni
1547 5286 1570 5313 ι
1603 5275 1781 5330 abbati
1822 5276 1997 5334 humi-
2023 5281 2076 5341 υ
2167 5279 2208 5334 l.
2257 5281 2566 5342 Dilectionis
2603 5296 2796 5344 vestra:
2832 5292 3134 5350 venerabile
3174 5305 3500 5368 praceptum
3526 5310 3675 5354 secu-

418 5358 489 5420 lis
511 5360 672 5417 levita
698 5359 924 5416 Albinus
947 5359 1192 5416 salutem.

495 5546 522 5574 ι
561 5533 788 5589 Radani.
822 5534 1044 5600 Surius,
1077 5534 1305 5590 Rodani.
1338 5536 1388 5592 ls
1415 5539 1579 5594 abbas
1603 5539 1773 5596 factus
1813 5555 1994 5596 mona-

419 5603 572 5681 sterii
602 5603 1177 5681 Vedastini-anno_795
1208 5609 1612 5681 monasterium,
1655 5611 1909 5681 templum
1938 5622 1992 5667 et

421 5670 624 5725 cultum
652 5674 820 5728 sancti
853 5673 1071 5728 Vedasti
1099 5676 1347 5731 maximis
1392 5679 1693 5749 sumptibus
1722 5670 1991 5738 instaura-

2103 5369 2400 5436 tus,Vitam
2430 5377 2602 5432 sancti
2632 5377 2852 5436 Vedasti
2878 5381 3055 5439 Patris
3085 5387 3249 5440 vestri
3273 5396 3331 5442 et
3357 5388 3673 5445 intercesso-

2099 5550 2289 5635 ξ’ἱῑςηει
2327 5570 2478 5635 anno
2504 5557 2609 5635 8_45
2637 5561 2790 5635 obiit,
2828 5571 2990 5635 prgin
3027 5563 3223 5635 legitur
3239 5565 3306 5635 in
3333 5565 3531 5621 Chron.
3566 5560 3670 5615 νεα

2098 5619 2480 5748 εἰηθρῗίἒέοῐὲρυά
2522 5619 2855 5688 ιοςτίυώθὶ
2885 5619 3190 5690 ΡτθηοΪιρ
3233 5619 3361 5690 Bari
3381 5619 3438 5691 in
3485 5647 3668 5688 monu-

2374 5710 2447 5748 ἧς.

2404 5711 2447 5749 ς.
