3894 6182
266 351 375 409 σεδ

1236 346 1817 409 HAGIOGRAPHICA.
1851 381 1924 394 —
1960 351 2122 410 VITA
2154 351 2220 411 S.
2261 348 2578 414 VEDASTI.

3413 361 3526 421 673.

262 467 343 521 ris
404 461 579 519 nostri
604 502 618 528 ,
673 460 967 533 emendare
1007 462 1186 519 studui
1211 476 1238 506 ι
1263 483 1276 519 :
1301 480 1409 522 non
1456 466 1601 537 quod
1645 466 1846 538 aliquid
1874 473 1919 533 Α
1946 468 2237 524 sobrietate
2267 471 2465 535 ornati,
2497 484 2604 524 non
2629 468 2880 526 ebrietati
2905 471 3141 538 assueti;
3169 487 3401 545 quorum
3422 472 3532 532 ho-

260 554 414 611 illius
436 551 909 609 excellentissimis
937 553 1147 609 meritis
1175 554 1394 627 dignum
1420 557 1727 623 valuissem,
1752 556 1848 612 sed

259 644 413 716 qtiod
459 642 597 698 nihil
648 651 753 697 tuae
797 643 1115 699 reverentia:
1147 643 1315 713 jussis
1362 646 1629 718 denegare
1670 655 1846 703 ratum

255 736 474 810 putavi.
516 735 724 789 Idcirco
752 734 818 789 ad
848 740 901 788 te
940 733 1173 788 maxima
1212 733 1397 806 [Boll.,
1432 735 1688 807 maxime]
1724 751 1849 811 per-

258 827 444 882 tinent
464 825 659 879 harum
682 823 800 879 laus
820 823 907 878 vel
932 824 1259 894 vituperatio
1279 824 1596 881 litterarum.
1627 826 1848 882 Utinam

258 920 358 975 tibi
410 925 466 975 et
509 916 792 981 fratribus,
821 916 1224 987 qualescunque
1269 919 1398 983 sint,
1429 918 1695 988 placeant.
1743 918 1849 974 De-

253 1024 460 1081 precor
493 1016 697 1073 autem,
726 1015 789 1061 ut
815 1023 993 1063 meum
1019 1006 1258 1063 laborem
1300 1009 1603 1065 orationum
1644 1018 1850 1087 vestra-

252 1115 383 1157 rum
412 1101 610 1156 solatio
643 1115 995 1156 remunerare
1020 1099 1343 1173 dignemini;
1377 1109 1434 1155 et
1467 1117 1607 1157 unus
1636 1118 1849 1158 merear

256 1204 386 1246 esse
411 1198 659 1244 vestrum
689 1190 746 1244 in
781 1189 1063 1244 charitatis
1089 1192 1466 1246 communione
1494 1191 1675 1247 :illius
1704 1208 1847 1248 sem-

249 1294 358 1351 per
388 1294 664 1335 memores
686 1279 947 1346 mandati,
974 1280 1067 1350 qui
1095 1281 1266 1335 dixit:
1291 1281 1407 1339 Hoc
1433 1291 1511 1337 est
1533 1294 1845 1355 prwceptum

256 1382 456 1435 meum,
499 1377 559 1421 ut
600 1367 833 1439 diligatis
876 1369 1095 1424 invicem
1140 1369 1322 1444 (Jaan.
1354 1372 1584 1443 “,12).
1635 1374 1695 1429 In
1739 1373 1845 1430 hoc

256 1459 408 1515 enim
436 1459 696 1514 mandato
736 1459 977 1515 omnium
1020 1461 1167 1517 salus
1194 1463 1443 1521 consistit
1466 1480 1479 1517 :
1502 1463 1607 1519 hoc
1632 1465 1845 1520 cunctis

254 1549 731 1620 pernecessarium
759 1562 882 1604 esse
902 1558 1133 1617 constat,
1163 1558 1219 1606 et
1245 1552 1480 1607 maxime
1508 1553 1574 1607 iis
1603 1554 1694 1623 qui
1724 1570 1845 1625 gre-

255 1659 383 1717 gem
429 1643 634 1699 Christi
686 1642 978 1715 regendum
1031 1644 1321 1716 accipiunt.
1383 1644 1722 1717 Quapropter
1760 1655 1838 1715 tu,

253 1735 603 1800 charissime,
634 1750 849 1807 gregem
877 1750 1038 1805 quem
1082 1737 1338 1806 accepisti
1384 1738 1702 1808 regendum,
1734 1737 1843 1792 fra-

1946 567 2130 614 nestas
2152 559 2277 614 vitae
2298 560 2416 616 aliis
2444 559 2602 632 164
2624 562 2698 616 sit
2722 561 2965 617 doctrina
2989 561 3207 629 salutis;
3229 579 3527 636 curamque

1943 650 2142 721 ubique
2169 651 2369 707 habeas
2398 653 2631 707 maxime
2656 667 2973 724 pauperum,
2999 654 3302 721 viduarum,
3331 656 3531 726 orpha-

1946 758 2163 810 norum,
2192 753 2251 797 ut
2270 745 2455 798 audias
2482 746 2535 798 in
2562 746 2649 800 die
2675 748 2954 804 tremendo
2977 762 3009 801 a
3046 747 3275 803 Domino
3304 746 3533 807 Christo

1946 846 2066 886 cum
2101 833 2218 887 aliis
2256 833 2650 905 eleemosynam
2683 835 3034 892 facientibus:
3064 835 3311 902 Quandiu
3335 839 3428 892 uni
3456 853 3523 892 ea:

1945 923 2027 978 his
2046 925 2272 978 minimis
2294 925 2509 994 fecistis,
2534 927 2661 980 mihi
2683 927 2878 997 fecistis
2906 926 3120 999 (Matth.
3143 945 3235 995 xv,
3256 929 3365 1000 40).
3391 929 3532 984 Esto-

1947 1014 2161 1068 miseris
2190 1022 2253 1067 ut
2283 1022 2456 1083 pater,
2490 1023 2545 1069 et
2574 1031 2792 1071 causam
2840 1018 2908 1073 ad
2939 1025 2991 1071 te
3019 1017 3368 1074 clamantium
3402 1018 3524 1073 dili-

1946 1111 2134 1172 genter
2171 1103 2400 1170 discute,
2432 1111 2488 1158 et
2511 1120 2671 1175 parce
2707 1105 2761 1159 in
2794 1113 2847 1161 te
2884 1108 3260 1176 peccantibus,
3289 1116 3350 1162 ut
3378 1108 3525 1163 Deus

1949 1191 2054 1244 tuis
2085 1200 2271 1261 parcat
2297 1194 2553 1261 peccatis.
2597 1194 2727 1249 Esto
2756 1195 2937 1266 justus
2974 1197 3029 1251 in
3067 1197 3311 1268 judiciis,
3343 1205 3399 1253 et
3426 1198 3527 1252 mi-

1947 1281 2177 1335 sericors
2215 1280 2269 1335 in
2297 1280 2514 1337 debitis.
2559 1282 2810 1354 Magister
2845 1285 3126 1350 virtutum,
3159 1289 3401 1344 moribus
3429 1288 3524 1342 ho-

1947 1378 2152 1437 nestus,
2200 1372 2381 1427 verbis
2424 1373 2716 1443 jucundus,
2763 1374 2877 1427 vita
2929 1374 3235 1443 laudabilis,
3266 1379 3321 1433 in
3372 1378 3523 1433 omni

1946 1471 2106 1529 opere
2141 1458 2237 1513 Dei
2271 1459 2515 1515 devotus.
2552 1460 2773 1517 Fratres
2806 1478 3020 1533 quoque
3048 1464 3286 1532 hortare,
3316 1474 3377 1521 ut
3397 1483 3524 1521 san-

1944 1555 2063 1603 ctas
2087 1549 2499 1620 diligentissime
2526 1551 2708 1623 legant
2740 1550 3069 1623 Scripturas.
3107 1553 3226 1609 Non
3248 1555 3525 1611 confidant

1945 1636 2003 1691 in
2047 1639 2241 1710 linguae
2289 1641 2510 1707 notitia,
2547 1642 2643 1696 sed
2692 1642 2748 1696 in
2773 1643 3017 1718 veritatis
3057 1644 3432 1716 intelligentia,
3462 1653 3526 1700 ut

1945 1736 2156 1807 possint
2221 1738 2714 1793 contradicentibus
2762 1739 2980 1793 veritati
3040 1741 3315 1795 resistere.
3385 1738 3526 1795 Sunt

258 1834 427 1882 terno
473 1841 654 1881 amore
693 1824 979 1898 diligenter
1017 1827 1230 1882 erudire
1277 1828 1510 1893 studeto,
1535 1835 1590 1882 et
1637 1828 1840 1883 sanctis
1871 1813 1917 1871 Β
1944 1833 2185 1895 tempora
2227 1826 2552 1895 periculosa,
2600 1835 2660 1881 ut
2709 1828 2934 1897 apostoli
2982 1812 3371 1898 praedixerunt,
3395 1827 3524 1898 quia

255 1915 721 1972 admonitionibus
747 1930 871 1970 eum
917 1930 1015 1985 per
1056 1930 1255 1984 pascua
1284 1916 1408 1970 vitae
1455 1916 1719 1971 deducere
1761 1931 1843 1971 sa-

254 2015 404 2077 tage.
457 2005 633 2061 Habes
673 2006 731 2059 in
781 2006 928 2060 omni
963 2020 1125 2077 opere
1161 2007 1304 2061 bono
1331 2006 1605 2062 Christum
1632 2006 1842 2078 adjuto-

257 2114 374 2152 rem
398 2139 414 2163 ,
467 2105 712 2152 sanctum
768 2111 982 2168 quoque
1045 2096 1339 2152 Vedastum
1399 2099 1836 2154 intercessorem.

258 2187 415 2243 Sicut
436 2204 632 2260 magno
658 2188 842 2244 labore
867 2189 1084 2243 domum
1114 2188 1210 2243 Dei
1247 2191 1446 2260 optime
1485 2190 1654 2245 habes
1680 2205 1840 2245 orna-

261 2292 372 2339 tam
420 2291 475 2339 et
497 2283 817 2355 largissimis
843 2282 999 2337 donis
1040 2280 1384 2349 decoratam;
1415 2283 1486 2336 ita
1519 2282 1620 2337 sibi
1650 2280 1836 2355 [Boll.,

263 2372 378 2445 tibi]
404 2372 678 2442 subjectos
701 2373 857 2429 bonis
885 2374 1123 2429 moribus
1147 2375 1328 2427 ornari
1353 2376 1640 2440 contende,
1665 2382 1721 2431 et
1744 2390 1839 2431 eos

264 2460 317 2518 in
342 2464 520 2523 divina
540 2462 701 2518 laude
719 2461 806 2517 fac
828 2464 1156 2528 consistere;
1182 2471 1238 2517 et
1257 2463 1399 2532 quod
1423 2464 1595 2534 angeli
1625 2479 1840 2534 semper

260 2564 425 2628 agunt
454 2556 510 2609 in
546 2555 731 2620 caelis,
762 2554 865 2609 hoc
893 2553 1088 2609 fratres
1110 2554 1312 2625 jugiter
1339 2554 1538 2608 faciant
1580 2555 1636 2608 in
1667 2555 1840 2609 eccle-

261 2646 376 2702 siis.
430 2644 602 2700 Tuum
644 2655 732 2701 est
775 2645 1088 2716 praecipere,
1118 2645 1329 2699 illorum
1377 2645 1615 2699 obedire.
1665 2645 1838 2699 Tuum

259 2743 342 2792 est
386 2716 620 2806 praeire,
660 2737 871 2791 illorum
924 2736 1199 2805 subsequi.
1255 2734 1506 2789 Omnium
1559 2735 1741 2804 itaque
1784 2736 1839 2791 in

260 2826 484 2881 servitio
513 2825 613 2881 Dei
641 2841 746 2880 una
786 2827 949 2882 debet
971 2841 1093 2882 esse
1123 2825 1388 2890 voluntas,
1426 2832 1486 2878 ut
1512 2839 1622 2878 una
1658 2824 1755 2880 fiat
1784 2825 1839 2880 in

256 2929 427 2985 regno
453 2913 550 2968 Dei
576 2916 961 2970 remuneratio.
1436 2933 1448 2940 ·

325 3002 389 3057 II.
433 3002 623 3058 Nullus
675 3004 823 3059 horis
869 3004 1145 3060 canonicis
1191 3020 1251 3060 se
1310 3005 1513 3060 divinis
1560 3003 1844 3060 subtrahat

244 3092 526 3169 laudibus,
557 3109 626 3149 ne
653 3103 870 3164 propter
896 3095 1127 3166 aliquam
1154 3095 1533 3167 negligentiam
1557 3096 1843 3168 cujuslibet

258 3183 409 3239 locus
437 3183 493 3237 in
524 3193 819 3254 conspectu
846 3184 944 3239 Dei
972 3200 1174 3239 vacuus
1216 3186 1558 3239 inveniatur:
1590 3193 1647 3240 et
1678 3186 1842 3240 verba

254 3279 349 3336 Dei
377 3280 437 3334 in
466 3278 713 3335 ecclesiis
746 3280 937 3335 intimo
960 3279 1138 3334 cordis
1165 3278 1357 3333 affectu
1392 3277 1759 3349 proferantur,
1789 3285 1845 3333 et

258 3383 383 3424 etim
413 3383 611 3440 magna
633 3370 936 3426 reverentia
963 3368 1060 3424 Dei
1088 3368 1476 3438 omnipotentis
1501 3366 1671 3422 ollicia
1705 3366 1847 3423 cele-

257 3458 489 3515 brentur
516 3458 702 3530 [omne
747 3474 876 3514 vero
919 3458 1282 3513 ministerium
1309 3457 1511 3512 Christi
1562 3456 1847 3510 humiliter

257 3555 315 3605 et
337 3549 535 3605 devote
570 3548 897 3621 impleatur].
926 3547 1129 3603 Omnes
1166 3549 1363 3617 ubique
1397 3548 1757 3603 obedientiam
1781 3547 1843 3603 in

260 3638 442 3693 saculi
472 3638 887 3693 necessitatibus
914 3636 1144 3691 fideliter
1167 3645 1224 3690 et
1249 3645 1471 3691 strenue
1502 3643 1766 3708 peragant
1786 3637 1839 3691 δ.

258 3727 381 3783 Fiat
427 3729 680 3799 equidem
729 3729 873 3784 inter
917 3742 1111 3783 omnes
1152 3727 1575 3782 concordissima
1627 3744 1756 3797 pax,
1785 3735 1842 3782 et

260 3820 607 3875 sanctissima
651 3819 887 3875 charitas
914 3819 994 3892 [et
1021 3818 1237 3873 devotio
1259 3819 1383 3872 vita:
1410 3818 1712 3890 regularis].
1743 3816 1845 3874 Se-

260 3911 441 3966 niores
464 3910 621 3966 bonis
643 3911 904 3980 exemplis
924 3919 980 3965 et
994 3896 1181 3965 sedula
1203 3908 1570 3964 admonitione
1592 3907 1843 3961 erudiant

255 4000 524 4071 iuniores,
549 4002 774 4073 illosque
817 4002 1043 4074 diligant
1068 4009 1130 4055 ut
1159 4000 1295 4055 filios
1324 4018 1339 4053 :
1369 4007 1424 4055 et
1456 3999 1530 4054 illi
1560 3998 1715 4068 quasi
1744 4013 1845 4067 pa-

260 4099 371 4147 tres
411 4106 509 4147 eos
546 4091 926 4158 bonoriﬁcent,
955 4091 1166 4147 illorum
1208 4106 1331 4145 cum
1374 4089 1523 4144 omni
1565 4087 1843 4143 alacritate

260 4179 519 4234 obediant
551 4180 851 4250 praeceptis.
903 4179 1018 4234 Tua
1062 4193 1221 4244 vero,
1250 4176 1556 4233 venerande
1583 4175 1680 4241 fili,
1710 4190 1842 4229 con-

261 4268 501 4323 versatio
523 4270 773 4324 omnibus
798 4269 869 4323 sit
892 4268 1197 4338 exemplum
1226 4267 1435 4323 salutis.
1464 4264 1628 4332 Cave,
1650 4272 1711 4319 ut
1736 4280 1846 4320 nec

262 4354 521 4412 minimus
542 4359 662 4428 quis
687 4359 744 4413 in
770 4367 860 4413 tua
888 4358 1283 4415 scandalizetur
1320 4358 1450 4423 vita,
1484 4356 1582 4412 sed
1608 4355 1837 4411 aedifica

1942 1914 2095 1969 multi
2128 1915 2581 1984 pseudodoctores
2614 1926 2868 1989 surgent,
2906 1934 3076 1973 novas
3121 1917 3525 1973 introducentes

1940 2015 2137 2071 sectas,
2165 2006 2254 2077 qui
2293 2007 2572 2063 catholicae
2604 2007 2727 2063 fidei
2779 2011 3071 2079 puritatem
3123 2010 3305 2079 impiis
3345 2025 3526 2065 asser-

1943 2097 2177 2151 tionibus
2205 2098 2478 2153 maculare
2506 2098 2747 2155 nitentur
2778 2097 2866 2171 (II
2906 2099 3039 2153 Tim.
3074 2116 3157 2165 ιιι,
3190 2099 3251 2166 l;
3283 2098 3343 2152 Il
3379 2098 3519 2153 Petr.

1940 2202 2003 2253 ιι,
2036 2185 2107 2258 1).
2144 2186 2267 2242 Ideo
2301 2203 2526 2241 necesse
2555 2195 2641 2242 est
2682 2187 2979 2244 Ecclesiam
3030 2188 3290 2258 plurimos
3319 2188 3530 2245 habere

1941 2274 2275 2341 defensores,
2302 2276 2393 2345 qui
2420 2291 2529 2330 non
2557 2277 2730 2331 solum
2750 2278 2873 2332 vitae
2901 2280 3210 2344 sanctitate,
3239 2280 3334 2334 sed
3356 2280 3522 2334 etiam

1940 2366 2185 2421 doctrina
2197 2366 2438 2421 veritatis
2451 2375 2631 2422 castra
2644 2367 2739 2422 Dei
2750 2368 2977 2423 viriliter
2988 2367 3278 2423 defendere
3289 2369 3531 2423 valeant.

2011 2456 2097 2511 IV.
2139 2456 2248 2512 Has
2270 2472 2400 2512 vero
2419 2459 2521 2528 pize
2542 2460 2924 2515 admonitionis
2944 2459 3211 2515 litterulas
3232 2476 3339 2515 non
3365 2461 3523 2531 quasi

1941 2545 2203 2600 nescienti
2252 2546 2448 2611 direxi,
2497 2548 2590 2602 sed
2619 2556 2678 2601 ut
2709 2563 2848 2602 verae
2886 2549 3168 2604 charitatis
3199 2550 3253 2604 in
3284 2565 3406 2605 meo
3435 2564 3533 2619 pe-

1940 2645 2090 2692 ctore
2142 2637 2301 2694 fidem
2353 2640 2716 2694 ostenderem.
2767 2639 2901 2705 Quid
2938 2640 3067 2695 facit
3095 2642 3322 2707 amicus,
3349 2643 3395 2697 si
3443 2658 3528 2697 se-

1941 2729 2116 2798 ipsum
2171 2729 2348 2784 verbis
2402 2743 2508 2783 non
2559 2730 2828 2784 ostendit?
2879 2728 2935 2784 Si
2986 2730 3179 2785 divites
3225 2747 3526 2801 pauperum

1941 2820 2257 2875 munuscula
2306 2836 2414 2876 non
2460 2829 2748 2892 spernunt,
2792 2838 2891 2876 cur
2930 2829 2985 2876 et
3025 2831 3216 2879 vestra:
3247 2824 3535 2893 sapientia)

1939 2909 2160 2966 ﬂumina
2182 2919 2384 2967 nostrae
2405 2912 2608 2967 rivulos
2630 2913 2995 2985 intelligentiae
3016 2929 3272 2983 respuere
3295 2914 3535 2969 debent?

1940 2999 2077 3055 Nam
2104 3010 2160 3056 et
2186 2999 2415 3069 majores
2436 3017 2623 3057 amnes
2649 3002 2838 3056 rivulis
2859 3011 3125 3074 augentur
3154 3004 3531 3068 influentibus,

1945 3099 2001 3147 et
2026 3092 2141 3161 ipse
2166 3091 2430 3147 Dominus
2452 3093 2624 3147 vidua:
2653 3092 2890 3146 laudavit
2917 3094 3022 3147 duo
3049 3094 3275 3158 minuta,
3304 3109 3424 3163 quae
3454 3109 3523 3148 ex

1906 3191 1918 3229 ρ
1947 3182 2126 3251 inopia
2149 3196 2259 3236 suae
2281 3182 2610 3251 paupertatis
2637 3181 2786 3253 larga
2810 3197 2972 3235 manu
2999 3181 3287 3251 Deo,quod
3313 3181 3523 3248 habuit,

1944 3276 2138 3331 obtulit
2160 3275 2309 3347 (Luc.
2345 3292 2459 3340 χχι,
2480 3275 2557 3347 2).
2587 3275 2655 3328 Et
2678 3290 2777 3346 ego
2805 3275 3051 3346 quamvis
3084 3275 3314 3328 scientia
3342 3275 3522 3345 inops,

1944 3373 2125 3420 tamen
2175 3364 2315 3420 fideli
2365 3365 2554 3437 [Ball.,
2585 3364 2824 3421 fraterno
2868 3364 3065 3437 fidelis]
3112 3380 3297 3420 amore
3332 3375 3527 3421 vestrm

1942 3453 2060 3510 haec
2084 3455 2401 3511 munuscula
2427 3456 2598 3510 direxi
2626 3455 2843 3525 pietati,
2867 3439 3160 3512 obsecrans
3191 3463 3249 3509 ut
3288 3465 3401 3510 tam
3425 3455 3527 3509 hu-

1943 3544 2057 3599 mili
2084 3543 2438 3600 fraternitatis
2470 3560 2536 3600 ea
2555 3545 2751 3600 intuitu
2773 3546 3045 3617 respicere
3073 3546 3331 3617 digneris,
3360 3561 3524 3616 quam

1943 3649 2043 3689 nos
2076 3634 2164 3704 pia
2193 3634 2492 3689 devotionis
2528 3635 2795 3695 charitate
2840 3635 2930 3689 illa
2958 3635 3112 3690 vobis
3139 3636 3372 3708 dirigere
3407 3644 3524 3691 stu-

1943 3722 2176 3777 duimus.
2207 3719 2560 3792 Omnipotens
2588 3722 2755 3789 Deus,
2779 3731 2833 3777 te
2865 3730 3093 3793 tuosque
3124 3720 3529 3797 [charissimos]

1943 3808 2139 3864 fratres
2168 3810 2224 3863 in
2259 3812 2407 3864 omni
2429 3813 2571 3866 bono
2594 3813 2860 3881 proficere
2890 3813 3075 3878 faciat,
3106 3821 3162 3867 et
3201 3815 3270 3867 ad
3291 3813 3530 3869 beatitu-

1943 3901 2125 3956 dinem
2158 3907 2373 3955 aeternae
2406 3902 2587 3972 gloriae
2615 3903 2898 3971 pervenire
2919 3903 3205 3957 concedat.

2457 4012 2683 4068 CAPUT
2720 4012 3008 4068 PRIMUM.

1941 4103 2193 4158 Doctrina
2218 4102 2517 4157 Christiana
2547 4100 2974 4225 νεῖξεὲἓὲἵὲουεο
2998 4101 3259 4168 explicata
3281 4121 3312 4158 a
3338 4115 3526 4161 sancto

2655 4188 2853 4226 εααδιο.

2012 4281 2077 4337 ν.
2116 4280 2411 4351 Postquam
2438 4279 2582 4336 Deus
2600 4289 2656 4336 et
2683 4281 2947 4338 Dominus
2974 4288 3162 4339 noster
3188 4282 3346 4340 Jesus
3371 4283 3528 4340 Chri—

1943 4383 2060 4432 stus
2088 4388 2244 4429 ovem
2279 4387 2520 4443 quaerere
2550 4374 2817 4445 perditam
2844 4375 2911 4432 de
2934 4375 3088 4431 ctelis
3116 4376 3173 4431 i—n
3196 4377 3340 4432 hunc
3366 4393 3527 4433 mun-

264 4460 351 4507 tur
385 4460 445 4508 et
475 4453 761 4508 roboretur
793 4454 849 4508 in
883 4453 972 4508 via
1001 4453 1247 4508 veritatis
1275 4469 1290 4505 :
1315 4450 1443 4521 quia
1477 4450 1574 4505 tibi
1607 4464 1675 4504 ex
1704 4447 1841 4503 ‘illo-

1948 4464 2071 4521 dum
2096 4480 2196 4535 per
2215 4463 2532 4535 virginalem
2559 4473 2785 4522 venerat
2819 4473 3029 4522 uterum
3061 4466 3211 4539 (Luc.
3243 4483 3333 4534 xv,
3360 4467 3442 4539 4),
3467 4476 3527 4524 et

263 4558 384 4598 rum
426 4542 602 4599 salute
629 4559 838 4599 merces
860 4541 1191 4612 judicabitnr
1229 4550 1450 4598 aeterna.
1493 4540 1624 4596 Cani
1660 4538 1842 4609 capilli

265 4641 571 4691 extremum
602 4635 925 4691 denuntiant
960 4650 1256 4707 pmperare
1294 4634 1456 4693 diem.
1505 4631 1845 4702 Quapropter

264 4733 487 4792 paratus
510 4731 629 4779 esto
654 4725 801 4779 omni
821 4725 954 4780 hora
984 4725 1041 4780 in
1065 4739 1350 4788 occursum
1372 4723 1587 4781 Domini
1617 4722 1713 4776 Dei
1741 4722 1837 4787 tui.

266 4814 497 4872 Dilectio
519 4815 781 4883 fraterna,
809 4825 865 4874 et
892 4817 1246 4889 eleemosynae
1269 4817 1611 4880 miserorum,
1643 4821 1698 4869 et
1716 4814 1843 4869 vita:

270 4907 495 4962 castitas
518 4915 821 4979 praeparent
856 4908 950 4964 tibi
977 4908 1172 4980 gradus
1200 4908 1256 4962 in
1280 4900 1495 4961 caelum.
1546 4903 1843 4976 Diligenter

271 4998 486 5055 elabora
529 5001 626 5057 tibi
654 5010 884 5058 aeternos
929 5003 1044 5058 dies
1073 5002 1280 5059 felices.
1320 5001 1506 5056 Honor
1541 5000 1842 5068 saecularis,

273 5102 431 5157 quem
459 5088 652 5159 habes,
678 5092 1012 5163 spiritualem
1038 5094 1132 5150 tibi
1160 5092 1396 5149 abundet
1428 5094 1485 5148 in
1524 5094 1769 5166 gloriam.

339 5176 426 5233 III.
466 5178 700 5236 Festivis
729 5180 915 5237 diebus
943 5184 1194 5240 veniente
1215 5183 1284 5239 ad
1306 5184 1593 5241 ecclesiam
1626 5184 1842 5256 populo,

273 5267 359 5326 fac
382 5271 465 5327 eis
486 5272 769 5342 praedicari
802 5273 1028 5331 verbum
1048 5275 1148 5331 Dei
1169 5287 1191 5315 ε
1211 5292 1227 5342 ;
1251 5284 1307 5332 et
1326 5292 1647 5348 quocunque
1671 5278 1842 5342 vadis,

273 5359 454 5418 clerici
477 5364 764 5435 servitium,
782 5364 878 5439 Dei
902 5365 1135 5436 pleniter
1166 5376 1461 5440 peragant;
1490 5376 1667 5425 tecum
1695 5377 1844 5434 eant,

274 5515 708 5656 péviEJnendare
730 5521 927 5585 studui.
978 5522 1056 5577 De
1103 5522 1210 5579 hoc
1258 5523 1494 5579 diximus
1538 5523 1592 5578 in
1645 5522 1849 5579 Monito

344 5655 374 5696 δ
398 5653 678 5734 ,Βοῃιιιιάέ
699 5658 894 5734 Omnis
939 5664 1113 5734 itaque
1152 5662 1441 5719 obedientia
1470 5664 1523 5719 in
1549 5662 1732 5719 san-ali
1760 5680 1847 5717 ne-

258 5727 607 5810 cessitatibus
631 5729 854 5802 ﬁdeliter
882 5743 929 5786 et
954 5727 1161 5789 strenue
1187 5743 1488 5805 peragatur.

1942 4564 2055 4611 tota
2106 4571 2218 4611 suae
2267 4556 2684 4627 dispensationis
2727 4564 2783 4613 et
2833 4565 3031 4613 nostrae
3065 4558 3256 4613 salutis
3302 4570 3526 4629 peracta

1941 4645 2298 4717 plenitudine,
2328 4660 2452 4700 cum
2482 4646 2755 4716 triumpho
2776 4644 2957 4718 gloria:
2982 4647 3049 4701 ad
3081 4648 3261 4704 sedem
3283 4659 3529 4720 paterna}

1943 4734 2244 4804 majestatis
2297 4749 2547 4790 reversus
2584 4731 2744 4806 [est],
2793 4742 2854 4787 ut
2900 4735 3121 4791 tetricas
3164 4733 3296 4807 [Αι.,
3331 4738 3528 4813 tetras]

1943 4823 2260 4897 ignorantiae
2291 4825 2543 4879 tenebras
2568 4832 2681 4878 toto
2709 4824 2999 4894 depelleret
3029 4826 3180 4894 orbe,
3205 4828 3374 4884 multa
3394 4844 3527 4884 san-

1942 4923 2149 4971 ctorum
2191 4913 2396 4968 lumina
2439 4913 2746 4981 doctorum,
2774 4914 3098 4986 evangelicae
3121 4917 3529 4987 praedicationis

1940 5005 2062 5059 luce
2089 5002 2367 5075 fulgentia,
2393 5011 2507 5059 toto
2528 5004 2785 5061 diviserat
2810 5006 3011 5062 mundo
3036 5026 3049 5063 :
3079 5016 3141 5063 ut
3158 5009 3301 5065 sicut
3325 5010 3525 5066 caelum

1944 5093 2270 5167 fulgentibus
2314 5104 2539 5150 ornatur
2580 5095 2779 5165 stellis,
2817 5114 2937 5168 quae
2979 5106 3164 5155 tamen
3216 5114 3407 5155 omnes
3455 5102 3530 5157 ab

1945 5201 2056 5241 uno
2090 5185 2428 5241 illustrantur
2471 5186 2617 5252 sole;
2657 5189 2737 5244 sic
2779 5197 2836 5244 et
2867 5188 2974 5244 lata
3028 5198 3293 5246 terrarum
3347 5193 3526 5262 spatia

1948 5277 2153 5343 sanctis
2197 5276 2638 5347 splendescerent
2686 5279 2994 5335 doctoribus
3012 5320 3027 5347 ,
3081 5282 3175 5351 qui
3220 5289 3403 5339 tamen
3452 5284 3528 5341 ab

1952 5377 2155 5422 aeterno
2184 5366 2297 5422 sole
2327 5366 2645 5441 illuminati,
2680 5368 2860 5422 divina
2895 5378 3169 5438 praeeunte
3196 5371 3388 5441 gratia,
3418 5387 3523 5429 ce-

2028 5537 2051 5565 ο
2088 5524 2207 5606 fac
2235 5528 2309 5583 eis
2328 5528 2609 5599 ιιι-τιξάὶσατὶ
2642 5529 2866 5584 Verbum
2889 5529 3004 5585 Dei.
3026 5531 3180 5657 gnod
3204 5545 3524 5616 argumento

2028 5605 2057 5657 ι,
2081 5610 2193 5657 jam
2223 5612 2288 5652 eo
2329 5607 2570 5657 tempore
2613 5600 2963 5655 concionandi
2991 5616 3024 5657 ο
3079 5604 3219 5657 cium
3266 5620 3318 5657 ιιι
3352 5605 3519 5657 cccle-

1954 5604 2057 5668 e_s_t,
2081 5600 2193 5663 jam
2223 5612 2288 5652 eo
2329 5600 2963 5668 temporegconcionandi
2991 5600 3219 5659 officium
3266 5600 3318 5657 ἧι
3352 5605 3519 5661 cccle-

1955 5665 2059 5807 iii;
2098 5667 2408 5790 rgggasticis
2442 5665 2715 5738 viguisse.
2788 5669 2986 5726 Mabill.
3044 5680 3173 5728 tom.
3229 5672 3272 5728 ll
3326 5673 3519 5730 Annal.
