3894 6182
360 380 464 439 667

1240 383 1301 437 B.
1349 378 1412 438 F.
1451 378 1675 435 ALBlNl
1711 379 1841 436 SEU
1880 378 2153 438 ALCUINI
2190 381 2475 441 OPERUM
2512 380 2689 439 PARS
2728 380 2793 443 ν.

3530 390 3643 446 668

361 507 459 547 cas
491 490 807 564 ignorantiae
844 489 1096 547 tenebras
1122 506 1265 547 vera:
1295 490 1418 546 ﬁdei
1459 490 1664 562 fulgore
1695 489 1795 564 [et]
1825 491 1942 563 glo-
1974 498 2018 554 Α
2047 498 2417 553 tantummodo
2441 497 2702 568 petitione
2741 472 3060 568 promeruit,
3088 514 3199 555 non
3229 500 3406 558 solum
3426 518 3457 558 a
3487 520 3640 575 pra—

363 585 510 638 rioso
538 581 740 638 Christi
769 582 989 637 nomine
1036 581 1393 647 illustrarent,
1421 589 1483 635 ut
1516 581 1597 636 eis
1640 582 1950 637 ministran-

2047 587 2188 641 senti
2229 588 2533 644 vastatione
2571 588 2846 644 civitatem
2883 605 3116 661 superna
3152 595 3489 662 protectione
3537 599 3644 657 de-

362 674 531 739 tibus,
557 672 715 744 longa
761 672 830 728 ab
876 673 1030 727 initio
1076 672 1258 727 saeculi
1315 672 1523 726 esuries
1568 680 1784 727 aeternae
1827 673 1951 727 vita:
2045 677 2213 745 fendi,
2249 682 2345 736 sed
2386 680 2555 736 etiam
2597 682 2653 736 in
2679 682 2870 737 eadem
2904 690 3084 749 nocte,
3115 698 3223 753 qua
3248 701 3438 755 preces
3466 690 3524 745 in
3550 691 3645 751 αἱ.

359 762 532 834 epulis
583 764 893 819 satiaretur.
918 764 997 819 De
1044 777 1274 833 quorum
1320 777 1546 817 numero
1595 772 1815 818 sanctus
1850 762 1949 818 Dei

360 855 616 910 sacerdos
641 853 929 920 Vedastus,
962 861 1017 908 et
1051 853 1372 924 praedicator
1396 854 1663 925 egregius,
1693 855 1949 925 tempori-

358 944 460 1000 bus
488 944 769 1001 fortissimi
815 946 955 1015 regis
996 952 1128 999 tunc
1173 945 1430 1014 temporis
1458 944 1795 1000 Francorum
1825 946 1948 1001 Clo-

359 1037 515 1091 dovei
549 1049 599 1103 a,
631 1037 687 1090 in
713 1037 813 1090 has
843 1036 1024 1089 divina
1061 1033 1325 1105 dirigente
1351 1035 1523 1106 gratia
1558 1036 1627 1090 ob
1654 1036 1947 1091 multorum

358 1127 586 1182 salutem
611 1127 861 1197 pervenit
888 1126 1169 1197 regiones;
1204 1134 1471 1196 quatenus
1499 1142 1747 1197 supemaa
1780 1129 1950 1198 pieta-

358 1216 429 1270 tis
456 1215 705 1270 suﬂ‘ultus
757 1216 980 1279 auxilio,
1024 1216 1281 1286 populum
1317 1217 1579 1271 diabolica
1614 1216 1801 1273 fraude
1849 1219 1946 1273 de-

357 1312 595 1375 ceptum,
635 1313 691 1361 et
713 1320 965 1361 errorum
995 1307 1202 1378 laqueis
1246 1309 1521 1379 captivum
1556 1310 1613 1363 in
1646 1310 1790 1364 viam
1815 1310 1948 1367 diri-

356 1407 507 1469 geret
553 1399 742 1454 salutis
773 1407 992 1454 mternre
1028 1408 1083 1454 et
1115 1415 1292 1467 verae,
1332 1417 1452 1471 quae
1489 1402 1545 1456 in
1574 1400 1794 1458 Christo
1839 1411 1946 1470 est,

357 1488 594 1545 libertati
628 1491 959 1545 restitueret.
993 1490 1100 1546 Sed
1129 1500 1191 1545 ut
1219 1493 1324 1547 hoc
1373 1493 1711 1562 acceptabili,
1752 1510 1947 1549 secun-

356 1579 485 1634 dum
515 1580 828 1651 Apostolum
846 1623 861 1647 ,
890 1581 1045 1637 ﬁeret
1085 1579 1347 1652 tempore,
1375 1584 1468 1652 qui
1496 1585 1574 1637 ait
1603 1603 1614 1639 :
1640 1584 1777 1639 Ecce
1810 1601 1948 1638 nunc

356 1682 561 1742 tempus
587 1674 923 1743 acceptabile,
947 1690 1063 1727 ecce
1088 1690 1223 1727 nunc
1243 1674 1353 1727 dies
1391 1673 1579 1728 salutis
1601 1673 1687 1746 (ΙΙ
1713 1673 1836 1729 Cor.
1865 1691 1944 1739 Vi,

2044 766 2201 825 vinas
2254 770 2519 827 effuderat
2560 786 2756 838 aures,
2799 780 3016 828 centum
3069 776 3342 847 octoginta
3387 780 3645 853 quinque

2045 861 2212 916 millia
2262 863 2499 918 hostium
2550 862 2711 919 lmtus
2765 870 2822 919 et
2874 863 3136 921 liberatus
3189 868 3362 924 occidi
3416 871 3647 932 viderat

2047 949 2160 1023 (IV
2189 951 2319 1024 Reg.
2351 953 2504 1026 xxx)?

2116 1043 2225 1099 VII.
2268 1044 2397 1101 Haec
2421 1061 2551 1102 vero
2573 1047 2818 1114 victoria,
2846 1049 2913 1104 de
2935 1065 3039 1119 qua
3072 1059 3199 1106 ante
3234 1051 3489 1122 diximus,
3512 1058 3647 1129 regi

2044 1139 2349 1212 populoque
2381 1155 2480 1195 suo
2509 1156 2673 1196 causa
2708 1139 2811 1195 fuit
2859 1141 3053 1196 salutis
3100 1150 3337 1208 aeterna,
3367 1154 3423 1200 et
3449 1161 3520 1201 ne
3549 1146 3646 1200 lu-

2046 1245 2234 1296 cerna,
2262 1238 2483 1286 sanctus
2507 1231 2754 1286 videlicet
2774 1229 3063 1297 Vedastus,
3092 1232 3194 1287 sub
3230 1235 3410 1290 modio
3438 1235 3646 1293 lateret

2046 1320 2419 1385 absconditus,
2447 1319 2543 1375 sed
2579 1335 2742 1391 supra
2770 1318 3157 1375 candelabrum
3187 1321 3420 1390 positus,
3448 1338 3645 1379 exem-

2045 1410 2148 1480 plis
2174 1410 2257 1464 vel
2282 1410 2751 1479 praedicationibus
2778 1411 2834 1465 in
2859 1411 3018 1466 domo
3058 1409 3152 1464 Dei
3202 1410 3408 1477 lucens,
3440 1413 3510 1468 ab
3538 1430 3641 1470 er-

2047 1517 2171 1556 rore
2199 1502 2516 1557 idololatria:
2549 1509 2605 1557 et
2632 1502 2861 1572 caligine
2897 1502 3217 1573 ignorantia:
3244 1503 3301 1557 in
3326 1505 3469 1559 viam
3515 1505 3645 1574 plu-

2047 1594 2214 1648 rimos
2247 1594 2499 1648 educeret
2536 1593 2804 1647 veritatis.
2833 1591 3002 1664 Igitur
3052 1593 3321 1663 superatis
3361 1594 3639 1661 hostibus,

2047 1692 2101 1738 et
2131 1685 2293 1739 rebus
2318 1685 2373 1739 in
2400 1699 2535 1754 pace
2560 1683 2876 1755 compositis
2893 1724 2909 1751 ,
2934 1691 2989 1738 et
3024 1683 3340 1739 Alemannis
3369 1699 3481 1739 sua:
3510 1686 3642 1740 sub-

354 1762 410 1833 2)
442 1779 457 1824 ;
486 1762 742 1818 Dominus
786 1762 965 1831 Iesus,
1010 1765 1100 1834 qui
1131 1764 1245 1818 vult
1270 1779 1461 1820 omnes
1488 1764 1738 1821 homines
1765 1766 1944 1821 salvos
2039 1772 2201 1841 jectis
2253 1774 2465 1840 ditioni,
2512 1790 2612 1829 rex
2647 1788 2819 1828 ovans
2869 1788 2995 1828 cum
3047 1772 3205 1828 laude
3254 1773 3516 1844 triumphi
3562 1773 3641 1830 ad

357 1852 539 1925 tieri(I
567 1852 703 1907 Tim.
728 1870 791 1920 ιι,
815 1852 892 1925 4),
911 1863 1309 1925 competentem
1332 1870 1431 1910 suo
1452 1853 1653 1911 famulo
1680 1856 1946 1927 praevide-
1977 1844 2023 1903 Β
2049 1866 2281 1936 patriam
2312 1866 2489 1921 rediit.
2520 1865 2589 1919 Et
2616 1873 2678 1919 ut
2712 1864 2886 1920 ﬁdelis
2932 1872 3098 1919 tanta:
3131 1864 3233 1920 sibi
3263 1862 3447 1934 gloriae
3474 1863 3645 1936 largi-

358 1944 704 2013 batcausam,
720 1947 991 2016 quomodo
1006 1955 1304 2017 opportune
1328 1946 1395 2001 ad
1416 1948 1775 2003 ministerium
1796 1947 1949 2003 verbi

356 2032 452 2090 Dei
475 2035 761 2106 pervenire
792 2036 1072 2092 valuisset.

428 2124 514 2179 Vl.
567 2124 807 2197 Contigit
849 2142 981 2182 vero
1027 2127 1311 2198 praefatum
1372 2129 1709 2187 Francorum
1764 2148 1950 2206 regem

356 2215 686 2272 Clodoveum
707 2216 1022 2274 Alemannis
1046 2218 1187 2274 bella
1214 2218 1403 2292 [Boll.,
1419 2222 1643 2295 bellum]
1668 2223 1871 2281 inferre
1894 2225 1945 2294 ι’,

355 2306 450 2375 qui
484 2314 612 2361 tunc
639 2307 899 2378 temporis
928 2323 1097 2380 regno
1133 2324 1234 2365 suo
1260 2326 1357 2380 per
1384 2326 1443 2366 se
1468 2312 1625 2382 potiti
1654 2322 1821 2369 sunt:
1850 2316 1950 2372 sed

355 2413 467 2453 non
503 2414 597 2454 eos
634 2399 708 2453 ita
740 2399 965 2455 offendit
1002 2400 1318 2471 imparatos,
1347 2412 1408 2458 ut
1437 2405 1624 2459 voluit.
1657 2404 1795 2460 Nam
1839 2405 1950 2462 for-

358 2489 569 2544 tissima
598 2489 827 2545 collecta
854 2505 1017 2544 manu
1039 2532 1053 2557 ,
1091 2492 1205 2563 regi
1236 2492 1382 2548 circa
1410 2494 1554 2563 ripas
1582 2493 1757 2549 Rheni
1792 2495 1948 2567 165

354 2576 594 2633 ﬂuminis
641 2579 997 2634 obviaverunt
1042 2582 1352 2648 unanimes,
1380 2583 1574 2638 bellica
1622 2585 1821 2640 virtute
1854 2602 1950 2655 pa-

355 2669 518 2722 triam
546 2666 854 2733 defendere,
885 2670 966 2724 vel
1010 2670 1181 2725 libera
1229 2687 1392 2725 manu
1419 2689 1518 2744 pro
1558 2675 1734 2745 patria
1764 2677 1902 2731 mori
1930 2694 1945 2743 ;

355 2767 416 2813 et
443 2758 737 2813 fortissime
761 2760 1016 2830 utrinque
1045 2761 1379 2817 decertatum
1405 2772 1491 2819 est
1517 2782 1530 2819 :
1559 2764 1638 2832 hi,
1664 2782 1733 2822 ne
1760 2768 1949 2823 trium-

355 2840 452 2917 phi
490 2847 746 2917 gloriam;
786 2848 881 2913 illi,
913 2865 983 2904 ne
1014 2851 1204 2921 patrize
1249 2855 1545 2923 perderent
1586 2855 1719 2928 [Al.,
1754 2858 1950 2927 prode—

358 2935 502 3009 rent]
518 2935 849 3009 ,libertatem,
865 2939 921 2993 in
946 2949 1184 2996 mutuam
1208 2953 1523 3001 corruentes
1538 2948 1757 3003 caedem.
1783 2948 1950 3021 igitur

357 3042 454 3083 rex
481 3028 651 3083 nimio
689 3029 931 3086 turbatus
959 3038 1189 3099 terrore,
1227 3035 1354 3089 dum
1395 3035 1646 3093 inimicos
1679 3037 1816 3093 vidit
1843 3039 1950 3094 for-

356 3117 485 3173 titer
532 3134 791 3190 pugnare,
823 3128 879 3176 et
907 3137 1036 3176 suos
1065 3138 1203 3192 pene
1228 3123 1297 3179 ad
1326 3125 1752 3183 internecionem
1780 3129 1943 3195 vinci,

359 3210 533 3280 magis
576 3212 742 3281 coapit
764 3212 832 3267 de
875 3213 1049 3268 salute
1081 3215 1374 3285 desperare
1414 3233 1578 3288 quam
1609 3220 1676 3275 de
1717 3221 1946 3278 victoria

358 3313 599 3371 sperare.
625 3301 740 3357 Etsi
772 3312 952 3357 autem
988 3306 1216 3359 necdum
1241 3306 1520 3364 voluntate
1555 3318 1777 3366 renatus
1804 3321 1952 3369 esset

361 3396 420 3446 in
470 3389 707 3455 Christo,
750 3401 929 3447 tamen
982 3398 1307 3452 necessitate
1352 3409 1596 3469 cogente,
1644 3403 1712 3456 ad
1748 3402 1951 3461 Christi

358 3479 600 3550 confugit
646 3483 925 3538 auxilium.
965 3484 1034 3539 Et
1060 3486 1188 3555 quia
1216 3488 1458 3558 reginam
1505 3490 1697 3546 habuit
1737 3494 1953 3566 religio-

358 3582 480 3623 sam
505 3609 520 3632 ,
562 3569 923 3643 baptismique
972 3577 1329 3631 sacramentis
1382 3578 1679 3648 initiatam,
1734 3585 1953 3640 nomine

360 3654 628 3712 Clotilden
659 3670 706 3725 ο,
739 3661 921 3718 oculos
952 3678 1072 3718 cum
1102 3664 1206 3720 hac
1233 3679 1364 3721 voce
1398 3667 1467 3722 ad
1494 3668 1694 3725 coelum
1721 3670 1948 3729 levavit:

362 3742 408 3799 Ο
434 3744 575 3803 Deus
602 3748 774 3804 unicce
798 3754 1104 3821 potestatis,
1127 3762 1182 3809 et
1200 3771 1424 3811 summa:
1446 3756 1766 3828 majestatis,
1791 3779 1952 3833 quem

362 3840 548 3909 regina
573 3839 816 3898 Clotildis
850 3845 1000 3912 colit,
1034 3847 1325 3903 confitetur
1365 3857 1423 3904 et
1455 3851 1647 3908 adorat
1675 3872 1687 3908 :
1718 3856 1953 3911 concede

362 3929 497 3983 mihi
524 3930 686 3986 hodie
718 3932 783 3989 de
817 3934 1053 3992 inimicis
1079 3939 1215 3993 meis
1242 3939 1545 3995 victoriam.
1589 3942 1723 3997 Nam
1754 3960 1819 3998 ex
1850 3946 1953 4001 hac

363 4019 451 4074 die
484 4028 539 4075 tu
567 4022 713 4078 solus
762 4025 893 4080 mihi
924 4028 1033 4082 eris
1078 4028 1243 4095 Deus,
1268 4038 1323 4084 et
1352 4033 1660 4088 veneranda
1691 4044 1948 4104 potestas.

364 4110 446 4166 Tu
492 4113 626 4168 mihi
672 4116 1004 4187 triumphum
1052 4131 1281 4190 praesta,
1310 4131 1365 4176 et
1395 4137 1495 4194 ego
1527 4124 1621 4179 tibi
1671 4126 1953 4180 servitium

362 4204 621 4272 promitto
646 4207 1053 4277 sempiternum.
1082 4210 1203 4266 Mox
1229 4212 1413 4268 divina
1448 4224 1707 4285 operante
1733 4217 1950 4287 pietate,

366 4305 517 4365 terga
576 4305 859 4353 verterunt
900 4300 1208 4369 Alemanni,
1258 4305 1489 4361 victoria
1536 4309 1703 4362 cessit
1749 4308 1867 4381 regi
1900 4319 1957 4365 et

363 4384 610 4442 Francis.
641 4387 685 4442 Ο
706 4389 844 4443 mira
878 4391 1266 4461 omnipotentis
1289 4393 1384 4449 Dei
1408 4396 1725 4452 clementia!
1753 4398 1797 4454 Ο
1823 4399 1956 4454 inef-

2051 1955 2156 2008 tori
2201 1968 2432 2025 sponsor
2458 1962 2766 2025 appareret,
2797 1950 3077 2008 festinavit
3104 1967 3388 2015 servorum
3430 1950 3639 2008 Christi

2048 2059 2205 2100 sacra
2231 2044 2398 2099 imbui
2416 2043 2821 2115 prmdieatione,
2844 2050 2900 2097 et
2920 2042 3095 2098 sancti
3116 2041 3461 2112 baptismatis
3490 2041 3638 2098 ablui

2049 2136 2424 2192 sacramentis.
2480 2134 2641 2191 Venit
2697 2143 2879 2189 autem
2928 2135 2998 2190 ad
3052 2134 3268 2189 Tullum
3294 2132 3320 2172 δ
3354 2133 3637 2203 oppidum,

2048 2225 2142 2281 ubi
2193 2234 2443 2281 sanctum
2482 2225 2699 2296 agnovit
2731 2223 3026 2279 Vedastum
3074 2222 3330 2278 laudabili
3377 2222 3641 2293 religione

2050 2317 2150 2374 soli
2178 2316 2383 2373 servire
2409 2315 2544 2383 Deo,
2571 2323 2626 2371 et
2673 2315 3015 2370 dulcissimos
3049 2313 3482 2385 contemplativa:
3510 2315 3641 2369 vitae

2050 2421 2274 2476 carpere
2305 2404 2533 2459 fructus.
2573 2404 2727 2459 Hunc
2754 2419 2883 2458 vero
2919 2404 2988 2459 ad
3029 2412 3282 2459 sanctum
3330 2402 3642 2473 Remigium

2049 2494 2251 2551 Christi
2280 2494 2642 2550 clarissimum
2670 2493 3029 2559 sacerdotem,
3053 2493 3123 2548 ad
3152 2492 3475 2546 Rhemorum
3503 2505 3644 2560 pro-

2048 2596 2245 2654 perans
2275 2582 2574 2648 civitatem,
2607 2582 2710 2637 sibi
2757 2582 2964 2637 socium
3006 2581 3334 2651 assumpsit:
3362 2586 3642 2649 quatenus

2048 2688 2146 2743 per
2174 2672 2412 2744 singulos
2460 2673 2674 2728 itineris
2704 2674 2787 2728 sui
2824 2689 3042 2744 gressus
3070 2670 3433 2727 saluberrimis
3467 2670 3540 2725 ab
3569 2683 3643 2725 eo

2049 2760 2382 2819 imbueretur
2423 2762 2708 2830 doctrinis,
2743 2772 2800 2818 et
2843 2763 3121 2817 catholicae
3169 2760 3291 2816 ﬁdei
3331 2759 3503 2815 ﬁrmis
3533 2758 3647 2816 ini-

2050 2854 2276 2908 tiaretur
2321 2852 2811 2908 fundamentiswt
2860 2861 3083 2922 paratus
3134 2851 3239 2905 ﬁde
3275 2858 3331 2905 et
3373 2850 3642 2905 virtutum

2050 2944 2300 3008 scientia,
2326 2958 2356 2997 a
2385 2950 2537 2997 tanto
2563 2941 2821 3013 pontifice
2854 2940 3121 3012 spirituali
3157 2939 3466 2994 ablueretur
3488 2937 3644 2993 lava-

2049 3051 2162 3100 cro,
2186 3035 2334 3090 etab
2368 3034 2460 3089 illo
2487 3034 2643 3089 donis
2680 3032 2989 3088 cmlestibus
3022 3030 3459 3094 conﬁrmaretur,
3495 3028 3645 3098 quod

2053 3126 2123 3181 ab
2160 3127 2284 3192 isto,
2315 3126 2493 3181 divina
2540 3124 2692 3194 prius
2737 3122 3102 3195 prmveniente
3143 3121 3319 3193 gratia
3366 3118 3503 3191 [Al.,
3530 3117 3645 3173 cle-

2052 3216 2302 3289 mentia],
2327 3215 2654 3287 evangelicis
2676 3221 2914 3283 emptum
2943 3212 3121 3267 fuerat
3140 3208 3641 3281 prmdicationibus.

2048 3307 2149 3363 llic
2177 3307 2245 3361 ad
2283 3306 2485 3361 fontem
2529 3306 2655 3359 vitm
2693 3304 3040 3359 festinantem
3069 3299 3374 3357 deducebat
3418 3314 3640 3369 regem;

2050 3398 2139 3453 ille
2158 3398 2211 3452 in
2235 3395 2382 3452 fonte
2403 3394 2592 3451 salutis
2608 3403 2823 3450 mterna:
2843 3394 3150 3449 venientem
3170 3390 3442 3445 abluebat.
3466 3388 3645 3443 Ambo

2050 3490 2437 3560 propemodum
2463 3488 2809 3558 pari,pietate
2845 3486 3017 3557 patris
3044 3480 3254 3557 [Forte,
3280 3479 3485 3553 patres]
3514 3479 3644 3533 :hic

2051 3579 2297 3636 doctrina
2325 3579 2471 3644 ﬁdei,
2504 3578 2591 3632 ille
2616 3578 2955 3649 baptismatis
2985 3575 3128 3630 unda
3155 3593 3169 3629 :
3194 3574 3404 3644 utrique
3433 3580 3645 3626 aeterno

2052 3669 2166 3740 regi
2192 3684 2375 3740 regem
2403 3667 2756 3737 temporalem
2798 3681 2996 3721 munus
3034 3664 3346 3719 obtulerunt
3389 3671 3647 3731 accepta-

2051 3760 2177 3817 bile.
2208 3760 2275 3815 lli
2302 3768 2428 3816 sunt
2452 3760 2572 3814 duae
2613 3759 2768 3813 olivae
2809 3766 2863 3813 et
2897 3757 3004 3811 duo
3033 3754 3356 3817 candelabra
3398 3751 3641 3807 lucentia

2056 3852 2241 3926 (Zach.
2267 3868 2346 3918 1v,
2371 3850 2427 3924 3)
2445 3892 2459 3918 ,
2486 3866 2515 3905 a
2546 3850 2743 3919 quibus
2769 3862 2861 3903 rex
2886 3846 3150 3917 praefatus
3179 3845 3233 3897 in
3256 3843 3342 3897 via
3377 3841 3475 3897 Dei
3518 3856 3673 3922 erus

2054 3947 2218 4011 ditus,
2247 3945 2541 3999 miserante
2569 3941 2697 4005 Deo,
2731 3948 2944 4010 portam
2973 3944 3247 4009 perpetuae
3273 3935 3412 3989 lucis
3434 3934 3645 4004 ingres-

2055 4051 2168 4102 sus,
2195 4051 2321 4090 cum
2348 4033 2643 4089 fortissima
2673 4037 2833 4102 gente
2860 4027 3195 4084 Francorum
3230 4025 3459 4080 credidit
3485 4023 3646 4079 Chri-

2055 4138 2139 4184 sto
2164 4147 2176 4182 :
2201 4135 2257 4182 et
2301 4126 2445 4181 facta
2473 4133 2558 4181 est
2585 4139 2716 4195 gens
2744 4131 2929 4178 sancta
2948 4162 2963 4187 ,
2989 4120 3217 4191 populus
3264 4116 3645 4187 acquisitionis

2056 4218 2108 4292 (Ι
2130 4218 2277 4273 Petr.
2312 4235 2372 4283 ιι,
2405 4217 2483 4288 9),
2508 4225 2569 4270 ut
2613 4215 3005 4270 annuntienlur
3036 4213 3090 4267 in
3119 4226 3184 4267 eo
3230 4212 3459 4265 virtutes
3498 4209 3642 4264 illius

2055 4310 2145 4381 qui
2163 4325 2258 4365 eos
2278 4309 2344 4365 de
2372 4308 2611 4365 tenebris
2631 4306 2842 4363 vocavit
2865 4305 2919 4359 in
2940 4301 3445 4359 admirabilelumen
3461 4316 3636 4355 suum.

2683 4415 2911 4472 CAPUT
2946 4414 3010 4468 II.

364 4476 548 4534 fabilis
598 4479 832 4547 bonitas,
860 4482 951 4550 qui
994 4483 1075 4537 sic
1109 4485 1331 4540 exaudit
1375 4495 1431 4541 et
1475 4505 1751 4559 nunquam
1793 4494 1950 4547 dere-

364 4568 557 4593 l:...---:‘
586 4582 859 4593 -_-__.‘.-A
892 4576 936 4593 9_
982 4592 991 4593 κ
1051 4577 1063 4593 ι
1104 4576 1144 4593 Α
1238 4586 1274 4593 ν.
1343 4577 1408 4593 ιιι
1475 4578 1531 4593 ηε
1588 4582 1599 4593 .
1642 4584 1672 4593 Α.
1754 4583 1766 4593 .
1812 4583 1882 4593 η..

2059 4509 2320 4565 Min-acula
2345 4517 2392 4563 et
2424 4509 2637 4563 virtutes
2676 4507 2845 4593 sancti
2874 4504 3109 4587 Vedasti.
3148 4504 3454 4576 Baptismus
3484 4502 3642 4559 Chla-

363 4568 559 4640 linquit
584 4582 865 4642 sperantes
892 4576 946 4629 in
976 4577 1063 4632 se!
1102 4576 1312 4643 Quanta
1339 4577 1444 4634 ﬁde
1472 4578 1768 4636 Christiani
1810 4583 1953 4641 illius

364 4664 796 4722 misericordiam
845 4668 1099 4725 invocare
1149 4670 1364 4738 debent,
1394 4672 1522 4726 dum
1564 4688 1806 4745 paganus
1856 4691 1954 4731 rex

364 4750 432 4808 ad
458 4755 618 4809 unius
637 4758 814 4827 precis
835 4758 1086 4814 effectum
1113 4768 1316 4816 tantam
1332 4764 1634 4832 promeruit
1649 4763 1950 4820 victoriam.

365 4844 465 4899 Cui
494 4860 562 4900 ex
590 4848 829 4917 antiquis
852 4849 1012 4917 hujus
1033 4851 1229 4907 divina:
1252 4853 1470 4923 pietatis
1497 4855 1783 4925 adaequare
1808 4857 1956 4912 auxi-

366 4935 499 4992 lium
532 4939 808 5007 debemus,
839 4942 930 5011 qui
959 4942 1029 4996 oh
1064 4944 1225 4998 unius
1253 4946 1512 5000 momenti
1546 4945 1813 5017 lacrymas
1842 4957 1951 5002 tam

367 5028 635 5083 celebrem
686 5039 916 5086 venturo
958 5047 1058 5086 suo
1105 5050 1262 5089 servo
1311 5036 1541 5091 contulit
1586 5038 1954 5109 triumphum;

368 5119 475 5175 nisi
503 5120 746 5177 Ezechim
774 5122 908 5195 regi,
946 5124 1035 5194 qui
1074 5125 1130 5179 in
1172 5128 1418 5196 angustia
1452 5128 1813 5183 tribulationis
1849 5146 1955 5184 una

440 5291 467 5319 α
504 5278 772 5346 Clodovei,
795 5280 889 5351 qui
916 5281 1202 5350 imperavit
1244 5295 1276 5335 a
1308 5277 1412 5334 ﬁne
1441 5279 1567 5333 anni
1594 5277 1698 5333 179
1728 5278 1798 5332 ad
1825 5278 1953 5344 509,

367 5362 478 5417 quo
510 5350 647 5405 obiit
669 5352 737 5407 27
767 5350 899 5407 Nov.
936 5351 1273 5407 Boumnus.

443 5419 471 5459 δ
509 5419 810 5476 Alemannis
854 5420 987 5476 bella
1015 5422 1230 5476 inferre.
1275 5420 1352 5474 De
1395 5420 1498 5474 hoc
1540 5418 1792 5474 Clodovei
1824 5433 1947 5472 cum

367 5488 841 5570 Alemannisbello
870 5487 1218 5570 agunt__(_;re_g.
1250 5491 1453 5546 Turon.
1481 5489 1665 5570 Πηλιι,
1697 5503 1826 5570 cap,”
1842 5487 1946 5570 51);

368 5508 682 5545 Alemannis
703 5508 841 5548 neno
870 5508 1034 5563 agunt
1056 5508 1164 5548 ure
1205 5532 1218 5546 .
1251 5508 1453 5546 ‘l'uron.
1481 5508 1575 5543 ιιι).
1603 5508 1665 5554 ιι,
1697 5508 1820 5558 cap,
1842 5508 1946 5551 ou;

368 5557 650 5614 Aimoinus
677 5562 771 5616 lib.
801 5579 844 5625 ι,
870 5579 989 5633 cap.
1024 5562 1122 5627 15;
1154 5508 1475 5617 igincmarus
1502 5559 1701 5683 aliique
1723 5560 1951 5680 scripto-

371 5644 480 5683 rcs.
508 5626 731 5683 Gestum
781 5633 834 5683 id
863 5641 948 5683 est
972 5649 1113 5683 anno
1142 5632 1291 5683 regni
1313 5632 1429 5683 eius
1461 5630 1545 5683 15.
1578 5627 1618 5683 C
1665 5628 1780 5682 risu
1859 5627 1946 5682 94.

371 5644 480 5712 res.
508 5626 731 5712 Gestum
781 5626 952 5712 idest
972 5626 1115 5687 anno
1142 5632 1291 5712 regni
1313 5632 1429 5712 ejus
1461 5630 1545 5693 15,
1578 5626 1780 5712 Christi

368 5698 723 5768 Recentiores
752 5701 1044 5768 scriptores
1083 5698 1473 5768 praelium'hoc
1507 5699 1785 5768 assignant
1826 5698 1951 5750 Tul-

374 5767 551 5835 piaco,
577 5763 734 5835 vulgo
754 5763 980 5831 Zullich,
1005 5763 1101 5823 sed
1121 5768 1300 5838 verius
1329 5769 1417 5822 alii
1446 5763 1949 5840 creduntAleman—

1665 5628 1780 5682 risti

2681 4577 2830 4631 darei
2853 4575 3006 4646 regis.

2129 4670 2260 4726 V111.
2301 4668 2470 4725 Sacra
2510 4669 2676 4740 igitur
2717 4665 3040 4737 evangelicae
3085 4664 3427 4719 auctoritatis
3455 4670 3641 4719 narrat

2058 4760 2284 4816 historia
2309 4801 2323 4825 ,
2372 4759 2661 4814 Dominum
2710 4755 2897 4811 Jesum
2946 4753 3163 4809 Jericlio
3212 4762 3529 4824 pergentem
3572 4753 3638 4808 ad

2059 4851 2427 4908 conﬁrmanda
2472 4850 2578 4905 ﬁde
2608 4863 2719 4904 sua:
2753 4845 3053 4916 maiestatis
3096 4845 3259 4900 corda
3294 4844 3476 4915 populi
3507 4860 3640 4914 prae-

2059 4941 2478 5006 sentis,cuidam
2504 4954 2649 4995 careo
2669 4937 2738 4993 ad
2765 4953 2824 4992 se
2852 4936 3107 4990 clamanti
3136 4934 3316 4989 lumen
3346 4933 3639 4989 reddidisse

2056 5032 2337 5089 oculorum
2378 5030 2530 5104 (Luc.
2556 5027 2760 5099 xvm,),
2788 5035 2849 5082 ut
2876 5044 2974 5099 per
3003 5027 3284 5097 corporale
3310 5028 3473 5083 unius
3499 5027 3638 5082 illius

2062 5125 2222 5197 166
2253 5123 2383 5179 caeci
2428 5123 2608 5178 lumen
2646 5120 3002 5191 spiritualiter
3046 5119 3339 5174 multorum
3368 5119 3638 5174 illumina-

2057 5290 2156 5331 nos
2182 5275 2355 5329 victos
2395 5272 2562 5328 fuisse
2606 5271 2753 5327 circa
2789 5269 3230 5343 Argentoratum.
3278 5270 3400 5327 Vid.
3430 5256 3669 5325 Bonan?

2057 5346 2185 5401 dum
2212 5345 2270 5399 in
2297 5345 2442 5400 hunc
2461 5343 2660 5398 locum.

2127 5426 2151 5454 θ
2194 5413 2472 5469 Clotilden.
2506 5412 2564 5467 S.
2596 5411 2858 5476 Clotildis,
2882 5410 3005 5465 aliis
3029 5407 3333 5476 Chlotildis,
3362 5408 3635 5473 Crotildis,

2054 5482 2822 5548 Hlotild,Bothilt,Rotliildis,
2853 5481 3049 5537 colitur
3077 5481 3111 5535 5
3133 5479 3298 5535 Junii.
3622 5498 3635 5511 ι

2121 5555 2148 5595 ιὶ
2195 5552 2344 5607 Venit
2367 5554 2437 5619 ad
2466 5552 2674 5607 Tullum
2705 5551 2971 5623 oppidum.
3025 5550 3238 5605 Tullum
3266 5551 3397 5623 urbs
3421 5558 3507 5623 est
3529 5548 3639 5620 epi-

2053 5623 2284 5695 SCOpalis
2329 5624 2399 5678 ad
2443 5619 2744 5695 Mosellam,
2770 5619 2881 5695 ubi
2914 5636 3015 5695 rex
3051 5630 3298 5695 sanctum
3341 5619 3635 5695 _\’edastun1

2054 5687 2794 5767 agn'ovit,_Acomitcmquc‘sui
2818 5690 3046 5747 adscivit
3074 5691 3305 5760 itineris,
3340 5690 3515 5760 inquit
3541 5687 3632 5741 Ai-

2054 5762 2265 5820 nioinus
2292 5764 2382 5818 lib.
2423 5780 2461 5830 I,
2495 5780 2611 5833 cap.
2650 5762 2728 5816 16.
