3894 6182
264 389 381 452 669

1255 391 1840 451 IIAGIOGRAPUICA.
1881 427 1952 436 —
1987 394 2149 451 VITA
2189 397 2246 454 S.
2290 398 2609 457 VEDASTL

3449 413 3561 470 670

263 516 470 565 rentur
494 513 740 577 pectora.
769 506 849 561 lta
876 515 932 561 et
951 515 1171 563 sanctus
1191 508 1475 575 Vedastus,
1505 509 1616 566 Deo
1644 509 1859 566 Christo
1886 514 1935 572 Α
1963 511 2274 570 ablueretur
2312 515 2479 573 fonte.
2538 516 2671 573 Cum
2704 534 2811 590 quo
2840 519 3130 593 aliquantis
3174 533 3418 581 moratus
3465 537 3551 583 est

264 599 531 663 donante,
579 611 680 668 per
728 596 1008 666 cujusdam
1047 597 1493 654 illuminationem
1520 601 1669 665 caeci,
1706 599 1868 656 ﬁdem

263 708 442 764 quam
481 692 653 747 verbo
696 690 1051 761 praedicavit,
1100 691 1155 745 in
1199 693 1364 747 corde
1414 692 1557 764 regis
1603 694 1867 749 miraculo

262 784 624 842 conﬁrmavit
647 801 661 839 :
687 790 747 838 ut
776 797 871 835 rex
902 783 1015 852 ipse
1057 781 1417 853 intelligeret,
1448 792 1559 839 tam
1600 784 1701 839 sibi
1747 801 1867 840 esse

263 876 649 940 necessarium
695 875 875 931 cordis
924 874 1139 939 lumen,
1189 891 1351 945 quam
1396 891 1540 931 caeco
1584 877 1865 932 oculorum

265 966 699 1023 illustrationem
722 981 737 1019 :
762 966 981 1037 etquod
1011 965 1191 1021 divina
1212 975 1435 1037 Operata
1460 976 1544 1022 est
1568 968 1743 1039 gratia
1768 983 1866 1038 per

263 1076 466 1132 preces
516 1059 703 1114 famuli
741 1060 823 1114 sui
865 1060 920 1113 in
958 1058 1130 1113 oculis
1174 1074 1317 1114 caeca
1346 1068 1503 1114 nocte
1547 1061 1859 1131 castigatis;

266 1151 376 1208 hoc
399 1166 504 1222 per
530 1165 812 1205 sermones
855 1150 1097 1220 ejusdem
1141 1149 1350 1215 famuli,
1387 1151 1575 1206 eadem
1606 1162 1864 1221 operante

265 1242 538 1312 potentia,
577 1256 677 1311 per
703 1239 1000 1309 spiritualis
1032 1240 1439 1310 intelligentiam
1487 1241 1625 1297 lucis
1666 1243 1721 1296 in
1765 1258 1862 1299 suo

264 1340 496 1402 pectore
532 1330 907 1401 perﬁceretur.
951 1328 1086 1383 Nam
1136 1328 1309 1401 [dum]
1353 1332 1499 1401 regia
1541 1333 1862 1387 excellentia

266 1422 545 1493 condigno
592 1421 852 1477 comitatu
883 1435 1006 1475 cum
1047 1420 1395 1476 multitudine
1439 1422 1674 1476 maxima
1710 1421 1858 1495 [iret]

263 1512 485 1586 populi,
515 1513 619 1567 iter
666 1511 949 1582 agentibus
995 1510 1100 1566 illis
1124 1552 1139 1577 ,
1168 1519 1433 1566 venerunt
1470 1512 1526 1565 in
1571 1513 1861 1581 quemdam

264 1617 495 1674 pagum,
522 1600 615 1671 qui
638 1600 937 1655 incolarum
965 1608 1123 1655 terra}
1144 1600 1286 1655 illius
1305 1601 1692 1656 consuetudine
1716 1602 1861 1658 Vun-

263 1694 389 1764 gise
418 1704 445 1732 α
472 1707 641 1763 pagus
662 1691 875 1756 dicitur,
902 1706 1068 1762 prope
1092 1691 1438 1761 Reguliacam
1460 1692 1488 1731 δ
1512 1691 1714 1757 villam,
1740 1706 1860 1762 qua:

263 1785 377 1838 sita
428 1790 513 1841 est
555 1795 715 1852 super
760 1780 1040 1850 ﬁorigcras
1084 1780 1287 1835 Axonae
1327 1779 1565 1836 ﬂuminis
1593 1781 1757 1850 ripas.
1792 1780 1859 1835 Et

1968 604 2176 673 diebus,
2208 616 2271 662 ut
2303 608 2683 667 ecclesiasticis
2712 611 3053 670 satisfaceret
3078 617 3468 685 sanctionibus,
3496 628 3554 674 et

1964 696 2300 764 pmnitentiae
2329 701 2624 755 secundum
2654 705 3005 773 apostolicum
3047 716 3374 777 praeceptum
3401 709 3554 779 prihs

1966 783 2278 839 ablueretur
2328 787 2603 859 lacrymis,
2636 793 2850 849 dicente
2898 795 3057 851 beato
3099 796 3259 851 Petro
3302 799 3550 870 principe

1966 874 2332 942 apostolorum
2357 895 2370 929 :
2397 876 2766 937 Paenitentiam
2794 887 2953 956 agite,
2987 898 3034 942 et
3074 888 3363 960 baptizatur
3388 908 3551 946 unus—

1963 964 2178 1036 quisque
2204 976 2425 1021 vestrum
2451 971 2506 1024 in
2533 974 2739 1027 nomine
2775 974 2905 1029 Jesu
2938 974 3132 1032 Christi
3156 978 3290 1050 (Act.
3322 996 3382 1044 ιι,
3415 979 3547 1052 38):

1964 1062 2019 1107 et
2050 1053 2177 1127 [sic]
2204 1057 2256 1111 in
2284 1059 2502 1114 nomine
2527 1071 2729 1117 sanctae
2747 1064 3026 1121 Trinitatis
3049 1066 3287 1122 caelestis
3306 1068 3552 1139 mysterii

1963 1144 2229 1214 baptisma
2276 1149 2591 1219 susciperet.
2663 1150 2853 1211 Sciens
2896 1171 3026 1211 vero
3074 1157 3266 1213 beatus
3305 1156 3550 1227 pontifex

1964 1237 2263 1304 apostolum
2291 1239 2469 1295 dicere
2494 1241 2723 1297 Paulum
2746 1263 2759 1298 :
2785 1243 2977 1300 Omnia
3006 1256 3176 1302 vestra
3198 1250 3411 1303 honeste
3430 1264 3550 1301 eum

1964 1326 2145 1380 ordine
2173 1326 2304 1395 ﬁant
2339 1326 2392 1399 (Ι
2416 1326 2538 1383 Cor.
2567 1347 2683 1397 xw,
2712 1332 2804 1401 40)
2827 1352 2839 1385 :
2865 1336 3054 1389 statuit
3080 1335 3212 1407 [Al.,
3245 1334 3546 1407 constituit]

1964 1416 2105 1471 diem
2138 1416 2187 1484 ἀ,
2221 1434 2328 1487 quo
2368 1435 2464 1473 rex
2510 1420 2794 1476 ecclesiam
2838 1424 3068 1478 intraret
3104 1426 3173 1480 ad
3202 1426 3547 1496 suscipienda

1963 1508 2157 1563 divinae
2197 1510 2414 1578 pietatis
2443 1520 2803 1567 sacramenta.
2849 1513 3016 1580 Quale
3057 1514 3157 1569 fuit
3188 1525 3315 1571 tunc
3343 1517 3549 1572 sanctis

1962 1597 2055 1653 Dei
2083 1590 2361 1670 gaudium,
2386 1601 2561 1670 qualis
2589 1602 2642 1656 in
2667 1603 2907 1659 Ecclesia
2949 1605 3150 1660 Christi
3179 1606 3392 1674 laetitia,
3419 1622 3544 1662 cum

1961 1688 2207 1744 viderent
2253 1706 2432 1762 regem
2481 1691 2674 1747 Ninive
2718 1694 2787 1748 ad
2836 1695 3275 1763 praedicationem
3300 1696 3451 1753 Jonte
3479 1696 3547 1753 de

1962 1778 2096 1833 solio
2125 1778 2423 1848 majestatis
2444 1797 2553 1837 sum
2580 1783 2948 1851 descendisse,
2972 1796 3027 1840 et
3055 1787 3109 1839 in
3139 1788 3319 1843 cinere
3345 1789 3549 1844 sedisse

265 1888 405 1929 ecce
449 1871 687 1942 ejusdem
719 1870 957 1925 ﬂuminis
984 1880 1205 1940 pontem
1235 1885 1361 1942 rege
1395 1878 1704 1926 transeunte
1733 1886 1856 1926 cum
1892 1858 1934 1919 Β
1960 1873 2311 1941 pmnitentiae,
2340 1882 2395 1929 et
2425 1875 2524 1929 sub
2566 1875 2654 1946 pia
2699 1875 2795 1931 Dei
2848 1879 3144 1933 sacerdotis
3169 1878 3395 1935 dextera
3437 1896 3548 1936 suae

262 1962 615 2019 multitudine
647 1960 848 2031 populi,
871 1960 1111 2015 obviavit
1137 1961 1214 2015 illi
1242 1976 1418 2018 crecus
1447 1962 1668 2032 quidam
1696 1960 1858 2031 hujus

265 2052 576 2108 diutissime
621 2050 815 2106 solaris
865 2065 1062 2120 expers
1111 2050 1380 2106 luminis:
1418 2051 1557 2107 forte
1607 2067 1709 2108 nec
1759 2069 1857 2108 sua

267 2151 507 2199 ctecatus
553 2141 729 2212 culpa,
758 2141 852 2196 sed
878 2148 940 2195 ut
964 2140 1446 2196 manifestarentur
1474 2158 1640 2212 opera
1669 2144 1764 2197 Dei
1801 2143 1856 2198 in

270 2235 385 2301 illo,
413 2243 470 2291 et
514 2251 613 2306 per
660 2234 807 2289 illius
852 2234 1300 2289 illuminationem
1329 2242 1650 2304 praesentem
1685 2234 1856 2304 pluri-

272 2345 484 2386 morum
529 2329 967 2384 illuminarentur
1000 2328 1165 2384 corda
1201 2327 1574 2397 spiritualiter.
1600 2326 1703 2395 Qui
1733 2344 1857 2383 cum

272 2422 627 2479 intellexisset
664 2437 696 2476 a
736 2420 1211 2491 praetereuntibus,
1261 2430 1508 2476 sanctum
1563 2418 1857 2475 Vedastum

272 2509 472 2570 Christi
500 2527 718 2568 servum
741 2511 794 2566 in
823 2511 1012 2566 eodem
1035 2511 1139 2566 iter
1162 2526 1324 2581 agere
1348 2510 1629 2576 comitatu,
1656 2510 1858 2565 clama-

272 2602 386 2658 vit:
413 2601 615 2658 Sancte
643 2609 700 2657 et
724 2601 895 2656 electe
921 2600 1033 2656 Deo
1059 2600 1293 2656 Vedaste
1311 2640 1325 2664 ,
1356 2599 1615 2653 miserere
1644 2598 1773 2665 mei,
1801 2605 1857 2653 et

271 2709 567 2764 supernam
596 2694 686 2763 pio
706 2700 925 2763 pectore
948 2691 1261 2762 diligentius
1289 2691 1518 2760 deposce
1533 2690 1855 2759 potentiam,

270 2795 331 2842 ut
369 2801 508 2841 mea:
550 2784 836 2841 subveniat
876 2782 1129 2838 miserias.
1179 2780 1296 2837 Non
1328 2795 1521 2836 aurum
1549 2794 1731 2849 posco,
1758 2794 1857 2833 nec

270 2885 584 2948 argentum,
614 2876 709 2931 sed
748 2882 806 2929 ut
853 2874 987 2929 mihi
1032 2874 1213 2929 lumen
1261 2888 1360 2953 per
1405 2872 1707 2928 sanctitatis
1754 2880 1858 2928 tuae

230 2981 237 2987 ’
266 2984 463 3042 preces
491 2968 744 3024 restituat
771 2967 1074 3024 oculorum.
1106 2965 1288 3021 Sensit
1309 2966 1489 3034 itaque
1512 2966 1597 3020 vir
1627 2964 1723 3019 Dei
1749 2965 1861 3019 vir-

269 3068 447 3116 tutem
475 3060 580 3116 sibi
613 3060 804 3114 adesse
830 3073 1123 3130 supernam
1152 3076 1164 3111 :
1190 3073 1296 3112 non
1322 3058 1392 3113 ob
1421 3057 1565 3112 illius
1589 3056 1715 3111 eieci
1740 3063 1861 3110 tan-

268 3151 574 3217 tummodo,
589 3149 682 3206 sed
701 3149 822 3220 plus
841 3157 1061 3220 propter
1074 3146 1358 3217 praesentis
1379 3146 1560 3217 populi
1575 3144 1682 3217 [Αι.
1695 3185 1709 3211 ,
1724 3159 1859 3214 prae-
1881 3195 1926 3222 η

267 3246 442 3301 sentis
488 3242 696 3315 sasculi]
739 3241 999 3306 salutem,
1033 3246 1202 3294 totum
1249 3254 1307 3294 se
1336 3238 1391 3293 in
1434 3252 1618 3292 sacras
1667 3234 1856 3291 eﬁ'udit

266 3351 480 3409 preces,
512 3335 570 3388 in
612 3334 793 3389 divina
840 3332 1012 3388 ﬁdens
1056 3332 1278 3403 pietate,
1309 3338 1364 3385 et
1405 3329 1683 3385 dexteram
1731 3342 1857 3383 cum

268 3428 426 3498 signo
450 3425 635 3495 crucis
677 3424 856 3495 posuit
896 3438 1060 3492 super
1103 3422 1286 3478 oculos
1326 3420 1476 3485 caeci,
1505 3419 1691 3474 dicens
1715 3436 1728 3471 :
1752 3415 1858 3472 Do-

267 3518 416 3573 mine
441 3514 596 3582 Jesu,
626 3514 719 3584 qui
747 3529 806 3569 es
831 3513 1011 3568 lumen
1034 3528 1244 3577 verum,
1267 3511 1359 3581 qui
1384 3508 1643 3580 aperuisti
1670 3506 1856 3562 oculos

271 3610 399 3666 caeci
429 3607 591 3682 [nati]
617 3607 685 3662 ad
716 3615 768 3661 te
795 3605 1099 3671 clamantis,
1126 3603 1275 3673 aperi
1300 3602 1485 3659 oculos
1514 3610 1570 3655 et
1598 3599 1772 3659 istius,
1796 3604 1859 3651 ut

271 3701 537 3772 intelligat
556 3698 783 3770 populus
804 3698 905 3753 iste
923 3710 1181 3766 praesens,
1209 3694 1335 3763 quia
1360 3701 1417 3746 tu
1438 3707 1497 3747 es
1517 3691 1659 3745 Deus
1686 3689 1854 3755 solus,

271 3791 478 3846 iaciens
506 3788 776 3844 mirabilia
803 3788 857 3842 in
881 3786 1020 3843 coelo
1046 3794 1100 3839 et
1129 3785 1183 3838 in
1212 3788 1379 3837 terra.
1412 3781 1532 3835 Mox
1562 3780 1651 3835 ille
1680 3794 1856 3834 caacus

273 3883 475 3939 lumine
498 3889 732 3951 recepto,
757 3879 998 3952 gaudens
1025 3876 1267 3948 perrexit
1294 3875 1441 3929 viam
1470 3887 1642 3927 suam.
1671 3870 1729 3924 ln
1750 3886 1857 3941 quo

271 3976 391 4032 loco
421 3985 665 4044 tempore
694 3961 939 4040 sequenti
974 3985 1005 4023 a
1033 3968 1296 4039 religiosis
1323 3965 1455 4020 viris
1482 3962 1745 4047 aediﬁcata
1775 3969 1860 4016 est

273 4067 504 4122 ecclesia
532 4066 585 4119 in
618 4061 981 4118 testimonium
1008 4057 1254 4113 miraculi
1280 4055 1454 4119 istius,
1478 4053 1534 4107 in
1563 4068 1668 4121 qua
1695 4065 1857 4104 oran-

274 4158 418 4214 tibus
444 4165 502 4212 et
525 4153 870 4211 credentibus
891 4165 1060 4220 usque
1082 4149 1243 4204 hodie
1265 4160 1286 4186 ε
1313 4143 1576 4202 beneﬁcia
1600 4150 1860 4213 praestan-

276 4263 366 4308 tur
394 4251 598 4307 divina.
706 4276 709 4277 ν
1752 4240 1763 4250 ’

342 4343 437 4400 1X.
479 4342 646 4412 igitur
680 4355 775 4394 rex
801 4355 830 4393 a
859 4338 977 4393 viro
1006 4335 1100 4391 Dei
1130 4331 1451 4403 evangelicis
1476 4329 1720 4399 apprime
1756 4328 1857 4381 im-

274 4439 439 4495 butus
482 4432 762 4496 doctrinis,
792 4438 846 4485 et
891 4429 993 4483 hoc
1043 4423 1295 4496 praesenti
1341 4419 1601 4475 miraculo
1648 4418 1702 4472 in
1752 4416 1893 4471 ﬁde’

277 4529 507 4586 ﬁrmiter
531 4524 887 4587 confortatus,
914 4520 988 4575 nil
1010 4524 1253 4574 moratus
1279 4516 1332 4569 in
1360 4515 1467 4580 via,
1498 4511 1574 4566 nil
1602 4510 1853 4608 dubitans
1883 4547 1933 4608 υ

275 4621 328 4676 in
356 4620 486 4683 ﬁde,
514 4617 609 4672 sed
635 4630 827 4686 magna
871 4611 1147 4666 alacritate
1183 4607 1379 4671 animi,
1407 4619 1603 4674 magna
1633 4600 1857 4657 festina-

276 4715 423 4769 tione
468 4709 699 4774 itineris,
746 4705 1143 4762 sanctissimum
1190 4699 1501 4771 pontiﬁcem
1549 4694 1857 4766 Remigium

276 4803 463 4858 videre
492 4797 821 4870 properavit,
853 4803 913 4850 ut
952 4793 1094 4847 illius
1120 4789 1487 4847 sacratissimo
1526 4784 1854 4848 ministerio,

281 4890 485 4963 Spiritu
507 4896 695 4943 sancto
717 4893 997 4957 operante,
1021 4884 1076 4937 in
1105 4881 1481 4936 remissionem
1506 4883 1856 4946 peccatorum

278 4991 332 5036 et
379 4994 536 5052 spem
586 4977 711 5031 vitae
763 4982 998 5040 ceterum,
1044 4970 1290 5027 catholici
1341 4966 1679 5038 baptismatis
1731 4965 1856 5019 vivo

347 5107 375 5135 ι
420 5091 648 5166 Vupgise
673 5106 859 5166 pagus.
894 5087 1034 5166 Alibi
1063 5085 1259 5166 legitur
1308 5078 1551 5166 Vongise,
1587 5077 1852 5166 Kungisus

278 5146 566 5243 vasus-.15
587 5146 866 5243 ίξὲιίξτὲιηίο
889 5146 1145 5243 eum!“
1164 5146 1576 5243 lentﬁﬁfi‘i;
1600 5146 1854 5243 12.939.“

284 5223 437 5289 'tul'ari
464 5232 643 5288 Caroli
672 5230 819 5302 calvi
843 5228 908 5281 ad
926 5242 1131 5302 annum
1292 5224 1417 5302 dum
1457 5223 1576 5302 pagi
1600 5231 1697 5286 per
1719 5223 1850 5302 mis-

281 5305 479 5376 saticos
504 5300 736 5376 ordinati
765 5297 1170 5376 describuntur,
1211 5290 1451 5376 i’onziso.
1480 5289 1853 5376 iln'pratcepto

280 5372 538 5430 Ludovici
561 5386 660 5442 pro
682 5369 921 5442 Ecclesia
947 5367 1258 5442 Rhemensi,
1281 5369 1509 5442 castrum
1553 5367 1850 5442 Vonzense;

281 5428 335 5518 ξς
379 5443 522 5514 apud
564 5428 926 5518 'F'edoardum
983 5433 1329 5518 mutarive
1350 5429 1654 5518 laeui:
1695 5428 1857 5518 391s?

292 5498 490 5583 Youzy,
521 5512 664 5583 quod
686 5524 826 5582 pago
848 5523 944 5564 seu
970 5506 1161 5561 ditioni
1185 5498 1438 5572 subjectae
1463 5512 1659 5552 nomen
1689 5498 1853 5553 dedit.

281 5581 594 5721 Βοζιῖῗὲῥε
614 5648 950 5721 Reguliacnm
973 5646 1170 5721 uiuant.
1201 5641 1343 5721 Alibi
1374 5636 1857 5721 Rilpgiacqﬁlic’us

287 5731 366 5778 est
393 5723 461 5777 ad
508 5709 751 5777 Axona'm
798 5717 1024 5789 (Aisne),
1054 5716 1189 5787 Rilly
1233 5714 1428 5781 dictus,
1459 5709 1601 5769 inter
1626 5709 1855 5764 Attinia-

289 5802 481 5849 cumet
505 5790 770 5862 Vongum.

1960 1963 2295 2019 excellentiae
2338 1973 2500 2035 caput
2550 1966 2835 2021 humiliare
2866 1967 3028 2039 (Jan.
3062 1986 3123 2023 ιιι
3146 1969 3186 2041 ).
3234 1968 3548 2040 Baptizatus

1959 2054 2142 2122 itaque
2170 2070 2262 2108 rex
2297 2069 2418 2109 cum
2466 2055 2822 2124 optimatibus
2868 2058 2980 2112 suis
3005 2066 3059 2113 et
3085 2059 3312 2129 populo,
3342 2060 3433 2129 qui
3464 2060 3548 2115 di-

1958 2151 2081 2205 vina
2111 2151 2472 2221 praeveniente
2501 2152 2675 2219 gratia
2722 2152 2978 2208 salutaris
3014 2152 3215 2208 lavacri
3246 2154 3549 2225 gaudebant

1959 2239 2233 2307 suscipere
2264 2246 2687 2294 sacramentum.

2032 2331 2189 2402 167
2214 2330 2281 2385 Χ.
2309 2329 2603 2400 Utriusque
2622 2339 2679 2386 et
2704 2332 2946 2388 victoriae
2965 2348 3033 2388 ex
3060 2333 3323 2400 hostibus,
3351 2341 3408 2389 et
3421 2350 3534 2390 suae

1958 2422 2147 2478 salutis
2167 2423 2277 2478 voti
2314 2438 2554 2493 compos,
2579 2423 2647 2478 ad
2670 2432 2886 2495 sceptra
2907 2426 3060 2496 regni
3089 2426 3435 2497 gubernanda
3459 2442 3547 2483 re-

1956 2528 2148 2569 versus
2198 2521 2299 2579 est,
2349 2523 2701 2587 sanctumque
2755 2517 3046 2572 Vedastum
3098 2517 3256 2574 beato
3301 2518 3546 2588 pontiﬁci

1957 2604 2354 2660 commendavit
2379 2605 2643 2676 Remigio.
2691 2605 2794 2672 Qui
2842 2605 2915 2659 ibi
2950 2615 3214 2672 moratus,
3258 2608 3383 2662 vita:
3425 2622 3543 2662 me-

1957 2697 2079 2753 ritis
2107 2705 2162 2753 et
2180 2697 2442 2752 virtutum
2477 2697 2675 2751 claruit
2695 2696 2979 2765 exemplis,
3009 2696 3260 2753 omnibus
3298 2697 3547 2752 amabilis

1957 2798 2015 2845 et
2032 2789 2357 2845 venerabilis
2382 2788 2557 2845 factus
2579 2796 2707 2843 est..
2742 2787 2869 2843 Fuit
2918 2788 3063 2844 enim
3114 2804 3328 2844 morum
3368 2789 3546 2860 digni-

1957 2887 2071 2935 tate
2092 2879 2396 2950 religiosus,
2435 2880 2699 2934 charitate
2753 2880 3076 2950 prmcipuus,
3122 2880 3361 2934 fraterna
3414 2879 3549 2935 dile-

1959 2971 2136 3026 ctione
2161 2969 2450 3039 jucundus,
2487 2969 2675 3024 humili
2706 2970 2907 3038 pietate
2948 2970 3198 3035 eximius,
3235 2952 3545 3026 orationum

1959 3057 2237 3128 vigilantia
2266 3057 2537 3122 assiduus,
2587 3072 2838 3111 sermone
2870 3056 3168 3122 modestus,
3202 3072 3431 3126 corpore
3455 3073 3546 3113 ca-

1960 3160 2116 3215 stus;
2159 3149 2366 3220 jejunio
2402 3150 2615 3205 sobrius
2642 3189 2657 3215 ,
2689 3150 3012 3203 miserorum
3041 3149 3375 3216 consolator;
3430 3165 3539 3206 non

1958 3242 2025 3296 de
2058 3240 2293 3296 crastino
2327 3240 2591 3311 cogitans,
2651 3238 2742 3294 sed
2772 3254 2985 3309 semper
3019 3240 3085 3295 de
3129 3238 3225 3293 Dei
3266 3238 3549 3297 conﬁdens

1955 3329 2262 3394 clementia,
2277 3344 2466 3385 omnes
2490 3329 2559 3383 ad
2590 3344 2649 3384 se
2671 3329 2952 3391 veniemes
2971 3336 3187 3384 :eternae
3214 3330 3337 3384 vita:
3356 3344 3547 3399 pasce-

1954 3424 2050 3479 bat
2078 3422 2350 3478 alimento.
2428 3420 2643 3476 Nullum
2673 3422 2727 3475 in
2764 3436 2861 3476 sua
2890 3419 3222 3490 despiciebat
3272 3422 3541 3492 angustia,

1956 3515 2051 3571 sed
2075 3515 2161 3585 pie
2194 3513 2577 3570 consolationis
2608 3512 2771 3568 verbo
2818 3510 3095 3568 reﬁciebat
3129 3521 3374 3568 maestos.
3434 3512 3541 3567 Ne-

1956 3606 2088 3660 mini
2125 3604 2210 3660 vel
2255 3605 2421 3659 verbo
2470 3605 2673 3669 nocuit,
2721 3605 2815 3660 sed
2857 3603 3097 3660 fraterno
3125 3620 3308 3661 amore
3333 3607 3547 3661 cunctis

1955 3697 2214 3766 prodesse
2268 3695 2565 3766 satagebat.
2628 3694 2781 3750 Unde
2826 3703 2881 3750 et
2906 3711 2937 3749 a
2965 3710 3127 3764 quam
3152 3695 3399 3765 plurimis
3424 3695 3546 3750 illu-

1957 3787 2160 3841 stribus
2185 3784 2632 3854 frequentabatur
2661 3784 2810 3846 viris,
2828 3792 2887 3838 ut
2916 3784 3062 3839 illius
3081 3785 3447 3840 sacratissimo
3466 3785 3546 3839 al-

1957 3875 2157 3943 loquio,
2187 3872 2271 3926 vel
2295 3872 2348 3925 in
2380 3871 2601 3925 tristitia
2631 3870 2919 3938 cujuslibet
2951 3872 3330 3926 sollicitudinis
3364 3874 3539 3927 susci-

1956 3972 2147 4034 perent
2180 3961 2621 4040 consolationem,
2676 3961 2761 4015 vel
2789 3961 2842 4014 in
2875 3960 3132 4029 religione
3160 3962 3540 4020 ecclesiasticae

1958 4052 2360 4110 exercitationis
2380 4049 2657 4120 puramab
2683 4064 2748 4105 eo
2775 4051 3026 4105 audirent
3044 4053 3346 4106 veritatem.
3388 4052 3542 4110 Unde

1958 4154 2013 4199 et
2035 4145 2176 4198 illius
2204 4144 2292 4213 pia
2315 4141 2599 4197 devotione
2626 4138 2758 4211 [Al.,
2782 4141 3167 4214 admonitione]
3195 4142 3347 4199 multi
3372 4159 3401 4196 a
3428 4143 3540 4198 dia-

1956 4234 2065 4289 boli
2095 4233 2300 4301 laqueis
2326 4230 2540 4286 liberati
2563 4240 2708 4300 sunt,
2752 4239 2808 4287 et
2836 4231 2952 4286 vias
2972 4232 3095 4287 vitae
3121 4240 3416 4302 perpetuae,
3448 4248 3541 4288 su-

1957 4341 2121 4399 perna
2134 4324 2422 4395 adjuvante
2442 4323 2663 4393 pietate,
2690 4323 2917 4396 ingressi
2940 4330 3083 4379 sunt.
3122 4322 3341 4379 Scilicet
3361 4322 3538 4387 multi,

1957 4428 2018 4475 ut
2045 4434 2209 4491 supra
2241 4418 2495 4483 diximus,
2535 4418 2605 4473 ob
2643 4417 3054 4473 celeberrimam
3113 4414 3414 4471 sanctitatis
3460 4415 3542 4469 fa-

1958 4528 2102 4567 mam
2126 4511 2385 4568 nobilium
2405 4510 2492 4565 vel
2513 4509 2867 4580 plebeiorum,
2894 4508 3070 4563 virum
3090 4507 3184 4562 Dei
3212 4505 3433 4560 visitare
3452 4520 3540 4561 so-

1958 4606 2160 4673 lebant,
2181 4612 2242 4660 ut
2264 4588 2676 4661 consolarentur
2695 4618 2793 4673 per
2806 4604 3056 4671 gratiam,
3085 4616 3205 4671 quae
3234 4600 3541 4655 abundabat

1958 4697 2013 4751 in
2034 4696 2187 4750 labiis
2208 4694 2381 4759 illius;
2411 4702 2467 4748 et
2487 4692 2610 4762 quia
2626 4707 2693 4746 ex
2718 4690 3044 4745 abundantia
3071 4691 3248 4745 cordis
3275 4704 3336 4744 os
3367 4687 3541 4758 loqui-

1960 4797 2048 4843 tur
2075 4787 2291 4860 (Matth.
2322 4802 2421 4851 xu,
2453 4784 2566 4854 54),
2603 4791 2659 4837 et
2677 4782 2803 4851 quia
2838 4780 3078 4836 fraterno
3108 4796 3293 4837 amore
3347 4794 3539 4835 omnes

1958 4880 2231 4950 diligebat,
2261 4877 2510 4933 omnibus
2544 4888 2603 4927 se
2629 4870 2897 4943 aﬁ‘abilem
2917 4872 3225 4941 praestabat.
3291 4869 3535 4924 Aliorum

1961 4973 2186 5028 salutem
2210 4984 2367 5025 suum
2386 4974 2639 5037 reputans
2676 4964 2905 5030 lucrum,
2934 4978 3032 5019 nec
3053 4960 3534 5019 Dominicaa‘talen-

2035 5094 2057 5122 ο
2102 5079 2489 5153 Usque_ltodie.
2540 5078 2850 5153 Baldericus
2884 5084 3166 5153 testatur,
3214 5073 3535 5153 adhucusuo

1962 5142 2221 5222 tempore,
2251 5149 2305 5222 id
2333 5158 2435 5222 est,
2477 5149 2674 5222 sacculo
2697 5147 2920 5222 Christi
2944 5145 3230 5222 undecimo
3257 5142 3534 5222 exstitisse

1960 5213 2090 5277 eam.
2115 5220 2382 5275 ecclesiam
2404 5219 2459 5273 in
2487 5217 2838 5273 testimonium
2875 5213 3076 5269 virtutis
3103 5213 3262 5284 hujus
3292 5220 3533 5267 constru-

1959 5303 2115 5347 ctam.
2142 5291 2408 5346 Bonunn.

2028 5362 2055 5401 ά
2098 5360 2293 5415 Statuit
2342 5360 2499 5414 diem.
2553 5376 2573 5409 ‹
2610 5356 2730 5423 Quo
2764 5363 2952 5411 natum
3000 5352 3385 5423 redemptionis
3422 5366 3534 5407 suae

1958 5432 2081 5488 caeli
2106 5431 2390 5486 Dominum
2413 5428 2645 5496 mundus
2666 5426 2892 5496 accepit,
2908 5432 2965 5478 et
2982 5438 3090 5496 quo
3108 5424 3361 5496 Christus
3382 5431 3534 5496 ortus

1958 5511 2043 5558 est
2072 5501 2292 5564 mundo,
2317 5520 2335 5552 ι
2372 5499 2546 5564 inquit
2597 5495 2654 5552 S.
2690 5491 2881 5551 Avitus
2910 5491 3167 5564 inEpist.
3202 5493 3269 5548 ad
3302 5491 3533 5564 Chlodof

1957 5588 2114 5627 veum
2144 5562 2343 5642 regem.
2383 5587 2401 5620 ι
2439 5562 2611 5642 Unde,
2641 5567 2820 5642 addit.
2841 5580 2939 5642 nos
2971 5562 3085 5642 jam
3114 5578 3335 5642 securos
3362 5562 3533 5617 vestri

1958 5657 2112 5698 sacra
2143 5631 2249 5698 ιιοέ
2293 5638 2514 5711 reperit,
2544 5631 2648 5709 qua
2678 5638 2892 5694 videtur
2920 5631 3532 5705 baptizatusJBOLLAN-

1959 5729 2075 5767 DUS.
