3890 6160
341 299 438 355 671

1180 301 1242 358 Β.
1283 301 1345 358 F.
1385 301 1611 359 ALBlNl
1653 304 1783 360 SEU
1823 305 2416 370 ALCUlNlOPERUM
2453 313 2634 373 PARS
2673 317 2732 375 V.
3491 324 3611 382 672

341 425 456 473 tum
482 411 718 482 pecuniae
748 411 976 485 pigritia:
1001 413 1185 470 obruit
1239 416 1404 472 humo
1423 457 1438 484 ,
1474 417 1569 473 sed
1603 418 1914 488 quotidiano
1941 422 1992 482 Α
2019 425 2265 491 consilio,
2288 427 2557 484 ordinavit
2575 444 2700 484 eum
2733 430 3063 501 episcopum,
3117 442 3171 490 et
3195 437 3260 490 ad
3299 441 3608 506 praedican-

341 503 622 558 cbaritatis
638 505 831 560 sudore
848 505 1203 575 multiplicare
1221 506 1488 573 studebat,
1511 523 1579 563 ne
1605 523 1807 564 vacuus
1824 525 1884 564 re
1899 540 1912 550 -
1959 512 1964 515 “

338 596 590 650 veniente
626 597 852 652 Domino
890 613 987 653 suo
1011 599 1065 653 in
1108 602 1420 667 conspectuf
1448 599 1590 655 illius
1636 610 1918 670 appareret

342 684 476 758 [Al.,
502 685 876 758 inveniretur].
1733 765 1738 772 ι

408 777 499 832 XI.
539 778 706 849 Igitur
737 780 953 848 quidam
1007 781 1087 834 vir
1130 781 1324 835 nobilis
1344 788 1400 835 et
1445 779 1728 851 religiosus
1776 781 1918 838 inter

337 867 470 921 alios
496 866 755 921 famulum
779 868 924 922 venit
955 869 1176 922 visitare
1201 867 1420 932 Christi,
1459 876 1518 922 ut
1544 883 1640 937 per
1664 884 1785 923 eum
1807 885 1917 924 coe-

336 959 491 1015 lestis
520 959 776 1014 doctrinm
809 961 1119 1014 reﬁceretur
1131 959 1306 1015 melle.
1354 960 1422 1014 Et
1449 961 1571 1015 dum
1601 977 1780 1017 sermo
1805 961 1917 1016 dul-

334 1051 568 1106 cissimze
621 1050 961 1106 allocutionis
997 1052 1050 1105 in
1080 1051 1299 1122 longum
1351 1054 1689 1119 traheretur,
1745 1063 1801 1109 et
1835 1055 1916 1110 sol

333 1141 568 1198 medium
617 1141 738 1195 cceli
790 1141 1062 1195 transiens
1090 1151 1356 1207 centrum,
1407 1137 1711 1198 crescentes
1741 1145 1915 1213 dupli-

334 1241 487 1286 caret
514 1232 751 1296 umbras,
775 1232 992 1286 nolebat
1017 1233 1100 1286 vir
1123 1233 1214 1288 Dei
1241 1234 1507 1303 hospitem
1529 1249 1685 1288 suum
1713 1235 1914 1303 absque

331 1321 613 1376 cbaritatis
636 1321 908 1375 dimittere
938 1322 1152 1376 viatico.
1215 1322 1488 1376 Mandavit
1513 1331 1693 1376 autem
1725 1321 1910 1392 [Boll.,

331 1411 427 1465 sed
456 1409 752 1482 mandavit]
779 1427 966 1480 puero,
1000 1420 1058 1465 ut
1089 1413 1132 1466 si
1157 1413 1284 1480 quid
1317 1412 1390 1465 illi
1407 1412 1755 1466 remansisset
1781 1412 1910 1476 vini,

331 1500 501 1554 charo
535 1499 726 1569 pocula
765 1509 1009 1568 portaret
1040 1501 1233 1567 amico,
1273 1509 1539 1570 quatenus
1574 1503 1628 1556 in
1683 1510 1914 1572 utroque

333 1594 391 1642 et
437 1588 616 1641 anima
669 1587 906 1643 refectus
943 1598 998 1644 et
1040 1605 1268 1660 corpore
1311 1589 1648 1644 confortatus
1695 1591 1912 1645 domum

331 1679 552 1733 rediret.
612 1677 717 1734 Sed
745 1689 964 1749 propter
997 1681 1268 1750 hospitum
1292 1679 1667 1750 frequentiam,
1701 1689 1756 1736 et
1808 1682 1912 1736 viri

330 1770 426 1824 Dei
450 1771 653 1841 largam
677 1787 803 1843 erga
829 1788 1016 1827 omnes
1039 1773 1482 1837 muniﬁcentiam,
1507 1789 1612 1828 non
1637 1773 1786 1828 arida
1809 1773 1910 1828 Pa-

329 1861 430 1915 tris
457 1860 745 1927 cbaritate,
780 1863 991 1916 aridum
1018 1863 1224 1917 invenit
1254 1863 1526 1918 vasculum
1548 1905 1562 1928 ,
1615 1865 1670 1918 in
1700 1880 1807 1934 quo
1837 1865 1916 1918 vi-

332 1967 464 2006 num
500 1953 704 2006 servari
733 1953 958 2007 solebat.
1032 1953 1150 2007 Mox
1192 1954 1383 2017 tristis,
1423 1955 1588 2009 tacito
1618 1969 1912 2020 murmure,

328 2039 435 2096 hoc
467 2042 639 2111 ipsum
671 2058 806 2111 puer
830 2044 1068 2111 paternis
1101 2043 1370 2098 intimavit
1403 2043 1643 2099 auribus.
1703 2045 1804 2112 Qui
1826 2060 1916 2100 ve-

332 2133 606 2187 recundia:
634 2132 830 2187 rubore
857 2133 1140 2202 perfusus,
1181 2134 1460 2189 cbaritatis
1498 2143 1679 2190 tamen
1732 2135 1915 2190 dulce-

335 2221 460 2276 dine
487 2221 765 2277 abundans
814 2225 996 2290 corde,
1037 2225 1091 2278 in
1136 2225 1313 2280 divina
1359 2225 1595 2280 conﬁsus
1638 2224 1912 2296 suffragia.

336 2311 538 2366 tacitus
571 2311 845 2382 paulisper
873 2312 983 2369 Deo
1017 2327 1207 2383 preces
1238 2312 1465 2377 effudit,
1529 2312 1604 2366 nil
1641 2313 1706 2367 de
1735 2313 1916 2369 divino

329 2399 586 2458 dubitans
609 2404 829 2468 auxilio,
862 2405 933 2459 nil
957 2407 1022 2460 de
1048 2421 1158 2460 suae
1192 2405 1469 2475 petitionis
1494 2405 1749 2460 bmsitans
1787 2404 1917 2462 effe—

331 2499 444 2557 ctu,
495 2502 639 2548 totus
685 2495 738 2547 in
787 2494 904 2563 ejus
936 2496 1164 2550 credens
1191 2495 1496 2559 clementia,
1545 2495 1634 2563 qui
1664 2496 1728 2549 de
1763 2497 1914 2550 arida

326 2591 483 2652 petra
520 2584 724 2638 sitienti
772 2586 968 2654 populo
1024 2584 1223 2639 fontem
1278 2601 1430 2652 aqua:
1476 2586 1612 2639 viva:
1662 2586 1916 2654 produxit

252 2697 256 2700 ⁴
331 2674 528 2743 (Exod.
569 2692 709 2738 xvu;
749 2675 911 2729 Num.
939 2676 1064 2745 xx);
1108 2676 1192 2730 vel
1216 2678 1267 2730 in
1291 2675 1436 2731 Cana
1467 2676 1683 2732 Galilea:
1718 2694 1913 2748 aquam

331 2765 386 2818 in
413 2766 674 2820 mirabilis
703 2767 814 2821 vini
838 2769 1103 2823 convertit
1121 2783 1366 2837 saporem
1393 2768 1528 2840 [Αι.,
1555 2769 1714 2824 vertit
1751 2770 1803 2823 in
1833 2769 1913 2823 vi-

329 2855 483 2926 num]
519 2855 698 2923 (Ioan.
729 2858 828 2927 ιι),
866 2859 1002 2913 dixit
1030 2875 1226 2929 puero:
1257 2859 1403 2913 Vade
1426 2861 1479 2914 in
1513 2860 1607 2915 Dei
1639 2860 1913 2915 conﬁdens

328 2951 590 3015 bonitate,
621 2961 675 3006 et
699 2953 1054 3022 quodcunque
1088 2954 1358 3008 inveneris
1407 2954 1458 3008 in
1489 2953 1707 3009 vasculo
1731 2994 1746 3018 ,
1805 2968 1910 3008 non

329 3041 596 3095 cuncteris
628 3043 782 3096 nobis
804 3041 1017 3096 afferre.
1068 3042 1166 3110 Qui
1199 3042 1365 3105 celer,
1401 3049 1628 3112 paterno
1649 3041 1908 3096 obediens

327 3140 621 3200 praecepto,
641 3200 644 3202 γ
665 3133 910 3187 cu‘eurrit
942 3142 998 3188 et
1019 3149 1113 3189 vas
1142 3135 1268 3188 vino
1289 3135 1494 3204 Optimo
1525 3132 1909 3204 superatiluens
1935 3107 1983 3172 (δ

326 3221 563 3277 invenit:
602 3223 804 3292 gratias
825 3225 936 3279 Deo
963 3241 1147 3296 agens,
1195 3225 1358 3280 alacri
1383 3225 1563 3279 animo
1585 3225 1819 3279 venienti
1855 3232 1912 3279 et

327 3311 446 3380 cjus
476 3315 661 3379 sociis,
693 3317 1000 3385 propinavit
1030 3317 1226 3381 amico,
1262 3319 1352 3386 qui
1390 3317 1584 3386 duplici
1627 3317 1910 3373 roboratus

328 3408 614 3472 charitate,
648 3411 910 3463 remeavit
935 3411 987 3463 in
1011 3411 1246 3480 propria.
1296 3409 1401 3464 Sed
1433 3409 1664 3466 famulus
1686 3410 1908 3478 Christi,

328 3515 398 3554 ne
435 3501 591 3554 vanis
611 3498 887 3567 iactantia:
910 3502 1090 3555 verbis
1119 3501 1204 3555 vel
1241 3501 1512 3572 rumigero
1553 3503 1734 3572 populi
1769 3503 1914 3559 cele-

326 3593 580 3646 braretur
624 3589 839 3654 favore,
877 3592 976 3645 sub
1027 3607 1219 3661 magna
1265 3591 1607 3646 attestatione
1659 3593 1915 3662 praecepit

327 3698 518 3753 puero,
545 3683 794 3737 omnibus
822 3683 946 3736 vitae
972 3697 1081 3736 sure
1105 3681 1294 3736 diebus
1315 3681 1419 3736 hoc
1452 3687 1629 3736 tacere
1680 3682 1914 3737 miracu-

327 3774 460 3841 lum,
493 3774 612 3844 plus
639 3774 751 3830 Deo
786 3775 882 3832 soli
937 3775 1182 3844 cognitus
1211 3789 1331 3828 esse
1360 3774 1584 3843 cupiens
1627 3789 1787 3843 quam
1815 3775 1915 3831 ho-

327 3866 601 3928 minibus;
631 3873 781 3920 certo
815 3865 991 3919 sciens
1016 3864 1254 3918 omnium
1287 3879 1409 3918 esse
1438 3865 1702 3918 virtutum
1727 3880 1912 3920 veram

327 3954 382 4009 in
418 3955 720 4010 humilitate
741 3956 1058 4019 custodiam,
1091 3963 1148 4011 et
1176 3957 1319 4010 hanc
1345 3971 1465 4012 esse
1491 3973 1610 4026 qua:
1632 3958 1913 4012 cbaritatis

329 4047 584 4114 gradibus
607 4047 870 4102 altissima
893 4047 1013 4102 coeli
1041 4063 1202 4118 regna
1225 4048 1550 4102 conscendat
1577 4047 1762 4120 [Boll.,
1789 4064 1914 4103 con-

328 4136 584 4209 scendit],
604 4137 716 4207 ipsa
741 4139 953 4193 dicente
967 4139 1238 4193 Veritate:
1269 4136 1451 4193 Omnis
1468 4139 1554 4209 qui
1574 4156 1628 4192 se
1648 4138 1908 4202 humiliat,

327 4224 645 4280 exaltabitur
671 4227 885 4296 (Matth.
911 4244 1068 4291 xxrn,
1100 4229 1207 4298 12).

939 4359 1166 4417 CAPUT
1202 4362 1288 4416 lll.

521 4471 702 4527 Sancti
733 4470 945 4527 Vedasti
974 4473 1300 4543 episcopatus
1331 4473 1704 4530 Atrebatensis.

394 4584 510 4641 Xll.
535 4584 778 4655 Cumque
805 4587 906 4641 viri
921 4587 1014 4642 Dei
1032 4585 1382 4642 celeberrima
1403 4587 1716 4656 vulgaretur
1737 4588 1901 4654 fama,

257 4680 266 4686 “
325 4685 381 4735 et
404 4678 685 4732 cbaritatis
735 4679 790 4732 in
836 4694 900 4734 eo
936 4678 1326 4743 muniﬁcentia,
1364 4687 1420 4734 et
1443 4679 1631 4748 religio
1661 4679 1804 4744 vitae,
1855 4689 1910 4734 et

322 4769 476 4823 verbi
499 4768 594 4823 Dei
616 4769 870 4825 instantia
885 4770 1038 4842 longe
1070 4771 1280 4840 lateque
1302 4771 1369 4825 ab
1389 4772 1638 4827 omnibus
1663 4773 1906 4828 celebra-

323 4866 477 4914 retur
511 4858 641 4931 [Αι.,
689 4863 859 4931 magis
885 4862 1165 4932 magisque
1190 4862 1548 4933 excresceret]
1569 4905 1583 4928 ,
1626 4864 1802 4919 visum
1827 4873 1912 4920 est

320 4950 637 5007 beatissimo
670 4954 908 5022 pontiﬁci
941 4953 1202 5024 Remigio,
1237 4961 1346 5007 tam
1374 4955 1687 5024 praeclaram
1707 4955 1907 5011 Christi

325 5038 603 5095 lucernam
629 5041 821 5097 melius
845 5058 967 5098 esse
1002 5058 1165 5112 supra
1201 5045 1580 5099 candelabrum
1602 5061 1823 5115 ponere,
1847 5055 1910 5102 ut

321 5132 756 5202 splendidissimo
783 5151 896 5192 sua:
925 5137 1233 5191 sanctitatis
1271 5136 1477 5207 fulgore
1513 5139 1674 5194 latius
1718 5140 1783 5193 ad
1820 5155 1908 5194 sa-

319 5222 489 5278 lutem
518 5224 724 5280 luceret
749 5226 1060 5291 multorum,
1090 5242 1251 5295 quam
1281 5227 1381 5281 sub
1407 5227 1565 5282 unius
1593 5227 1692 5282 loci
1727 5227 1908 5281 lateri-

316 5311 421 5368 bus
455 5312 642 5386 [Boll.,
669 5315 915 5389 latebris]
943 5317 1328 5387 propemodum
1357 5318 1898 5373 absconditalateret.

317 5402 509 5461 Divina
559 5407 724 5480 igitur
768 5411 1187 5482 dispensatione,
1237 5419 1292 5466 et
1336 5410 1537 5465 salubri
1561 5409 1904 5465 sacerdotum

391 5545 418 5612 ξ
455 5534 653 5612 Attila.
687 5539 840 5612 Anno
869 5541 1069 5596 Christi
1097 5542 1202 5596 450
1227 5549 1282 5596 et
1308 5542 1571 5612 sequenti.
1619 5541 1692 5595 De
1737 5541 1902 5596 Attila

320 5598 576 5684 Sidonius
613 5606 938 5684 :Apollinaris
983 5613 1035 5666 in
1074 5598 1409 5684 Panegyrico
1445 5612 1588 5665 Aviti
1609 5628 1778 5666 carm.
1805 5629 1899 5678 vn,

322 5686 448 5727 vers
472 5673 598 5741 527,
623 5673 696 5730 ita
727 5680 901 5733 canit:

1930 4449 1983 4507 D

2016 513 2140 568 dum
2163 517 2384 572 verbum
2397 519 2520 574 vitta
2545 521 2706 592 168
2727 521 3066 579 Atrebatensi
3090 541 3209 581 eum
3234 529 3427 586 direxit
3449 534 3608 599 urbi,

2015 613 2280 672 quatenus
2307 609 2534 678 populus
2555 611 2643 664 ditt
2671 613 2724 666 in
2748 615 2981 683 antiquis
3013 619 3163 673 malae
3192 625 3604 684 consuetudinis

2013 697 2290 752 erroribus
2311 699 2520 768 iacens,
2577 701 2687 758 Deo
2718 707 3044 773 auxiliante,
3080 725 3177 779 per
3207 715 3478 772 assiduam
3507 734 3607 774 sa—

2015 798 2122 838 cra:
2156 787 2554 854 praedicationis
2586 792 2914 858 instantiam,
2963 813 3062 867 per
3083 799 3230 854 illum
3256 803 3309 856 in
3335 806 3474 860 viam
3502 824 3606 864 ve—

2014 874 2191 930 ritatis
2241 883 2296 930 et
2357 880 2683 947 agnitionem
2726 884 2847 938 Filii
2902 887 2997 942 Dei
3045 890 3418 950 deduceretur.
3490 899 3600 965 Qui

2013 966 2358 1032 pontificatus
2379 971 2546 1038 gradu
2581 979 2637 1026 et
2684 975 3083 1043 praedicationis
3113 981 3288 1037 ollicio
3322 999 3599 1057 suscepto,

2016 1056 2257 1110 concitus
2293 1061 2359 1114 ad
2386 1061 2660 1128 praefatam
2706 1065 2786 1119 ire
2825 1070 3064 1135 perrexit
3115 1071 3334 1140 urbem;
3389 1056 3488 1132 sed
3538 1081 3604 1134 in

2014 1149 2312 1216 auspicium
2343 1151 2536 1208 futurae
2568 1159 2942 1226 prosperitatis
2992 1169 3047 1216 et
3067 1159 3278 1230 salutis,
3339 1167 3478 1223 Deus
3500 1186 3603 1224 cu-

2007 1237 2224 1306 jusdam
2253 1242 2500 1298 miraculi
2548 1246 2923 1304 testiﬁcatione
2955 1249 3069 1319 ejus
3104 1254 3358 1311 patefecit
3387 1259 3602 1316 civibus

2015 1327 2316 1385 introitum.

2084 1424 2218 1478 Xlll.
2248 1427 2415 1498 Igitur
2441 1430 2495 1484 in
2519 1431 2632 1500 ipsa
2660 1432 2893 1489 civitatis
2934 1443 3090 1504 porta
3125 1437 3259 1493 duos
3283 1439 3472 1495 habuit
3502 1444 3606 1498 ob-

2013 1517 2156 1572 viam
2182 1519 2283 1573 sibi
2318 1535 2516 1591 egenos
2550 1524 2886 1591 etinﬁrmos,
2913 1541 3112 1582 caecum
3147 1530 3353 1584 scilicet
3373 1541 3425 1585 et
3448 1533 3608 1589 elau-

2013 1605 2162 1671 dum,
2209 1611 2498 1666 miserabili
2540 1629 2571 1667 a
2601 1615 2720 1669 viro
2749 1615 2846 1670 Dei
2871 1631 3003 1672 voce
3034 1618 3226 1688 stipem
3281 1619 3466 1692 [Boll.,
3499 1624 3605 1678 sti-

2015 1698 2229 1771 pendia]
2260 1702 2610 1770 postulantes.
2695 1705 2817 1761 Mox
2857 1709 3109 1764 sacerdos
3140 1709 3341 1764 Christi
3384 1713 3600 1769 illorum

2017 1790 2307 1848 condolens
2327 1795 2559 1850 miserim
2593 1812 2774 1852 secum
2806 1802 3074 1855 tractabat
3120 1803 3248 1872 quid
3274 1803 3382 1858 illis
3420 1807 3602 1862 solatii

2013 1889 2268 1949 praastare
2297 1892 2496 1953 posset.
2555 1887 2622 1940 Et
2651 1903 2773 1943 cum
2792 1891 3117 1958 apostolicus
3143 1895 3467 1962 prtedicator
3503 1911 3602 1965 pe-

2014 1971 2224 2026 cuniam
2257 1973 2312 2027 in
2339 1975 2565 2029 sacculis
2592 1991 2650 2032 se
2678 1992 2785 2032 non
2807 1979 3060 2035 habuisse
3096 1983 3292 2046 sciret,
3337 1984 3390 2038 in
3415 1985 3600 2043 divina

2014 2061 2290 2118 conﬁdens
2317 2064 2624 2130 clementia,
2662 2075 2717 2122 et
2743 2078 3056 2125 sanctorum
3093 2074 3461 2141 apostolorum
3494 2077 3601 2133 Pe-

2013 2153 2084 2207 tri
2113 2163 2167 2208 et
2191 2154 2412 2212 Joannis
2433 2159 2765 2216 confortatus
2795 2165 3061 2233 exemplo,
3114 2167 3224 2220 ait:
3285 2166 3493 2225 Aurum
3539 2178 3604 2228 ct

2014 2253 2291 2315 argentum
2312 2264 2417 2302 non
2433 2257 2516 2304 est
2543 2267 2788 2317 mecum;
2817 2253 2958 2323 quod
2990 2265 3168 2310 autem
3193 2257 3386 2326 habeo,
3412 2261 3464 2313 id
3489 2269 3600 2330 est,

2014 2335 2297 2392 cbaritatis
2321 2338 2520 2405 ofﬁcia,
2549 2348 2605 2395 et
2628 2342 2884 2410 pietatem
2910 2345 3174 2401 orationis
3211 2345 3344 2418 [Al.,
3381 2351 3600 2418 pietatis

2011 2425 2337 2500 orationem]
2371 2429 2436 2483 ad
2467 2429 2658 2496 Deum,
2685 2432 2788 2487 hoc
2816 2433 2970 2489 vobis
2991 2444 3250 2504 przestare
3272 2454 3380 2493 non
3404 2440 3598 2497 diﬁ‘ero

2015 2513 2151 2585 (Act.
2177 2533 2260 2581 ιιι,
2299 2518 2373 2589 6).
2429 2521 2496 2574 Et
2531 2531 2653 2590 post
2701 2524 2818 2580 bzec
2843 2527 3004 2580 verba
3045 2527 3129 2581 vir
3162 2529 3256 2583 Dei
3305 2546 3371 2584 ex
3406 2532 3597 2588 intimo

2012 2609 2192 2664 cordis
2215 2610 2406 2666 aﬁ'ectu
2441 2630 2540 2683 pro
2567 2614 2776 2670 illorum
2806 2619 3022 2673 miseria
3057 2619 3191 2675 fudit
3215 2621 3498 2694 laerymas,
3537 2632 3596 2679 et

2013 2712 2134 2752 cum
2165 2698 2287 2754 ﬁdei
2333 2702 2569 2770 puritate
2596 2719 2752 2773 opem
2799 2706 2902 2760 illis
2923 2710 3183 2777 poscebat
3212 2712 3467 2774 divinam,
3509 2713 3595 2768 vel

2011 2803 2110 2857 pro
2140 2789 2352 2845 illorum
2383 2795 2667 2863 corporali,
2722 2795 2806 2850 vel
2849 2813 2946 2866 pro
2980 2801 3161 2868 populi
3197 2804 3478 2871 praesentis
3508 2819 3598 2857 sa-

2011 2875 2124 2933 lute
2147 2879 2435 2948 spirituali.
2509 2881 2619 2938 Nec
2655 2891 2762 2938 tam
2787 2887 2888 2953 pia:
2913 2894 2968 2942 et
2991 2895 3099 2942 tam
3132 2892 3449 2946 necessaria:
3470 2907 3599 2961 pre-

2011 2981 2104 3022 ces
2129 2967 2434 3025 inefﬁcaces
2460 2985 2579 3027 esse
2622 2980 2931 3041 potuerunt,
2989 2977 3084 3031 sed
3115 2979 3183 3032 ab
3208 2979 3317 3043 illo,
3354 2980 3446 3049 qui
3493 2995 3598 3049 per

2011 3056 2202 3112 Isaiam
2234 3059 2409 3128 inquit
2433 3060 2788 3131 Propltetam:
2826 3064 3077 3136 Tempore
3097 3080 3394 3140 opportuno
3418 3088 3596 3126 exau-

2012 3149 2116 3202 diui
2141 3158 2210 3215 te,
2241 3159 2288 3203 et
2309 3151 2364 3204 in
2391 3151 2476 3206 die
2507 3153 2692 3208 salutis
2715 3156 2894 3225 adjuvi
2920 3167 2968 3211 te
2991 3158 3145 3229 (Isai.
3178 3177 3327 3225 xux,
3353 3161 3441 3230 8):
3466 3178 3600 3220 mox

2009 3239 2168 3293 ambo
2205 3240 2256 3294 in
2291 3251 2581 3312 conSpeetu
2608 3245 2967 3302 multitudinis
3009 3257 3245 3320 optatam
3273 3260 3599 3323 receperunt

2012 3329 2328 3397 sanitatem;
2373 3332 2461 3386 hic
2486 3333 2704 3390 luminis
2740 3337 2988 3393 claritate
3026 3341 3249 3404 ditatus,
3283 3343 3372 3398 ille
3398 3345 3598 3414 pedum

2011 3418 2292 3474 velocitate
2323 3420 2552 3477 lmtatus.
2622 3425 2796 3481 Ambo
2836 3443 3081 3497 superna:
3128 3432 3334 3504 gratias
3369 3441 3600 3504 agentes

2009 3510 2245 3580 pietati,
2297 3511 2498 3580 majora
2532 3531 2693 3585 quam
2741 3531 3089 3588 speraverant
3134 3541 3359 3581 munera
3410 3543 3598 3596 repor-

2013 3607 2206 3665 tantes,
2267 3603 2483 3659 domum
2527 3609 2730 3663 reversi
2786 3619 2930 3665 sunt.
3013 3611 3120 3668 Sed
3177 3624 3231 3669 et
3282 3616 3386 3672 hoc
3436 3618 3602 3674 mira—

2012 3693 2190 3749 culum
2228 3696 2477 3752 sanitatis
2519 3698 2573 3753 in
2608 3700 2733 3766 illis,
2785 3702 3032 3771 plurimis
3085 3721 3247 3760 causa
3272 3706 3374 3761 fuit
3407 3707 3602 3766 salutis

2011 3792 2243 3839 teternm.
2296 3786 2555 3843 Videntes
2608 3791 2749 3845 enim
2797 3793 3073 3849 cmlestem
3126 3797 3381 3852 virtutem
3431 3801 3598 3855 verba

2011 3875 2268 3944 consequi
2291 3879 2589 3933 sacerdotis
2612 3879 2727 3944 Dei,
2750 3882 2949 3938 relictis
2986 3885 3301 3957 idololatria:
3326 3889 3594 3954 sordibus,

2013 3963 2067 4017 in
2090 3964 2364 4022 Christum
2395 3969 2694 4036 credentes,
2725 3971 2847 4028 vivo
2898 3961 3046 4029 sacri
3083 3975 3424 4046 baptismatis
3452 3978 3600 4036 fonte

2010 4056 2224 4124 purgati
2251 4066 2395 4113 sunt.

2079 4144 2216 4200 XIV.
2257 4147 2475 4202 Praefati
2511 4165 2641 4205 vero
2674 4152 2922 4207 miraculi
2954 4155 3334 4214 testiﬁcatione
3394 4160 3478 4214 vir
3501 4161 3596 4216 Dei

2009 4236 2192 4293 favore
2233 4241 2413 4310 populi
2445 4243 2710 4310 sufl'ultus,
2765 4247 2971 4317 singula
3007 4251 3241 4307 civitatis
3289 4253 3405 4309 loca
3436 4271 3598 4324 pera-

2009 4343 2194 4398 grans,
2218 4333 2466 4400 quaasivit
2485 4335 2627 4389 inter
2651 4336 2835 4391 ruinas
2862 4338 3232 4406 mdiﬁciorum,
3261 4343 3304 4397 si
3333 4346 3478 4412 quod
3503 4361 3599 4401 ec-

2010 4419 2186 4475 clesia:
2203 4422 2414 4492 signum
2442 4423 2672 4479 inveniri
2697 4427 2971 4482 valuisset.
3011 4429 3146 4485 Nam
3169 4433 3406 4502 antiquis
3425 4434 3599 4490 ferme

2009 4511 2360 4579 temporibus,
2394 4527 2564 4568 sacrm
2591 4515 2643 4567 in
2671 4515 2779 4570 illis
2800 4516 2932 4572 locis
2962 4517 3081 4573 ﬁdei
3107 4519 3355 4577 ﬂoruisse
3383 4525 3600 4594 religio-

2009 4615 2132 4654 nem
2155 4601 2402 4670 agnovit;
2437 4603 2529 4657 sed
2559 4613 2784 4674 propter
2804 4615 3024 4675 peccata
3045 4609 3408 4667 habitatorum
3435 4622 3600 4670 terrae

2011 4690 2174 4756 illius,
2199 4692 2410 4747 occulto
2433 4692 2526 4746 Dei
2549 4692 2770 4761 judicio,
2807 4697 3236 4768 sedjustissimo,
3268 4703 3462 4757 tradita
3490 4713 3594 4766 est,

2011 4795 2134 4835 cum
2158 4783 2565 4839 eteterisGallite
2587 4785 2668 4840 vel
2696 4786 2999 4842 Germaniae
3026 4791 3356 4857 civitatibus,
3387 4807 3598 4864 pagano

2012 4881 2067 4927 et
2094 4873 2299 4942 perﬁdo
2324 4874 2639 4931 Hunnorum
2684 4880 2797 4950 regi
2832 4880 3012 4935 Attilae
3054 4895 3079 4922 ιι
3103 4884 3237 4938 urbs
3265 4899 3480 4955 quoque
3507 4885 3596 4940 illa

2014 4963 2394 5034 depraedanda:
2449 4967 2540 5036 qui
2570 4976 2788 5037 propter
2813 4970 2978 5025 animi
3027 4973 3109 5026 sui
3162 4975 3442 5040 saevitiam,
3494 4991 3598 5031 nec

2014 5057 2387 5112 sacerdotibus
2423 5057 2520 5112 Dei
2550 5059 2830 5125 honorem,
2873 5076 2971 5116 nec
3003 5062 3248 5118 ecclesiis
3277 5063 3484 5119 Christi
3511 5079 3599 5118 re-

2010 5146 2308 5200 verentiam
2340 5147 2648 5216 impendere
2677 5149 2901 5215 sciebat,
2926 5152 3018 5206 sed
3045 5153 3250 5219 omnia,
3273 5155 3426 5224 quasi
3455 5164 3599 5209 tem-

2010 5244 2194 5306 pestas
2219 5237 2630 5304 immanissima,
2656 5239 2800 5296 ferro
2817 5243 3050 5297 vastavit
3077 5252 3133 5298 et
3158 5244 3300 5315 igne.
3357 5243 3510 5300 Tunc
3539 5246 3594 5300 in

2009 5326 2358 5383 similitudine
2384 5327 2883 5400 Hierosolymitana:
2910 5335 3247 5400 vastationis,
3270 5351 3388 5406 qua:
3407 5336 3476 5391 ab
3491 5335 3596 5389 im-

2006 5415 2094 5484 pio
2116 5415 2423 5486 Babyloniae
2451 5432 2577 5488 rege
2603 5417 2741 5473 facta
2769 5429 2873 5487 est,
2901 5432 3165 5478 venerunt
3192 5434 3381 5496 gentes
3407 5425 3460 5479 in
3482 5425 3594 5478 bae-

2153 5549 2220 5602 Et
2247 5547 2358 5617 jam
2389 5551 2639 5605 terriﬁcis
2676 5551 3148 5610 diﬁ‘uderatAttila
3180 5559 3375 5614 turmis

2153 5619 2206 5672 ln
2231 5635 2451 5689 campos
2499 5636 2580 5686 se,
2614 5621 2792 5693 Belga,
2825 5630 2966 5679 tuos.
3042 5626 3202 5681 BOLL.
