3894 6182
254 345 366 402 073

1201 342 1786 401 HAGIOGRAPHICA.
1828 376 1898 386 -—
1937 346 2097 404 VITA
2135 347 2194 404 S.
2234 347 2551 405 VEDASTI.

3409 359 3515 415 674

256 461 547 519 reditatcm
604 457 729 523 Dei,
767 466 822 512 et
870 457 1091 528 pollutis
1142 459 1388 513 manibus
1422 457 1845 530 p'rofanaverunt
1871 466 1914 522 Α
1945 462 2146 520 Christi
2170 433 2644 537 sectttusvestigia,
2673 469 2974 538 potentium
3003 470 3246 527 convivia
3267 488 3372 528 non
3390 490 3519 530 con-

253 549 502 606 sacraria
527 547 730 603 Christi
755 588 770 613 ,
798 545 1132 602 effundentes
1177 562 1456 603 servorum
1493 548 1585 603 Dei
1627 551 1843 620 sangui-

256 654 384 695 nem
413 639 563 694 circa
589 637 780 692 altaria
811 637 1058 691 altissimi
1090 639 1233 709 regis
1265 635 1372 711 (IV
1398 638 1526 709 Reg.
1544 639 1695 712 xxv).
1725 639 1842 695 Non

254 731 373 786 haec
398 744 737 801 paganorum
763 727 890 783 fecit
917 727 1197 795 fortitudo,
1228 730 1320 784 sed
1343 731 1523 800 pepuli
1552 730 1840 786 Christiani

251 827 676 891 pmmeruerunt
700 826 941 888 peccata.
996 818 1203 873 Invenit
1234 834 1365 875 vero
1387 820 1619 876 famulus
1639 820 1842 877 Christi

252 913 498 980 antiqua:
561 910 747 964 ruinas
788 909 1029 965 ecclesia:
1056 950 1070 973 ,
1127 910 1269 965 inter
1311 926 1695 979 murorumque
1730 911 1841 965 fra-

253 1010 477 1076 gmenta
512 1001 757 1070 veprium
788 1016 1038 1056 crescere
1062 1002 1385 1059 densitates:
1439 1004 1531 1058 ubi
1571 1005 1841 1073 quondam

251 1092 603 1164 psallentium
641 1091 815 1156 chori,
867 1091 941 1146 ibi
991 1092 1162 1146 lustra
1205 1100 1259 1148 et
1320 1094 1542 1147 latibula
1600 1093 1841 1148 ferarum

252 1183 371 1236 visa
407 1188 559 1245 sunt,
587 1180 917 1235 stercoribus
944 1188 1000 1235 et
1050 1182 1403 1236 immunditiis
1442 1184 1622 1237 omnia
1660 1183 1836 1252 plena,

254 1273 328 1327 ita
350 1281 411 1327 nt
440 1272 532 1325 vix
558 1271 843 1341 vestigium
884 1271 1097 1341 aliquod
1147 1273 1495 1327 remansisset
1539 1289 1835 1328 murorum.

256 1363 383 1419 Ilaec
411 1377 665 1426 cernens,
691 1362 881 1417 intimo
907 1362 1087 1417 eordis
1109 1362 1288 1417 dolore
1317 1363 1595 1433 ingemuit,
1621 1363 1835 1418 dicens:

248 1453 299 1509 0
324 1454 576 1519 Domine,
605 1452 723 1506 hzec
744 1451 926 1506 omnia
956 1459 1216 1505 venerunt
1241 1465 1402 1520 super
1422 1466 1539 1517 nos,
1578 1452 1701 1520 quia
1724 1470 1841 1522 pec-

250 1547 496 1600 cavimus
519 1561 635 1599 eum
657 1543 894 1615 patribus
928 1543 1141 1607 nostris,
1168 1542 1360 1612 injuste
1394 1544 1610 1613 egimus,
1642 1545 1839 1614 iniqui-

248 1642 415 1688 tatem
438 1634 676 1704 fecimus.
707 1631 810 1688 Sed
831 1643 909 1698 tu,
927 1632 1163 1696 Domine,
1189 1648 1386 1686 memor
1412 1642 1519 1685 esto
1542 1634 1841 1686 misericor»

250 1726 365 1780 dite
387 1735 513 1788 tute,
542 1733 590 1777 et
612 1723 804 1777 nostris
842 1737 998 1793 parce
1047 1723 1290 1791 peccatis,
1316 1730 1365 1774 et
1411 1739 1474 1775 ne
1517 1722 1839 1778 obliviscaris

250 1828 550 1885 pauperum
567 1822 777 1865 tuorum
798 1812 855 1864 in
879 1811 1035 1880 ﬁnem
1064 1808 1232 1881 (Psal.
1264 1826 1351 1875 cv,
1374 1810 1453 1882 6).

331 1902 453 1957 XV.
488 1904 620 1957 Dum
646 1902 761 1957 haec
783 1902 964 1970 itaque
988 1902 1301 1973 lacrvmosis
1327 1906 1688 1956 murmuraret
1708 1915 1840 1974 que-

254 1999 415 2064 relis,
443 2013 568 2054 ecce
603 1998 783 2052 subito
810 2013 876 2052 ex
905 1999 1138 2053 ruinosis
1170 1998 1438 2068 speluncis
1476 2014 1638 2053 ursus
1668 2000 1841 2067 prosi-

253 2092 379 2147 luit.
455 2078 552 2146 Cui
578 2092 660 2146 vir
683 2093 776 2146 Dei
800 2107 920 2146 cum
943 2093 1309 2164 indignatione
1334 2095 1591 2163 praecepit
1623 2134 1637 2157 ,
1678 2101 1738 2147 ut
1786 2094 1839 2147 in

258 2187 475 2240 deserta
497 2185 773 2240 secederet
800 2183 937 2249 loca,
996 2192 1051 2238 et
1075 2184 1178 2239 sibi
1215 2184 1495 2238 commoda
1539 2185 1680 2238 inter
1708 2199 1839 2237 con-

252 2275 427 2330 densa
454 2275 710 2330 silvarum
738 2283 1003 2344 quaereret
1027 2273 1352 2337 habitacula,
1406 2288 1507 2328 nec
1530 2274 1669 2327 ultra
1698 2273 1841 2326 iliius

257 2365 497 2421 ﬂuminis
526 2366 673 2435 ripas
701 2366 976 2421 transiret.
1026 2364 1132 2431 Qui
1153 2380 1276 2419 mox
1303 2364 1394 2418 tali
1426 2366 1650 2419 territus
1677 2364 1843 2418 mina-

258 2457 407 2512 tione
438 2456 592 2528 fugit,
617 2472 716 2512 nec
748 2470 986 2526 unquam
1017 2464 1201 2526 postea
1230 2455 1337 2511 illis
1365 2456 1513 2510 visus
1535 2455 1694 2509 estin
1718 2469 1843 2525 par-

260 2547 425 2602 tibus.
488 2546 535 2602 0
560 2547 693 2601 mira
721 2547 1107 2617 omnipotentis
1149 2546 1243 2601 Dei
1274 2546 1328 2601 in
1361 2549 1563 2601 sanctis
1610 2546 1721 2600 suis
1748 2561 1843 2615 po-

258 2636 452 2700 tentia,
479 2636 676 2706 quibus
699 2635 1266 2691 bestia-ferocissimae
1289 2636 1508 2690 obedire
1544 2634 1754 2689 sciunt!
1798 2634 1843 2691 0

259 2728 589 2783 miserabilis
614 2728 891 2783 hominum
918 2727 1163 2792 audacia,
1217 2727 1310 2796 qui
1335 2725 1625 2781 salutifera:
1651 2726 1845 2795 przedi-

258 2819 495 2875 eationis
522 2820 704 2883 verba,
746 2833 776 2872 a
808 2819 1012 2873 sanctis
1027 2817 1239 2888 prolata
1265 2817 1575 2872 doctoribus
1604 2824 1845 2872 contem-

260 2926 391 2967 nere
436 2909 598 2982 169
643 2925 748 2964 non
778 2917 1043 2964 metuunt.
1122 2908 1509 2963 Irrationabilis
1543 2908 1736 2972 bestia,
1788 2908 1845 2963 in

254 3002 685 3071 obtemperando
704 3008 1011 3057 sanctorum
1026 3002 1310 3071 przeceptis
1334 3000 1730 3070 quodammodo
1755 3015 1843 3053 ra-

262 3092 408 3146 tione
438 3091 610 3146 utitur
628 3074 890 3145 humana:
938 3091 1099 3145 homo
1127 3105 1256 3145 vero
1301 3090 1367 3144 ad
1419 3089 1707 3159 imaginem
1744 3087 1843 3144 Dei

258 3182 531 3245 conditus,
575 3181 785 3235 ratione
819 3180 1096 3251 praeditus,
1124 3179 1384 3234 honorem
1416 3148 1572 3234 suum
1611 3195 1717 3233 non
1753 3179 1831 3233 in-
1871 3148 1914 3208 (ἶ
1949 3170 2134 3243 [Boll.,
2165 3176 2611 3252 convolaverunt]
2663 3148 2974 3251 puritatem,
3030 3148 3400 3262 intelligente;

262 3273 528 3344 telligens,
568 3281 898 3342 eotnparatus
920 3281 996 3327 est
1012 3272 1267 3342 jumentis
1289 3270 1665 3341 insipientibus,
1693 3280 1740 3326 et
1773 3271 1846 3324 s‘i-

258 3363 400 3419 silis
430 3364 604 3434 {actus
628 3371 705 3417 est
725 3360 835 3415 illis
861 3358 1034 3433 (Psal.
1067 3377 1262 3429 xcvm,
1290 3360 1401 3432 15).

336 3472 475 3529 XVI.
538 3472 679 3528 Dum
731 3488 863 3528 vero
911 3474 1263 3544 comperisset
1316 3474 1402 3528 vir
1438 3473 1532 3528 Dei
1587 3473 1846 3529 ecclesias

260 3564 461 3620 Christi
488 3566 748 3629 desertas,
784 3581 881 3621 cor
914 3565 1093 3635 populi
1130 3565 1446 3620 idololatriae
1464 3565 1741 3620 erroribus
1771 3565 1849 3619 in-

263 3655 486 3721 fectum,
524 3657 838 3729 ignorantia:
860 3659 1099 3713 tenebris
1120 3657 1472 3721 obcaecatum,
1526 3660 1739 3729 gemino
1788 3672 1851 3713 se

262 3749 480 3819 pietatis
508 3751 744 3807 subdidit
766 3750 959 3805 labori.
1039 3750 1301 3822 Populum
1328 3750 1513 3805 sedula
1547 3751 1849 3808 intentione

264 3841 332 3897 ad
366 3840 697 3913 agnitionem
727 3842 844 3897 veri
876 3840 1093 3897 luminis
1142 3839 1410 3910 perduxit,
1462 3841 1724 3897 ecclesias
1780 3842 1849 3897 ad

262 3930 479 3985 culmen
505 3932 698 3986 summi
730 3932 952 3987 honoris
978 3932 1170 3994 erexit,
1219 3932 1566 4000 presbyteros
1587 3938 1643 3985 et
1670 3931 1853 3986 diaco-

268 4032 378 4076 nos‘
395 4020 504 4075 sibi
532 4021 585 4074 in
618 4022 942 4091 adjutorium
972 4038 1069 4091 per
1100 4022 1314 4077 diversa
1342 4022 1705 4077 Ecclesiarum
1738 4018 1850 4077 dis-

264 4112 450 4181 posuit
477 4110 595 4165 loca
616 4127 630 4175 ;
655 4123 710 4165 et
732 4112 820 4166 ubi
849 4114 1001 4182 prius
1023 4112 1294 4182 Spelunca:
1315 4111 1531 4165 fuerunt
1557 4112 1849 4177 latronum,

266 4202 342 4258 ibi
362 4201 669 4257 orationum
691 4200 878 4258 domos
901 4203 1218 4267 construxit,
1241 4204 1520 4273 magisque
1548 4203 1745 4260 divinis
1772 4205 1855 4259 in-

267 4292 446 4346 tendit
473 4307 568 4346 eas
597 4307 790 4347 ornare
817 4291 1083 4359 laudibus,
1116 4308 1276 4363 quam
1306 4295 1628 4364 pompaticis
1672 4294 1853 4349 saeculi

270 4379 476 4436 divitiis
504 4395 735 4437 comere.
798 4380 922 4437 Fuit
960 4398 1089 4438 vero
1116 4385 1445 4454 pauperibus
1486 4385 1685 4456 largus,
1720 4386 1855 4440 divi-

1941 557 2193 626 tempsit,
2256 573 2361 613 non
2399 558 2624 615 luxurize
2647 577 2830 625 causa,
2872 564 2966 619 sed
2987 566 3386 634 pmdicationis
3411 567 3512 623 ob—

1940 651 2114 709 tentu,
2164 654 2224 699 ut
2246 645 2611 704 familiaritate
2630 653 2933 708 concordiae
2959 652 3146 725 [Boll.,
3177 655 3515 715 familiarita-

1941 735 2010 789 tis
2032 736 2363 809 concordia],
2398 737 2608 795 facilius
2634 743 2855 797 verbum
2890 744 2985 800 Dei
3015 747 3413 805 eonvivantium
3436 751 3521 807 in-

1940 825 2190 880 funderet
2212 829 2485 883 cordibus.

2009 914 2168 970 XVII.
2227 916 2393 986 Igitur
2448 918 2663 987 quidam
2715 921 2906 977 nobilis
2941 923 3221 992 Francus,
3279 929 3518 995 potentia

1941 1004 2140 1070 clarus,
2169 1006 2371 1062 Ocinus
2400 1010 2635 1073 nomine,
2677 1026 2857 1081 regem
2896 1013 3189 1069 Clotarium
3216 1029 3241 1057 ι
3276 1019 3520 1087 praedicti

1943 1096 2086 1166 regis
2124 1096 2374 1154 Clodovei
2407 1099 2597 1166 filium,
2649 1104 2740 1171 qui
2772 1111 2899 1159 tunc
2947 1108 3205 1175 temporis
3240 1111 3390 1178 regni
3424 1126 3520 1167 no-

1939 1186 2120 1241 biliter
2166 1200 2381 1246 rexerat
2427 1201 2638 1263 sceptra
2694 1194 2878 1266 [Boll.,
2932 1201 3153 1270 regebat
3199 1202 3519 1276 sceptrum],

1939 1281 2152 1334 vocavit
2180 1282 2245 1334 ad
2269 1284 2573 1351 prandium,
2605 1288 2746 1355 quod
2774 1304 2968 1358 magno
2991 1301 3245 1360 apparatu
3271 1295 3324 1349 in
3356 1295 3518 1351 domo

1941 1385 2036 1424 sua
2068 1371 2179 1440 regi
2226 1381 2281 1426 et
2328 1374 2442 1426 suis
2490 1385 2779 1442 paraverat
2805 1379 3152 1445 optimatibus
3182 1382 3228 1435 δ.
3279 1382 3523 1455 Rogatus

1941 1473 2153 1527 quoque
2199 1470 2283 1515 est
2311 1471 2531 1516 sanctus
2565 1464 2633 1518 ad
2682 1467 2987 1521 convivium
3038 1468 3322 1528 Vedastus.
3413 1474 3520 1541 Qui

1940 1546 2156 1602 domum
2188 1549 2419 1615 intrans,
2452 1569 2601 1607 more
2649 1555 2750 1608 sibi
2782 1558 2960 1620 solito,
3009 1559 3228 1615 dextera
3278 1572 3517 1632 extenta,

1941 1639 2120 1691 omnia
2152 1648 2355 1695 sancta:
2384 1644 2563 1697 crucis
2585 1645 2782 1700 vexillo
2808 1648 3062 1717 signavit.
3107 1652 3361 1718 Quaedam
3391 1673 3522 1715 vero

1941 1730 2155 1817 vascula
2185 1731 2255 1784 ibi
2295 1733 2521 1787 cervisia
2558 1736 2844 1792 adstabant
2880 1739 3058 1807 plena,
3111 1745 3206 1797 sed
3230 1746 3370 1801 male
3391 1763 3523 1817 gen-

1868 1812 1912 1870 B
1944 1815 2021 1869 tili
2050 1832 2238 1871 errore
2264 1819 2608 1878 daemoniacis
2646 1824 3098 1884 incantationibus
3124 1832 3339 1889 infecta.
3390 1812 3522 1904 Quae

1940 1921 2064 1960 mox
2103 1908 2171 1961 ob
2198 1911 2499 1977 potentiam
2527 1922 2728 1968 sancta:
2772 1918 2952 1972 crucis
2988 1919 3263 1977 destructa
3293 1940 3521 1996 crepue-

1940 2007 2085 2063 runt,
2149 2009 2203 2054 et
2241 2002 2498 2070 quidquid
2521 2004 2749 2072 liquoris
2775 2007 3099 2077 habuerunt,
3132 2013 3186 2067 in
3213 2022 3412 2071 terram
3442 2018 3524 2074 ef-

1939 2082 2210 2142 fuderunt.
2263 2088 2509 2146 Territus
2538 2108 2667 2148 vero
2714 2111 2809 2150 rex
2825 2105 2893 2151 et
2919 2100 3206 2169 cptimates
3258 2106 3401 2163 illius
3422 2109 3524 2167 hu-

1932 2172 2023 2242 jus
2051 2175 2257 2231 visione
2302 2179 2570 2247 miraculi,
2627 2184 3009 2243 sciscitabatur
3044 2193 3350 2260 pontiiicem
3395 2214 3525 2254 cau-

1940 2279 2057 2318 sam
2080 2268 2343 2358 repentini
2369 2272 2619 2342 prodigii.
2661 2273 2756 2329 Cui
2780 2287 3000 2335 sanctus
3022 2285 3295 2351 respondit
3315 2288 3524 2358 episco-

1938 2370 2073 2424 pus:
2124 2357 2229 2412 Per
2260 2361 2522 2429 quasdam
2578 2365 2945 2423 maleﬁcorum
2989 2357 3404 2446 incantationes,
3455 2383 3526 2438 ad

1940 2446 2666 2517 decipiendaseonvivarum
2722 2460 2968 2525 animas,
3023 2465 3285 2522 diabolica
3340 2470 3393 2525 in
3438 2472 3526 2528 his

1939 2537 2099 2594 latuit
2124 2541 2683 2615 liquoribus-potentia
2710 2568 2724 2604 :
2757 2553 2850 2606 sed
2872 2554 3072 2611 virtute
3112 2560 3290 2616 crucis
3315 2562 3521 2620 Christi

1940 2631 2151 2697 territa,
2182 2633 2259 2688 sic
2286 2634 2629 2692 invisibiliter
2665 2640 2733 2694 de
2773 2643 2932 2699 domo
2981 2645 3167 2717 ell‘ugit
3195 2650 3333 2716 ista,
3386 2655 3529 2712 sicut

1940 2718 2225 2775 visibiliter
2250 2723 2635 2781 considerastis
2668 2727 2930 2799 liquorem
2983 2734 3180 2792 eil'undi
3215 2740 3271 2794 in
3299 2749 3524 2800 terram.

1941 2808 2065 2865 IIzec
2103 2826 2232 2866 vero
2255 2829 2344 2868 res
2398 2817 2585 2872 multis
2608 2818 2924 2888 proﬁciebat
2968 2825 3023 2880 in
3065 2828 3312 2885 salutem.
3388 2832 3524 2889 Nam

1939 2899 2180 2969 plurimi,
2225 2904 2453 2961 occultis
2476 2906 2754 2966 diabolica:
2791 2911 2997 2970 fraudis
3034 2920 3243 2974 catenis
3271 2922 3527 2991 absoluti,

1942 2993 2289 3061 auguriorum
2312 2997 2548 3052 vanitate
2582 3002 2787 3069 Spreta,
2835 3004 3261 3065 incantationum
3300 3028 3531 3070 consue-

1944 3082 2129 3137 tudine
2184 3085 2412 3152 relicta,
2486 3090 2553 3144 ad
2613 3106 2756 3147 vera:
2810 3094 3085 3165 religionis
3141 3103 3532 3162 convaluerunt

1942 3262 2080 3358 vince
2118 3266 2374 3332 potentiae
2414 3267 2650 3325 efficacia
2688 3272 2741 3326 in
2780 3288 2877 3328 suo
2923 3275 3121 3332 famulo
3170 3281 3347 3345 iacere
3377 3285 3530 3358 signa

1945 3348 2133 3454 [Doll.,
2156 3354 2453 3454 efficaciam
2485 3400 2498 3414 .
2534 3399 2548 3413 .
2578 3401 2591 3414 .
2611 3360 2794 3419 facere
2819 3366 3016 3440 signa],
3059 3371 3299 3443 nihilque
3338 3348 3531 3435 contra

1941 3448 2057 3510 ejus
2081 3448 2427 3504 sanctitatem
2473 3453 2681 3523 antiqui
2710 3459 2976 3526 serpentis
3040 3462 3227 3520 valere
3255 3469 3533 3525 machina-

1943 3547 2145 3593 menta.
2206 3540 2275 3596 Et.
2315 3544 2458 3613 quod
2485 3543 2573 3600 ille
2599 3547 2667 3601 ad
2695 3549 3051 3617 perditionem
3092 3568 3377 3626 paraverat
3425 3562 3525 3618 ali-

1944 3646 2197 3700 quorum,
2220 3633 2324 3688 hoc
2349 3633 2548 3691 Christi
2571 3638 2743 3707 gratia
2764 3641 2830 3695 ad
2860 3643 3283 3714 redemptionem
3309 3665 3535 3710 conver—

1946 3724 2010 3779 tit
2036 3725 2413 3796 plurimorum.

2556 3825 2785 3883 CAPUT
2823 3829 2911 3883 1v.
2968 3812 2977 3817 ’

2265 3909 2447 3966 Sancti
2480 3912 2687 3968 Vedasti
2714 3917 2900 3981 obitus,
2920 3921 3204 3988 sepultura.

2018 4022 2201 4079 XVIII.
2243 4023 2406 4077 Rexit
2439 4022 2736 4096 [Bolland.,
2766 4026 3022 4102 Rexerat]
3077 4033 3241 4102 igitur
3273 4039 3535 4107 prazfatus

1950 4111 2045 4166 Dei
2098 4113 2351 4176 sacerdos
2392 4113 2690 4168 Ecclesium
2738 4115 2962 4185 Christi,
3003 4121 3183 4179 divina
3236 4131 3534 4191 auxiliante

1951 4203 2145 4273 gratia,
2169 4204 2325 4257 annis
2348 4204 2564 4258 circiter
2583 4205 2940 4277 quadraginta
2965 4222 3012 4276 ο,
3037 4215 3137 4270 sub
3155 4232 3349 4289 magna
3371 4236 3535 4278 evan—

1952 4293 2069 4349 lica:
2105 4294 2507 4363 praedicationis
2551 4296 2835 4354 devotione
2864 4340 2880 4366 ,
2929 4301 3031 4357 sub
3076 4320 3271 4378 magno
3307 4310 3531 4379 pietatis

1953 4399 2169 4440 amore:
2204 4400 2269 4439 ac
2294 4401 2393 4455 per
2417 4386 2472 4441 id
2494 4389 2752 4458 temporis
2808 4392 3205 4451 multitudinem
3232 4401 3412 4469 populi
3444 4419 3535 4459 ca-

268 4471 417 4525 tibus
446 4469 695 4535 affabilis,
751 4482 1019 4543 quatenus
1047 4489 1237 4530 omnes
1272 4475 1355 4531 vel
1379 4475 1625 4548 largitate
1662 4491 1851 4531 mune-
1884 4506 1930 4566 D
1957 4475 2155 4531 tholico
2185 4477 2435 4557 dogmate
2459 4478 2525 4534 ad
2541 4476 2861 4538 Christiana:
2889 4482 3012 4539 ﬁdei
3042 4490 3308 4544 convertit
3329 4493 3532 4548 sancti-

274 4578 411 4625 rum,
444 4563 533 4619 vel
580 4563 914 4634 iucunditate
949 4565 1239 4622 verborum
1303 4568 1357 4623 in
1388 4569 1533 4624 viam
1562 4569 1853 4626 deduceret

272 4655 539 4711 veritatis.
590 4652 778 4710 Sciens
826 4656 1324 4725 itaquenullatenus
1345 4662 1572 4728 superba
1600 4661 1855 4729 potentia:

275 4745 408 4801 colla
436 4743 506 4799 ad
536 4742 853 4801 Christianae
873 4745 1149 4818 religionis
1192 4747 1549 4805 humilitatem
1592 4751 1857 4806 inclinare

279 4833 465 4908 [BolI.,
496 4836 738 4891 converti
765 4835 849 4890 vel
875 4835 1146 4908 inclinari]
1184 4852 1366 4907 posse,
1394 4840 1499 4895 nisi
1529 4856 1627 4911 per
1656 4844 1860 4899 suavis-

279 4928 443 4984 simas
466 4928 686 4998 pietatis
749 4928 1141 4984 admonitiones
1163 4969 1180 4994 ,
1222 4930 1518 4999 apostolico
1558 4932 1857 4991 instructus

280 5019 547 5089 exempto,
574 5017 824 5075 omnibus
870 5020 1048 5075 omnia
1079 5019 1276 5087 factus,
1338 5028 1400 5075 ut
1422 5037 1613 5079 omnes
1640 5023 1859 5081 lucrifa-

282 5116 429 5164 ceret
453 5107 505 5179 (I
525 5106 648 5163 Cor.
679 5122 757 5175 ix,
784 5108 894 5181 I2),
919 5109 1161 5166 seniores
1186 5111 1482 5167 honoribus
1500 5115 1855 5184 przeveniens,

278 5198 521 5268 juniores
552 5206 780 5269 paterna
818 5198 1104 5256 dilectione
1141 5200 1462 5267 admonens,
1509 5204 1709 5274 ubique
1759 5221 1859 5276 per

281 5288 455 5345 cilicia
469 5290 754 5345 charitatis
774 5305 879 5345 non
906 5305 1002 5346 sua
1025 5306 1298 5361 quaerens,
1329 5293 1424 5348 sed
1451 5309 1571 5364 qua:
1589 5294 1685 5349 Dei
1713 5306 1852 5363 sunt,

351 5456 379 5486 ι
419 5443 615 5514 Regem
643 5444 953 5500 Clotarium.
1021 5445 1293 5503 Clodoveo
1328 5463 1470 5503 anno
1498 5448 1603 5504 509
1678 5451 1764 5507 die
1788 5451 1855 5507 27

286 5512 572 5587 Novembr.
603 5516 856 5587 defuncto
876 5526 1252 5587 successerunt
1274 5528 1506 5587 quatuor
1546 5520 1661 5586 ﬁlii,
1716 5522 1859 5577 inter

285 5601 422 5661 quos
449 5586 969 5661 primusAClotarius,
992 5589 1130 5657 apud
1154 5585 1471 5645 Suessiones
1496 5592 1620 5645 sedc
1648 5585 1852 5661 posita,

286 5656 498 5724 prtefuit
524 5655 887 5711 Atrebatibus.
938 5655 1100 5712 Βοιζι..

356 5728 379 5767 ι
420 5724 789 5798 Optimatibus.
844 5727 1033 5783 Plures
1065 5743 1129 5782 ex
1151 5728 1237 5783 his
1272 5744 1511 5801 paganos
1534 5729 1720 5798 fuisse,
1744 5731 1854 5786 eis-

1957 4575 2142 4622 tatem.
2174 4567 2399 4625 ,Claruit
2427 4571 2626 4641 ubique
2645 4572 2843 4629 divina:
2868 4577 3104 4645 cognitio
3124 4578 3278 4648 legis,
3303 4586 3536 4642 sanctis-

1956 4659 2152 4715 simum
2175 4660 2377 4718 Christi
2404 4678 2597 4718 nomen
2628 4673 2945 4722 cunctorum
2975 4669 3294 4729 audiebatur
3321 4677 3375 4732 in
3413 4694 3532 4746 ore,

1957 4751 2137 4806 ﬂoruit
2168 4751 2225 4805 in
2254 4753 2494 4808 moribus
2515 4754 2831 4811 castissimze
2845 4756 2968 4813 vitae
3008 4760 3283 4831 honestas,
3309 4769 3538 4828 ardebat

1958 4844 2012 4898 in
2038 4843 2348 4913 pectoribus
2360 4845 2691 4916 singulorum
2721 4849 3126 4920 l70ctelestis
3143 4858 3335 4926 patria
3359 4874 3536 4931 amor,

1956 4935 2186 5005 populus
2233 4935 2450 4990 statutis
2483 4934 2673 4992 diebus
2715 4938 2782 4992 ad
2823 4940 3104 4999 ecclesiam
3156 4951 3533 5019 concurrebat,

1957 5024 2094 5081 festa
2123 5022 2244 5081 cu'm
2275 5041 2472 5098 magno
2495 5026 2692 5098 gaudio
2736 5033 2906 5088 nostri
2935 5032 3233 5094 Salvatoris
3278 5051 3538 5113 opportu-

1959 5118 2045 5173 nis
2086 5117 2500 5174 celebrabantur
2518 5120 2730 5187 diebus,
2777 5123 3133 5198 eleemosyna
3167 5130 3312 5187 circa
3340 5132 3533 5192 domos

1958 5208 2230 5263 uberrime
2263 5208 2587 5279 pauperibus
2634 5212 3129 5283 dispertiebautur,
3168 5222 3391 5277 verbum
3438 5225 3536 5283 Dei

1960 5300 2198 5372 quotidie
2222 5315 2318 5374 per
2333 5301 2460 5372 loca
2472 5301 2679 5376 singula
2705 5306 2918 5377 p0pulis
2936 5310 3350 5382 praedicabatur,
3382 5317 3538 5389 hym-

1961 5467 2065 5525 que
2086 5453 2476 5579 poculagentili
2499 5456 2878 5525 superstitione
2899 5469 3109 5517 sacrata
3125 5462 3314 5534 fuisse,
3335 5468 3540 5528 indicat

1962 5525 2066 5579 alia
2097 5526 2244 5579 orior
2324 5526 2394 5579 ita
2420 5524 2476 5579 S.
2511 5524 2749 5579 Vedasti.
2790 5527 2865 5579 In.

1962 5524 2066 5579 alia
2096 5526 2244 5594 prior
2276 5524 2394 5579 Vita
2420 5524 2476 5579 S.
2511 5524 2749 5582 Védasti.
2790 5527 2865 5583 In.

2035 5606 2057 5672 ς
2085 5595 2252 5672 έιιῃὶδ
2299 5595 2626 5672 circiterhio.
2673 5596 2755 5651 Ah
2778 5613 2919 5655 anno
2946 5602 3162 5659 circiter
3187 5604 3292 5663 500
3317 5609 3387 5665 ad
3427 5610 3557 5672 ὅλος

1960 5665 2070 5720 vid.
2098 5664 2385 5720 Bollandus
2423 5665 2476 5719 in
2503 5664 2803 5722 Comment.
2835 5684 3024 5739 prtem,
3053 5672 3080 5745 §
3116 5675 3169 5730 5.
