3894 6182
371 287 478 344 675

1208 284 1273 340 B.
1310 284 1376 341 F.
1416 283 1639 340 ALBiNl
1680 282 1812 338 SEU
1851 277 2124 336 ALCUINI
2160 276 2444 335 OPERUM
2480 275 2659 333 PARS
2694 273 2756 331 V.

3526 268 3627 329 676

365 402 577 459 nidicas
623 400 810 456 laudes
854 400 965 455 Deo
1018 401 1169 456 horis
1215 400 1494 456 canonicis
1558 400 1758 454 chorus
1815 413 1942 452 can-
1970 394 2020 453 Δ
2045 394 2369 448 secretarius
2394 391 2569 465 fuerat
2611 404 2924 447 sermonum
2970 388 3144 445 sancti
3174 388 3291 453 Dei,
3333 388 3379 444 si
3420 389 3629 462 aliquid

366 495 516 548 tabat
554 492 610 548 in
650 492 914 548 ecclesiis.
984 492 1207 545 Beatum
1256 492 1502 545 dixerunt
1548 492 1818 562 populum,
1864 489 1950 542 cui

366 584 478 639 haec
516 595 672 641 sunt:
726 584 906 638 beatus
953 582 1175 654 populus
1203 583 1356 654 cujus
1378 582 1643 637 Dominus
1670 582 1813 637 Deus
1838 581 1951 651 ejus

369 676 553 752 (Psal.
595 693 784 740 cum,
836 674 955 746 15).
1020 673 1217 729 Omnes
1266 675 1411 730 enim
1456 674 1509 729 in
1551 672 1951 744 pulchritudine

365 773 515 844 pacis
542 770 909 842 quiescebant,
965 768 1020 823 in
1051 768 1321 853 agnitione
1353 767 1598 823 veritatis
1623 767 1948 838 gaudebant,

367 866 421 920 in
442 865 730 921 sanctitate
755 861 1076 917 Christianae
1103 860 1378 931 religionis
1398 860 1739 916 laetabantur.

436 997 577 1054 XIX.
625 999 918 1067 Postquam
950 1013 1079 1053 vero
1102 997 1224 1067 pius
1258 997 1582 1067 praedicator
1636 1002 1690 1050 et
1733 1001 1951 1049 sanctus

368 1090 463 1144 Dei
489 1089 761 1153 sacerdos,
804 1088 1017 1143 meritis
1047 1096 1292 1143 maturus
1313 1096 1370 1142 et
1400 1088 1576 1152 annis,
1620 1088 1840 1157 praemia
1868 1085 1950 1139 sui

370 1178 574 1233 laboris
605 1179 852 1247 accipere
890 1177 1098 1243 debuit,
1132 1177 1240 1233 Deo
1267 1178 1633 1248 dispensante,
1679 1176 1733 1230 in
1761 1176 1951 1230 eadem

366 1269 621 1324 Atrebata
662 1268 879 1324 civitate
911 1267 1103 1322 validae
1132 1268 1465 1323 infirmitatis
1492 1267 1642 1322 febre
1672 1274 1953 1335 correptus

366 1369 471 1427 est,
518 1362 697 1417 divina
724 1359 1053 1430 praevidente
1101 1360 1493 1425 misericordia,
1544 1372 1606 1414 ut
1650 1358 1742 1414 ubi
1786 1357 1955 1427 pluri-

367 1470 515 1510 mum
546 1455 597 1508 in
619 1454 713 1507 Dei
739 1451 952 1508 sudavit
970 1453 1351 1513 servitio.inde
1380 1454 1450 1508 ad
1474 1452 1707 1523 palmam
1736 1459 1952 1505 aeternae

366 1543 717 1600 beatitudinis
745 1542 1073 1611 perveniret,
1107 1550 1163 1597 et
1190 1541 1332 1597 inter
1360 1542 1805 1597 charissimorum
1832 1554 1949 1593 ma—

368 1651 471 1690 nus
496 1634 724 1689 filiorum
750 1632 983 1687 animam
1013 1647 1111 1686 suo
1139 1632 1391 1686 redderet
1416 1629 1682 1685 Creatori.
1729 1628 1803 1685 Ut
1822 1642 1951 1682 vero

364 1727 452 1782 sui
480 1726 665 1781 famuli
699 1725 905 1781 obitum
956 1724 1100 1779 Deus
1145 1724 1471 1794 designaret,
1526 1724 1641 1778 visa
1670 1731 1752 1776 est
1792 1728 1952 1776 nocte
1982 1739 2029 1799 Β

370 1822 601 1892 quadam
624 1818 939 1874 clarissimae
964 1816 1210 1873 columna
1232 1813 1390 1879 lucis,
1434 1829 1466 1868 a
1500 1813 1736 1869 culmine
1763 1812 1954 1867 domus

371 1913 427 1969 in
448 1928 553 1981 qua
579 1918 799 1966 sanctus
836 1907 1055 1977 iacebat
1089 1906 1363 1970 sacerdos,
1387 1921 1560 1976 usque
1588 1906 1653 1960 ad
1683 1919 1956 1959 summum

371 2004 515 2069 eteli,
548 2004 802 2060 horarum
826 1998 995 2054 ferme
1020 1999 1194 2068 spatio
1211 1998 1460 2061 duarum,
1485 2006 1632 2051 stare
1655 1995 1953 2065 fastigium.

370 2095 523 2163 Quod
552 2110 673 2149 cum
698 2092 818 2146 viro
849 2090 946 2145 Dei
975 2089 1265 2150 diceretur,
1324 2086 1586 2142 intellexit
1618 2086 1800 2141 statim
1854 2086 1958 2141 hoc

368 2190 583 2262 signum
612 2201 769 2242 suum
801 2185 1176 2239 demonstrare
1225 2180 1454 2236 obitum.
1516 2178 1747 2235 Vocavit
1791 2177 1960 2249 igitur

369 2295 498 2337 suos
519 2279 588 2332 ad
612 2291 670 2332 se
699 2274 860 2338 filios,
889 2279 948 2329 ut
976 2286 1161 2327 eorum
1189 2270 1443 2341 precibus
1471 2285 1624 2325 suam
1647 2267 1793 2323 fideli
1817 2266 1959 2324 Con-

369 2367 532 2425 ditori
559 2365 959 2422 commendaret
991 2363 1247 2417 animam.
1283 2361 1353 2415 Et
1370 2368 1495 2431 post
1514 2360 1699 2416 dulces
1716 2367 1956 2429 paternae

367 2459 589 2530 pietatis
608 2455 1024 2518 admonitiones,
1066 2460 1124 2508 et
1157 2459 1400 2506 extrema
1448 2449 1732 2504 charitatis
1789 2446 1963 2502 verba-

370 2556 718 2608 savcrosancto
742 2546 985 2614 corporis
1014 2551 1069 2599 et
1120 2541 1399 2612 sanguinis
1423 2539 1628 2594 Christi
1666 2537 1960 2593 conﬁrma-

370 2649 463 2697 tus
487 2640 690 2697 viatico
726 2638 869 2692 inter
890 2649 1085 2688 manus
1104 2630 1521 2703 laerymantium
1549 2628 1798 2699 spiritum
1824 2627 1958 2681 emi-

369 2735 459 2791 sit.
514 2731 559 2788 0
589 2731 706 2785 dies
732 2735 919 2783 sancto
942 2724 1218 2779 laetissima
1264 2721 1557 2785 sacerdoti,
1618 2721 1712 2777 sed
1757 2729 1955 2776 cuncto

372 2823 721 2882 mmstissima
764 2816 981 2891 populo,
1029 2832 1191 2887 quem
1246 2822 1428 2871 tantus
1474 2814 1653 2869 subito
1690 2814 1958 2885 corporali

278 2898 281 2903 ’
372 2917 484 2972 vita
537 2912 775 2971 deseruit
814 2917 1022 2982 pastor,
1065 2922 1225 2978 quem
1269 2914 1451 2961 tamen
1498 2905 1763 2974 spirituali
1821 2922 1957 2960 nun-

373 3021 537 3079 quam
577 3004 790 3060 deseret
830 2999 1236 3063 intercrssionc,
1288 2998 1331 3053 si
1382 3012 1549 3053 sacrae
1589 2996 1734 3051 illius
1770 2997 1955 3052 admo-

369 3098 595 3155 nitionis
641 3097 804 3152 verba
846 3101 902 3149 et
952 3091 1348 3165 probatissimae
1372 3090 1499 3145 vitae
1536 3089 1765 3161 vestigia
1800 3088 1953 3160 sequi
1979 3087 2026 3149 C

373 3208 484 3248 non
509 3190 765 3248 desistat!

443 3322 565 3379 XX.
604 3322 982 3377 Convenerunt
1007 3316 1190 3387 itaque
1215 3317 1282 3372 ad
1301 3315 1522 3371 ultimas
1532 3314 1829 3370 venerandi
1853 3314 1957 3369 viri

378 3412 667 3480 exsequias
696 3410 873 3464 clerus
912 3413 967 3462 et
1008 3406 1240 3475 populus
1269 3407 1519 3476 cOpiosus
1544 3447 1559 3472 ,
1620 3406 1960 3475 aliarumque

375 3499 729 3557 ecclesiarum
763 3495 1095 3559 sacerdotes,
1149 3494 1475 3565 presbyteri,
1504 3503 1560 3550 et
1585 3495 1819 3550 diaconi.
1850 3495 1959 3551 Sed

375 3591 599 3655 mirum,
625 3588 765 3643 inter
791 3586 1207 3657 laerymantium
1236 3599 1397 3640 voces
1426 3585 1480 3640 in
1521 3593 1686 3651 terra,
1720 3585 1960 3655 psallen-

342 3715 346 3721 -
381 3683 542 3748 tium,
573 3688 634 3735 ut
655 3678 847 3744 fertur,
877 3693 909 3732 a
935 3677 1255 3747 quibusdam
1308 3675 1578 3746 religiosis
1615 3676 1749 3732 viris
1786 3684 1960 3733 cretus

380 3772 735 3829 audiebantur
763 3770 818 3824 in
866 3767 1005 3824 coelo
1035 3785 1050 3821 :
1105 3775 1159 3822 et
1185 3765 1313 3821 dum
1342 3767 1503 3837 digno
1528 3767 1751 3823 honoris
1778 3767 1959 3826 officio

376 3862 655 3925 feretrum,
686 3861 740 3915 in
767 3874 874 3930 quo
908 3857 1128 3928 iacebat
1161 3872 1377 3926 corpus,
1433 3866 1682 3928 paratum
1709 3866 1878 3915 staret
1904 3860 1960 3914 in

377 3952 573 4016 medio,
604 3951 921 4006 accedentes
968 3963 1185 4005 movere
1211 3948 1338 4003 illud
1368 3964 1474 4004 non
1514 3950 1783 4006 valebant.
1821 3952 1961 4019 Quid

380 4059 510 4099 vero
529 4048 770 4114 agerent,
790 4040 1136 4111 ambigebant
1160 4056 1175 4105 ;
1205 4055 1313 4109 quo
1339 4053 1397 4095 se
1422 4048 1717 4106 verterent,
1749 4044 1961 4098 nescie-

378 4136 530 4192 bant.
587 4133 1019 4189 Sciscitabantur
1061 4148 1090 4186 a
1119 4130 1425 4201 Scopilione
1458 4131 1590 4204 [Al.,
1626 4149 1656 4187 a
1704 4133 1761 4188 S.
1812 4135 1960 4207 Phy-

376 4224 555 4299 leone]
585 4223 1079 4295 archipresbytero,
1112 4221 1231 4277 viro
1276 4222 1526 4292 equidem
1566 4224 1838 4296 religioso,
1866 4227 1960 4293 qui

2051 485 2118 541 de
2139 500 2235 540 sua
2258 500 2382 540 eum
2408 484 2597 539 testari
2646 482 2923 552 sepultura
2973 491 3300 537 memoraret
3327 500 3340 535 :
3373 482 3630 540 timentes

2050 591 2119 632 ne
2146 576 2287 633 forte
2311 576 2420 631 illis
2442 576 2548 631 hoc
2576 575 2697 631 ideo
2726 574 3029 639 accidisset,
3079 575 3205 643 quia
3240 575 3384 630 intra
3412 591 3630 631 murum

2049 660 2295 734 eiusdem
2323 666 2560 722 civitatis
2587 665 2736 720 illum
2757 665 2986 735 sepelire
3011 665 3387 736 disponebant.
3424 665 3634 734 Quibus

2051 755 2141 810 ille
2174 756 2467 825 respondit,
2535 755 2729 825 saepius
2787 770 2912 810 eum
2963 769 3024 809 se
3066 755 3282 811 audisse
3333 754 3629 825 dicentem,

2050 847 2195 915 quod
2218 845 2398 900 nullus
2426 846 2569 900 intra
2606 843 2740 917 [Al.,
2778 844 2918 900 infra
2945 842 3150 916 muros]
3182 860 3369 901 muros
3396 844 3636 905 civitatis

2052 933 2269 1003 sepeliri
2289 932 2590 989 debuisset:
2619 934 2743 1004 quia
2765 934 2943 990 omnis
2962 934 3152 989 civitas
3174 934 3324 991 locus
3336 937 3499 993 debet
3516 952 3638 996 esse

2051 1029 2319 1096 vivorum,
2342 1047 2449 1087 non
2470 1039 2804 1087 mortuorum
2822 1045 2869 1086 ει.
2900 1032 3168 1088 Volebant
3194 1034 3462 1104 siquidem
3483 1033 3637 1089 illum

2053 1122 2109 1176 in
2144 1124 2373 1179 ecclesia
2415 1125 2586 1179 beatae
2627 1140 2843 1195 semper
2882 1126 3109 1196 virginis
3147 1126 3347 1193 Mariae,
3390 1127 3487 1182 ubi
3523 1128 3637 1183 sedi

2050 1215 2347 1285 pontificali
2394 1216 2739 1286 praesederat,
2786 1216 3065 1273 tumulari.
3115 1217 3235 1287 Ipse
3280 1233 3411 1273 vero
3459 1219 3637 1289 sepul-

2055 1316 2191 1362 turae
2221 1324 2333 1363 suae
2359 1308 2535 1363 locum
2572 1308 2628 1362 in
2659 1308 2923 1371 oratorio,
2965 1308 3106 1376 quod
3135 1324 3372 1378 paupere
3392 1317 3633 1378 sumptu,

2059 1402 2211 1471 171
2253 1401 2305 1455 id
2334 1408 2435 1465 est,
2464 1400 2655 1471 ligneis
2698 1400 2914 1466 tabulis,
2966 1415 3135 1470 prope
3185 1400 3334 1456 littus
3368 1400 3635 1456 Crientio-

2054 1494 2139 1547 nis
2168 1492 2194 1531 δ
2228 1490 2427 1547 lluvioli
2457 1491 2836 1557 aedificaverat,
2899 1491 3016 1546 fieri
3064 1488 3397 1564 disposuisse
3443 1510 3637 1566 cogno-

2054 1584 2243 1637 scitur.
2304 1583 2457 1649 Quod
2485 1582 2609 1638 licet
2629 1584 2743 1652 ipse
2769 1598 2866 1653 pro
2894 1584 3213 1649 humilitate,
3267 1602 3373 1656 qua
3423 1601 3637 1658 semper

2052 1688 2184 1727 usus
2211 1681 2315 1738 est,
2358 1672 2476 1727 fieri
2504 1673 2790 1739 voluisset;
2847 1688 3034 1729 onmes
3073 1659 3253 1731 tamen
3274 1677 3366 1746 qui
3385 1679 3634 1744 aderant,

2057 1764 2397 1819 attendentes
2425 1764 2743 1819 meritorum
2771 1763 2887 1832 ejus
2910 1766 3157 1835 insignia,
3189 1766 3467 1837 indignum
3481 1771 3636 1825 duce-

2056 1855 2187 1910 bant
2213 1855 2347 1910 tanti
2380 1855 2483 1910 viri
2529 1871 2728 1926 corpus
2756 1856 2812 1910 in
2861 1856 2980 1911 loco
3033 1857 3223 1913 humili
3264 1860 3465 1915 debere
3494 1876 3638 1932 sepe-

2056 1938 2143 2001 liri
2178 1965 2191 1999 :
2243 1947 2546 2015 praesertim
2577 1963 2702 2002 eum
2755 1961 2857 2002 nec
2891 1947 3041 2003 locus
3088 1950 3202 2019 ipse
3248 1949 3448 2007 habilis
3500 1961 3639 2010 esset

2056 2043 2207 2090 tanto
2232 2044 2603 2102 monumento,
2629 2051 2753 2103 nec,
2784 2037 2983 2107 palude
3009 2039 3238 2106 obsitus,
3275 2039 3421 2096 foret
3458 2057 3640 2102 arces.

2057 2126 2231 2182 sibilis
2256 2127 2471 2198 populo.

2129 2219 2269 2273 XXI.
2301 2219 2439 2274 Dum
2481 2220 2609 2275 talia
2636 2219 2777 2277 inter
2806 2237 2865 2279 se
2903 2234 3284 2294 quererentur,
3314 2232 3642 2287 venerabilis

2057 2314 2144 2369 vir
2174 2312 2429 2385 Scopilio,
2462 2316 2657 2372 doctus
2691 2318 2893 2374 virtute
2942 2334 3190 2389 precum,
3238 2320 3305 2377 ad
3348 2320 3511 2376 solita
3541 2323 3640 2378 sibi

2059 2406 2292 2461 credidit
2336 2423 2489 2462 arma
2532 2409 2859 2466 currendum
2892 2429 2904 2464 :
2937 2421 2997 2466 ut
3026 2412 3281 2469 videlicet
3307 2415 3489 2469 oratio
3517 2414 3640 2471 fidei

2057 2498 2349 2564 obtineret,
2390 2499 2533 2570 quod
2562 2501 2730 2556 multa
2770 2504 3049 2559 hominum
3096 2521 3290 2563 manus
3311 2507 3521 2564 viribus
3549 2525 3642 2564 ne-

2062 2589 2342 2660 quivisset.
2392 2591 2547 2648 Unde
2588 2602 2815 2651 cunctos
2863 2595 3089 2652 hortans
3134 2597 3203 2652 ad
3253 2613 3496 2669 precem,
3530 2600 3642 2671 ipse

2056 2679 2208 2750 prior
2252 2679 2619 2751 illacrymans,
2649 2699 2812 2755 super
2856 2700 3052 2755 corpus
3556 2692 3639 2746 iu-

2057 2770 2618 2838 cumbensorationi,
2653 2774 2707 2828 in
2752 2775 2893 2831 hanc
2937 2792 3147 2843 vocem,
3178 2794 3415 2836 maerore
3463 2783 3643 2839 cordis

2058 2856 2315 2926 affectus,
2360 2862 2582 2932 erupit:
2616 2862 2731 2918 Heu
2777 2865 2933 2932 mihi,
2993 2867 3205 2937 inquit,
3249 2884 3282 2924 ο
3328 2871 3645 2928 beatissime

2058 2949 2247 3006 Pater!
2280 2950 2408 3022 quid
2432 2954 2537 3020 vis,
2561 2964 2622 3010 ut
2642 2954 2863 3024 faciam,
2886 2961 3141 3029 quoniam
3163 2969 3218 3017 et
3243 2962 3355 3018 dies
3380 2964 3434 3017 in
3458 2979 3645 3036 vespe-

2060 3057 2181 3096 rum
2204 3043 2467 3110 declinat,
2510 3053 2567 3101 et
2587 3061 2778 3103 omnes
2810 3048 2901 3119 qui
2930 3052 2998 3105 ad
3029 3060 3153 3107 tuas
3190 3052 3477 3122 exsequias
3502 3070 3643 3110 con~

2056 3143 2341 3199 venerunt,
2369 3137 2438 3191 ad
2492 3138 2711 3208 propria
2736 3136 2848 3207 jam
2891 3155 3137 3198 remeare
3185 3143 3476 3199 festinant?
3508 3145 3645 3202 Pen:

2057 3224 2232 3289 mitte,
2263 3225 2510 3293 obsecro,
2553 3236 2606 3283 te
2632 3228 2862 3298 perferri
2894 3231 2962 3286 ad
3007 3230 3208 3300 locum,
3246 3234 3340 3303 qui
3370 3235 3472 3291 tibi
3501 3235 3643 3292 filio-

2060 3330 2181 3371 rum
2203 3331 2331 3371 cura
2359 3327 2695 3395 praeparatus
2725 3321 2928 3376 existit.
2960 3322 3029 3377 Et
3050 3324 3138 3379 his
3156 3325 3336 3391 dictis,
3376 3328 3643 3398 accipien-

2062 3414 2141 3462 tes
2166 3408 2435 3479 capulum,
2465 3411 2520 3465 in
2554 3426 2662 3481 quo
2686 3415 2860 3469 sancti
2888 3415 2991 3470 viri
3021 3431 3219 3488 corpus
3251 3417 3475 3488 jacebat
3512 3436 3640 3476 exa-

2059 3499 2236 3563 nime,
2280 3500 2483 3556 nullum
2528 3519 2668 3559 onus
2718 3505 3052 3573 sentientes,
3111 3517 3468 3578 portaverunt
3515 3528 3638 3567 eum

2060 3591 2316 3661 subjectis
2338 3593 2580 3651 humeris
2604 3612 2730 3651 eum
2756 3597 3037 3654 alacritate
3075 3599 3241 3655 animi
3264 3601 3332 3656 ad
3355 3602 3644 3673 sepultura:

2058 3683 2256 3738 locum.
2309 3682 2759 3757 Sepelieruntque
2804 3704 2928 3744 eum
2980 3690 3034 3744 in
3081 3690 3312 3747 ecclesia
3340 3693 3460 3763 jam
3501 3695 3647 3749 dicta

2060 3775 2232 3833 beatae
2283 3776 2379 3832 Dei
2442 3779 2723 3849 genitricis
2781 3795 2999 3853 semper
3052 3784 3281 3855 virginis
3338 3785 3541 3853 Mariae,
3592 3789 3645 3842 in

2061 3866 2286 3921 dextera
2346 3877 2503 3939 parte
2565 3870 2793 3935 altaris,
2854 3873 2946 3927 ubi
2997 3875 3268 3944 quondam
3322 3877 3646 3947 pontificalis

2061 3957 2334 4012 cathedrae
2366 3959 2688 4030 fungebatur
2724 3962 2920 4028 officio,
2951 3966 3186 4021 nobilem
3219 3976 3378 4023 terrae
3422 3969 3645 4025 abscon—

2062 4049 2250 4103 dentes
2293 4049 2631 4105 thesaurum.
2680 4052 2738 4106 ln
2780 4069 2888 4123 quo
2931 4054 3048 4110 loco
3093 4071 3193 4127 per
3225 4057 3441 4128 aliquod
3475 4058 3643 4130 jacuit

2062 4147 2300 4209 tempus,
2329 4156 2609 4211 quousque
2640 4142 2867 4199 Domino
2905 4146 3179 4203 revelante
3224 4150 3293 4204 ad
3320 4149 3521 4217 locum,
3554 4150 3643 4205 ubi

2062 4246 2206 4286 nunc
2236 4229 2405 4303 fulget
2429 4233 2546 4303 ejus
2588 4234 2845 4290 memoria
2867 4277 2883 4299 ,
2920 4245 3005 4293 est
3044 4254 3075 4291 a
3115 4238 3247 4294 viris
3283 4240 3485 4296 sanctis
3511 4241 3646 4297 Aut—

446 4400 568 4492 Ἥ
592 4394 1316 4492 me;llrslﬁeaaisi.e£§;
1341 4396 1808 4492 31225211222929
1834 4399 1958 4492 Eo}-
1981 4429 2035 4490 n
2064 4413 2225 4469 terris
2250 4415 2441 4492 ardere
2604 4416 2815 4492 ροιυίιε
2862 4432 2961 4487 pm
2991 4419 3143 4492 cuius
3171 4420 3488 4476 meritorum
3510 4436 3645 4492 que

373 4473 634 4529 landistas
652 4471 743 4525 hic
766 4469 837 4522 ita
860 4467 1104 4538 pergitur
1130 4474 1186 4521 et
1209 4466 1319 4520 vita
1341 4468 1562 4535 reliquis
1590 4469 1805 4538 omissis
1828 4487 1955 4525 con-

374 4544 642 4600 cluditur:
695 4559 714 4590 t
750 4538 1093 4606 Consilioque
1140 4537 1208 4590 ab
1241 4551 1307 4590 eo
1355 4546 1577 4606 accepto
1624 4537 1773 4593 foras
1824 4542 1957 4597 civi-

374 4622 540 4669 tatem
564 4613 617 4666 in
637 4609 899 4679 oratorio,
947 4607 1089 4677 quod
1114 4607 1390 4679 _sibin_ipse
1407 4618 1720 4679 paraverat,
1765 4612 1958 4679 sepeli-

372 4692 496 4738 rent
519 4682 756 4737 Patrem.
805 4678 907 4746 Qui
935 4676 1057 4732 mox
1105 4676 1359 4732 facillime
1405 4676 1642 4733 levantes
1695 4676 1953 4736 feretrum

370 4752 665 4825 portabant
707 4758 951 4825 sanctum
978 4764 1173 4825 corpus
1196 4763 1317 4825 eum
1345 4747 1658 4825 luminibus,
1707 4749 1955 4807 laudibus

372 4818 431 4880 et
470 4823 709 4894 hymnis,
736 4821 815 4894 ad
841 4819 1016 4894 locum
1044 4819 1146 4873 sibi
1172 4818 1466 4894 placitum,
1488 4820 1808 4894 sepelientes
1830 4838 1954 4877 eum

372 4910 495 4952 cum
510 4887 713 4962 magno
735 4890 939 4945 honore
958 4887 1113 4962 juxta
1141 4888 1308 4944 altare
1320 4887 1557 4962 ejusdem
1581 4892 1830 4957 oratorii,
1858 4909 1955 4947 no-

371 4966 534 5021 bilem
572 4959 728 5017 terrae
762 4961 1055 5031 condentcs
1079 4960 1414 5031 thesaurum.
1467 4959 1522 5013 lu
1551 4976 1656 5031 quo
1685 4962 1821 5028 loco,
1873 4965 1955 5018 di-

371 5036 497 5091 vina
520 5040 813 5105 praestante
837 5028 1038 5105 pietate
1077 5044 1250 5105 usque
1275 5030 1434 5084 hodie
1478 5028 1652 5086 solent
1693 5034 1951 5088 miracula

371 5099 537 5172 fieri;
578 5119 699 5174 quae
736 5099 1299 5174 magiscernenthium
1324 5114 1420 5154 ore
1443 5110 1758 5174 narrantur,
1790 5119 1953 5173 quam

371 5167 626 5233 dictantis
646 5173 784 5244 stylo
823 5167 1161 5244 scribantur:
1171 5167 1598 5244 Superveniente
1614 5167 1954 5244 intaque'tem-

371 5262 502 5315 pore
522 5239 735 5309 domus,
757 5243 813 5297 in
842 5256 948 5311 qua
961 5239 1086 5315 Deo
1111 5239 1340 5315 dilectus
1366 5241 1691 5315 diemobiit,
1716 5239 1955 5315 flammis

372 5308 587 5385 arrepta
616 5308 807 5371 ardere
836 5308 1019 5381 etrapit.
1053 5309 1160 5385 Sed
1198 5309 1423 5385 vidente
1437 5308 1688 5385 religiosa
1712 5312 1947 5385 femina,

370 5381 531 5439 Abita
554 5386 785 5447 nomine,
815 5390 1035 5439 sanctus
1066 5381 1359 5447 adveniens
1383 5382 1669 5446 Vedastus,
1701 5382 1950 5441 flammas

372 5464 403 5509 a
427 5456 583 5510 domo
618 5443 890 5516 discussit,
926 5461 981 5507 et
1004 5453 1077 5507 ita
1100 5443 1384 5507 incolhmis
1434 5443 1693 5507 remansit
1721 5470 1843 5508 cum
1873 5455 1951 5510 le-

372 5526 536 5589 ctulo,
573 5525 626 5580 in
667 5540 775 5595 quo
827 5524 919 5595 vir
953 5522 1280 5595 venerabilis
1331 5531 1572 5578 sanctam
1603 5524 1670 5578 ad
1707 5525 1947 5580 cmlestia

374 5610 534 5663 regna
561 5593 795 5664 animiam
818 5593 1016 5664 emisit,
1059 5601 1121 5647 ut
1150 5605 1336 5647 omnes
1363 5604 1713 5663 agnoscerent
1747 5606 1947 5664 quanta

374 5662 517 5722 illius
537 5670 680 5716 esset
700 5662 972 5715 beatitudo
994 5663 1049 5715 in
1080 5664 1248 5727 caelis,
1290 5664 1441 5733 cujus
1466 5663 1645 5717 lectuli
1675 5662 1865 5720 domus
1894 5668 1948 5722 in

2061 4498 2166 4554 que
2202 4485 2508 4549 sanctitate,
2538 4486 2717 4560 divina
2748 4485 3005 4560 operante
3033 4485 3256 4557 pietate,
3287 4485 3545 4560 quotidie'
3559 4492 3645 4548 vel

2059 4562 2242 4608 vetera
2258 4563 2551 4633 narrantur
2572 4558 2851 4633 miracula,
2870 4558 2978 4633 vel
2992 4574 3129 4633 nova
3149 4558 3421 4633 videntur.
3441 4561 3647 4633 (Hanc,

2094 4640 2176 4703 una
2206 4623 2461 4703 sequitur,
2489 4626 2807 4703 ⁸«τιτηεειιιαηιΔ
2830 4629 2937 4703 uid.
2961 4630 3103 4698 infra
3133 4648 3287 4703 num.
3310 4631 3380 4685 24
3491 4623 3645 4703 ﬁne.)

2082 4693 2209 4749 felix
2239 4694 2455 4763 quidem
2474 4695 2733 4752 Atrebata
2761 4699 2972 4761 civitas,
3004 4693 3112 4753 tam
3126 4702 3410 4757 excellenti
3438 4693 3643 4759 munita

2059 4771 2327 4835 patrono;
2380 4766 2477 4819 etsi
2503 4767 2673 4823 ruinis
2700 4784 2978 4823 murorum
3009 4769 3260 4832 vilescat.
3297 4773 3441 4828 illius
3465 4781 3643 4829 tamen

2059 4835 2378 4914 meritorum
2419 4835 2696 4914 nobilitate
2731 4838 3027 4914 clarescit.‘
3052 4839 3219 4896 Totus
3270 4844 3450 4914 itaque
3476 4859 3646 4914 pepu-

2061 4905 2145 4983 lns
2169 4920 2267 4975 pro
2287 4903 2405 4983 ejns
2425 4908 2730 4963 sanctitatis
2750 4909 3136 4983 intercessione
3166 4903 3415 4983 gaudeat,
3445 4903 3502 4968 et
3521 4903 3641 4969 οἰη-

2061 4976 2327 5054 nipotenti
2354 4976 2465 5054 Deo
2501 4985 2732 5054 aeternas
2775 4979 2981 5034 deferat
3006 4976 3209 5054 laudes,
3271 4986 3365 5054 qui
3390 4976 3500 5040 tam
3536 4985 3641 5041 ela-

2062 5045 2181 5123 rn'm
2211 5045 2993 5123 illis_perdonavit_doctorem:
3052 5045 3207 5121 cuius
3260 5045 3645 5123 praedicatione

2060 5117 2204 5190 viam
2223 5117 2464 5190 veritatis
2485 5119 2731 5190 agnovit;
2761 5119 2917 5190 cujus
2939 5117 3209 5190 precibus,
3233 5117 3277 5179 si
3302 5125 3356 5179 in
3382 5122 3646 5180 ﬁrmitate

2062 5187 2187 5242 fidei
2215 5196 2269 5241 et
2294 5188 2419 5242 vitae
2467 5187 2755 5243 sanctitate
2786 5187 3054 5256 consistit,
3102 5193 3170 5247 ab
3206 5195 3352 5250 omni
3402 5196 3644 5251 adversi-

2063 5265 2398 5332 t_ate_secur_a
2423 5260 2781 5332 permanebit,
2813 5268 2875 5316 'et
2901 5278 3074 5332 usque
3100 5264 3170 5319 ad

2062 5327 2308 5401 titudinis
2328 5327 2554 5401 gloriam
2569 5331 2863 5401 perveniet,
2891 5327 3184 5401 praestante
3200 5327 3432 5391 Domino
3459 5344 3647 5392 nostro

2060 5396 2187 5454 Jesu
2217 5398 2456 5463 Christo,
2512 5396 2758 5474 quicum
2784 5396 2946 5474 Patre
2979 5412 3034 5458 et
3068 5404 3273 5474 Spiritu
3302 5413 3493 5463 saneto
3513 5407 3647 5460 vivit

2061 5475 2117 5522 et
2143 5476 2333 5592 regnat
2367 5485 2465 5539 per
2489 5469 2671 5524 omnia
2700 5473 2895 5527 saecula
2919 5469 3259 5531 saeculorum.
3313 5476 3508 5532 Amen.
3548 5497 3567 5528 ι

2133 5538 2160 5578 δ
2238 5538 2505 5592 νίεηιίοηὶε
2531 5540 2746 5592 ﬂueioli.
2773 5541 2909 5592 Aliis
2942 5543 3279 5592 Trientinm‘x-
3311 5561 3456 5592 mmo.
3481 5546 3567 5592 vml

2062 5607 2081 5660 Ι
2133 5538 2505 5663 lichie’ntionis
2528 5540 2746 5610 ﬂuviali.
2773 5541 2909 5598 Aliis
2942 5543 3282 5614 Trientiom‘s,
3310 5561 3456 5604 nunc
3481 5546 3645 5618 vulgo

2083 5624 2108 5662 e
2186 5625 2297 5662 rtnc
2336 5626 2425 5663 on.

2083 5624 2108 5662 8
2139 5624 2425 5663 ωεηεηοη.

3268 5264 3496 5321 rfeetam
3522 5266 3643 5320 hea-
