3894 6182
270 311 340 362 77
1196 309 1782 368 HAGIOGRAPHICA.
1825 343 1896 351 ——
1934 312 2092 368 VITA
2137 312 2194 369 S.
2241 312 2559 369 VEDASTI.

3403 321 3507 376 678

232 425 393 478 berto
420 431 478 476 et
515 421 822 478 Andomaro
851 423 1120 495 episcopis
1151 424 1289 479 felici
1330 427 1628 480 mutatione
1657 434 1834 480 trans—'
1858 427 1906 485 Α
2011 428 2168 497 172
2209 427 2398 482 XXIV.
2427 427 2595 481 Porro
2630 436 2812 482 autem
2843 429 3124 494 miracula,
3155 445 3272 500 quae
3300 442 3356 488 et
3383 446 3513 490 tunc

234 515 402 570 latus.

303 605 474 661 XXII.
513 605 668 661 Nunc
698 615 900 672 autem,
932 608 1060 678 quid
1105 610 1158 664 in
1197 611 1387 666 eodem
1425 612 1679 681 episcopo
1706 619 1827 681 post

232 698 350 767 ejus
373 715 660 756 excessum
676 699 851 755 visum
868 707 951 756 est
971 700 1191 770 dignum
1212 705 1510 768 memoriae,
1535 701 1822 757 referatur.

231 790 667 860 Superveniente
718 791 882 861 igitur
928 800 1202 861 tempore,
1231 793 1570 857 domuncula,
1618 793 1672 846 in
1721 807 1826 861 qua

231 883 343 936 Deo
367 881 601 937 dilectus
623 883 766 936 diem
793 883 948 946 obiit,
978 880 1209 938 flammis
1248 891 1461 953 arrepta
1493 883 1684 938 ardere
1718 899 1828 938 ca:-

229 974 329 1043 pit.
360 972 470 1028 Sed
504 973 728 1031 vidente
768 975 1002 1042 quadam
1031 975 1282 1042 religiosa
1315 974 1513 1030 femina
1544 975 1702 1029 Abita
1733 990 1827 1028 no-

232 1066 401 1131 mine,
433 1072 657 1120 sanctus
705 1065 997 1120 adveniens
1027 1066 1316 1130 Vedastus,
1340 1065 1585 1120 flammas
1614 1082 1644 1120 a
1669 1066 1826 1120 domo

232 1158 510 1222 discussit,
541 1166 598 1211 et
625 1158 699 1211 ita
743 1157 1029 1211 incolumis
1057 1157 1323 1211 remansit
1354 1172 1478 1212 cum
1527 1156 1743 1219 lectulo,
1771 1156 1824 1210 in

232 1267 341 1321 quo
367 1251 456 1305 vir
485 1249 700 1306 Domini
732 1258 978 1304 sanctam
1007 1250 1075 1304 ad
1105 1250 1350 1305 cmlestia
1382 1265 1546 1322 regna
1590 1249 1825 1304 animam

231 1343 415 1398 emisit
459 1362 472 1396 :
509 1350 568 1396 nt
605 1357 796 1397 omnes
836 1349 1192 1413 agnoscerent
1230 1351 1432 1412 quanta
1485 1343 1628 1397 illius
1683 1349 1826 1395 esset

230 1435 516 1489 beatitudo
545 1434 600 1488 in
632 1432 804 1498 caalis,
831 1432 1186 1502 cujuslectuli
1217 1433 1552 1489 domicilium
1583 1434 1635 1487 in
1669 1431 1826 1486 terris

229 1530 427 1586 ardere
467 1545 576 1584 non
604 1529 800 1599 potuit.

841 1620 1070 1678 CAPUT
1121 1623 1187 1677 V.

501 1711 803 1766 Translatio
842 1713 1076 1779 corporis
1109 1713 1278 1767 sancti
1319 1709 1546 1766 Vedasti.

1928 527 2078 588 gesta
2098 519 2473 586 perhibentur,
2497 526 2552 571 et
2573 534 2691 587 qum
2708 519 2822 588 jam
2849 534 2946 588 per
2983 535 3154 574 annos
3192 519 3361 577 ferme
3385 538 3515 579 cen-

1899 617 2043 692 _tum
2099 609 2380 680 sexaginta
2438 624 2536 678 per
2587 611 2784 664 merita
2834 611 2979 667 beati
3029 612 3247 667 Vedasti
3295 624 3512 684 patrata

1928 707 2072 762 sunt,
2119 697 2266 752 nullo
2323 706 2449 751 sunt
2494 699 2635 768 style
2683 699 2958 754 memoria:
3014 701 3237 765 tradita,
3288 712 3514 772 excepto

1927 789 2070 858 quod
2108 789 2332 842 vocibus
2360 797 2643 843 cantorum
2665 790 2970 858 hujusmodi
3011 792 3223 845 canitur
3250 793 3513 862 Antipho-

1926 894 1995 932 na
2025 896 2036 930 :
2070 876 2171 930 Hic
2222 887 2295 931 est
2338 877 2516 932 beatus
2576 877 2854 944 Vedastus,
2885 881 2972 933 cui
3003 880 3250 950 templum
3291 881 3408 950 ﬁeri
3446 882 3511 935 ab

1926 969 2124 1040 angelis
2150 971 2358 1041 jussum
2388 981 2462 1024 est
2510 972 2824 1026 hominibus.
2858 973 2954 1026 Est
2993 982 3175 1028 autem
3218 974 3368 1028 locus
3399 974 3513 1044 ipse

1925 1078 2033 1116 non
2082 1062 2238 1132 longe
2277 1063 2343 1118 ab
2392 1063 2578 1118 eadem
2628 1066 2780 1129 urbe,
2812 1065 2903 1133 qui
2950 1081 3047 1134 pro
3098 1066 3377 1121 nobilitate
3420 1068 3505 1123 sui

1926 1151 2234 1208 Nobiliacus
2263 1153 2288 1193 ι)
2318 1155 2494 1224 primo
2534 1164 2616 1209 est
2665 1157 2963 1226 appellatus
2997 1176 3008 1210 :
3046 1159 3140 1213 sed
3183 1161 3512 1229 procedente

1927 1251 2169 1313 tempore
2194 1253 2301 1299 tam
2330 1246 2555 1316 insignis
2577 1245 2822 1313 effectus,
2856 1256 2916 1302 ut
2940 1249 3091 1304 urbis
3114 1251 3350 1314 nomine,
3391 1267 3513 1321 quae

1921 1334 2034 1404 jam
2059 1337 2231 1390 ruinis
2270 1338 2641 1392 crebrioribus
2676 1352 2811 1407 pene
2841 1340 3200 1406 obsoleverat,
3223 1341 3508 1399 vocitetur.

1925 1427 2020 1481 Est
2066 1443 2295 1496 namque
2334 1438 2388 1482 et
2429 1429 2716 1500 largitione
2767 1430 3000 1485 fidelium
3055 1432 3405 1497 sublimatus,
3457 1440 3514 1488 et

1927 1521 2138 1591 agmine
2196 1523 2610 1587 monachorum,
2643 1531 2699 1576 et
2748 1523 2980 1576 aliorum
3036 1523 3148 1578 Deo
3191 1526 3508 1579 devotorum

1925 1626 2086 1680 grege
2124 1622 2145 1648 ο
2177 1611 2405 1665 refertus
2456 1630 2467 1664 :
2514 1612 2602 1664 ubi
2657 1613 2990 1668 incessanter
3031 1614 3272 1681 quotidie
3330 1615 3512 1668 divina

1925 1700 2270 1755 celebrantur
2313 1701 2600 1768 praeconia,
2638 1709 2693 1755 et
2732 1699 3042 1770 frequenter
3081 1701 3322 1756 cmlestia
3371 1702 3510 1758 facta

296 1805 492 1860 XXIII.
518 1803 695 1858 Iacuit
722 1812 903 1858 autem
933 1773 996 1858 in
1030 1804 1150 1859 loco
1177 1804 1364 1858 eodem
1391 1819 1562 1873 usque
1582 1803 1648 1859 ad
1678 1811 1817 1859 tem—

1926 1799 2050 1846 sunt
2076 1799 2130 1844 et
2152 1792 2286 1844 ﬁunt
2312 1791 2696 1845 miraculorum
2721 1793 2900 1861 signa,
2928 1807 3046 1860 qua”:
3059 1793 3170 1862 jam
3204 1794 3375 1863 magis
3393 1809 3514 1848 cer-

223 1909 332 1964 pus
375 1893 526 1948 beati
555 1892 825 1957 Autberti,
855 1892 948 1961 qui
989 1893 1248 1963 septimus
1300 1892 1350 1946 ei
1397 1892 1451 1946 in
1481 1892 1608 1948 sede
1643 1895 1820 1963 ponti-

227 1985 376 2042 ficali
403 1984 666 2041 successit
690 1984 996 2054 episcopus.
1023 1984 1076 2041 Is
1103 1993 1308 2050 autem,
1338 1993 1400 2038 ut
1436 1983 1706 2053 majorum
1735 2001 1820 2041 re-

226 2079 438 2136 latione
457 2079 825 2150 cognovimus,
854 2085 910 2131 et
933 2085 991 2131 ut
1021 2067 1495 2131 innumerabilium
1540 2078 1820 2132 hominum

223 2185 322 2228 ore
351 2177 636 2233 versatur,
668 2177 722 2225 et
752 2169 895 2238 quod
942 2167 1113 2224 oculis
1163 2168 1329 2223 etiam
1377 2167 1582 2224 factum
1625 2173 1821 2238 proba-

228 2278 369 2327 mus,
397 2262 527 2316 dum
570 2260 806 2329 quadam
853 2258 940 2313 die
988 2267 1113 2330 post
1158 2260 1389 2330 hymnos
1436 2260 1734 2315 matutinos
1763 2261 1819 2316 in

228 2352 484 2409 humanis
533 2350 736 2423 [Bolt.,
785 2351 839 2405 in
890 2350 1207 2415 moenianis;
1256 2348 1542 2405 Fulbertus
1592 2351 1649 2404 in
1698 2350 1819 2405 Vita

233 2441 289 2498 S.
322 2442 587 2506 Autberti,
615 2449 768 2496 stans
797 2441 852 2494 in
890 2438 1182 2511 manibus]
1214 2439 1539 2505 consistens,
1592 2437 1820 2493 rubente

231 2549 459 2597 aurora,
513 2531 791 2587 Orientem
820 2546 1010 2586 versus
1048 2531 1382 2595 intenderet;
1425 2531 1563 2585 vidit
1607 2529 1818 2584 eminus

233 2635 384 2680 trans
402 2623 701 2689 ﬂuviolum,
735 2622 828 2692 qui
855 2621 1093 2676 Crientio
1112 2631 1358 2686 vocatur,
1396 2621 1571 2675 virum
1597 2618 1818 2690 praeful-

235 2713 414 2784 gidum
443 2714 652 2784 virgam
692 2728 856 2767 manu
903 2719 1175 2765 tenentem
1194 2751 1208 2775 ,
1239 2710 1475 2765 basilicae
1500 2710 1679 2764 locum
1707 2724 1818 2764 me-

235 2807 344 2860 tiri.
390 2805 546 2871 Quod
573 2805 662 2860 ille
693 2819 941 2866 cernens,
973 2803 1244 2858 revelante
1274 2804 1402 2868 Deo,
1436 2803 1699 2857 visionem
1727 2817 1819 2858 co-

235 2899 420 2968 gnovit
448 2895 746 2966 angelicam
779 2914 792 2948 :
840 2905 1224 2964 ostensumque
1257 2901 1342 2948 est
1384 2893 1460 2947 illi
1487 2893 1706 2948 beatum
1755 2893 1818 2946 il-

232 2991 318 3045 luc
347 2989 666 3053 Vedastum,
703 2996 975 3042 annuente
1019 2987 1257 3054 Christo,
1289 2987 1406 3042 sine
1433 2987 1594 3042 dubio
1640 2995 1818 3043 trans-

1921 1883 2165 1937 nentium
2199 1897 2296 1937 ore
2343 1877 2662 1948 narrantur,
2712 1898 2872 1952 quam
2920 1881 3176 1937 dictantis
3205 1883 3344 1954 stylo
3373 1885 3510 1939 scri-

1920 1973 2136 2030 bantur.
2163 1975 2320 2030 Felix
2349 1976 2599 2045 equidem
2630 1975 2953 2030 Atrebatum
2987 1976 3180 2030 civitas
3206 2015 3224 2043 ,
3277 1984 3382 2030 tam
3412 1993 3512 2032 οῖς

1921 2066 2135 2121 cellenti
2163 2067 2370 2121 munita
2420 2074 2679 2136 patrono,
2733 2067 2834 2120 etsi
2888 2081 3167 2121 murorum
3211 2069 3386 2123 ruinis
3437 2069 3516 2124 vi-

1921 2157 2111 2222 lescat,
2141 2157 2285 2211 illius
2336 2165 2518 2210 tamen
2549 2157 2863 2210 meritorum
2908 2156 3193 2211 nobilitate
3237 2157 3510 2213 clarescit.

1922 2249 2194 2318 Totusque
2219 2264 2320 2318 pro
2348 2247 2464 2317 ejus
2493 2248 2804 2302 sanctitatis
2848 2247 3235 2302 intercessione
3275 2250 3510 2318 gaudeat

1921 2338 2172 2408 populus,
2195 2337 2660 2406 omnipotentique
2688 2337 2798 2391 Deo
2819 2343 3048 2391 mter-nas
3075 2337 3278 2392 referat
3302 2339 3507 2404 laudes,

1921 2431 2010 2500 qui
2038 2438 2144 2484 tam
2184 2430 2389 2484 clarum
2412 2430 2488 2484 illi
2511 2430 2828 2498 perdonavit
2853 2432 3152 2494 doctorem,
3184 2429 3338 2499 cujus
3363 2448 3504 2502 prae-

1921 2522 2191 2576 dicatione
2215 2519 2357 2574 viam
2399 2520 2618 2590 agnovit
2657 2520 2922 2574 veritatis.
2956 2519 3122 2590 Cujus
3150 2522 3426 2592 precibus,
3460 2521 3509 2575 si

1920 2613 1974 2666 in
2027 2612 2148 2667 fidei
2189 2612 2444 2666 firmitate
2490 2617 2546 2665 et
2593 2611 2719 2665 vita:
2760 2603 3048 2665 sanctitate
3098 2612 3383 2678 consistit,
3441 2612 3510 2666 ab

1919 2703 2067 2758 omni
2119 2701 2449 2758 adversitate
2499 2715 2688 2755 secura
2733 2702 3093 2770 permanebit,
3121 2710 3175 2756 et
3223 2717 3392 2770 usque
3441 2703 3512 2755 ad

1917 2793 2214 2865 perfectam
2232 2792 2584 2848 beatitudinis
2623 2791 2848 2862 gloriam
2889 2792 3187 2861 perveniet,
3219 2799 3512 2860 praestante

1921 2884 2150 2937 Domino
2193 2890 2381 2936 nostro
2409 2881 2536 2936 Jesu
2555 2882 2794 2946 Christo,
2831 2882 2923 2952 qui
2954 2899 3074 2937 cum
3106 2883 3266 2936 Patre
3297 2892 3354 2936 et
3383 2882 3507 2952 Spi-

1921 2977 2024 3029 ritu
2057 2983 2245 3031 sancto
2289 2975 2423 3028 vivit
2456 2983 2509 3028 et
2559 2983 2746 3045 regnat
2786 2975 2948 3041 Deus,
2973 2991 3070 3045 per
3096 2975 3278 3029 omnia
3308 2972 3504 3029 saecula

227 3081 534 3138 ferendum.
578 3079 692 3147 Qua
733 3079 1060 3135 revelatione
1097 3079 1298 3134 certior
1342 3078 1536 3144 factus,
1569 3078 1816 3132 invitavit

1926 3067 2264 3123 sasculorum.
2305 3065 2478 3120 Amen
2507 3063 2556 3118 ἀ.

228 3174 296 3229 ad
327 3182 544 3228 tantum
587 3188 724 3242 opus
772 3174 992 3228 beatum
1035 3171 1424 3239 Audomarum,
1456 3173 1548 3244 qui
1575 3188 1638 3228 ea
1682 3181 1819 3228 tem-

227 3274 442 3336 pestate
465 3264 766 3320 Tarvennte
787 3265 1116 3319 Morinorum
1145 3265 1295 3320 urbis
1316 3265 1619 3336 episcopus,
1647 3265 1700 3319 in
1723 3265 1819 3320 Dei

229 3357 396 3412 rebus
443 3354 764 3426 magnificus
817 3355 1137 3409 habebatur.
1187 3355 1288 3422 Qui
1333 3355 1461 3410 licet
1499 3353 1615 3422 jam
1662 3355 1820 3410 senio

227 3460 484 3516 pressus,
536 3453 591 3499 et
628 3445 919 3501 amissione
965 3445 1230 3499 luminum
1278 3446 1554 3501 videretur
1592 3445 1820 3500 debilior

229 3538 431 3601 factus,
477 3536 718 3590 animum
758 3545 945 3592 tamen
992 3544 1054 3590 ut
1099 3551 1288 3590 arcum
1338 3537 1548 3591 habens
1586 3536 1816 3606 spiritali

229 3627 413 3683 studio
453 3626 745 3691 intentum,
792 3627 938 3683 illico
984 3637 1286 3698 promptus,
1335 3626 1552 3682 Christo
1600 3643 1819 3697 gressus

229 3727 450 3790 tegente
474 3757 491 3782 ,
546 3717 773 3772 festinus
826 3717 892 3772 ad
939 3717 1307 3773 venerabilem
1381 3719 1630 3786 pervenit
1684 3717 1820 3772 Aut-

229 3812 472 3866 bertum.
499 3809 570 3864 At
601 3809 689 3864 ille
713 3809 844 3880 quid
885 3810 1069 3864 animo
1096 3815 1328 3878 gereret,
1358 3817 1414 3863 et
1445 3808 1573 3878 quid
1602 3810 1704 3864 sibi
1736 3810 1817 3863 di-

229 3901 437 3955 vinitus
472 3908 619 3955 esset
653 3907 961 3962 ostensum,
1009 3899 1269 3962 referens,
1328 3900 1444 3970 pari
1493 3906 1617 3952 voto
1670 3913 1818 3953 com-

229 3993 497 4064 munique
553 3993 782 4048 consilio
829 4009 953 4048 cum
1009 4008 1204 4063 magno
1233 3992 1550 4062 populorum
1582 3991 1814 4062 gaudio,

230 4084 321 4152 qui
375 4083 619 4152 undique
661 4082 1072 4147 conﬂuxerant,
1133 4084 1201 4137 ad
1243 4083 1418 4138 locum
1477 4083 1814 4153 designatum

229 4173 612 4230 beatissimum
637 4174 1033 4229 transtulerunt
1057 4173 1366 4229 Vedastum.
1398 4173 1456 4227 In
1487 4188 1592 4241 qua
1640 4182 1817 4226 trans-

229 4262 437 4319 latione
467 4264 780 4333 perhibetur
828 4266 1022 4319 beatus
1072 4264 1414 4318 Audomarus
1461 4263 1640 4318 lumen
1669 4279 1818 4320 rece-

230 4357 377 4425 pisse
408 4355 713 4421 oculorum,
747 4357 840 4412 sed
884 4357 1028 4411 illico
1057 4356 1308 4426 precibus
1353 4357 1622 4421 eamdem,
1653 4372 1815 4426 quam

229 4444 517 4500 ultroneus
563 4443 794 4509 ferebat,
845 4445 1224 4513 reimpetrasse
1270 4444 1590 4499 cmeitatem.
1623 4445 1814 4499 Parvi-
1847 4461 1894 4522 υ

230 4535 505 4606 pendebat
539 4535 737 4604 quippe
786 4535 982 4589 lumett‘
1021 4533 1320 4588 carnalium
1362 4535 1672 4602 oculorum,
1721 4536 1813 4605 qui

233 4625 414 4680 lumen
443 4625 644 4679 meruit
671 4625 867 4679 civium
913 4639 1271 4696 supernorum
1307 4638 1353 4678 α.

297 4751 324 4779 ι
348 4737 650 4792 Bollandus
669 4737 970 4792 Comment.
1002 4738 1203 4806 praevio
1229 4753 1378 4791 num.
1405 4738 1475 4792 56
1508 4738 1816 4807 suspicatur

231 4821 291 4861 ea
321 4824 449 4878 quae
473 4813 720 4877 sequenti
741 4823 966 4863 numero
985 4807 1053 4860 24
1081 4809 1405 4872 referuntur,
1440 4808 1815 4878 additaifuisse

233 4877 353 4945 post
379 4879 593 4932 obitum
617 4877 850 4940 Alcuini,
895 4879 964 4933 ob
995 4879 1108 4932 hzec
1134 4879 1320 4938 verba,
1351 4892 1492 4946 quae
1517 4878 1591 4931 ibi
1631 4877 1816 4946 legun-

235 4944 358 5002 tur:
402 4966 422 4999 ι
463 4947 635 5004 Porro
665 4957 719 5002 et
759 4946 1037 5010 miracula,
1064 4957 1276 5018 quaret
1304 4944 1430 5001 tunc
1474 4944 1550 5011 (in
1588 4944 1816 5018 transla-

234 5019 396 5091 tione)
437 5027 592 5091 gesta
621 5025 764 5081 sunt,
806 5025 860 5071 et
896 5032 1016 5087 quae
1050 5015 1166 5091 jam
1196 5017 1282 5088 (ab
1324 5034 1384 5071 eo
1429 5017 1688 5091 tempore)
1717 5033 1816 5091 per

233 5087 404 5144 annos
431 5087 606 5143 ferme
633 5097 850 5144 centum
879 5089 1158 5158 sexaginta
1194 5087 1290 5157 per
1318 5087 1510 5142 merita
1551 5087 1690 5142 beati
1714 5087 1816 5143 Ve-

236 5158 370 5212 dasti
401 5167 622 5228 patrata
665 5166 812 5223 sunt,
835 5166 940 5212 etc.
983 5177 1002 5208 »
1052 5158 1152 5225 Qui
1183 5158 1331 5221 anni,
1382 5158 1458 5213 ait
1503 5158 1812 5223 Bollandus,

236 5229 300 5281 ab
323 5227 803 5293 ea’translatione,
837 5244 976 5282 anno
998 5228 1097 5282 667
1131 5227 1291 5291 facta,
1347 5229 1412 5284 ad
1441 5244 1638 5282 annum
1687 5229 1811 5294 804,

236 5314 341 5368 quo
369 5300 508 5355 obiit
532 5299 789 5355 Alcuinus
813 5340 826 5361 ,
864 5314 970 5352 non
1011 5299 1369 5353 intercedunt.
1419 5298 1604 5368 Neque
1649 5300 1813 5353 etiam

236 5369 304 5422 ab
332 5371 491 5450 obitu
536 5370 721 5450 sancti
762 5369 1202 5450 Veda’s‘tiiidem.
1228 5371 1355 5450 anni
1386 5369 1660 5450 numerari
1697 5385 1815 5450 pos-

237 5448 382 5504 sunt,
405 5440 554 5510 quod
578 5442 647 5495 ab
675 5454 817 5495 anno
840 5439 946 5494 540
973 5441 1138 5508 elapsi
1162 5440 1271 5493 sint
1297 5439 1513 5493 ducenti
1537 5439 1813 5509 sexaginta

238 5512 394 5574 anni,
448 5519 509 5565 ut
559 5526 734 5565 annus
784 5510 1613 5580 octingentesimushabeatur,
1668 5511 1814 5565 circa

238 5594 395 5648 quem
425 5582 535 5635 vita
568 5583 685 5637 haec
713 5580 925 5635 videtur
943 5578 1243 5635 'emendata
1273 5578 1458 5634 fuisse.

308 5653 334 5690 δ
367 5651 702 5706 Νοὸίιὶαευε.
735 5649 850 5706 Hoc
895 5649 1265 5706 Nobiliacense
1311 5649 1694 5704 monasterium
1725 5665 1815 5719 po-

245 5727 356 5777 stea
409 5722 629 5778 nomine
689 5721 864 5778 sancti
917 5721 1135 5778 Vedasti
1200 5720 1298 5776 fuit
1349 5720 1698 5793 insignitum,
1749 5735 1814 5776 ac

2334 3193 2358 3220 °
2388 3187 3063 3269 ADHORTATIO

2009 3326 2089 3384 Δί)
2148 3342 2490 3384 ῘΜΙΤΑΝΒΔΒ
2547 3340 2855 3384 VIRTUTES
2901 3339 3119 3381 SANCTI
3171 3337 3436 3381 νεωετι

2410 3439 2461 3477 IN
2499 3438 2654 3478 ACTIS
2692 3435 3030 3486 pascamus,

2165 3534 2536 3597 AUCTORE
2577 3533 2859 3594 EODEM
2908 3530 3257 3593 ALCUINO

2081 3659 2184 3718 Ea:
2217 3677 2360 3719 mss.
2399 3657 2725 3720 Vedastino
2759 3663 2814 3716 et
2844 3656 3318 3735 A'ntwerpiensi.

1991 3781 2030 3835 l.
2061 3780 2323 3843 Gaudete,
2351 3780 2684 3834 dilectissimi
2715 3777 2911 3832 fratres
2942 3779 2994 3831 in
3039 3778 3288 3840 Domino,
3316 3778 3404 3845 qui
3432 3779 3500 3831 ad

1922 3871 2253 3926 sanctissimi
2284 3870 2461 3924 Patris
2487 3878 2541 3923 et
2586 3870 2912 3938 protectoris
2959 3869 3154 3934 nostri,
3185 3869 3355 3922 sancti
3399 3870 3505 3923 sci-

1919 3965 2044 4018 licet
2075 3962 2310 4025 Vcdasti,
2366 3962 2628 4016 solemnia
2671 3961 3022 4024 convenistis,
3073 3966 3127 4012 et
3172 3959 3398 4028 spiritali
3421 3959 3510 4027 ju-

1920 4054 2196 4108 cunditate
2232 4051 2507 4116 lzetamini,
2541 4059 2596 4105 et
2617 4066 2684 4105 ex
2723 4050 2914 4104 intimo
2941 4050 3122 4104 cordis
3165 4050 3357 4103 atl‘ectu
3399 4050 3509 4104 cle-

1919 4148 2177 4202 mentiam
2230 4147 2442 4202 Domini
2497 4147 2667 4202 nostri
2721 4145 2850 4201 Jesu
2905 4145 3107 4201 Christi
3157 4146 3503 4213 collaudate,

1921 4239 2011 4308 qui
2050 4254 2148 4292 nos
2189 4240 2255 4293 ab
2289 4238 2610 4293 idololatria:
2639 4237 2918 4293 erroribus
2948 4237 3014 4292 ad
3062 4237 3392 4307 agnitionem
3422 4239 3505 4292 sui

1921 4327 2093 4382 sancti
2124 4327 2357 4382 nominis
2384 4342 2482 4396 per
2511 4327 2672 4398 hujus
2717 4327 2888 4382 sancti
2920 4326 3218 4382 sacerdotis
3243 4325 3506 4395 praedica-

1921 4421 2122 4474 tionem
2150 4421 2442 4489 perducere
2484 4420 2735 4490 dignatus
2767 4427 2869 4474 est.
2903 4419 3208 4489 Sequamur
3235 4413 3505 4472 unanimi-

1919 4517 2004 4563 ter
2034 4504 2141 4563 tam
2189 4510 2360 4565 sancti
2410 4510 2648 4565 doctoris
2676 4509 2903 4580 vestigia
2940 4527 2953 4562 :
2987 4525 3094 4563 non
3151 4508 3321 4563 simus
3366 4509 3504 4562 tanti

1915 4601 2092 4657 Patris
2149 4603 2444 4675 degeneres
2481 4603 2604 4669 filii;
2659 4601 2754 4658 sed
2803 4602 3145 4657 sanctitatem
3187 4601 3310 4654 vita:
3357 4600 3516 4689 illius.

1915 4740 2214 4794 etiamnum
2243 4741 2692 4796 celeberrimum:
2737 4735 2890 4805 cujus
2921 4737 3300 4806 inscriptiones
3343 4737 3497 4792 dabi-

1916 4826 2039 4865 mus
2069 4811 2209 4865 inter
2246 4810 2352 4864 alia
2381 4811 2522 4864 beati
2552 4808 2763 4862 Alcuini
2796 4816 3067 4875 poemata.

1990 4893 2011 4919 ο
2052 4879 2122 4932 Et
2150 4879 2379 4933 aliorum
2428 4879 2729 4932 devotorum
2757 4894 2939 4948 grege.
2983 4876 3249 4930 Nimirum
3297 4885 3498 4946 praeter

1915 4951 2230 5004 monachos.
2259 4948 2503 5003 Notanda
2535 4956 2660 5002 sunt
2705 4949 2821 5002 haec
2849 4947 3058 5002 Alcuini
3100 4948 3265 5000 verba
3287 4986 3301 5009 ,
3332 4958 3494 5016 prout

1915 5027 2098 5074 monet
2122 5018 2321 5074 Mabill.
2376 5027 2506 5072 tom.
2532 5019 2550 5072 l
2580 5018 2772 5071 Annal.
2811 5018 2934 5072 libr.
2960 5034 3050 5081 xv,
3091 5033 3242 5072 num.
3271 5017 3361 5080 49,
3392 5032 3501 5086 quo

1915 5090 2134 5145 nomine
2174 5089 2396 5144 secundi
2444 5089 2652 5143 ordinis
2707 5089 2988 5156 religiosos
3039 5090 3186 5142 viros
3225 5087 3496 5156 intelligit,

1915 5160 2102 5229 quales
2120 5168 2306 5229 postea
2331 5158 2479 5214 fuere
2509 5159 2709 5214 fratres
2732 5153 2894 5213 obfati
2920 5173 3015 5212 seu
3033 5158 3241 5229 donati,
3266 5157 3356 5226 qui
3384 5153 3500 5212 mo-

1917 5227 2215 5284 nachorum
2248 5231 2466 5283 nomine
2489 5245 2826 5298 nequaquam
2867 5227 3249 5283 censebantur.

1990 5300 2017 5339 ά
2044 5299 2198 5368 Apud
2228 5299 2545 5353 Bollandum
2577 5297 2648 5354 ita
2683 5297 2797 5355 haec
2827 5299 2949 5368 Vita
2981 5297 3250 5368 clauditur
3280 5312 3294 5349 :
3323 5314 3502 5367 perve-

1917 5364 2201 5424 niet.0biit
2231 5380 2405 5423 autem
2427 5369 2566 5423 idem
2589 5369 2832 5423 sacerdos
2861 5367 3057 5422 Christi
3092 5364 3349 5422 Vedastus
3396 5385 3497 5424 vm

1916 5439 2047 5494 Idus
2080 5437 2382 5501 Februarii,
2422 5449 2669 5510 regnante
2705 5439 2929 5493 Domino
2977 5447 3156 5492 nostra
3186 5435 3316 5492 Iesu
3344 5435 3501 5493 Chri-

1915 5521 2017 5572 sto,
2044 5519 2181 5591 _etc.,
2210 5518 2271 5591 u_t
2297 5524 2485 5591 supra.

1991 5592 2014 5620 ο
2044 5581 2099 5635 In
2149 5581 2268 5636 cod.
2317 5577 2548 5634 Vindob.
2590 5578 2729 5649 apud
2779 5577 3124 5649 Lambecium
3172 5593 3298 5633 nov.
3340 5579 3498 5644 edit.,
3547 5611 3551 5614 -

1916 5659 2062 5721 tom.
2101 5649 2120 5703 l
2153 5649 2374 5721 Annal_._,
2414 5665 2545 5721 pag.
2598 5648 2736 5721 634.
2785 5648 2972 5721 titulus
3001 5664 3014 5702 :
3047 5648 3285 5721 Homilia
3311 5651 3366 5704 in
3415 5651 3502 5704 die

1918 5720 2083 5776 natali
2109 5721 2278 5776 sancti
2318 5719 2525 5776 Vedasti
2559 5720 2818 5792 pontiﬁcis
2858 5719 2926 5774 ad
2972 5719 3220 5791 papulum
3253 5720 3497 5776 dicenda.
