3894 6182
385 377 494 432 (ΠΟ
1213 363 1277 420 Β.
1317 363 1381 420 F.
1421 361 1645 418 ALBINI
1685 359 1815 417 SEU
1855 355 2006 415 ALCl

2111 355 2130 410 ι
2167 336 2449 412 opimum
2486 349 2663 407 rans
2700 347 2765 405 v.
3521 343 3622 400 uso

389 507 602 551 morum
656 487 938 544 nobilitate
997 482 1291 540 imitemur.
1343 478 1672 548 Abjiciamus
1719 491 1751 529 a
1799 473 1952 528 nobis
1979 473 2025 531 A
2053 469 2116 524 ab
2141 483 2315 523 errore
2343 467 2441 520 via:
2485 481 2631 528 saw,
2675 463 2938 532 cooperuit
2965 459 3352 516 multitudinem
3391 472 3628 531 ρεεεαιο-

387 600 552 655 opera
582 584 944 645 tenebrarum,
977 586 1032 632 et
1067 562 1351 630 induamus
1378 585 1476 625 nos
1504 582 1653 623 arma
1699 567 1852 630 lucis,
1884 565 1957 619 si—
2057 575 2163 612 rem
2188 574 2400 612 suorum
2429 556 2571 626 (Jac.
2593 571 2649 619 v,
2675 554 2787 624 20).
2816 552 2970 608 Scire
3016 552 3294 616 debemus,
3325 551 3631 606 charissimi

392 643 485 733 cut
513 679 566 731 in
590 675 678 730 die
697 643 1281 728 honesteambulemus
1317 683 1331 718 :
1356 664 1482 733 quia
1514 675 1621 715 nox
1645 655 1959 729 ignorantiae
2057 649 2274 714 fratres,
2299 649 2441 718 quod
2468 656 2699 716 quantas
2721 645 2930 699 animas
2949 644 3174 713 quisque
3200 644 3440 698 lucratus
3470 643 3635 699 fuerit

394 767 641 831 recessit,
675 773 731 820 et
771 778 913 818 vera:
959 760 1200 816 scientiae
1254 755 1410 811 nobis
1449 753 1628 806 lumen
1675 749 1868 811 illuxit,
1900 754 1961 801 ut
2059 739 2188 805 Deo,
2222 748 2400 793 tantas
2427 746 2747 806 accepturus
2794 737 2898 790 erit
2925 737 3200 791 mercedes
3225 752 3255 790 a
3279 736 3408 791 Deo.
3462 735 3637 804 Quan-

397 860 491 914 tilii
539 827 674 912 lucis
702 856 755 909 in
782 853 928 910 omni
976 850 1232 905 castitate
1273 853 1329 900 et
1373 845 1575 914 pietate
1606 839 1959 894 ambulemus.
2061 837 2172 882 tam
2202 829 2428 900 gloriam
2474 827 2673 882 habere
2700 827 2900 896 putatis
2945 834 3189 882 sanctum
3239 827 3535 882 Vedasmm
3583 828 3637 881 ίη

394 951 511 1006 Non
543 949 652 1003 sint
691 945 917 1014 alicujus
969 939 1220 1010 nequitia:
1263 935 1350 990 vel
1391 933 1608 987 malitia:
1656 928 1868 986 occulta
1909 927 1964 980 in
2063 920 2274 975 cmlesti
2301 933 2466 989 regno
2487 931 2607 972 cum
2644 916 2882 981 Christo,
2919 917 3009 986 qui
3050 924 3158 971 tam
3189 916 3640 972 innumerabilem

398 1041 651 1096 cordibus
677 1035 877 1090 nostris
897 1030 1101 1086 semina
1134 1046 1146 1080 :
1173 1027 1299 1096 quia
1321 1025 1482 1079 homo
1503 1021 1646 1075 videt
1674 1020 1728 1072 in
1749 1017 1964 1080 faciem,
2065 1011 2321 1081 populum
2343 1011 2522 1064 sedula
2545 1009 2923 1091 praedicatione
2947 1009 3166 1064 Christo
3195 1009 3250 1063 in
3275 1008 3438 1063 terris
3461 1009 3644 1078 acqui-

398 1131 541 1185 Deus
593 1136 771 1182 autem
825 1123 985 1177 corda
1036 1119 1379 1181 considerat,
1437 1128 1537 1168 nec
1586 1110 1788 1179 aliquid
1827 1107 1968 1162 illius
2069 1100 2342 1155 sivit?Vel
2365 1108 2564 1168 quanta
2589 1100 2660 1153 sit
2685 1099 2850 1170 gloria
2875 1099 3067 1154 anima:
3086 1098 3226 1153 illius
3247 1099 3481 1168 speratis
3503 1097 3644 1152 inter

399 1216 801 1287 omnipotentiae
849 1211 1020 1267 oculis
1070 1206 1330 1263 occultari
1358 1211 1551 1274 potest.
1595 1201 1971 1269 Pratparemus
2070 1191 2311 1259 angelos,
2345 1190 2467 1244 dum
2497 1197 2703 1243 tantum
2733 1190 2993 1245 honorem
3037 1190 3201 1244 habet
3246 1205 3445 1258 corpus
3501 1189 3642 1244 illius

398 1328 496 1368 nos
527 1281 578 1364 in
607 1309 752 1364 omni
777 1307 1044 1367 bonitate,
1094 1299 1475 1369 ut'praeclarus
1501 1293 1743 1364 pontifex
1769 1299 1824 1346 et
1851 1292 1972 1359 pius
2075 1282 2220 1362 inter
2238 1282 2518 1367 homines?
2546 1281 2638 1336 Vel
2666 1281 2794 1350 quid
2816 1297 2920 1335 non
2946 1290 3126 1351 potest
3151 1282 3371 1352 pietatis
3392 1283 3645 1352 precibus

398 1401 721 1470 prredicator
744 1405 925 1449 noster
949 1393 1211 1447 Vedastus
1250 1388 1488 1457 gaudens
1511 1399 1611 1439 nos
1653 1390 1775 1437 ante
1806 1381 1975 1435 tribu-
2076 1373 2369 1442 impetrare
2396 1373 2451 1425 in
2473 1372 2648 1437 ccelis,
2677 1373 2767 1441 qui
2804 1374 2970 1427 tantis
3013 1374 3067 1427 in
3097 1372 3298 1428 mundo
3333 1373 3532 1427 claruit
3554 1374 3648 1426 mi-

402 1462 489 1543 nal
521 1487 716 1542 summi
739 1483 935 1551 judicis
966 1482 1019 1534 in
1049 1481 1136 1533 die
1165 1477 1351 1531 ultimo
1380 1474 1629 1537 deducat,
1660 1469 1815 1539 1'73
1846 1481 1978 1538 qua-
2077 1462 2306 1517 raculis?
2333 1462 2437 1518 Sed
2459 1464 2707 1537 omnibus
2729 1464 2998 1518 miraculis
3025 1464 3196 1534 major
3221 1471 3306 1518 est
3326 1464 3649 1535 evangelica“:

403 1590 565 1632 tenus
595 1593 662 1630 ex
685 1572 1075 1628 numerositate
1094 1569 1321 1622 filiorum
1342 1563 1484 1618 illius
1503 1561 1839 1617 eumulemur
1866 1558 1978 1628 glo-
2077 1553 2473 1622 praedicationis
2500 1555 2783 1619 instantia,
2799 1562 2854 1609 et
2879 1563 3078 1608 sancta:
3105 1555 3389 1609 cbaritatis
3411 1556 3466 1609 in
3490 1557 3652 1610 corde

401 1669 504 1731 ria,
537 1675 592 1719 et
623 1679 720 1717 nos
744 1677 866 1716 cum
890 1660 978 1713 illo
1009 1654 1416 1712 desiderabilem
1461 1651 1645 1705 audire
1673 1660 1980 1703 mereamur
2083 1644 2398 1715 fragrantia.
2431 1645 2597 1700 Valde
2636 1647 2779 1701 enim
2823 1646 3054 1701 viriliter
3102 1656 3322 1717 accepta
3358 1647 3652 1704 Dominica:

403 1761 726 1817 sententiam
766 1775 779 1810 :
825 1755 1019 1815 Venite,
1051 1750 1306 1806 benedicti
1346 1746 1528 1800 Patris
1569 1745 1704 1808 mei,
1735 1741 1980 1812 percipite
2015 1809 2050 1817 _
2080 1736 2322 1804 peCuniae
2350 1736 2550 1790 talenta
2597 1729 2955 1805 multiplicare
2983 1739 3216 1804 studuit;
3257 1741 3377 1794 ideo
3424 1739 3654 1796 feliciter

407 1867 620 1921 regnum
647 1889 662 1913 ,
711 1846 849 1918 quod
885 1843 1023 1898 vobis
1056 1850 1301 1911 paratum
1343 1848 1418 1891 est
1447 1836 1510 1891 ab
1564 1835 1762 1901 origine
1797 1831 1978 1885 mundi
2013 1809 2055 1868 Β
2086 1827 2187 1881 sibi
2213 1827 2494 1880 Dominum
2525 1828 2706 1882 audiet
2735 1828 3000 1884 dicentem
3029 1847 3042 1882 :
3077 1829 3222 1898 Euge
3255 1846 3397 1884 serve
3430 1830 3562 1884 bone
3607 1841 3654 1885 et

407 1918 622 2010 (dfattlt.
646 1955 772 2002 xxv,
798 1937 910 2007 54).
933 1935 1024 1988 Ille
1052 1934 1118 1988 de
1142 1930 1348 1986 cmlesti
1388 1927 1564 1997 patria
1589 1925 1691 1994 piis
1723 1921 1984 1978 orationi-
2085 1918 2275 1988 ﬁdelis,
2298 1922 2420 1988 quia
2449 1937 2604 1989 super
2624 1924 2791 1990 pauca
2830 1921 2976 1988 fuisti
3002 1921 3191 1990 ﬁdelis,
3214 1939 3368 1992 super
3411 1922 3583 1977 multa
3610 1934 3655 1978 te

407 2007 506 2087 bus
534 2038 776 2085 nostrum
797 2025 1038 2097 quotidie
1065 2037 1288 2092 agonem
1312 2017 1565 2086 adjuvare
1611 2029 1718 2068 non
1748 2011 1981 2075 desistit,
2086 2011 2416 2076 constituam,
2445 2010 2584 2064 intra
2607 2012 2661 2065 in
2687 2012 2936 2080 gaudium
2962 2011 3171 2065 Domini
3193 2015 3268 2065 tui
3287 2007 3504 2083 (Matth.
3530 2029 3656 2077 xxv,

410 2108 1585 2189 desideransnosts.,Vedast.,desiderans
1613 2101 1762 2173 suos]
1781 2100 1985 2156 charis—
2085 2099 2197 2172 23).
2231 2099 2402 2154 Parva
2438 2109 2564 2154 sunt
2599 2102 2880 2170 praesentis
2934 2102 3058 2156 vitae
3101 2103 3240 2156 bona
3288 2102 3339 2156 in
3381 2118 3660 2173 compara-
3735 2133 3742 2141 ι

410 2214 578 2268 simos
605 2211 764 2272 filios,
780 2187 913 2276 quos
930 2211 1153 2274 paterna
1175 2201 1376 2269 pietate
1396 2196 1582 2266 genuit
1598 2194 1650 2247 in
1668 2191 1901 2253 Christo,
1920 2187 1988 2242 ad

412 2302 638 2372 gloriam
685 2306 956 2368 perpetuae
999 2293 1184 2346 venire
1230 2285 1600 2343 beatitudinis.
1633 2282 1983 2349 Quapropter,

414 2391 722 2449 charissimi
742 2388 962 2449 fratres,
989 2381 1359 2450 unusquisque
1383 2378 1437 2431 in
1465 2390 1563 2431 suo
1591 2373 1776 2427 ordine
1798 2384 1990 2424 secun-

413 2485 540 2539 dum
575 2481 770 2535 virium
823 2474 1155 2535 facultatem,
1209 2469 1422 2524 fortiter
1456 2462 1735 2520 diabolicis
1776 2459 1992 2513 resistat

412 2569 869 2640 suggestionibus,
903 2573 960 2618 ut
1001 2570 1255 2617 aeternam
1285 2554 1540 2624 triumphi
1587 2564 1840 2606 coronam
1867 2562 1991 2602 cum

415 2664 508 2732 pio
535 2666 758 2730 parente
786 2664 972 2709 nostro
1016 2651 1261 2718 accipere
1305 2647 1500 2716 dignus
1546 2641 1826 2696 efﬁciatur.
1869 2637 1992 2690 Non

417 2729 690 2806 suntenim
721 2745 1012 2814 condigna’,
1034 2750 1095 2795 ut
1119 2741 1197 2794 ait
1214 2737 1522 2809 Apostolus,
1545 2734 1810 2805 passiones
1836 2729 1993 2798 hujus

419 2839 665 2908 temporis
695 2835 762 2889 ad
806 2840 1228 2903 superventuram
1260 2825 1503 2896 gloriam,
1529 2838 1644 2893 qum
1687 2818 1996 2873 revelabitur

418 2934 474 2987 in
522 2930 666 2984 nobis
715 2926 892 2999 (Rom.
921 2940 1042 2982 vm.
1094 2919 1203 2990 18).
1235 2919 1402 2989 Igitur
1428 2916 1592 2970 breve
1620 2911 1818 2967 laboris
1859 2917 1995 2964 tem-

419 3040 520 3097 pus
542 3021 717 3077 divina
743 3016 898 3073 nobis
940 3013 1106 3068 voluit
1134 3026 1253 3066 esse
1286 3010 1481 3080 pictas,
1507 3014 1562 3060 et
1590 3003 1777 3075 agonis
1821 3001 1996 3058 nostri

425 3094 837 3171 retributionem
861 3122 980 3162 esse
1008 3111 1342 3176 perpetuam,
1371 3107 1424 3154 et
1452 3113 1548 3168 pro
1587 3095 1868 3166 temporali
1897 3094 1998 3150 tri-

316 3220 333 3234 °
424 3207 733 3269 bulatione,
773 3196 1140 3273 permanentis
1183 3194 1364 3264 gloriae
1390 3189 1639 3246 mercede
1669 3188 1924 3258 gaudere.

490 3297 556 3351 ll.
595 3292 913 3348 Audiviznus
937 3289 1140 3356 itaque,
1175 3299 1298 3338 cum
1338 3281 1450 3336 Deo
1479 3278 1662 3334 dilecti
1705 3275 2003 3332 sacerdotis

423 3385 550 3440 Vita
575 3385 868 3453 legeretur,
893 3384 1150 3446 quantam
1181 3375 1234 3428 in
1259 3371 1404 3428 omni
1439 3369 1682 3423 bonitate
1707 3368 1894 3423 habuit
1919 3368 2008 3422 de-

423 3473 696 3528 votionem
725 3508 739 3532 ,
801 3463 1067 3534 quomodo
1095 3476 1194 3530 per
1225 3456 1565 3513 abstinentia:
1587 3457 1820 3525 rigorem
1849 3469 2006 3509 suum

424 3557 712 3628 castigavit
736 3568 952 3623 corpus,
983 3550 1212 3619 qualiter
1261 3563 1358 3616 per
1385 3545 1669 3600 cbaritatis
1695 3543 1869 3598 oﬂicia
1894 3558 2008 3598 om-

427 3653 588 3707 nibus
612 3647 868 3718 prodesse
897 3641 1196 3699 contendit.
1227 3638 1544 3694 lncedamus
1569 3652 1691 3691 cum
1717 3635 1863 3690 omni
1904 3635 2014 3689 ala.

427 3743 624 3798 critate
661 3737 880 3799 mentis,
923 3741 978 3788 et
1025 3740 1140 3789 tota
1183 3731 1380 3785 virium
1413 3727 1671 3783 facultate
1708 3727 1850 3780 illius
1883 3725 2009 3779 vita:

427 3831 678 3903 vestigia,
706 3836 767 3883 ut
788 3823 1164 3888 beatitudinis,
1187 3822 1242 3876 in
1272 3836 1377 3891 qua
1409 3826 1599 3892 regnat
1623 3834 1744 3874 cum
1766 3816 2008 3881 Christo,

428 3929 709 3980 consortes
737 3916 878 3972 effici
908 3929 1230 3969 mereamur.
1271 3910 1425 3966 Nulla
1479 3907 1712 3965 carnalis
1765 3905 2013 3975 concupi-

431 4014 660 4078 scentia,
692 4010 836 4064 nulla
899 4005 1176 4062 saecularis
1211 4003 1459 4066 ambitio,
1496 4000 1754 4070 impediat
1781 3999 1889 4054 iter
1923 4012 2014 4052 no-

432 4113 625 4159 strum.
655 4101 947 4156 Curramus
973 4113 1070 4167 per
1105 4109 1269 4165 opera
1296 4091 1515 4163 pietatis
1545 4090 1611 4144 ad
1642 4087 1881 4144 caelestis
1927 4104 2016 4157 pa-

435 4196 553 4249 tria:
582 4200 788 4264 portas.
816 4188 1144 4257 Exspectant
1188 4189 1286 4240 nos
1315 4184 1462 4238 cives
1489 4189 1708 4235 aeterna:
1736 4178 1979 4234 civitatis
1997 4219 2011 4243 ,

435 4293 491 4341 et
547 4300 642 4338 rex
680 4283 817 4350 ipse,
849 4279 941 4348 qui
973 4277 1087 4330 vult
1131 4287 1320 4330 omnes
1348 4271 1596 4338 homines
1645 4269 1821 4324 salvos
1854 4267 1971 4322 fieri
1997 4309 2012 4332 ,

436 4383 676 4430 nostram
703 4385 825 4425 cum
848 4367 1052 4421 sanctis
1078 4365 1190 4418 suis
1220 4363 1566 4416 vehementer
1615 4358 1889 4413 desiderat
1937 4371 2019 4409 sa-

436 4465 621 4518 lutem.
647 4461 808 4514 Decet
831 4457 973 4510 enim
1003 4469 1100 4508 nos
1128 4453 1269 4506 illius
1290 4465 1411 4504 esse
1439 4457 1820 4517 cooperatores
1851 4446 1904 4500 in
1933 4460 2016 4499 sa-

435 4549 549 4613 lute
578 4563 785 4618 nostra,
812 4552 900 4622 qui
946 4565 1040 4604 nos
1068 4549 1122 4602 in
1170 4553 1379 4600 tantum
1407 4542 1593 4598 dilexit
1619 4582 1634 4606 ,
1689 4547 1748 4594 ut
1794 4540 2012 4608 proprio

436 4649 575 4704 Filio
602 4662 699 4700 suo
727 4660 832 4699 non
856 4646 1130 4712 parceret,
1162 4637 1255 4692 sed
1289 4649 1388 4705 pro
1428 4633 1581 4687 nobis
1629 4629 1879 4685 omnibus
1907 4636 2016 4682 tra-

440 4740 579 4796 didit
602 4737 769 4791 illum.
796 4735 1092 4803 Diligamus
1111 4744 1233 4784 eum
1261 4768 1276 4793 ,
1321 4726 1447 4797 quia
1497 4724 1585 4778 ille
1618 4723 1770 4792 prior
1826 4720 2016 4776 dilexit

438 4845 538 4884 nos
564 4842 579 4880 :
609 4826 867 4880 faciamus
892 4823 1034 4877 illius
1059 4819 1412 4882 voluntatem,
1440 4815 1566 4886 quia
1599 4813 1846 4868 voluntas
1874 4811 2016 4866 illius

439 4917 672 4973 felicitas
696 4923 780 4971 est
795 4922 997 4969 nostra.
1017 4912 1322 4967 Habeamus
1349 4921 1559 4975 semper
1585 4905 1638 4960 in
1661 4910 1840 4958 mente
1877 4903 2018 4972 quod

442 5012 559 5082 ipsa
585 5008 802 5064 Veritas
849 5003 1062 5059 cuidam
1093 5000 1244 5056 diviti
1295 4997 1573 5067 respondit
1613 4996 1669 5050 in
1699 4991 2016 5064 Evangelio:

445 5081 507 5156 Si
532 5100 610 5154 vis
631 5098 788 5152 vitam
814 5091 1038 5164 ingredi,
1068 5104 1217 5144 serva
1251 5087 1501 5141 mandata
1525 5084 1737 5157 (Matth.
1762 5099 1880 5146 xix,
1908 5081 2016 5150 l7).

447 5191 578 5259 Quae
641 5195 767 5244 sunt
823 5182 1098 5247 mandata,
1150 5181 1258 5237 nisi
1317 5179 1556 5234 charitas
1583 5177 1679 5232 Dei
1710 5184 1764 5232 et
1805 5175 2025 5242 dilectio

445 5281 713 5352 proximi?
745 5280 800 5335 ln
822 5277 908 5332 his
953 5274 1159 5329 duobus
1218 5270 1500 5342 praeceptis
1549 5275 1658 5324 tota
1699 5267 1786 5322 lex
1825 5266 2024 5337 pendet

448 5379 504 5425 et
551 5369 845 5441 prophetae.
903 5362 1127 5420 Dilectio
1199 5361 1379 5430 itaque
1446 5357 1679 5428 proximi
1729 5356 1784 5410 in
1843 5355 2023 5435 operi-

449 5434 571 5516 bus-
605 5434 993 5515 misericordiae
1037 5452 1454 5523 comprobatur:
1485 5448 1576 5516 qui
1629 5445 1810 5501 saeculi
1857 5434 2022 5500 habet

453 5551 812 5606 substantiam
851 5590 867 5614 ,
931 5547 1225 5603 auxilietur
1297 5558 1404 5598 non
1464 5539 1707 5594 habenti.
1774 5536 1875 5604 Qui
1927 5535 2023 5591 do-

452 5639 642 5694 ctrinae
695 5639 856 5691 habet
914 5634 1195 5691 scientiam
1224 5674 1240 5698 ,
1291 5631 1530 5700 corrigat
1568 5634 1841 5682 errantem
1879 5666 1894 5690 ,
1944 5623 2024 5678 di-

454 5736 608 5786 cente
637 5726 877 5793 apostolo
931 5724 1129 5778 Iacobo
1160 5743 1173 5777 :
1208 5722 1310 5787 Qui
1367 5718 1671 5774 converterit
1700 5725 2022 5786 precatorem

2089 2191 2237 2246 tione
2263 2190 2562 2244 fumrorum
2588 2192 2870 2246 bonorum.
2899 2191 3003 2247 Sed
3027 2192 3116 2261 qui
3144 2193 3199 2246 in
3219 2193 3304 2247 his
3333 2194 3564 2250 fideliter
3591 2195 3662 2249 la-

2087 2281 2267 2345 borat,
2302 2280 2357 2334 in
2385 2280 2490 2334 illis
2517 2280 2745 2335 fideliter
2773 2283 3094 2351 requiescet.

2159 2369 2244 2424 lll.
2283 2369 2390 2424 Iste
2431 2377 2672 2437 sanctus,
2707 2369 2771 2424 ad
2793 2370 2945 2438 cujus
2965 2387 3289 2428 concurrere
3316 2373 3451 2428 festa
3499 2376 3665 2430 volui-

2091 2457 2214 2523 stis,
2243 2473 2342 2528 pro
2366 2459 2656 2512 multorum
2685 2459 2952 2514 laboravit
2999 2461 3170 2515 salute
3190 2501 3204 2524 ,
3242 2461 3361 2516 ideo
3406 2463 3663 2531 plurimo-

2092 2565 2213 2604 rum
2243 2551 2460 2618 praemia
2487 2549 2542 2604 in
2571 2550 2656 2605 die
2675 2549 2864 2621 judicii
2894 2561 3242 2621 suscepturus
3270 2553 3393 2606 erit.
3419 2552 3666 2623 Seipsum

2091 2655 2190 2710 per
2209 2640 2549 2694 abstinentiae
2568 2641 2862 2696 maceravit
2889 2642 3141 2713 rigorem,
3179 2643 3301 2697 aliis
3325 2644 3666 2712 praedicatio-

2093 2729 2180 2785 nis
2232 2729 2435 2800 profuit
2470 2731 2778 2795 sedulitate,
2808 2732 2927 2785 ideo
2983 2731 3264 2787 laudabilis
3288 2734 3540 2788 omnibus
3581 2751 3671 2789 ex-

2094 2827 2228 2884 stat,
2253 2819 2409 2889 juxta
2445 2837 2632 2876 voccm
2679 2820 3064 2890 sapientissimi
3115 2821 3450 2878 Salomonis:
3480 2824 3673 2878 Memo-

2097 2913 2180 2967 ria
2217 2911 2354 2982 justi
2390 2927 2507 2966 cum
2563 2913 2806 2965 laudibus
2835 2953 2850 2976 ,
2909 2923 2958 2965 et
3009 2929 3194 2968 nomen
3248 2915 3524 2982 impiorum
3573 2932 3672 2985 pu-

2097 3012 2281 3059 trescet
2308 2999 2488 3075 (Prov.
2521 3019 2579 3066 x,
2607 3001 2682 3071 7).
2730 3000 2867 3055 Dum
2905 3003 3017 3056 vita
3055 3003 3324 3072 justorum
3379 3003 3629 3058 laudatur
3654 3045 3671 3070 ,

2100 3094 2360 3165 iniquitas
2391 3092 2678 3161 impiorum
2703 3091 2859 3160 quasi
2898 3100 3105 3145 stercus
3132 3092 3427 3146 detestatur
3466 3092 3534 3145 ab
3553 3107 3676 3147 om-

2102 3187 2283 3242 nibus.
2331 3183 2472 3250 Quid
2517 3189 2600 3237 est
2635 3181 2846 3237 felicius
2895 3197 3057 3250 quam
3105 3182 3160 3235 in
3205 3183 3344 3237 bona
3381 3197 3676 3237 conversa-

2105 3277 2252 3331 tione
2280 3291 2312 3329 a
2350 3275 2460 3328 Deo
2504 3281 2777 3342 perpetuae
2830 3272 3127 3341 promereri
3183 3273 3535 3327 beatitudinis
3574 3272 3685 3344 glo-

2105 3366 2264 3430 riam,
2294 3371 2350 3418 et
2375 3364 2615 3417 omnium
2636 3377 2730 3417 ore
2754 3362 2996 3416 laudari?
3043 3361 3352 3433 Cogitemus
3397 3363 3639 3433 quotidie
3662 3403 3679 3428 ,

2104 3473 2210 3528 qua
2240 3455 2435 3510 ﬁducia
2463 3453 2745 3508 veniamus
2789 3460 2913 3508 ante
2945 3453 3177 3508 tribunal
3207 3453 3402 3508 summi
3443 3453 3646 3521 judicis
3665 3497 3681 3520 ,

2105 3546 2233 3615 quid
2256 3543 2384 3599 boni
2411 3542 2590 3612 operis
2610 3542 2892 3597 nobiscum
2919 3541 3243 3597 deferamus.
3271 3541 3524 3611 Equitas
3540 3543 3685 3599 illius

2106 3637 2305 3693 nullius
2343 3635 2573 3704 accipiet
2597 3649 2915 3704 personam;
2947 3635 3040 3688 sed
3077 3634 3367 3703 unicuique
3392 3635 3582 3689 reddet
3608 3650 3687 3690 se-

2107 3728 2338 3782 cundum
2359 3739 2524 3796 opera
2552 3737 2647 3780 sua
2674 3743 2687 3778 :
2718 3731 2774 3778 et
2803 3723 2896 3794 qui
2921 3722 3041 3792 plus
3069 3722 3279 3777 laborat
3301 3723 3354 3776 in
3377 3738 3540 3792 opere
3564 3723 3686 3789 Dei,

2106 3818 2228 3889 plus
2259 3816 2526 3872 mercedis
2573 3816 2804 3885 accipiet
2838 3815 2895 3868 in
2923 3829 3088 3885 regno
3134 3813 3249 3869 Dei.
3305 3813 3689 3884 Unusquisque

2111 3911 2165 3965 in
2192 3925 2298 3980 qua
2324 3908 2611 3964 vocatione
2637 3914 2861 3962 vocatus
2894 3913 3000 3972 est,
3031 3906 3087 3960 in
3140 3920 3204 3960 ea
3256 3904 3491 3959 viriliter
3532 3919 3690 3960 suam

2110 4007 2365 4071 operetur
2402 3998 2648 4054 salutem.
2675 3997 2938 4053 Omnibus
2965 3996 3203 4052 caelestis
3233 3997 3384 4067 regni
3406 3997 3572 4066 janua
3596 4009 3694 4066 pa-

2112 4092 2293 4158 tescit,
2329 4090 2488 4162 174
2515 4088 2610 4145 sed
2657 4088 2978 4143 meritorum
3007 4087 3236 4156 qualitas
3262 4087 3424 4141 alium
3451 4087 3694 4142 introdu-

2112 4183 2400 4248 cit,‘alium
2451 4179 2688 4250 expellit.
2737 4177 2907 4244 Quam
2938 4177 3194 4232 miserum
3224 4184 3307 4232 est
3351 4176 3624 4231 hominem
3661 4190 3693 4229 a

2115 4277 2284 4349 gloria
2313 4275 2523 4331 excludi
2561 4280 2872 4330 sanctorum
2899 4312 2914 4336 ,
2967 4278 3020 4326 et
3054 4270 3271 4325 aeternis
3312 4285 3433 4324 cum
3480 4267 3694 4322 diabolo

2117 4368 2364 4439 deputari
2392 4366 2654 4420 ﬂammis!
2684 4363 3037 4417 Peccatorum
3065 4363 3281 4416 sarcina
3311 4360 3548 4413 animam
3573 4358 3698 4412 sub-

2047 4489 2092 4552 D
2119 4463 2314 4531 mergit
2337 4461 2391 4514 in
2417 4466 2621 4528 tartara
2648 4474 2660 4510 :
2687 4453 2916 4522 iustitia:
2965 4452 3293 4507 abundantia
3323 4451 3389 4505 ad
3418 4449 3698 4504 cmlestem

2117 4554 2295 4607 evehit
2353 4548 2600 4620 gloriam.
2659 4546 3090 4613 Frequentemus
3143 4541 3342 4610 saepius
3408 4537 3697 4593 ecclesiam

2117 4641 2356 4705 Christi;
2399 4638 2681 4692 audiamus
2715 4636 2770 4690 in
2815 4649 2880 4689 ea
2925 4632 3235 4703 diligentius
3277 4630 3438 4684 verba
3476 4628 3605 4692 Dei;
3643 4635 3699 4682 et

2118 4731 2262 4802 quod
2281 4745 2411 4785 aure
2433 4728 2764 4798 percipimus
2790 4765 2805 4789 ,
2847 4725 2951 4779 hoc
2999 4722 3160 4776 corde
3205 4721 3536 4774 retineamus
3563 4757 3579 4782 ,
3639 4723 3701 4770 ut

2120 4821 2352 4876 fructum
2381 4819 2505 4874 boni
2530 4817 2711 4887 operis
2737 4815 2970 4869 feramus
2992 4813 3047 4866 in
3061 4810 3348 4881 patientia,
3375 4815 3430 4861 et
3460 4806 3703 4860 fraterno

2122 4925 2306 4965 amore
2333 4905 2702 4976 unusquisque
2727 4903 2893 4956 alium
2939 4899 3190 4970 adjuvare
3234 4896 3471 4950 studeat.
3523 4892 3703 4947 liabe-

2123 5018 2244 5058 mus
2263 4999 2521 5070 praaclara
2547 4993 2876 5052 sanctissimi
2919 4989 3098 5045 Patris
3148 4987 3321 5043 nostri
3366 4984 3706 5040 abundanter

2124 5091 2369 5160 exempla
2400 5089 2454 5142 in
2477 5086 2623 5142 omni
2665 5082 2952 5139 cbaritatis
2976 5079 3174 5143 ofﬁcio,
3204 5079 3261 5133 in
3295 5075 3417 5132 ﬁdei
3449 5073 3663 5128 fervore
3689 5112 3704 5136 ,

2125 5185 2180 5238 in
2201 5182 2315 5254 spei
2345 5177 2777 5252 longanimitate,
2796 5175 2852 5229 in
2867 5169 3278 5243 perseverantia
3301 5167 3468 5222 totius
3497 5165 3710 5221 bonita-

2126 5277 2196 5330 tis
2221 5275 2385 5330 illius.
2415 5271 2585 5339 Quem
2615 5275 2763 5325 tanta
2791 5265 3130 5322 celebramus
3163 5261 3342 5322 laude,
3367 5267 3423 5315 et
3443 5264 3600 5313 tanto
3634 5255 3712 5311 di-

2126 5366 2339 5437 ligimus
2361 5375 2566 5427 amore,
2611 5367 2725 5415 tota
2753 5356 2954 5412 mentis
2984 5353 3288 5410 intentione
3315 5352 3372 5406 in
3408 5349 3555 5406 omni
3582 5362 3712 5402 con-

2126 5456 2434 5512 versatione
2481 5457 2668 5506 sancta
2705 5460 2996 5519 sequamur
3018 5442 3246 5513 vestigia
3272 5439 3410 5509 ejus,
3441 5445 3712 5510 quatenus

2125 5552 2270 5620 yiam
2296 5551 2421 5604 vita:
2441 5547 2583 5601 illius
2605 5550 2889 5600 currentes
2927 5546 3145 5595 mterna:
3193 5532 3550 5591 beatitudinis
3583 5541 3709 5585 cum

2129 5641 2219 5695 illo
2238 5640 2464 5711 gloriam
2492 5636 2736 5705 accipere
2777 5643 3102 5692 mereamur,
3133 5625 3429 5682 auxiliante
3454 5636 3552 5676 nos
3584 5632 3712 5687 rege

2129 5740 2333 5785 aeterno
2360 5727 2589 5784 Domino
2617 5730 2806 5780 nostro
2827 5721 2953 5778 Jesu
2980 5718 3196 5775 Christo
3215 5757 3230 5784 ,
3269 5715 3361 5785 qui
3393 5727 3517 5769 cum
3545 5711 3711 5765 Patre
