3894 6182
406 281 530 345 ,685

1261 267 1335 329 Β.
1372 270 1437 331 F.
1476 274 1702 331 ALBINI
1740 274 1869 330 εει]
1909 273 2182 332 ALCUINI
2216 272 2500 332 NERUM
2535 272 2715 331 PARS
2753 274 2814 328 ν.

3576 272 3680 332 ω

428 400 570 449 tione
591 390 812 464 pretiosi
837 389 1083 459 corporis
1109 381 1372 447 in’locum
1401 388 1659 458 priorem,
1676 386 1883 443 dictatu
1906 385 2000 441 ad-
2025 388 2075 448 Δ
2099 387 2426 455 salvaretur,
2447 388 2697 448 obtinuit.
2729 388 2839 445 Nec
2859 387 3083 445 limem
3106 390 3295 459 gratia
3318 388 3417 446 Dei
3446 404 3679 449 accensa

426 487 641 542 modum
688 482 1089 553 compendiose,
1117 482 1273 538 titulo
1296 481 1446 539 Vita:
1480 480 1780 537 beatissimi
1804 480 1999 535 Richa-

427 577 493 632 rii
523 577 647 630 almi
671 574 849 628 Patris
880 571 1013 645 [Αι.,
1041 572 1339 629 beatissimi
1362 567 1538 626 Patris
1557 570 1823 644 Richarii]
1853 578 2001 642 apta-

425 670 642 724 vimus:
679 676 734 722 et
776 665 881 720 nisi
936 664 1150 735 propria
1210 662 1450 732 decipior
1478 661 1787 733 imperitia,
1834 661 2000 716 veluti

426 762 721 831 pretiosum
746 772 936 813 aurum
968 755 1102 828 [Al.,
1127 751 1409 825 obryzum]
1460 759 1657 809 vestrae
1700 753 2003 823 prudentis-

429 857 579 912 sima:
611 856 915 927 sapientize,
941 854 1008 909 ad
1052 852 1353 908 ornandum
1403 850 1650 905 diadema
1678 848 2000 904 Christianis

430 946 796 1016 philosophia},
820 944 923 999 fide
948 942 1132 999 humili
1173 940 1517 996 devotissime
1540 938 1996 995 commendamus.

430 1035 495 1089 Et
528 1035 651 1106 quia
674 1035 726 1087 in
749 1033 917 1087 vestri
946 1031 1184 1102 pectoris
1219 1029 1380 1085 cubili
1414 1028 1640 1099 gloriam
1660 1026 1889 1090 Christi,
1947 1033 2002 1080 et

429 1136 740 1182 sanctorum
776 1123 891 1193 ejus
912 1125 1171 1179 honorem
1196 1136 1422 1193 regnare
1455 1120 1848 1192 cognoscimus,
1865 1118 2003 1173 hanc

428 1220 598 1275 nostri
631 1227 738 1273 tam
758 1217 903 1273 beati
948 1216 1191 1288 opusculi
1218 1214 1587 1287 praefationem
1610 1220 1803 1269 vestra:
1829 1213 1883 1267 in
1908 1212 2005 1267 Do-

431 1314 578 1368 mino
603 1313 773 1367 beata:
793 1309 1218 1365 honorificentia;
1242 1309 1572 1364 dedicamus.

790 1434 1058 1511 VITIE
1116 1432 1635 1511 HISTORIA.

433 1577 455 1603 ⁸
472 1581 668 1625 GESTA
692 1582 1075 1626 SACERDOTl-S
1097 1580 1297 1625 MAGNI
1319 1581 1525 1625 TENET
1547 1580 1685 1624 ISTE
1706 1580 2004 1624 ιιηιιυε

514 1663 822 1717 liICﬂARll,
864 1660 1052 1704 CUJUS
1095 1661 1381 1704 CENTULA
1429 1657 1668 1704 CORPUS
1712 1660 1942 1704 ΗΔΒΕΤ.

859 1782 1017 1853 17s
1050 1780 1277 1837 CAPUT
1306 1777 1603 1836 PRIMUM.

437 1875 617 1937 Ortus,
647 1872 909 1927 conversio
938 1871 1007 1924 ad
1056 1871 1214 1925 vitam
1260 1870 1425 1940 piant,
1453 1869 1801 1923 sacerdotium
1823 1909 1837 1935 ,
1887 1883 2011 1940 pro-

794 1942 922 1996 mimi
944 1941 1139 2012 adjuti,
1168 1941 1326 1995 etiam
1350 1940 1614 1995 Britanni.

506 2056 546 2111 l.
589 2055 941 2126 Temporibus
972 2052 1082 2125 [AL
1114 2094 1130 2119 ,
1162 2052 1436 2125 tempore]
1458 2052 1834 2124 gloriosissimi
1871 2052 2013 2124 regis

442 2148 774 2204 Francorum
800 2145 1220 2216 Dagoberti,qui
1238 2152 1297 2200 et
1317 2146 1563 2200 saeculari
1597 2152 1865 2215 potestate
1882 2160 2016 2215 prte-

437 2240 638 2303 clarus,
659 2244 715 2292 et
737 2236 1046 2292 Christiana
1105 2234 1365 2306 religione
1396 2232 1593 2289 nobilis
1643 2231 1840 2288 cﬂulsit
1865 2233 2014 2305 (nam

436 2338 493 2385 et
526 2322 814 2400 optimates
840 2342 968 2383 suos
994 2325 1345 2397 dignitatibus
1370 2323 1629 2381 exaltavit
1655 2364 1670 2388 ,
1715 2331 1772 2379 et
1827 2337 2015 2379 servos

439 2418 533 2474 Dei
570 2417 863 2473 honoribus
893 2415 1128 2472 excoluit
1156 2413 1670 2487 [Al.,sublimavit]),
1706 2414 1760 2468 in
1787 2412 1915 2477 illis,
1939 2414 2017 2467 in-

438 2524 624 2579 quam.
660 2507 849 2562 diebus
872 2505 1101 2577 plurima
1134 2503 1335 2573 ubique
1378 2503 1707 2559 monasteria
1732 2517 1765 2557 a
1811 2502 2016 2557 sanctis

441 2598 692 2652 Patribus
713 2601 996 2666 casperunt
1038 2593 1278 2649 construi
1307 2632 1323 2659 ,
1368 2606 1468 2648 nec
1521 2607 1630 2648 non
1661 2600 1717 2647 et
1746 2592 1899 2647 multi
1948 2606 2015 2648 ex

439 2688 580 2744 laico
603 2686 791 2741 habitu
837 2684 941 2740 viri
991 2682 1225 2754 religiosi
1272 2682 1474 2738 inventi
1514 2690 1660 2738 sunt.
1697 2682 1777 2737 Ex
1820 2682 2016 2750 quibus

440 2780 724 2835 Richarius
756 2777 1173 2850 quidam,natus
1200 2775 1255 2830 in
1274 2774 1400 2829 villa
1416 2773 1639 2830 Centula
1668 2774 1696 2815 ι)
1724 2773 2017 2845 provincia:

440 2870 680 2927 Pontivte
736 2867 806 2941 [le
834 2864 1117 2939 Ponthieu]
1145 2905 1160 2931 ,
1217 2865 1363 2921 velut
1385 2864 1576 2922 lucifer
1619 2866 1763 2922 inter
1794 2866 2017 2949 umbras

439 2962 624 3019 oriens
646 2959 887 3026 emicuit,
912 2970 936 2999 ο
971 2973 1077 3013 non
1106 2967 1219 3019 tam
1248 2957 1517 3015 nobilibus
1558 2955 1717 3029 juxta
1760 2956 2016 3013 saeculum

2099 478 2299 534 diutius
2321 464 2577 535 abscondi
2608 480 2824 549 potuit,
2868 479 2965 537 sed
2988 479 3317 551 patdactum
3336 481 3523 540 him
3552 499 3681 539 saa-

2097 570 2303 625 ctitatis
2327 578 2382 624 et
2410 570 2808 639 praedicationis
2835 610 2852 636 ,
2898 570 3057 641 longe
3099 570 3311 643 lateque
3335 574 3404 628 ad
3451 573 3684 630 salutem

2098 659 2391 714 multorum
2417 659 2567 715 fulsit
2591 658 2844 733 [A1.,sed
2893 668 2954 717 ut
3002 662 3270 732 patefacta
3312 671 3444 729 est,
3498 664 3683 720 lumen

2100 753 2435 808 sanctitatis.
2456 792 2469 808 .
2502 753 2747 827 sparsit].
2768 754 2905 811 Nam
2929 754 3275 811 introductos
3289 755 3538 826 hospites
3558 772 3685 812 suos

2100 858 2225 897 cum
2252 858 2460 915 magna:
2480 845 2768 901 eharitatis
2809 846 3016 902 honore
3044 846 3254 901 curavit
3280 886 3297 909 ,
3346 861 3554 917 eosque
3576 848 3684 902 sibi

2101 933 2327 987 verbum
2349 933 2445 989 Dei
2493 935 2872 1004 praedicantes,
2893 950 3019 990 cum
3044 944 3155 992 tota
3184 936 3491 993 humilitate
3518 948 3577 993 et
3606 938 3686 992 iu-

2104 1024 2343 1078 tentione
2366 1024 2592 1080 audivit.
2618 1023 2728 1081 Nec
2750 1023 2955 1081 frustra
2979 1025 3035 1080 in
3059 1028 3470 1085 terramle
3497 1044 3687 1084 semen

2093 1116 2252 1171 verbi
2286 1116 2381 1172 Dei
2425 1132 2671 1186 sparsum
2704 1124 2832 1172 est:
2872 1117 2971 1173 sed
3011 1118 3154 1187 quod
3213 1133 3344 1175 aure
3397 1119 3687 1184 audiebat,

2104 1208 2207 1264 hoc
2235 1208 2498 1264 radicitus
2529 1210 2693 1265 corde
2713 1208 3005 1274 retinebat,
3027 1217 3083 1264 et
3100 1216 3358 1265 centenos
3387 1209 3444 1264 in
3488 1210 3684 1266 horrea

2098 1295 2331 1363 Christi,
2361 1304 2632 1369 utpostea
2658 1298 2779 1355 luce
2797 1297 3018 1363 clarius,
3042 1304 3099 1353 et
3119 1299 3413 1355 sanctitate
3441 1308 3501 1355 et
3532 1302 3689 1354 mira-

2105 1391 2349 1447 culorum
2374 1391 2709 1459 ostensione,
2746 1391 2964 1459 claruit,
2996 1391 3204 1447 fructus
3226 1392 3581 1462 germinavit.

2164 1501 2237 1556 ll.
2278 1502 2446 1573 Igitur
2470 1518 2541 1558 ex
2575 1503 2959 1573 praedicatione
3002 1502 3323 1558 famulorum
3350 1501 3446 1557 Dei
3471 1510 3529 1557 et
3554 1506 3689 1573 aspi-

2107 1595 2317 1651 ratione
2336 1596 2524 1668 gratite
2544 1596 2743 1651 divinas
2763 1601 3140 1667 compunctus,
3164 1596 3232 1649 ad
3258 1594 3531 1665 lacrymas
3559 1610 3688 1650 con-

2037 1724 2085 1786 B
2108 1687 2737 1754 versus,'confessionem
2785 1698 3006 1744 suorum
3038 1688 3167 1743 fecit
3186 1696 3539 1759 peccatorum
3562 1731 3579 1754 ,
3637 1700 3689 1744 et

2112 1778 2169 1831 in
2206 1779 2497 1847 conspeCtu
2523 1777 2911 1846 omnipotentis
2936 1774 3034 1830 Dei
3069 1776 3324 1831 ardenter
3347 1778 3568 1833 veniam
3597 1793 3686 1847 pe-

2112 1876 2255 1935 tens,
2280 1868 2531 1938 lacrymis
2579 1868 2830 1931 absolvit,
2859 1868 3005 1938 quod
3036 1867 3348 1938 ignoranter
3395 1869 3468 1924 ab
3506 1869 3687 1923 adole-

2112 1957 2333 2014 scentiae
2358 1957 2625 2014 illecebris
2644 1959 2917 2029 peccavit;
2972 1964 3028 2012 et
3062 1958 3153 2027 qui
3194 1958 3481 2013 Dominum
3514 1972 3692 2013 susce-

2111 2049 2193 2117 pit
2217 2049 2272 2102 in
2303 2047 2518 2104 famulis
2541 2049 2656 2105 suis
2674 2047 3054 2118 hospitalitatis
3075 2049 3268 2118 gratia,
3295 2058 3591 2119 susceptus
3613 2058 3692 2104 est

2114 2155 2145 2194 a
2168 2139 2395 2195 Domino
2432 2141 2485 2195 in
2518 2139 2888 2195 misericordia
2934 2147 2991 2194 et
3036 2136 3192 2210 177
3226 2141 3432 2209 pietate
3458 2140 3600 2212 [Αι.,
3640 2141 3690 2194 in

2114 2230 2485 2287 misericordia
2508 2230 2838 2300 paenitentiae
2884 2238 2976 2285 ut
3008 2230 3396 2286 misericordia:
3444 2231 3688 2305 pietate].

2115 2320 2249 2375 Nam
2277 2335 2345 2375 ex
2370 2335 2437 2375 eo
2460 2327 2704 2391 tempore
2729 2330 2754 2359 ο
2775 2319 2988 2375 initium
3011 2333 3181 2376 sacra:
3208 2320 3505 2392 religionis
3544 2338 3692 2377 sum-

2113 2414 2240 2483 psit,
2268 2420 2325 2467 et
2349 2412 2415 2466 ad
2436 2411 2627 2467 altiora
2655 2411 2872 2482 pietatis
2899 2410 3114 2482 fastigia
3142 2411 3400 2483 gradibus
3446 2413 3690 2483 quotidie

2115 2504 2437 2559 humilitatis
2461 2503 2723 2559 scandere
2755 2503 3064 2558 nitebatur:
3093 2510 3150 2559 et
3199 2511 3476 2573 arreptum
3527 2506 3694 2560 semel

2116 2595 2240 2650 vitae
2262 2593 2368 2650 iter
2396 2593 2520 2649 ﬁdei
2547 2594 2799 2665 passibus
2822 2608 3081 2666 peragere
3115 2605 3342 2653 conatus
3364 2603 3449 2653 est
3468 2637 3484 2661 ,
3534 2604 3698 2666 atque

2116 2686 2416 2757 posteriora
2445 2685 2792 2750 obliviscens,
2827 2700 2887 2743 se
2919 2686 2973 2740 in
3000 2687 3272 2742 anteriora
3298 2702 3422 2743 cum
3453 2688 3698 2758 apostolo

2117 2778 2361 2837 extendit
2391 2776 2643 2850 (Philipp.
2671 2792 2756 2841 ut,
2774 2775 3050 2847 ‘15),illius
3072 2777 3438 2847 versiculiper
3458 2778 3700 2848 singulos
3732 2775 3739 2819 ἓ

2119 2871 2320 2940 gradus
2345 2883 2554 2925 memor
2578 2885 2591 2921 :
2621 2866 2783 2921 Ibunt
2808 2868 2979 2921 sancti
3024 2867 3090 2921 de
3119 2868 3309 2922 virtute
3350 2868 3405 2923 in
3428 2869 3700 2931 virtutem,

2120 2966 2389 3029 quatenus
2421 2956 2742 3028 perveniant
2787 2954 2925 3027 [ΑΛ.
2973 2954 3299 3028 perveniret]
3338 2956 3407 3010 ad
3434 2957 3502 3011 id
3554 2959 3703 3026 quoi

440 3052 753 3124 parentibus
783 3057 957 3115 ortus,
988 3064 1151 3118 quam
1195 3049 1435 3105 moribus
1475 3051 1756 3114 honestus,
1791 3056 1847 3103 et
1870 3048 2013 3103 omni
2043 3067 2092 3132 ρ
2121 3052 2405 3122 sequitur:
2443 3048 2712 3104 Videbitur
2766 3049 2908 3104 Deus
2954 3049 3173 3104 deorum
3222 3048 3277 3103 in
3336 3047 3467 3104 Sion
3515 3047 3702 3120 (Paul.

439 3145 710 3217 probitate
732 3143 1151 3201 devotissimus:
1288 3149 1349 3196 ut
1389 3140 1684 3214 [σκοποίη
1716 3141 1816 3198 Hic
1845 3141 1928 3213 ut]
1963 3141 2017 3195 in

443 3238 646 3297 rustica
670 3236 783 3294 vita
806 3235 1050 3310 quaedam
1077 3233 1338 3309 praesagia
1368 3232 1560 3292 futurte
1583 3233 1892 3291 sanctitatis
1925 3247 2018 3304 ge.-

446 3332 616 3385 rebat.
642 3329 881 3398 Contigit
911 3335 1091 3382 autem
1115 3328 1205 3382 illo
1249 3336 1490 3395 tempore
1532 3326 1667 3381 duos
1710 3327 2019 3381 sacerdotes

443 3419 733 3474 sanctitate
764 3417 1040 3481 ﬂorentes,
1068 3425 1122 3471 et
1170 3418 1431 3471 virtutum
1475 3417 1684 3472 meritis
1712 3415 1977 3487 fulgentes
2003 3458 2018 3481 ,

444 3523 671 3580 quorum
696 3509 849 3579 prior
886 3507 1150 3563 Caidocus
1185 3508 1481 3562 vocabatur
1508 3507 1556 3580 [δ
1588 3508 1727 3563 alter
1746 3524 1875 3563 vero
1903 3507 2022 3561 Fri-

445 3598 707 3671 chorius],
740 3598 806 3653 de
830 3596 1110 3653 Hibernia
1155 3599 1401 3668 partibus
1449 3599 1502 3652 in
1532 3598 1789 3653 Pontivas
1830 3613 2023 3668 perve—

447 3690 593 3746 nisse
620 3690 897 3761 regiones;
940 3689 1035 3744 sed
1062 3703 1093 3743 a
1138 3689 1355 3745 rusticis
1381 3697 1437 3745 et
1482 3689 1826 3760 p0pularibus
1877 3689 2022 3744 illius

449 3782 573 3846 loci,
594 3774 818 3851 propter
850 3779 1190 3835 insolentiam
1213 3796 1446 3848 morum,
1470 3796 1576 3836 non
1610 3789 1735 3836 sunt
1760 3782 2020 3850 suscepti,

449 3886 548 3928 nec
575 3872 737 3942 digno
763 3885 948 3926 eorum
984 3871 1270 3926 sanctitate
1294 3871 1501 3927 honore
1519 3871 1775 3925 tractati:
1801 3871 1895 3926 sed
1915 3886 2026 3925 ma-

449 3963 530 4035 gis
555 3960 767 4031 injuriis
791 3960 1017 4017 aﬂlictos
1059 3969 1115 4016 et
1157 3961 1464 4031 opprobriis
1483 3960 1800 4031 castigatos,
1835 3975 1867 4013 a
1908 3959 2026 4014 fitti—

450 4051 551 4107 bus
576 4051 691 4107 suis
710 4058 993 4122 ceperunt
1011 4064 1107 4107 eos
1152 4051 1437 4121 expellere.
1469 4050 1708 4117 Quorum
1744 4050 2024 4105 violentia:

451 4149 509 4197 et
533 4141 813 4197 sceleratis
852 4141 1358 4213 praesumptionibus
1395 4139 1610 4195 futurus
1636 4139 1733 4194 Del
1794 4139 2026 4195 famulus

456 4233 740 4288 Riebarius
762 4232 1002 4289 obviavit
1027 4273 1043 4297 ,
1097 4232 1404 4304 Christique
1432 4239 1617 4288 servos
1665 4233 1734 4289 de
1778 4230 2028 4287 manibus

2121 3157 2351 3207 uxntt,
2374 3140 2451 3213 8).
2496 3140 2680 3210 itaque
2728 3155 2855 3197 mox
2891 3140 2961 3195 ab
2983 3139 3135 3196 initio
3173 3139 3543 3195 conversionis
3589 3156 3707 3196 suae

2114 3241 2230 3286 tam
2257 3233 2389 3286 dura
2415 3245 2475 3287 se
2500 3231 2855 3301 castigatione
2882 3230 3229 3295 comtrinﬁt,
3258 3238 3314 3285 ut
3369 3238 3489 3299 post
3541 3230 3704 3301 longa

2120 3330 2175 3379 et
2201 3318 2456 3378 diuturna
2478 3318 2721 3395 jejunis.
2776 3334 2915 3393 pane
2962 3319 3262 3379 hordeaceo
3316 3321 3499 3376 cinere
3551 3336 3704 3377 cont-

2121 3416 2311 3480 mixto,
2338 3424 2394 3470 et
2439 3432 2577 3487 aqua
2615 3416 2870 3488 lacrymis
2915 3422 3233 3485 temperata,
3260 3411 3458 3471 fessum
3478 3412 3707 3486 jejuniis

2121 3507 2499 3576 corpusculum
2529 3506 2857 3563 refocillarct
2883 3531 2895 3562 ;
2932 3507 3103 3580 [omni
3156 3507 3406 3577 deinceps
3431 3508 3565 3564 vitm
3593 3525 3706 3566 suae

2123 3604 2366 3668 tempore
2421 3596 2554 3651 nihil
2605 3598 2895 3654 admittens
2940 3597 3186 3653 lautioris
3226 3597 3414 3675 edulii]
3441 3608 3501 3653 et
3547 3598 3707 3669 huius

2121 3688 2227 3744 cibi
2250 3687 2617 3744 sustentaculo
2639 3687 2745 3760 [bis
2769 3696 2976 3744 tantum
3005 3689 3057 3743 in
3104 3689 3440 3745 hebdomada
3460 3700 3706 3760 sumpto,

2123 3778 2210 3834 die
2230 3778 2436 3833 scilicet
2464 3778 2742 3833 Dominica
2768 3787 2824 3833 et
2843 3780 3033 3849 quinta
3061 3778 3220 3851 feria]
3251 3781 3477 3835 devotus
3500 3781 3704 3837 Christi

2123 3871 2323 3927 athleta
2343 3871 2620 3943 vigiliis‘et
2644 3872 2982 3929 orationibus
3018 3873 3105 3929 die
3144 3881 3417 3944 noctuque
3472 3874 3706 3930 Domino

2123 3965 2421 4032 militabat;
2463 3979 2568 4019 non
2598 3978 2778 4020 aerem
2810 3967 3126 4032 verberans,
3158 3968 3251 4022 sed
3299 3980 3496 4036 corpus
3548 3983 3705 4022 suum

2124 4059 2415 4128 castigans,
2445 4073 2514 4112 ne
2559 4054 2771 4112 futurus
2797 4056 2999 4113 Christi
3051 4059 3376 4129 praedicator
3420 4060 3471 4114 in
3524 4058 3709 4128 aliquo

2126 4149 2386 4216 reprobus
2410 4146 2762 4201 inveniretur.

2194 4238 2279 4292 lli.
2320 4237 2429 4292 Sed
2472 4238 2554 4292 his
2594 4246 2758 4308 atque
2785 4237 3088 4307 huiusmodi
3118 4239 3378 4293 virtutum
3410 4239 3703 4310 gradibus,

454 4326 742 4397 impiorum
767 4325 990 4394 eripuit,
1017 4332 1072 4379 et
1106 4341 1228 4380 cum
1250 4326 1398 4381 omni
1440 4326 1775 4397 benignitate
1796 4340 1891 4380 eos
1935 4323 2030 4381 de-
2127 4338 2183 4384 et
2205 4329 2555 4384 sanctissimae
2580 4330 2702 4384 vita:
2728 4329 2969 4386 moribus
2990 4330 3101 4385 Deo
3123 4331 3471 4401 acceptabilis
3488 4373 3504 4397 ,
3534 4334 3710 4404 dignis

450 4420 656 4474 ducens
685 4416 819 4491 [τμη
867 4416 1118 4482 deduxit;
1161 4416 1329 4482 Natu,
1378 4416 1664 4489 deducere]
1710 4418 1765 4471 in
1808 4416 2025 4472 domum
2051 4418 2103 4478 D
2128 4421 2470 4476 successibus
2509 4420 2579 4475 ad
2614 4419 3000 4475 sacerdotalem
3030 4422 3282 4491 pervenit
3319 4422 3623 4488 honorem;
3651 4432 3711 4478 ut

454 4526 629 4579 suam,
661 4512 1142 4582 Deoprovideute,
1182 4518 1242 4565 ut
1273 4509 1347 4564 illi
1379 4517 1812 4580 protegerentur,
1839 4518 1893 4563 et
1914 4506 2029 4579 ipse
2128 4512 2214 4568 cui
2256 4509 2653 4582 prmdicationis
2695 4509 2908 4577 devotio
2952 4511 3157 4577 inerat,
3205 4513 3428 4567 honoris
3472 4514 3711 4581 dignitas

526 4638 552 4666 ι
591 4621 747 4679 Gesta
775 4624 1081 4679 sacerdotis.
1124 4620 1237 4679 Hoc
1253 4621 1521 4678 distichon
1544 4636 1651 4675 non
1676 4636 1796 4677 esse
1818 4620 2029 4677 Alcuini

456 4695 651 4751 asserit
681 4694 1047 4760 Mabillouius;
1078 4692 1422 4748 Bollandistis
1445 4699 1627 4746 tamen
1673 4692 1896 4746 dubium
1921 4702 2025 4747 est.

528 4767 555 4807 ιι
595 4764 663 4841 la
690 4764 814 4820 uilla
839 4763 1081 4819 Centula.
1112 4764 1515 4841 Euntiuensium
1564 4762 1713 4841 regio
1734 4802 1753 4841 ,
1797 4762 1954 4841 vulgo
1982 4762 2030 4816 le

460 4834 739 4901 Ponthieu,
769 4842 974 4890 tractus
1011 4843 1097 4889 est
1124 4834 1380 4890 Picartlia:
1422 4834 1562 4888 intra
1576 4830 2044 4890 litiesAmbianen-

458 4907 626 4969 sium,
671 4903 996 4959 Morinorum
1032 4914 1088 4958 et
1126 4902 1602 4967 Neustrianorunt;
1648 4902 1799 4970 cujus
1830 4910 2033 4959 tractus

458 4984 619 5047 caput
633 4973 911 5047 Abbavilla
934 4972 1258 5047 (Αὐξησίης),
1275 4990 1301 5027 a
1326 4972 1656 5047 quaduabus
1676 4972 2036 5047 leucisorien-

460 5042 570 5102 tein
589 5059 781 5100 versus
813 5042 982 5098 distat
1029 5042 1249 5097 Centula
1281 5058 1375 5098 seu
1403 5042 1687 5097 Centulum
1740 5043 1990 5111 oppidum
2018 5084 2033 5109 ,

461 5116 551 5173 ubi
574 5115 898 5172 Centulense
926 5114 1333 5178 monasterium,
1363 5123 1652 5180 utrumque
1677 5127 1820 5171 nunc
1850 5114 1904 5167 S.
1946 5115 2035 5170 lii-

461 5186 633 5243 charii
665 5183 1098 5257 (Saint-Iliquier)
1135 5183 1350 5257 nomine
1370 5184 1736 5257 insigui_tut_tt_,_
1772 5182 2038 5257 Μίδων-

461 5250 693 5314 duonetit
745 5256 819 5328 (la
861 5250 1050 5343 trivit-re
1082 5250 1203 5318 ἀις
1240 5250 1519 5325 Caritatis].
1563 5252 1785 5317 Mabill.,
1810 5250 2031 5309 Observ.

461 5342 653 5397 poem,
681 5327 828 5381 num.
858 5327 911 5380 6.

418 5412 421 5413 ⁷
537 5393 728 5476 f‘Non
761 5407 873 5476 tam
895 5395 1172 5476 nobilibus.
1215 5392 1328 5450 Non
1362 5396 1543 5476 itaque
1566 5396 1827 5476 probandi
1864 5403 1999 5476 sunt
2021 5436 2035 5458 ,

505 5462 558 5537 ui
583 5464 729 5537 beati
756 5467 995 5537 lticharii
1023 5476 1250 5521 stemma
1289 5462 1611 5537 grntilitiuut
1637 5482 1717 5522 ex—
1735 5466 2038 5537 Raganario

512 5533 719 5608 lodovei
753 5535 927 5605 Magni
946 5605 958 5608 _
969 5535 1139 5608 fratre
1181 5533 1470 5608 deducunt.
1498 5536 1648 5608 Hanc
1669 5533 2036 5608 genealogiam

469 5602 767 5678 fabulosam
811 5602 1046 5678 appellat
1068 5615 1145 5678 et
1193 5604 1364 5678 reiicit
1408 5602 1761 5678 Maltillonius.
1802 5602 1937 5660 Hinc
1984 5616 2039 5660 et

471 5672 799 5739 epitaphium
823 5674 993 5726 sancti
1016 5674 1273 5737 Richarii,
1292 5676 1344 5727 in
1371 5690 1478 5743 quo
1498 5676 1743 5744 prtecelso
1772 5686 2039 5729 stemmate

494 5537 504 5548 I

2127 4636 2279 4683 ortus
2304 4625 2505 4682 dicitur
2527 4625 2612 4681 vir
2633 4635 2882 4693 sanctus,
2945 4623 3230 4681 Alcuinum
3281 4634 3562 4682 auctorem
3606 4644 3709 4684 non

2128 4696 2595 4762 haberecredam,
2619 4695 2866 4767 quamvis
2885 4704 3074 4752 auctor
3108 4693 3311 4750 Chron.
3335 4696 3551 4750 Centul.
3586 4697 3710 4751 illud

2114 4770 2177 4823 ei
2217 4769 2453 4823 trilutere
2479 4767 2746 4822 videatur.

2199 4839 2227 4879 ἀ
2266 4838 2416 4895 Alter
2447 4853 2565 4893 vero
2610 4836 2935 4893 Fricltorius.
2977 4835 3104 4893 Hac
3149 4837 3349 4892 ciuisse
3398 4852 3431 4891 a
3478 4836 3711 4904 Querce-

2134 4918 2279 4973 tano,
2306 4918 2363 4964 et
2382 4923 2575 4963 nomen
2594 4907 2886 4973 Frichorii,
2918 4916 3053 4967 teste
3080 4906 3413 4969 Maloillonio,
3437 4907 3711 4963 desidera—

2134 4988 2221 5032 tur
2245 4980 2296 5033 in
2326 4978 2594 5050 plerisque
2631 4976 2922 5050 codicibus.
2962 4977 3190 5050 Caidoci
3228 4985 3282 5032 et
3311 4975 3582 5032 Frichorii
3608 4977 3715 5050 epi-

2134 5047 2567 5117 taphia'scripsit
2591 5054 2809 5102 sanctus
2841 5047 3211 5117 Angilbertus,
3240 5062 3360 5117 quae
3401 5047 3715 5117 exstantia

2134 5119 2335 5174 Chron.
2357 5115 2690 5183 Centulensi,
2721 5117 2811 5187 lib.
2862 5134 2902 5181 ι,
2930 5115 3048 5187 cap.
3082 5116 3169 5187 ii,
3201 5115 3270 5171 et»
3284 5115 3428 5186 apud
3462 5116 3719 5187 ﬂebilio—

2134 5192 2282 5243 nium
2312 5189 2364 5243 in
2390 5187 2495 5242 line
2533 5187 2690 5255 hujus
2721 5186 2857 5240 Vitze
2910 5186 3082 5242 sancti
3127 5186 3384 5242 Ricbarii.
3444 5186 3717 5241 Cervinus

2136 5260 2301 5313 abbas
2329 5260 2503 5313 sancti
2529 5257 2857 5313 confessoris
2880 5256 3095 5311 Caidoei
3143 5258 3381 5326 sociique
3406 5256 3556 5312 illius
3600 5271 3721 5311 eor.

2135 5345 2264 5400 pora
2293 5345 2323 5384 e
2351 5337 2495 5400 terra
2538 5329 2768 5400 levavit,
2820 5336 3081 5400 eteorum
3126 5327 3381 5396 reliquias
3433 5328 3719 5400 decentius

2135 5397 2425 5464 collocatis,
2458 5398 2704 5454 ﬁdelibus
2744 5398 2955 5467 populis
2999 5397 3340 5453 honorandas
3371 5399 3606 5467 censuit,
3636 5397 3720 5452 in-

2137 5470 2253 5539 quit
2279 5468 2550 5539 llariulfus
2577 5470 2630 5523 in
2659 5466 2857 5539 Chron.
2883 5468 3003 5530 cit.,
3032 5468 3122 5521 lib.
3157 5466 3721 5539 tv,fcap._7557.AUtrius-

2137 5536 2242 5609 que
2256 5539 2389 5593 Acta
2417 5537 2539 5593 vide
2558 5539 2697 5607 apud
2731 5537 3095 5609 Bollandistas
3116 5536 3183 5590 ad
3204 5536 3346 5609 diem
3370 5537 3442 5591 50
3462 5537 3610 5609 hlaii.

2215 5621 2237 5649 ε
2278 5609 2499 5663 Initium
2520 5606 2685 5663 saera:
2711 5607 2995 5677 religionis.
3018 5608 3220 5677 Auctor
3241 5606 3443 5663 Chron.
3475 5607 3717 5674 Centul.,

2138 5680 2278 5734 libro
2306 5696 2351 5745 ι,
2383 5693 2501 5748 cap.
2531 5678 2585 5746 6,
2617 5675 2847 5733 scribit:
2882 5675 3115 5732 habiturn
3144 5676 3429 5746 religionis.
