3894 6182
218 288 328 342 685

1185 288 1764 351 HAGIOGBAPHICA.
1809 313 1875 333 -ε-
1917 293 2073 350 VITA
2114 297 2172 351 S.
2215 297 2540 356 RICHARII.

3382 307 3501 390 sse.

213 423 324 464 non
354 406 588 462 deesset.
635 405 808 472 Quem
848 407 1141 471 honorem,
1181 417 1240 462 ut
1270 407 1502 462 famulus
1529 410 1656 474 Dei,
1687 428 1800 466 ma-
1829 419 1876 476 Α
1906 415 1998 471 Dei
2024 427 2079 473 et
2103 422 2472 490 proximorum
2499 423 2785 480 dilectione
2813 417 3034 496 ρῐρηιιε,
3065 419 3243 482 omnia
3273 428 3326 482 in
3353 439 3485 499 pm.

214 515 320 570 ειη
363 497 671 554 humilitate
708 499 952 563 ornavit,
982 507 1038 554 et
1077 515 1202 554 vera
1235 500 1498 555 char‘itate
1535 504 1804 568 excoluit,

1907 523 2096 577 perum
2144 511 2402 582 elargiqu
2445 524 2529 570 est
2575 516 2802 582 solatia,
2840 517 3002 588 178
3045 519 3385 589 maximeque
3434 522 3486 574 in

215 599 274 646 et
302 584 458 645 verbi
487 588 581 644 Dei
611 589 991 658 praedicatione
1015 590 1320 660 ampliavit,
1353 600 1516 662 atqne
1544 593 1688 649 velut
1714 595 1808 649 bu-
1870 601 2244 670 -captivorum
2273 606 2526 674 expendit
2560 584 3005 675 redemptionem.
3051 607 3186 662 Nam
3233 584 3367 665 alios
3395 626 3488 666 oc-

216 697 322 736 nus
368 680 636 751 agricola,
685 680 871 750 spinas
913 691 1261 750 peccatorum
1307 685 1372 737 de
1415 700 1546 755 agro
1595 685 1806 742 Domini

213 791 274 830 et
285 773 539 845 angelico
559 787 776 831 vomere
795 773 1114 839 cradicavit,
1137 782 1193 830 ct
1215 776 1365 832 arida
1387 778 1551 831 corda
1573 793 1806 848 superno

143 873 158 880 ’
213 874 494 938 perpetua:
532 865 722 920 salutis
765 880 888 919 rore
928 865 1193 936 irrigavit.
1234 866 1340 923 Sed
1380 877 1437 922 et
1469 870 1658 925 divina
1698 873 1806 927 cle-

213 958 419 1012 mentia
439 997 455 1020 ,
485 965 612 1026 post
635 955 754 1026 ejus
782 955 1150 1025 irrigationem
1171 996 1187 1022 ,
1223 958 1274 1012 in
1307 959 1412 1016 isto
1447 960 1646 1028 populo
1683 961 1803 1030 plu-

212 1050 352 1104 rima
391 1046 516 1102 ﬁaici
553 1046 703 1100 dedit
744 1045 1099 1100 incrementa.
1133 1045 1286 1102 Unde
1313 1056 1370 1100 ct
1395 1049 1646 1104 omnibus
1671 1065 1804 1118 prae-

210 1141 392 1194 dictus
437 1139 522 1191 vir
567 1137 663 1192 Dei
708 1137 997 1192 Bicbarius
1039 1137 1370 1194 honorabilis
1414 1138 1592 1196 factus
1631 1148 1716 1196 est
1749 1148 1805 1195 et

211 1233 415 1287 charos
441 1245 456 1284 :
485 1230 610 1299 quia
639 1229 783 1298 quod
812 1243 905 1281 ore
948 1228 1293 1300 praedicavit,
1336 1232 1586 1302 exemplo
1623 1240 1802 1287 oste“-

208 1325 289 1377 dit
315 1333 374 1377 et
413 1323 558 1378 viam
601 1316 754 1384 vita),
798 1335 959 1388 quam
1000 1321 1118 1376 aliis
1159 1337 1407 1377 sermone
1445 1325 1799 1389 monstravit,

210 1413 324 1482 ipse
353 1414 507 1482 prior
532 1420 656 1466 actu
686 1411 1062 1481 praecucurrit.

273 1504 368 1558 ιν.
407 1504 680 1573 Quidquid
710 1519 841 1559 vero
869 1504 919 1558 ei
948 1504 1175 1574 populus
1203 1506 1256 1560 in
1300 1507 1566 1578 stipendia
1601 1509 1799 1578 praedi—

203 1595 444 1650 cationis
471 1602 663 1663 sponte
701 1594 927 1658 obtulit,
971 1596 1150 1650 omnia
1194 1599 1521 1667 pauperibus
1559 1600 1799 1655 dividere

203 1683 526 1741 festinavit:
561 1687 946 1756 indignumque
984 1687 1037 1742 ei
1080 1687 1254 1742 visum
1303 1688 1404 1743 fuit
1446 1691 1514 1750 de
1555 1694 1796 1748 crastino

1905 691 2063 746 cultis
2087 693 2350 749 diabolica
2376 695 2565 753 fraude
2583 706 2927 767 peccatorum
2948 699 3178 754 vinculis
3200 700 3482 771 obligatos.

1905 795 2002 849 per
2025 784 2224 838 sedula:
2251 787 2651 855 praedicationis
2676 790 3016 845 hortamenta
3041 790 3285 847 solvebat
3309 810 3324 853 ;
3351 793 3487 848 alios

1906 874 2149 928 szeculari
2186 877 2498 946 captivitate
2531 891 2854 951 oppressos,
2906 883 3150 952 pecuniae
3201 883 3486 955 largitione

1903 966 2137 1020 redemit
2163 982 2176 1020 :
2207 979 2265 1021 ut
2291 970 2366 1023 illi
2391 971 2707 1040 spiritaliter
2729 973 2959 1028 absoluti
2975 975 3406 1045 jucundarentur
3431 978 3484 1031 in

1903 1054 2173 1122 Domino;
2213 1068 2268 1114 et
2301 1060 2388 1115 isti
2424 1063 2627 1117 carnali
2664 1065 2921 1118 servitute
2953 1065 3169 1120 liberati
3203 1076 3486 1122 converte-

1905 1154 2095 1201 rentur
2124 1149 2192 1203 ad
2229 1149 2417 1205 Deum.

1976 1236 2062 1292 Vl.
2101 1239 2169 1293 Et
2204 1256 2308 1295 non
2344 1243 2516 1296 solum
2554 1245 2606 1297 in
2642 1245 2728 1300 bis
2767 1245 3080 1316 regionibus
3122 1261 3222 1316 per
3268 1249 3484 1318 pietatis

1901 1344 2102 1397 opera,
2137 1333 2222 1386 vel
2257 1348 2355 1402 per
2396 1335 2794 1404 praedicationis
2835 1338 3032 1396 lumina
3077 1341 3368 1408 praedictus
3399 1344 3484 1396 vir

1901 1419 2114 1474 Domini
2171 1421 2356 1477 clarus
2401 1424 2642 1479 eﬂ'ulsit:
2697 1426 2793 1481 sed
2844 1437 2904 1481 ut
2943 1428 3158 1483 Lucifer
3203 1446 3482 1501 aequoreos

1901 1507 2100 1563 Oceani
2131 1526 2352 1581 campos
2381 1515 2714 1580 transiliens,
2735 1531 2913 1586 [metu
2938 1518 3114 1573 diurni
3145 1520 3363 1576 luminis
3385 1539 3481 1578 no-

1901 1609 2120 1655 cturnas
2131 1617 2228 1656 suo
2241 1616 2434 1658 exortu
2451 1605 2671 1660 discutit
2688 1607 2910 1664 umbras
2928 1626 2940 1661 :
2958 1610 3037 1664 sic
3050 1611 3140 1664 ille
3155 1612 3205 1665 in
3223 1614 3482 1668 ultrama-

1902 1690 2051 1746 riuus
2072 1693 2364 1748 Britannia:
2389 1696 2637 1765 regiones
2653 1737 2668 1760 ,
2693 1699 2760 1751 ad
2787 1699 3134 1767 expellendas
3163 1703 3482 1772 ignorantia:

202 1778 499 1847 prmsentis
539 1779 661 1832 vine
701 1778 974 1849 cogitare,
1017 1781 1111 1849 qui
1155 1781 1378 1836 divitias.
1408 1791 1626 1838 (eterna:
1671 1785 1796 1840 vitae
1829 1767 1870 1828 Β
1903 1784 2174 1850 tenebras,
2199 1784 2377 1839 lumen
2409 1785 2655 1843 veritatis
2681 1804 2784 1844 suo
2805 1791 3006 1858 sparsit
3035 1767 3306 1849 adventu:
3335 1796 3481 1850 sei-li-

199 1869 462 1939 accipere
483 1870 796 1926 anhelabat.
841 1871 964 1926 Ideo
989 1871 1166 1926 oblata
1209 1872 1278 1927 ab
1319 1876 1570 1930 omnibus
1610 1877 1796 1932 distri-

199 1961 354 2025 buit,
389 1969 452 2016 ut
478 1962 739 2031 promissa
780 1977 812 2015 a
851 1962 963 2018 Deo
1003 1963 1292 2033 acciperet.
1337 1963 1797 2022 Felix'commen-

197 2053 379 2116 cium,
428 2062 488 2107 ut
534 2053 624 2122 qui
666 2067 832 2122 parva
878 2066 944 2106 ac
984 2055 1296 2109 transitoria
1338 2055 1588 2112 hilariter
1614 2057 1797 2112 distria

198 2145 427 2207 buerat,
455 2159 652 2214 magna
683 2151 736 2196 et
763 2151 966 2198 aeterna
999 2144 1226 2200 feliciter
1267 2154 1412 2201 esset
1449 2157 1790 2216 accepturus.

197 2234 334 2288 Nam
362 2234 796 2289 studiosissimus
824 2233 926 2290 fuit
948 2250 1250 2305 pauperum
1281 2236 1609 2298 consolator,
1639 2253 1794 2307 pcre-

195 2328 480 2396 grinorum
513 2334 814 2396 susceptor,
848 2327 1132 2380 viduarum
1164 2325 1435 2406 defensor,
1465 2328 1790 2398 pupillorum

196 2429 244 2472 et
271 2418 652 2488 orphanorum
678 2427 856 2488 pater,
888 2419 961 2472 ita
991 2426 1052 2471 ut
1077 2418 1358 2478 verissime
1384 2419 1450 2472 de
1475 2435 1540 2472 eo
1565 2421 1794 2474 sanctis-

194 2511 315 2565 simi
343 2510 450 2564 Job
481 2511 849 2565 tcstimonium
879 2509 984 2564 dici
1013 2509 1247 2580 potuerit
1277 2507 1495 2563 :Ocnlus
1524 2509 1601 2578 {ui
1629 2528 1788 2577 ca’co,

192 2619 280 2671 per
308 2601 530 2666 claudo,
558 2611 603 2654 et
629 2611 779 2672 pater
806 2601 1040 2670 orplmno
1061 2617 1079 2654 :
1105 2608 1151 2654 el
1177 2614 1390 2653 causam
1413 2617 1570 2670 quam
1596 2602 1791 2655 nescie-

192 2692 310 2744 bam
338 2692 742 2762 di'igentissime
764 2691 1136 2762 perscrutnbar
1162 2691 1285 2762 (Job
1307 2708 1434 2768 xxix
1460 2691 1617 2764 ,15).
1648 2693 1789 2760 Qua-

192 2789 416 2853 propter
459 2782 696 2851 undique
735 2781 803 2835 ad
843 2797 966 2836 eum
1009 2780 1209 2836 inﬁrmi
1238 2781 1580 2838 conﬂuebant
1607 2800 1622 2837 :
1654 2798 1788 2852 quos

193 2877 316 2931 laeto
361 2876 670 2945 suscipiens
710 2875 924 2940 animo,
969 2876 1234 2930 medelam
1277 2877 1358 2930 eis
1397 2876 1786 2932 consolationis

190 2982 288 3036 per
325 2976 553 3022 sanctas
599 2968 874 3022 orationes
915 2966 1210 3036 prmbebat.
1260 2967 1371 3022 Nec
1415 2968 1657 3039 leprosos
1701 2969 1787 3024 vel

190 3061 564 3130 elephanticos
604 3060 921 3125 exhorruit,
962 3060 1058 3114 sed
1103 3060 1256 3129 quasi
1289 3059 1484 3114 fratres
1512 3061 1786 3131 amplexa-

1896 1882 1986 1927 ret
2003 1907 2020 1937 ,
2046 1882 2109 1927 ut
2133 1876 2276 1928 sicut
2297 1876 2357 1928 in
2387 1876 2508 1931 istis
2535 1878 2864 1948 regionibus,
2889 1880 2967 1935 sic
2991 1889 3046 1936 et
3077 1881 3130 1938 in
3159 1882 3265 1938 illis
3288 1883 3423 1940 alios
3448 1903 3480 1940 a

1897 1966 2159 2020 servitute
2183 1966 2474 2034 diabolica,
2491 1969 2626 2025 alios
2655 1986 2684 2025 a
2716 1973 3030 2040 captivitate
3059 1977 3259 2029 carnali
3284 1977 3482 2033 libera-

1895 2063 2004 2108 net..
2026 2055 2136 2111 illis
2161 2057 2385 2113 verbum
2411 2059 2506 2114 Dei
2536 2060 2759 2126 infudit,
2791 2064 2911 2122 istis
2935 2066 3229 2124 ebaritatis
3245 2071 3476 2139 pretium

1895 2145 2186 2214 impendit,
2210 2155 2270 2201 ut
2291 2164 2392 2218 pro
2415 2151 2696 2219 temporali
2721 2154 3087 2224 redemptione
3109 2167 3364 2215 aeternam
3394 2177 3479 2215 re-

1893 2235 2136 2304 ciperent
2162 2237 2484 2293 libertatem.
2527 2239 2620 2296 Sic
2643 2256 2772 2313 ergo
2800 2244 2972 2300 bonus
2997 2245 3288 2303 Dominicaa
3313 2265 3476 2320 pecu-

1891 2328 1995 2382 nia:
2018 2329 2339 2399 negotiator,
2364 2331 2473 2386 duo
2487 2333 2749 2402 simplicis
2767 2334 3165 2411 [Al.,duplicis]
3193 2342 3480 2400 charitatis

1891 2417 1984 2472 Dei
2016 2428 2070 2472 et
2103 2421 2336 2488 proximi
2373 2422 2572 2477 talenta
2605 2425 2962 2495 multiplicare
2993 2431 3203 2485 studuit
3230 2447 3245 2485 :
3283 2447 3474 2504 quate-

1890 2525 1994 2565 nus
2012 2526 2140 2565 eum
2160 2511 2442 2581 multiplici
2469 2514 2671 2571 laboris
2696 2519 2777 2572 sui
2804 2517 2984 2575 fructu
3009 2521 3236 2578 Domino
3258 2541 3356 2580 suo
3377 2529 3475 2582 oh-

1889 2600 2038 2655 viare
2064 2610 2278 2670 posset,
2305 2612 2359 2657 et
2391 2605 2528 2660 hanc
2559 2621 2747 2662 vocem
2777 2610 2962 2666 audire
2982 2613 3429 2682 iucundissimam
3456 2637 3470 2674 :

1888 2689 2068 2762 Euge,
2104 2709 2248 2748 serra
2283 2695 2412 2750 bone
2447 2705 2498 2749 et
2530 2696 2703 2765 ﬁdelis
2724 2733 2740 2763 ,
2776 2701 2901 2771 quia
2938 2719 3096 2773 super
3122 2721 3292 2774 pauca
3324 2708 3474 2777 [nisti

1885 2781 2058 2850 ﬁdelis
2078 2816 2094 2847 ,
2122 2800 2284 2854 supra
2312 2785 2480 2840 multa
2506 2796 2557 2842 te
2586 2791 2901 2844 constituam
2926 2806 2943 2845 :
2972 2793 3112 2846 intra
3139 2794 3194 2848 in
3221 2798 3473 2866 gaudium

1885 2871 2086 2928 dontim'
2120 2876 2197 2928 tui
2230 2874 2248 2945 (
2272 2873 2463 2930 Matth.
2492 2893 2622 2942 xxv,
2648 2878 2710 2933 2|
2737 2878 2778 2950 ).

1957 2959 2066 3016 Vll.
2106 2963 2302 3018 Fertur
2327 2979 2482 3031 vero,
2507 2968 2635 3024 dum
2662 2985 2826 3024 causa
2851 2973 3252 3041 prmdicationis
3279 2978 3331 3032 in
3357 2977 3474 3032 Bri-

1889 3051 2070 3106 tannia
2096 3052 2300 3108 diutius
2331 3066 2656 3123 moraretur,
2689 3061 2869 3115 subito
2895 3062 2968 3116 illi
2995 3064 3212 3121 venisse
3233 3067 3287 3120 in
3316 3084 3468 3122 men-

193 3151 369 3215 tiatur,
406 3150 726 3220 balneisque
760 3165 949 3204 eorum
1000 3150 1245 3204 membra
1293 3150 1476 3205 saucia
1525 3130 1778 3207 fovebat:
1812 3130 1856 3193 ε
1891 3154 1994 3199 lem
2014 3184 2029 3210 ς
2060 3146 2268 3214 aliquos
2294 3149 2378 3202 Sili
2403 3149 2544 3218 iuris
2568 3151 2669 3205 sub
2705 3152 2964 3208 servitute
2997 3169 3058 3208 8e
3091 3155 3376 3226 reliquisse
3418 3160 3468 3213 iu

190 3245 492 3312 cadentque
522 3253 642 3312 post
673 3244 820 3312 ipsos
845 3244 1122 3313 ingressus
1149 3252 1236 3298 est
1255 3285 1268 3308 ,
1298 3246 1471 3315 magis
1495 3261 1557 3300 ea
1587 3245 1787 3315 pietate

194 3333 312 3389 illos
353 3334 694 3398 emundans,
747 3349 912 3404 quam
957 3349 1016 3389 se
1062 3336 1503 3402 conmaculans;
1549 3338 1783 3406 prophe-

196 3427 283 3480 tici
337 3426 610 3479 sermonis
657 3439 764 3479 non
811 3426 1008 3480 surdus
1058 3427 1290 3492 auditor,
1343 3428 1611 3484 dicentis:
1644 3429 1783 3500 Ege-

194 3533 283 3569 nos
311 3531 574 3586 rogasque
597 3516 754 3569 induc
783 3517 838 3569 in
867 3516 1080 3569 domum
1110 3526 1255 3570 tuam
1276 3559 1290 3583 ,
1322 3528 1371 3573 et
1401 3521 1600 3574 nudum
1630 3523 1785 3575 vesti-

195 3607 375 3660 metuis
423 3607 530 3659 tuis
576 3607 810 3676 conperi,
856 3616 906 3660 et
955 3617 1164 3659 carnem
1186 3617 1346 3661 tuam
1375 3624 1438 3662 ne
1483 3610 1783 3681 despexeris

195 3697 344 3766 (Ira.
375 3712 547 3760 LVIII,
574 3697 672 3766 7).

263 3791 325 3845 ἲ.
364 3791 478 3845 Nec
523 3790 694 3844 solum
729 3789 934 3844 carnali
967 3789 1260 3845 refectione
1299 3790 1367 3843 ad
1405 3805 1464 3844 se
1495 3792 1780 3846 venientes

193 3885 442 3947 fovebat,
469 3883 564 3937 sed
594 3882 766 3936 etiam
786 3881 1013 3950 spiritali
1040 3890 1244 3936 sancta!
1264 3881 1666 3950 praedicationis
1691 3898 1782 3937 so-

192 3975 316 4030 latio
344 3974 575 4030 reticere
603 3988 697 4028 eos
725 3989 830 4027 non
871 3975 1126 4028 cessavit.
1172 3973 1238 4028 Et
1275 3974 1415 4028 sicut
1456 3973 1777 4030 miserorum

193 4067 420 4121 idoneus
444 4065 646 4133 ubique
675 4063 776 4118 fuit
805 4063 1133 4129 consolator,
1167 4065 1241 4118 ita
1283 4065 1638 4134 super-hortm
1681 4065 1779 4120 ὐυ-

191 4173 280 4213 rus
325 4157 632 4229 castigator
674 4167 797 4210 esse
838 4171 948 4209 non
991 4156 1186 4210 timuit.
1234 4155 1360 4209 Illos
1400 4156 1624 4224 pietatis
1667 4157 1778 4212 cle-

190 4249 391 4304 mentia
443 4248 726 4312 clevebat,
780 4251 881 4303 hos
925 4261 1128 4303 severae
1175 4249 1496 4302 invectionis
1545 4263 1774 4306 censura

186 4343 546 4414 deprimebat.
585 4341 710 4396 Nec
766 4348 996 4395 terrente
1049 4340 1332 4411 potestatis
1383 4339 1520 4394 iram
1575 4339 1776 4396 furoris

187 4433 202 4506 [
227 4436 312 4488 ΑΙ.
338 4477 354 4498 ,
390 4431 568 4506 foris]
599 4432 870 4487 metuebat
890 4473 906 4496 ,
936 4447 1097 4502 quem
1129 4431 1293 4486 timor
1319 4431 1547 4487 interius
1577 4432 1776 4488 divinae

185 4529 443 4596 potentia:
469 4533 641 4579 totum
667 4522 1057 4579 corroborabat
1081 4539 1096 4576 :
1129 4521 1523 4592 parvipendens
1546 4523 1773 4587 divitum

187 4622 359 4676 minas
379 4662 395 4684 ,
425 4631 489 4672 ut
515 4632 692 4690 pneco
719 4616 968 4671 veritatis
993 4615 1272 4670 existeret.
1303 4613 1414 4669 Nec
1441 4613 1543 4669 fuit
1570 4616 1778 4670 arundo

185 4723 340 4768 vento
387 4712 626 4783 agitata,
668 4718 726 4763 ut
765 4721 889 4762 eum
927 4723 1062 4761 aura
1101 4707 1352 4760 humana:
1377 4705 1461 4760 vel
1492 4705 1664 4767 laudis
1689 4705 1776 4759 vel

185 4803 544 4859 detractionis
583 4807 945 4855 commoveret
978 4816 990 4853 :
1033 4797 1129 4852 sed
1167 4797 1222 4852 in
1264 4811 1390 4851 arce
1417 4796 1601 4851 solidae
1628 4796 1776 4850 veri-

186 4899 306 4952 tatis
336 4893 677 4954 consistens,
709 4891 776 4946 ab
803 4893 1040 4947 humano
1068 4903 1164 4944 ore
1195 4886 1319 4959 [ΑΙ.
1343 4928 1357 4951 ,
1386 4887 1472 4942 die
1494 4885 1513 4958 ]
1534 4924 1550 4949 ,
1583 4903 1776 4941 secun-

183 4989 304 5042 dum
334 4983 657 5054 Apostolum
683 4981 748 5054 (1
774 4979 897 5035 Cor.
926 4994 1006 5044 Iv,
1031 4979 1098 5052 5)
1118 5019 1135 5043 ,
1157 4977 1387 5048 indicari
1417 4977 1768 5046 contempsit,

183 5080 438 5150 viamque
487 5076 692 5146 regiam
743 5073 1032 5137 incedens,
1077 5087 1181 5126 nec
1226 5086 1258 5125 a
1302 5070 1509 5125 dextris
1552 5078 1776 5139 propter

182 5182 423 5225 terrores
443 5166 745 5238 potentium
763 5206 778 5227 ,
805 5177 904 5218 nec
932 5179 961 5217 a
987 5161 1226 5218 sinistris
1244 5159 1771 5232 propterblanditias

179 5261 522 5316 adulantium
555 5255 883 5312 declinabat.
913 5254 1256 5324 Quapmpter
1282 5267 1529 5322 magnam
1555 5252 1766 5322 plebem

184 5353 412 5407 Domino
441 5349 558 5405 Deo
591 5364 689 5403 suo
721 5349 772 5404 in
804 5349 908 5402 hac
938 5347 1192 5418 praesenti
1218 5345 1495 5417 provincia
1533 5343 1768 5414 acquisi-

181 5445 255 5496 vit
279 5484 296 5507 ,
335 5451 395 5496 et
428 5441 532 5496 sibi
570 5440 832 5494 horrorem
877 5448 1197 5507 perpetuum
1245 5436 1562 5505 promeruit.
1621 5434 1771 5489 Unde

182 5536 410 5606 populus
439 5534 558 5601 citis
589 5548 818 5590 cernens
847 5533 900 5587 in
931 5532 1147 5586 Christo
1179 5530 1516 5583 devotionem
1551 5527 1770 5598 religio—

183 5642 293 5680 sam
315 5667 334 5691 ,
364 5627 536 5696 cmpit
561 5640 684 5680 eum
717 5622 975 5678 attentius
998 5623 1289 5682 honorare,
1320 5629 1375 5673 ct
1407 5619 1568 5672 multa
1595 5619 1643 5672 ei
1675 5633 1772 5688 pro

184 5719 652 5787 elecmosynarttm
687 5714 968 5781 largitio-4:
1000 5713 1228 5766 alferre:
1263 5728 1381 5781 quur
1419 5710 1532 5773 ille,
1567 5718 1624 5762 ut
1656 5717 1774 5764 erat

1887 3234 2076 3290 Gallia.
2100 3236 2290 3308 itaque
2316 3239 2502 3294 dolore
2526 3255 2845 3310 percussus,
2872 3243 3005 3299 dixit
3031 3244 3096 3299 ad
3121 3262 3247 3303 sitos
3272 3267 3284 3302 :
3314 3249 3426 3305 Heu
3450 3255 3461 3304 !

1886 3336 2102 3383 nostros
2160 3330 2261 3384 sub
2315 3330 2578 3385 servitute
2628 3332 2932 3388 dimisimus
2977 3335 3032 3388 in
3076 3338 3289 3405 patria,
3339 3341 3473 3394 dum

1886 3418 1988 3471 huc
2017 3418 2226 3488 aliquos
2249 3420 2529 3476 liberatori
2553 3422 2834 3488 venias,
2860 3424 3203 3496 maximeque
3238 3429 3351 3484 scio
3375 3445 3474 3485 eos

1884 3512 1999 3567 cito
2029 3529 2150 3570 esse
2187 3515 2500 3572 morituros.
2540 3517 2646 3575 Sed
2682 3519 2758 3575 ite
2791 3519 3130 3588 festinanter,
3169 3541 3474 3597 navemque

1882 3608 2260 3674 conscendite,
2287 3631 2298 3661 ι
2321 3618 2343 3664 ι
2373 3626 2470 3666 eos
2505 3610 2668 3668 facite
2691 3613 2953 3685 ingenuos
2973 3654 2989 3681 ,
3014 3617 3329 3687 priusquam
3357 3636 3470 3673 mo-

1882 3698 2112 3754 riantur.
2154 3701 2230 3754 illi
2266 3702 2406 3756 haud
2445 3705 2681 3772 segniter
2712 3715 3042 3775 praeceptum
3082 3709 3250 3776 secuti
3289 3720 3470 3776 pater-

1881 3805 2008 3842 num
2027 3829 2040 3852 ,
2071 3789 2124 3842 in
2149 3790 2378 3859 patriam
2399 3801 2699 3858 venerunt;
2726 3795 3122 3864 prasdictosque
3147 3775 3330 3850 servos
3365 3799 3466 3852 viri

1881 3878 1975 3933 Dei
2019 3879 2198 3934 salvos
2237 3887 2296 3933 et
2333 3878 2628 3934 incolumes
2665 3872 3022 3947 invenerunt,
3066 3899 3265 3952 eosque
3302 3887 3465 3940 velut:

1873 3968 2010 4038 iussi
2047 3976 2207 4023 erant
2236 3968 2711 4034 manumittentes,
2746 3969 2997 4026 fecerunt
3031 3972 3329 4042 ingenuos:
3373 3979 3464 4047 qui

1879 4073 1984 4111 non
2024 4065 2145 4126 post
2185 4058 2412 4113 multum
2450 4061 2741 4128 temporis,
2785 4061 2946 4116 sicuti
2987 4071 3208 4119 sanctus
3248 4065 3332 4119 vir
3369 4066 3464 4120 Dei

1878 4151 2241 4219 praedixerat,
2283 4150 2522 4205 defuncti
2563 4160 2707 4207 sunt.
2749 4151 2795 4209 Ο
2827 4161 3027 4222 quanta
3061 4153 3344 4211 clementia
3382 4168 3465 4212 cst

1877 4242 1973 4297 Dei
2008 4241 2244 4306 Christi,
2289 4243 2380 4311 qui
2418 4240 2619 4296 famulo
2653 4258 2754 4298 suo
2781 4245 2999 4313 pietatis
3035 4244 3288 4300 affectum
3323 4247 3464 4301 insc-

1877 4333 2024 4398 ruit,
2063 4341 2119 4389 et
2156 4349 2439 4388 servorum
2479 4331 2597 4401 ejus
2636 4343 2868 4390 mortem
2912 4335 3146 4391 fumi-am
3187 4338 3459 4392 ostendit:

1876 4433 2148 4494 quatenus
2180 4424 2252 4480 illi
2290 4424 2678 4481 misericordiae
2713 4442 2926 4483 merces
2957 4429 3023 4483 de
3051 4429 3162 4483 suis
3187 4443 3294 4482 non
3320 4431 3465 4500 peri-

1805 4487 1854 4551 D
1881 4487 1992 4582 ret,
2037 4525 2092 4570 et
2137 4517 2258 4572 illos
2299 4517 2594 4572 morientes
2638 4519 2918 4573 servitutis
2949 4519 3138 4590 jngum
3184 4535 3290 4575 non
3322 4487 3462 4592 ⁸ιιι-ει-

1877 4616 2070 4674 varet;
2117 4608 2210 4677 qui
2254 4616 2310 4663 et
2354 4609 2425 4662 ob
2466 4608 2670 4662 alienos
2716 4607 3024 4663 liberandos
3073 4610 3205 4664 tanti
3249 4611 3464 4666 itineris

1873 4700 2178 4770 periculum
2201 4700 2383 4754 subire
2411 4713 2516 4753 non
2547 4700 2756 4764 timuit,
2785 4708 2842 4753 et
2879 4714 2943 4753 ex
2983 4714 3051 4755 eo
3091 4708 3330 4770 tempore
3367 4719 3460 4759 ne-

1877 4790 2076 4844 minem
2108 4790 2190 4844 sui
2223 4789 2362 4856 juris
2387 4790 2488 4842 sub
2515 4789 2790 4843 servitutis
2831 4788 2963 4859 jugo
2989 4792 3226 4845 retinere
3250 4794 3412 4850 voluit
3441 4811 3456 4859 ;

1875 4881 1970 4935 sed
1995 4879 2192 4948 ubique
2218 4894 2406 4933 omnes
2433 4878 2500 4932 ad
2528 4893 2586 4934 se
2611 4878 2943 4948 pertinentes
2968 4880 3218 4937 libertate
3241 4886 3457 4954 propria

1877 4974 2230 5044 perdonavit;
2276 4988 2344 5027 ne
2385 4973 2439 5026 in
2484 4973 2731 5043 proprios
2773 4973 2960 5029 durior
2999 4990 3120 5030 esse
3161 4977 3458 5042 vivlerctnr,

1876 5069 1968 5138 qui
2021 5067 2072 5122 in
2121 5065 2326 5120 alienos
2367 5066 2689 5121 mitissimus
2736 5082 2996 5136 apparere
3045 5068 3349 5138 gestiebat;
3403 5080 3458 5123 et

1877 5157 2208 5217 mercedem,
2255 5170 2415 5225 quam
2454 5170 2521 5210 ex
2565 5155 2686 5209 aliis
2726 5156 3100 5227 congregavit,
3129 5157 3194 5211 de
3218 5156 3331 5210 suis
3367 5172 3458 5210 ac-

1875 5245 2194 5302 cumularet.

2497 5335 2724 5394 CAPUT
2753 5335 2818 5390 ll.

1945 5429 2102 5484 Gesta
2140 5445 2257 5484 cum
2292 5436 2472 5483 sancta
2503 5425 2787 5480 Riclttrude
2820 5433 2868 5478 et
2903 5441 3018 5494 rege
3048 5423 3340 5494 Dagaberto
3362 5441 3384 5480 .‘

2161 5515 2391 5553 secessus
2429 5499 2483 5553 in
2521 5497 2707 5552 silvam
2737 5494 3165 5549 Crisciacensem.

1944 5611 2073 5666 Vill.
2112 5611 2276 5681 igitur
2302 5607 2700 5679 praedicationis
2725 5603 2898 5659 cilicio
2931 5605 2982 5658 in
3014 5603 3286 5658 Britannia
3332 5619 3454 5674 per-

1873 5715 2026 5772 acto,
2057 5719 2179 5760 cum
2213 5701 2489 5772 multiplici
2519 5699 2664 5754 verbi
2697 5698 2791 5752 Dei
2823 5697 3266 5752 fructu'revcrsns
3291 5706 3372 5752 cst
3401 5697 3455 5750 in
