3894 6182
417 251 518 323 68“)

1271 263 1331 317 Β.
1371 253 1432 316 F.
1461 247 1699 315 Ἀιιιικι
1741 256 1872 315 seu
1910 254 2184 314 Atcum
2222 253 2504 314 oratum
2545 253 2726 312 mus
2765 252 2829 309 v.

3575 255 3688 312 688

413 377 646 450 patriam
672 380 701 430 ε’
722 388 824 439 ne,
872 375 1000 430 dum
1035 374 1096 428 in
1131 373 1306 428 aliena
1346 389 1524 428 messe
1561 381 1829 442 quaereret
1855 386 1998 426 mer-
2024 377 2068 432 Α
2099 371 2378 424 cadentem
2407 368 2742 432 sublevabat,
2788 380 2858 420 ne
2886 364 3200 420 allideretur
3224 363 3291 419 ‘in
3320 365 3505 420 terris.
3547 367 3695 423 Nam

413 466 634 530 cedem,
666 467 718 520 iu
749 465 965 536 propria
1007 464 1273 534 perderet.
1322 463 1392 518 Et
1432 469 1582 516 tanto
1625 478 1684 517 se
1723 463 1998 518 ardentius

415 558 662 613 servituti
706 557 798 611 Dei
843 556 1090 625 subegit,
1137 562 1338 624 quanto
1379 552 1697 606 viciniorem
1731 551 1833 607 sibi
1857 552 1999 606 diem

416 647 874 704 remunerationis
919 661 1038 702 esse
1062 645 1360 716 praesensit.
1391 643 1524 698 Nam
1554 644 1790 715 scipsum
1819 643 1998 713 quoti-

415 738 590 793 diauis
622 738 848 810 jejuuiis
874 736 1200 800 maceravit,
1226 733 1644 789 mortiﬁcatione
1669 735 1856 788 carnis
1872 748 2002 788 con-

416 831 668 896 strinxit,
696 829 895 899 vigiliis
921 827 1111 881 amisit
1129 866 1142 890 ,
1171 826 1507 880 orationibus
1538 825 1793 888 munivit,
1821 823 2000 879 chari-

418 930 529 975 tate
554 919 926 984 conﬁrmavit,
963 933 1057 988 spe
1093 918 1404 982 roboravit,
1433 917 1538 974 tide
1570 919 1802 972 armavit
1823 904 1848 983 ;¹
1869 916 1999 970 nulli

418 1012 617 1067 malum
643 1025 740 1080 pro
764 1008 909 1062 malo
933 1008 1183 1072 reddens,
1210 1007 1409 1062 nullius
1435 1008 1700 1070 adulator,
1727 1007 2001 1061 neminem

416 1111 768 1155 contemnens
794 1115 807 1163 ;
839 1107 898 1151 ut
934 1098 1078 1152 viam
1105 1098 1350 1152 veritatis
1375 1097 1524 1166 prior
1548 1099 1664 1166 ipse
1692 1097 1998 1160 incederet,

415 1205 579 1260 quam
608 1191 820 1244 caeteris
843 1188 1186 1258 prazdicando
1212 1197 1627 1244 monstraverat.
1665 1187 1756 1242 Sic
1777 1188 1874 1241 'vir
1906 1188 2002 1241 Dei

417 1281 572 1352 galea
593 1281 783 1335 salutis
808 1279 1051 1334 induitur
1076 1277 1223 1350 [Al.,
1253 1279 1540 1352 indutus],
1568 1287 1625 1334 et
1650 1278 1824 1347 gladio
1853 1278 2002 1333 verbi

417 1371 513 1425 Dei
535 1371 829 1432 accinctus,
853 1379 908 1424 et
929 1369 1094 1424 lorica
1115 1367 1340 1437 iustitiae
1363 1371 1601 1441 undique
1621 1370 2000 1435 circumdatus,

419 1470 584 1531 atque
612 1467 766 1516 scuto
796 1461 919 1516 tidei
947 1469 1218 1524 armatus,
1250 1461 1626 1530 calceatusque
1653 1462 2005 1530 inpncpara-

2099 469 2399 522 orationea
2444 466 2648 519 famulo
2694 465 2790 519 Dei
2817 463 2980 528 facta,
3027 479 3163 534 puer
3211 464 3500 520 incolumis
3528 469 3692 535 quasi

2099 561 2310 615 avicula
2351 559 2601 629 pervenit
2629 557 2698 611 ad
2740 563 2965 622 terram,
3015 563 3070 610 et
3115 571 3289 627 equus
3317 556 3564 612 redditus
3608 571 3696 613 εει

2101 635 2499 708 mansuetudini
2547 665 2677 704 suat.
2731 649 2799 703 Et
2843 656 3019 703 mater
3061 648 3280 718 quidem
3322 649 3493 703 tilium
3529 661 3694 703 suum

2099 759 2262 814 super
2307 751 2512 799 terram
2545 757 2745 797 sanum
2793 748 2848 796 et
2874 741 3142 796 ridentem
3179 742 3419 811 suscepit
3441 741 3500 795 in
3534 742 3698 797 ulnas

2099 835 2395 904 suas-ipse
2418 841 2600 900 tamen
2629 832 2883 887 sacerdos
2907 831 3005 886 Dei
3044 847 3151 886 non
3186 846 3329 902 equo
3363 831 3472 885 iter
3499 847 3693 902 agere.

2096 926 2389 982 sed-asello
2427 925 2866 980 mansuetissimo
2902 939 2970 979 ex
3012 938 3078 979 eo
3103 932 3350 995 tempore
3369 923 3560 979 voluit.
3600 925 3696 980 Sic

2101 1029 2230 1087 ergo
2254 1017 2548 1071 miserante
2568 1016 2700 1080 Deo,
2726 1013 3200 1086 teutatiomaligni
3227 1013 3400 1069 hostis
3429 1014 3504 1068 illi
3529 1031 3696 1070 versa

2099 1119 2184 1165 est
2211 1111 2270 1164 in
2297 1109 2494 1165 'laudts
2514 1111 2812 1165 honorem:
2864 1116 2920 1164 et
2953 1109 3212 1179 superbia
3258 1108 3382 1178 equi
3427 1108 3572 1164 facta
3607 1120 3695 1165 est

2103 1202 2423 1258 humilitatis
2453 1203 2626 1272 gratia
2653 1209 2708 1256 et
2729 1200 3012 1271 magistra.
3042 1198 3181 1254 Nam
3223 1214 3328 1252 non
3353 1208 3474 1253 erat
3496 1199 3696 1254 imme-

2103 1309 2226 1348 mor
2264 1293 2552 1347 Dominum
2600 1290 2911 1354 Christum,
2956 1289 3086 1344 dum
3139 1289 3211 1344 ad
3248 1289 3692 1359 redemptionem

2103 1393 2418 1454 properaret
2437 1383 2655 1438 humani
2679 1383 2910 1455 generis,
2942 1382 3106 1437 asello
3127 1382 3231 1436 iter
3258 1381 3688 1453 egisse'Ulaulr.

2096 1478 2242 1548 ut),
2274 1492 2384 1531 non
2427 1491 2612 1546 equo:
2666 1475 2746 1530 sic
2792 1483 2848 1529 ct
2898 1475 3033 1545 ipse,
3082 1482 3303 1545 prepter
3334 1473 3690 1529 salutiferam

418 1551 616 1606 tionem
668 1549 948 1620 Evangelii
997 1549 1148 1618 pacis
1198 1549 1431 1618 (Ephcs:
1466 1549 1590 1621 vi),
1641 1549 1905 1617 processit
1933 1547 2004 1602 in

2103 1555 2560 1638 praedicationem,
2596 1567 2723 1621 dum
2769 1567 3076 1638 permulta
3117 1568 3360 1637 quotidie
3407 1566 3694 1622 festinaret

416 1639 658 1730 Pramum
688 1639 958 1730 Ρυδίίθυαῖ
990 1639 1497 1730 θθηιῗδθθμίίίίυίυω
1535 1641 1775 1704 bouem,
1823 1637 2002 1730 9mm“
2029 1718 2069 1730 _
2104 1637 2246 1726 ioca,
2273 1660 2502 1715 asellum
2566 1659 2672 1714 sibi
2727 1637 3047 1729 portitorem
3102 1657 3348 1714 sufﬁcere
3403 1658 3686 1730 judicavit.

418 1730 524 1786 tela
557 1729 688 1821 pejus
728 1731 886 1800 ignea
928 1729 1226 1821 fortissimo
1265 1728 1388 1821 ﬁdei
1430 1731 1662 1821 umbone
1691 1728 1993 1821 repellens:
2029 1718 2072 1777 Β
2100 1718 2432 1821 Quocunque
2457 1759 2639 1805 autem
2665 1718 2770 1805 iter
2793 1751 3004 1821 agebat,
3031 1757 3124 1804 aut
3157 1749 3349 1820 psalmi
3379 1718 3431 1803 in
3455 1759 3552 1803 ore
3572 1748 3690 1818 ejus

417 1820 854 1892 quotidianisque
902 1819 1193 1888 triumphis
1225 1818 1396 1889 spolia
1437 1818 1607 1873 multa
1657 1820 1800 1874 victo
1845 1819 2001 1876 hoste

418 1913 753 1983 reportavit,
785 1912 839 1966 in
869 1911 1113 1967 Ecclesia
1143 1909 1276 1983 [Al.,
1306 1910 1629 1982 Ecclesiam]
1658 1911 1863 1966 Christi
1885 1919 1999 1965 tam

419 2005 742 2062 metuendus
780 2007 1004 2061 humani
1038 2006 1256 2074 generis
1287 2005 1541 2071 inimice,
1571 2021 1732 2075 quam
1763 2006 2000 2061 humano

417 2097 602 2168 generi
645 2097 1124 2166 pernecessarius;
1168 2105 1228 2151 ut
1270 2105 1394 2168 pote
1429 2096 1523 2166 qui
1565 2112 1672 2152 non
1698 2105 1999 2152 suam-tan-

419 2196 568 2252 tum,
597 2186 690 2242 sed
715 2187 1007 2242 multorum
1052 2188 1302 2258 quaesivit
1343 2187 1593 2243 salutem.
1636 2187 1760 2242 ideo
1795 2185 2001 2255 justum

416 2284 499 2332 est
535 2285 596 2331 ut
633 2277 927 2333 multorum
960 2292 1056 2334 ore
1085 2278 1139 2332 in
1164 2277 1383 2333 Christo
1413 2266 1682 2344 laudetur,
1709 2279 2001 2334 multorum

417 2380 516 2434 pro
555 2365 773 2422 Christo
809 2366 954 2439 [Al.,
985 2383 1082 2438 per
1107 2367 1423 2440 Christum]
1464 2370 1808 2439 redemptor:
1849 2369 2002 2438 cujus

417 2471 524 2510 non
549 2457 685 2511 tanti
711 2465 796 2512 est
824 2457 1086 2512 miracula
1113 2472 1339 2512 narrare
1359 2473 1480 2527 quae
1506 2459 1573 2512 ab
1595 2474 1660 2512 eo
1683 2467 1830 2529 gesta
1853 2469 1999 2524 sunt,

416 2549 606 2618 quanti
645 2548 1030 2604 miraculorum
1067 2564 1398 2618 cognoscere
1427 2551 1716 2615 virtutem,
1748 2567 1854 2620 qua
1893 2568 2000 2607 cce-

416 2637 536 2692 lesti
572 2636 704 2707 Regi
745 2637 800 2691 in
838 2639 1030 2694 diebus
1069 2638 1182 2694 suis
1229 2639 1456 2694 multum
1511 2636 1672 2712 I79
1711 2643 2001 2711 acquisivit

416 2725 690 2795 populum.
719 2727 856 2782 Nam
880 2726 1112 2783 cilicium
1136 2729 1536 2798 praedicationis
1555 2732 1795 2785 omnium
1824 2731 2002 2802 signo-

417 2832 537 2870 rum
571 2819 882 2873 ostensione
912 2819 1089 2890 majus
1131 2836 1252 2876 esse
1289 2838 1396 2878 non
1439 2824 1661 2879 dubium
1707 2833 1828 2890 est;
1876 2825 2002 2881 licet

418 2923 527 2962 non
567 2906 820 2973 defuerit,
859 2924 959 2979 pro
1001 2919 1307 2980 temporum
1343 2911 1425 2966 vel
1461 2929 1644 2970 rerum
1679 2917 2001 2970 convenien-

414 2999 488 3054 tia
507 3040 522 3064 ,
554 2999 831 3070 signorum
861 3001 1213 3071 perpetratio,
1246 3016 1366 3071 quae
1391 3017 1490 3072 per
1516 3019 1642 3058 eum
1672 3005 1850 3059 divina
1875 3019 1999 3074 per-

414 3090 527 3159 egit
562 3089 868 3150 clementia.

485 3181 574 3236 lx.
641 3181 882 3248 Quodam
931 3199 1165 3256 namque
1194 3195 1455 3256 tempore
1500 3187 1720 3257 maligni
1772 3186 1996 3256 Spiritus

417 3275 640 3328 tentatio
675 3276 744 3330 ad
762 3277 1141 3332 verecundiam
1187 3279 1384 3334 accidit
1422 3278 1524 3331 viri
1556 3277 1674 3340 Dei,
1706 3293 1869 3348 quam
1902 3278 1993 3332 Dei

420 3364 789 3419 misericordia
814 3367 882 3420 ad
907 3367 1118 3422 laudem
1153 3369 1203 3422 ei
1230 3370 1502 3424 concessit
1527 3370 1766 3424 evenire.
1802 3370 1998 3425 Visita-

417 3454 493 3506 vit
516 3454 660 3508 enim
711 3456 1004 3525 equitando
1050 3460 1343 3527 quamdam
1386 3459 1497 3515 Deo
1546 3461 1796 3515 devotam
1845 3461 1998 3515 femi-

417 3557 560 3607 nam,
588 3556 612 3582 ιι
647 3543 957 3600 Rictrudem
983 3547 1202 3602 nomine
1226 3565 1246 3600 ς
1278 3558 1332 3602 et
1360 3563 1482 3602 cum
1506 3545 1627 3615 jam
1654 3556 1777 3617 post
1814 3547 1998 3604 dulces

416 3634 539 3689 vita:
561 3635 764 3704 epulas,
812 3644 869 3690 ct
893 3646 1013 3706 post
1039 3638 1310 3708 colloquia
1339 3639 1596 3704 salubria,
1626 3639 1741 3708 ipse
1769 3640 1852 3694 vir
1875 3640 1994 3705 Dei,

422 3739 648 3780 ascenso
697 3741 868 3794 equo,
917 3729 986 3782 ad
1033 3729 1249 3798 propria
1307 3744 1552 3785 remeare
1596 3730 1994 3800 disposuisset:

2100 1845 2441 1907 resonabant,
2477 1848 2571 1897 ant
2610 1842 2799 1897 salutis
2838 1857 2904 1896 ex
2933 1855 3029 1896 ore
3076 1839 3190 1909 ejus
3230 1840 3550 1910 praedicatio
3589 1854 3688 1893 au-

2097 1939 2362 1994 diebatur.
2387 1936 2498 1992 Nec
2525 1937 2722 1991 mirum
2746 1936 2794 1990 si
2821 1933 3096 1990 Christum
3118 1941 3329 2003 semper
3358 1933 3687 2012 praedicaret

2098 2022 2303 2103 lingua,
2348 2045 2510 2100 quem
2557 2036 2773 2099 semper
2792 2028 3032 2098 ‘gerebat
3061 2026 3114 2081 in
3144 2027 3323 2088 corde,
3381 2039 3483 2094 per
3527 2038 3688 2094 quem

2098 2123 2221 2194 pius
2245 2120 2555 2177 consolator
2578 2118 2793 2174 miseris
2812 2116 2918 2172 fuit
2937 2125 2991 2172 ct
3021 2115 3462 2170 dumsinvector
3499 2123 3688 2184 poteno
3739 2148 3749 2156 -

2103 2218 2286 2272 tibus:
2335 2215 2550 2270 illorum
2589 2213 2822 2282 inopiam
2866 2209 3118 2266 clementi
3164 2209 3519 2263 miseratione
3557 2208 3690 2263 relc-

2100 2307 2509 2372 vans,'istorum
2549 2303 2858 2374 superbiam
2884 2316 3077 2357 severa
3121 2299 3484 2368 castigatione
3516 2299 3684 2368 rcpri-
3723 2317 3726 2320 ’

2101 2419 2275 2458 mens.

2173 2543 2238 2597 Χ.
2280 2543 2414 2597 Nam
2445 2541 2674 2611 quodam
2699 2546 2956 2610 tempore
2999 2552 3094 2592 rex
3121 2517 3694 2604 Lpotcntissimus'Da-

2103 2633 2383 2700 gobertus,
2428 2636 2655 2700 rogante
2692 2627 2810 2682 viro
2835 2627 3055 2682 *illustri
3096 2625 3420 2687 Gislemaro,
3469 2623 3692 2677 easdem

2101 2723 2286 2778 venire
2315 2721 2448 2794 [Al.,
2477 2719 2644 2792 venit]
2676 2721 2728 2774 in
2759 2729 2960 2788 partes,
2991 2728 3048 2773 et
3067 2719 3250 2772 virum
3278 2718 3393 2778 Dei.
3424 2725 3484 2769 ut
3507 2729 3565 2770 se
3593 2729 3685 2769 sa-

2101 2814 2402 2870 crosanctis
2445 2811 2562 2881 ejus
2607 2811 2946 2865 orationibus
2974 2809 3402 2868 commendaret,
3451 2808 3696 2861 invisere

2103 2908 2347 2979 contigit.
2378 2905 2546 2973 Quem
2577 2905 2691 2974 ipse
2731 2901 2966 2958 famulus
2995 2903 3088 2956 Dei
3131 2910 3185 2956 et
3225 2887 3532 2956 sanctitatis
3580 2908 3699 2954 suae

2105 2998 2478 3056 benedictione
2507 2995 2806 3059 roboravit,
2836 3004 2891 3049 et
2919 2992 3242 3050 sacerdotali
3270 2986 3698 3046 auctoritateli.

2023 3062 2072 3126 θ
2102 3090 2229 3144 bcra
2268 3101 2398 3142 voce
2445 3084 2749 3154 castigavit,
2795 3082 3120 3137 denuntians
3145 3082 3196 3136 ei
3236 3096 3301 3136 ne
3331 3080 3400 3144 in.
3431 3079 3696 3135 saeculari

2101 3179 2406 3250 superbiret
2429 3177 2692 3247 potentia,
2723 3189 2792 3228 ne
2821 3174 2876 3228 in
2904 3172 3146 3244 fugitivis
3189 3178 3435 3242 speraret
3463 3169 3699 3237 divitiis,

2101 3284 2166 3326 nc
2194 3267 2347 3322 vanis
2375 3265 2711 3321 adulantium
2742 3262 3094 3327 extolleretur
3131 3261 3461 3326 rumoribus,
3504 3275 3574 3314 ne
3604 3277 3701 3315 ca—

2098 3359 2253 3415 ducis
2282 3356 2561 3430 gauderet
2611 3354 2939 3420 honoribus;
2995 3354 3088 3409 sed
3133 3352 3307 3422 magis
3339 3352 3435 3406 Dei
3481 3351 3701 3406 timeret

2098 3454 2421 3524 potentiam,
2469 3451 3081 3522 illiusqueimmensam
3130 3448 3374 3503 laudaret
3418 3447 3697 3517 gloriam;

2099 3543 2389 3598 humanam
2417 3541 2872 3612 vero-potentiam
2897 3540 2979 3596 vel
3021 3538 3250 3610 gloriam
3287 3537 3492 3592 nullam
3537 3548 3699 3608 pnta«

2101 3644 2205 3700 ret,
2250 3651 2371 3705 qum
2410 3636 2592 3690 subito
2629 3634 2776 3690 velut
2816 3633 3051 3688 volatilis
3097 3633 3289 3687 umbra
3343 3630 3589 3696 recedat,
3625 3640 3700 3685 eet

2098 3739 2355 3800 tanquam
2383 3742 2572 3797 spuma
2595 3741 2756 3796 super
2777 3741 2994 3795 aquam,
3018 3723 3334 3780 tentationis
3354 3721 3520 3776 ﬂante
3556 3739 3692 3778 ven-

417 3813 616 3868 femina
658 3817 958 3885 praedicta,
972 3817 1133 3887 juxta
1183 3832 1410 3884 morem,
1459 3820 1752 3889 equitantis
1775 3819 1996 3890 vestigia
2099 3830 2172 3884 to.
2199 3827 2525 3877 evanescat:
2566 3827 2730 3888 atque
2760 3818 2864 3874 hoc
2889 3815 3069 3886 potius
3115 3813 3354 3872 timendo
3397 3812 3688 3882 cogitaret,

414 3905 592 3960 Patris
622 3918 810 3962 secuta
841 3916 943 3974 est,
989 3910 1016 3949 ιι
1043 3909 1251 3966 habens
1278 3911 1331 3966 in
1377 3910 1521 3967 ulnis
1564 3910 1731 3966 tilium
1769 3909 1903 3982 [ΑΛ.
1935 3911 1998 3965 ti-

2103 3910 2225 3981 quia
2237 3916 2468 3980 patentes
2489 3914 2727 3978 potenter
2746 3915 3006 3960 tormenta
3019 3901 3457 3974 patiantur(Sap.
3485 3918 3566 3968 vt,
3597 3904 3628 3956 7
3655 3902 3696 3972 ),

416 3995 624 4069 liulum]
654 4013 833 4064 suum,
877 4008 934 4054 ut
953 4001 1218 4070 parvulus
1247 4017 1463 4072 quoque
1489 4003 1865 4059 benedictione
1902 4005 1999 4058 ho-
2097 4010 2171 4066 ct,
2204 4001 2290 4054 cui
2314 3998 2432 4071 plus
2457 3997 2637 4062 datur,
2667 3995 2786 4067 plus
2809 3996 3039 4066 exigitur
3057 3994 3122 4050 ab
3151 4011 3212 4050 eo
3244 3993 3398 4066 (Luc.
3421 4010 3500 4048 xu
3521 4034 3536 4054 .
3580 3993 3694 4066 48).

418 4086 578 4141 minis
607 4086 702 4141 Dei
725 4087 1092 4156 roboraretur,
1129 4106 1296 4160 queat
1315 4092 1438 4162 ipse
1463 4101 1590 4152 ante
1615 4108 1772 4148 sacro
1797 4093 2002 4162 baptise-
2099 4092 2417 4158 Quiautem
2443 4088 2536 4144 vix
2563 4087 2761 4143 sutiicit
2784 4103 2883 4158 pro
2913 4103 2973 4143 se
3016 4085 3130 4142 solo
3158 4086 3424 4143 rationem
3455 4085 3692 4140 reddere

420 4187 564 4233 male
617 4191 1051 4248 regeneraverat.
1108 4184 1421 4253 Accipiente
1493 4185 1674 4254 itaque
1731 4184 2000 4242 infantem
2101 4183 2213 4240 Deo
2243 4182 2300 4236 in
2329 4179 2654 4250 diejudicii,
2679 4179 2816 4249 quid
2843 4177 3009 4234 faciet
3033 4193 3133 4248 pro
3162 4185 3242 4232 tot
3265 4175 3547 4231 hominum
3575 4174 3700 4229 mil-

415 4271 598 4340 equite
631 4273 960 4335 venerando,
989 4288 1084 4328 seu
1114 4275 1186 4328 ad
1213 4274 1662 4340 benedicendum,
1688 4291 1786 4332 seu
1813 4276 1883 4331 ad
1911 4291 2000 4330 os—
2099 4273 2238 4330 lilnss
2266 4273 2370 4343 ipsi
2399 4271 2710 4328 commissis.
2733 4269 2868 4342 [Al.,
2905 4268 3178 4340 quomodo
3206 4264 3416 4337 poterit
3459 4279 3700 4334 suppor-

417 4363 725 4424 culandum,
757 4363 1012 4432 antiquus
1040 4364 1230 4428 hostis,
1257 4365 1510 4419 omnibus
1544 4365 1704 4420 bouis
1722 4365 1997 4431 inimicus,
2033 4418 2073 4432 ,ι
2104 4378 2221 4421 tare
2251 4366 2517 4420 rationem
2544 4363 2773 4428 reddere
2802 4377 2901 4432 pro
2931 4361 3100 4416 tantis
3124 4357 3364 4415 millibus
3376 4357 3563 4427 populi
3595 4358 3697 4412 sibi

419 4455 646 4512 immisit
670 4418 810 4525 et]th
840 4418 1177 4511 ferocitatem
1200 4418 1230 4509 ι’
1254 4457 1344 4526 qui
1367 4418 1473 4512 huc
1500 4418 1732 4526 illucque
1752 4418 2003 4514 dentibus
2033 4418 2078 4476 υ
2492 4418 2720 4522 ιᾱρίται,
2751 4418 3002 4524 quisque
3053 4453 3231 4523 magis
3274 4418 3470 4508 timere
3517 4459 3699 4520 potest

419 4546 696 4613 frendens,
725 4549 1060 4619 pedibusque
1081 4549 1399 4613 calcitrans,
1436 4557 1490 4603 et
1509 4557 1632 4604 toto
1663 4565 1888 4619 corpore
1919 4551 2003 4606 iu-
2103 4563 2360 4618 przeesse,
2383 4563 2547 4618 quam
2582 4547 2838 4603 subesse:
2861 4546 2991 4617 quia
3015 4546 3110 4615 qui
3133 4545 3342 4610 subest,
3369 4557 3472 4612 pro
3501 4559 3561 4597 se
3584 4541 3699 4598 solo

418 4640 656 4704 sanicns,
685 4641 1004 4698 inconsueto
1041 4641 1244 4712 impetu
1278 4657 1374 4712 per
1405 4656 1656 4711 campum
1695 4641 2004 4697 discurrere
2104 4641 2372 4696 rationem
2409 4641 2597 4696 reddet
2624 4641 2732 4696 Deo
2761 4660 2774 4694 :
2824 4641 2916 4710 qui
2948 4649 3131 4704 autem
3163 4645 3425 4709 praesunt,
3458 4651 3562 4706 pro
3583 4653 3701 4691 om-

417 4731 600 4800 eaepit.
629 4729 782 4797 Quod
819 4733 1014 4801 pavida
1055 4748 1282 4788 cernens
1329 4741 1522 4798 mater,
1563 4732 1750 4788 oculos
1773 4735 2000 4800 avertit,
2103 4731 2263 4788 nibus
2299 4733 2560 4788 reddituri
2598 4743 2746 4799 sunt,
2769 4749 2862 4803 qm
2901 4731 3006 4786 sul;
3027 4746 3214 4788 eorum
3259 4737 3388 4786 sunt
3427 4736 3698 4798 potestate

421 4836 488 4876 ue
514 4821 832 4876 morientem
863 4823 1072 4877 videret
1099 4823 1292 4887 tilium,
1319 4839 1480 4893 quem
1513 4839 1704 4879 servus
1743 4824 1862 4890 Dei,
1895 4841 1999 4880 saa-

420 4914 598 4970 viente
626 4929 792 4984 equo,
821 4930 982 4968 manu
1017 4915 1255 4971 tenebat.
1281 4917 1510 4972 Familia
1537 4933 1667 4973 vero
1692 4933 1789 4988 pro
1828 4928 2004 4974 morte

417 5005 591 5075 pueri,
619 5005 704 5059 vel
738 5019 866 5060 casu
898 5005 1001 5059 viri
1033 5005 1148 5071 Dei,
1181 5016 1442 5076 strepere,
1490 5008 1764 5078 plangere,
1797 5008 2002 5080 ejulare

419 5111 526 5152 non
553 5096 780 5152 destitit.
811 5095 918 5152 Sed
945 5096 1166 5151 dextera
1189 5096 1414 5163 Christi,
1441 5114 1560 5167 qua:
1586 5099 1804 5154 Petrum
1837 5101 2003 5170 trepi-

420 5188 640 5246 dantem
688 5188 910 5254 levavit,
956 5202 1025 5243 ne
1073 5197 1409 5261 mergeretur
1457 5191 1508 5244 in
1547 5190 1729 5255 undis,
1777 5206 2001 5261 puerum

493 5336 518 5365 ι
557 5323 860 5380 Rictrudem
909 5326 1135 5378 nomine.
1177 5323 1385 5379 Colitur
1430 5323 1496 5377 12
1528 5323 1671 5377 Maii.
1725 5323 1997 5376 Bonane.

424 5424 493 5434 -—
514 5393 644 5462 Qun:
668 5408 738 5450 an
774 5396 966 5450 eadem
990 5395 1060 5448 sit
1083 5410 1204 5450 cum
1232 5402 1414 5450 sancta
1445 5394 1704 5449 Bictrude
1729 5393 2002 5447 abbatissa

428 5464 780 5520 liarcianensi
808 5466 862 5519 in
895 5465 1062 5534 ipsius
1091 5467 1366 5520 Rictrudis
1398 5464 1518 5519 Vita
1547 5463 1769 5518 discutit
1800 5462 1999 5516 Mabill.

427 5538 544 5586 Act.
568 5551 692 5606 sgcc.
724 5551 760 5588 ιι
787 5575 798 5598 ,
829 5546 968 5606 part.
990 5552 1009 5606 Δι
1031 5576 1052 5606 ,ί
1079 5551 1200 5606 pag.
1239 5535 1345 5590 946
1385 5543 1500 5589 not.

500 5553 544 5586 ι.
568 5553 692 5590 Stcc.
724 5553 760 5588 It
787 5575 798 5598 ,
829 5553 968 5603 part.
995 5553 1044 5596 ι,
1079 5553 1144 5606 pa
1188 5576 1200 5588 .
1239 5553 1345 5590 υιιιυ
1385 5553 1500 5589 ιιοι.

500 5606 524 5637 ι’
587 5601 797 5653 "uberis
844 5605 897 5654 in
945 5603 1082 5655 ulnis
1111 5553 1281 5670 ﬁgam
1329 5620 1503 5668 artant.
1547 5602 1644 5658 llic
1671 5613 1751 5658 est
1783 5613 2003 5657 sanctus

431 5669 761 5731 Maurontus,
797 5671 885 5737 qui
927 5669 1122 5724 colitur
1152 5671 1182 5724 5
1216 5672 1373 5726 Maii:
1426 5687 1584 5745 quem
1629 5691 1655 5725 a
1695 5682 1880 5729 sancto
1907 5673 2001 5728 Ri-

2102 4825 2402 4884 coustituti.
2433 4823 2550 4892 Qua
2579 4825 2936 4896 castigatione
2965 4840 3081 4886 rex.
3123 4832 3182 4877 ut
3210 4822 3311 4877 fuit
3341 4821 3686 4890 sapientissi-

2107 4935 2249 4983 mus,
2275 4919 2506 4990 benigne
2535 4927 2806 4989 suscepta,
2827 4919 3077 4990 gaudens
3100 4915 3218 4985 ejus
3243 4917 3424 4978 libera.
3443 4915 3699 4972 veritatis

2105 5010 2320 5076 ﬁducia.
2355 5012 2516 5082 180
2559 5012 2898 5067 sacerdotem
2936 5009 3139 5065 Christi
3181 5025 3366 5065 secum
3393 5009 3464 5063 ad
3505 5007 3698 5064 convi-

2104 5104 2251 5158 vium
2282 5105 2470 5159 venire
2504 5101 2869 5174 rogavit.~Qui
2895 5101 3102 5156 Christi
3133 5099 3474 5156 confortatus
3513 5115 3700 5154 exem-

2105 5193 2214 5262 plo,
2241 5192 2582 5250 saecularium
2623 5207 2730 5246 non
2758 5192 3061 5263 respuentis
3085 5191 3354 5255 convivia,
3402 5197 3464 5244 ut
3491 5189 3695 5259 pndi—

2105 5324 2292 5378 chario
2325 5339 2440 5395 iper
2484 5339 2698 5395 sacrum
2757 5323 3025 5395 baptisma
3093 5323 3261 5379 fuisse
3315 5331 3696 5395 regeneratum

2106 5395 2295 5450 scribit
2322 5393 2627 5450 Hucbatdus
2652 5393 2952 5451 monachus
2983 5395 3303 5450 Elnonensis
3329 5395 3384 5446 in
3413 5393 3534 5446 Vita
3567 5407 3700 5446 san-

2107 5472 2208 5520 ctze
2237 5465 2528 5520 itictrudis.
2565 5467 2666 5522 Est
2690 5473 2871 5521 autem
2911 5467 3049 5521 alius
3075 5482 3105 5519 a
3146 5465 3390 5519 Maronto
3431 5463 3699 5517 silvarum

2110 5535 2254 5615 regis
2301 5545 2430 5615 tunc
2473 5546 2779 5615 servatore.‘
2805 5536 2890 5615 _de
2931 5552 3038 5615 quo
3068 5533 3390 5615 ‘mosnint‘ra
3438 5548 3608 5615 num._
3633 5531 3693 5611 il

2107 5599 2300 5673 agitur.
2329 5604 2594 5662 Romam.
2625 5637 2692 5646 ——
2722 5606 2850 5660 Vide
2875 5599 3037 5661 etiam
3068 5604 3264 5661 Mahill.
3295 5603 3414 5659 loco
3441 5604 3493 5657 iu
3523 5599 3704 5674 priori

2111 5683 2236 5730 nota
2273 5675 2458 5729 citate.
