3894 6182
213 320 327 379 693
928 332 1506 398 HAGIOGRAPHICA.
1547 376 1619 386 —-
1658 336 1819 404 VlTA
1858 349 1914 406 S.
1958 352 2431 414 WlLLlBRORDl.
2473 392 2544 401 —-
2579 360 2706 417 LIB.
2748 364 2788 418 Ι.

203 430 346 489 Jestt
382 432 597 501 Christi,
622 440 713 508 qui
751 440 891 497 dedit
921 422 1253 519 semetipsum
1291 470 1385 522 pro
1426 456 1591 523 nobis,
1624 470 1681 513 ut
1710 479 1803 517 nos

202 524 494 582 adimeret
530 530 595 584 ab
629 534 770 587 omni
798 535 1087 608 iniquitate,
1128 552 1178 597 et
1205 547 1482 603 mandaret
1515 551 1615 607 sibi
1638 571 1803 626 papu-

3390 374 3493 432 (ΞΜ

1831 478 1879 535 Α
1907 466 2017 562 lunt
2037 471 2431 562 acceptabilem,
2481 486 2785 533 sectatorem
2833 479 3085 537 bonorum
3116 502 3326 557 operum
3357 486 3487 562 (Tit.

1907 575 1970 624 tt,
1998 559 2113 632 12),
2144 562 2230 617 cui
2275 571 2357 617 est
2390 563 2558 637 gloria
2591 568 2643 623 in
2689 570 2885 625 saecula
2930 575 3266 632 sa‘culorum.
3294 559 3486 637 Amen.

206 671 1762 716 ..._____.____________________.

2546 713 3479 743 .________________

1005 763 1855 948 OPUSCULUM
1940 836 2679 970 QUARTUM.

394 1058 580 1187 illi
658 990 1066 1189 um.
1151 1063 1857 1257 uitulinum
1943 1072 2696 1211 TRAJEC'I‘ENSIS
2771 1086 3243 1220 EPISCOPI

1508 1320 1814 1396 LIBRI
1867 1323 2125 1400 υυοι

2004 1490 2106 1504 ..α

702 1588 860 1659 183
900 1587 1287 1648 PROLOGUS.
1815 1597 1858 1657 Β
1885 1594 2114 1650 alterum
2135 1594 2316 1651 Pierio
2344 1597 2480 1667 pede
2509 1606 2841 1663 currentem,
2867 1601 2959 1668 qui
2987 1601 3041 1655 in
3072 1612 3283 1659 secreto
3316 1606 3481 1665 cubili

257 1679 497 1735 Domino
523 1678 744 1745 eximio,
779 1680 1074 1737 venerabili
1102 1691 1266 1752 atque
1292 1682 1544 1738 laudabili
1576 1684 1779 1740 Beorn-

181 1769 322 1826 rado
348 1767 824 1842 tarcbiepiscopo,
869 1771 1087 1828 humilis
1120 1771 1283 1831 levita
1325 1772 1587 1831 Alcuinus
1636 1774 1797 1834 salum

176 1871 322 1918 tem.

249 1954 468 2011 Delatis
494 1955 562 2011 ad
591 1970 691 2012 nos
732 1964 932 2012 vestrae
962 1958 1297 2014 excellentiae
1326 1958 1524 2017 litteris
1570 1961 1625 2014 in
1662 1961 1781 2029 qui-

174 2048 283 2104 bus
316 2057 566 2105 vestrum
600 2064 903 2121 agnoscens
939 2050 994 2107 in
1023 2049 1253 2109 Domino
1282 2050 1544 2118 studium,
1575 2060 1631 2107 et
1661 2052 1779 2108 diu-

174 2150 404 2198 turnam
439 2142 497 2196 in
519 2141 638 2215 lege
668 2141 786 2213 eius
826 2142 1256 2211 meditationem,
1299 2160 1499 2217 magno
1532 2160 1620 2200 me
1648 2161 1776 2218 gau-

173 2231 267 2287 dio
290 2230 552 2289 all‘ectum
577 2247 702 2290 esse
732 2232 906 2290 fateor
935 2254 949 2289 :
979 2234 1076 2290 sed
1102 2243 1285 2291 tamen
1322 2234 1479 2306 longe
1513 2236 1775 2307 imparem

168 2338 262 2380 me
294 2324 553 2395 petitioni
582 2333 778 2382 vestrae
821 2326 1188 2392 consideravit,
1225 2335 1286 2382 ut
1313 2335 1438 2397 pote
1465 2326 1615 2382 nullo
1637 2342 1775 2399 pra:-

172 2418 439 2490 rogativa:
458 2433 683 2475 munere
706 2418 1032 2491 eloquentiae
1057 2418 1306 2475 sull‘ultus
1345 2418 1414 2477 ad
1442 2419 1774 2491 implendum

169 2509 319 2581 quod
361 2508 610 2579 iussistis
654 2508 848 2582 [Mab.,
896 2510 1039 2581 quod
1086 2507 1327 2582 iussisti]
1362 2527 1376 2563 :
1416 2525 1482 2566 ac
1525 2508 1632 2565 nisi
1684 2523 1773 2564 me

170 2603 416 2659 claritas
449 2611 688 2675 urgeret,
721 2617 843 2672 quae
889 2601 1035 2656 nulla
1071 2600 1210 2674 [Id.,
1253 2599 1409 2672 nulli]
1450 2615 1647 2672 negare
1683 2598 1773 2655 so-‘

168 2692 262 2757 let,
295 2706 413 2747 non
449 2691 705 2747 auderem
748 2690 891 2746 ultra
934 2705 1070 2747 meae
1103 2691 1437 2762 paupertatis
1470 2688 1607 2762 [Id.,
1637 2704 1767 2760 par-

168 2779 389 2854 vitatis]
445 2782 591 2837 vires
641 2781 917 2853 negotium
961 2782 1249 2853 attingere.
1308 2780 1512 2835 Tamen
1568 2780 1767 2837 vestris

1887 1687 2030 1743 inter
2074 1686 2430 1743 scholasticos
2477 1698 2600 1744 tuos
2651 1691 3028 1746 tantummodo
3073 1695 3336 1751 ruminari
3387 1697 3480 1753 de-

1882 1776 2108 1835 buisset.
2149 1778 2388 1849 Uterque
2416 1789 2621 1849 tamen,
2654 1791 2879 1854 propter
2918 1786 3307 1857 occupationes
3332 1789 3480 1846 diur—

1883 1884 2001 1934 nas,
2050 1868 2263 1925 furtivis
2289 1871 2532 1925 noctium
2575 1872 3059 1930 lucubratiunculis
3088 1875 3324 1933 dictatus
3373 1887 3476 1946 est,

1881 1967 1938 2015 et
1959 1974 2027 2015 eo
2055 1961 2228 2032 magis
2263 1969 2459 2041 vestrae
2495 1961 2751 2035 indigent
2776 1964 3134 2031 defensionis,
3162 1983 3269 2038 quo
3296 1968 3478 2025 minus

1880 2051 1951 2106 ab
1980 2060 2206 2108 auctore
2240 2053 2458 2122 proprio
2489 2054 2711 2123 expoliti
2737 2066 2883 2112 sunt.
2918 2057 3096 2113 Meum
3128 2056 3265 2132 [Id.,
3294 2075 3475 2116 meum

1881 2140 2031 2213 vero]
2058 2141 2175 2209 fuit,
2221 2144 2585 2217 praecipientis
2620 2161 2729 2202 non
2761 2163 3022 2218 spernere
3053 2152 3431 2208 auctoritatem
3458 2173 3470 2207 :

1881 2239 2037 2287 tuum.
2088 2240 2175 2288 est
2211 2233 2514 2290 obedientis
2563 2234 2856 2293 defendere
2904 2239 3247 2309 imperitiam.
3296 2238 3471 2300 Unam

1876 2336 2093 2391 quoque
2118 2323 2287 2391 priori
2312 2322 2492 2379 libello
2522 2326 2865 2395 superaddidi
2889 2329 3189 2397 homiliam,
3220 2348 3340 2403 quae
3369 2335 3473 2389 uti-

1875 2427 2004 2468 nam
2060 2414 2221 2488 digna
2265 2424 2412 2475 esset
2442 2425 2535 2472 tuo
2579 2419 2889 2475 venerando
2933 2436 3028 2477 ore
3055 2423 3253 2496 popqu
3276 2425 3470 2496 praedi-

1875 2502 2008 2557 cari.
2035 2502 2168 2559 Item
2216 2507 2455 2589 secttndo
2502 2506 2675 2577 adieci
2719 2513 2957 2569 sermoni
2997 2513 3298 2585 elegiacum
3348 2533 3469 2573 car-

1873 2608 2000 2650 men
2032 2593 2169 2667 [Id.,
2192 2611 2501 2655 sermonem
2537 2600 2777 2673 elegiaco
2808 2603 3074 2677 carmine]
3115 2607 3181 2662 de
3224 2608 3344 2664 viro
3370 2625 3466 2666 ve-

1871 2683 2101 2739 nerabili
2135 2684 2381 2757 Wilgiso,
2408 2697 2564 2758 patre
2593 2689 2804 2745 scilicet
2832 2694 3167 2751 sanctissimi
3195 2697 3467 2767 pontiﬁcis

1871 2772 2223 2842 Willibrordi,
2271 2776 2427 2846 cuius
2478 2794 2675 2851 corpus
2733 2782 3029 2853 requiescit
3089 2784 3118 2825 δ
3166 2785 3223 2840 in
3275 2782 3467 2844 cellula

166 2873 513 2930 orationibus
554 2874 735 2929 divina
782 2874 1020 2930 donante
1064 2875 1271 2947 gratia,
1314 2882 1371 2928 et
1418 2872 1767 2928 sanctissimo
1868 2867 2103 2936 quadam
2124 2868 2417 2935 maritima,
2443 2869 2534 2924 cui
2560 2884 2682 2942 ego,
2716 2870 2970 2945 indignus
3012 2872 3164 2940 licet,
3203 2874 3464 2946 legitima,

167 2966 329 3021 Patre
380 2965 736 3021 Willibrordo
783 2966 1176 3033 intercedente,
1221 2965 1375 3035 cuius
1435 2980 1523 3020 me
1573 2964 1758 3031 vitam,
1790 2949 1836 3012 C
1868 2955 1982 3013 Deo
2009 2957 2266 3024 donante,
2300 2961 2651 3018 successione
2694 2963 2964 3033 deservio.
3020 2963 3130 3021 Sed
3178 2973 3234 3022 et
3278 2970 3464 3025 omnia

165 3074 349 3115 mores
385 3068 444 3117 et
467 3058 728 3114 miracula
765 3059 1008 3117 scribere
1033 3061 1113 3117 sic
1153 3058 1395 3115 studiose
1430 3072 1589 3130 rogas
1622 3056 1759 3130 [1d.,

165 3151 249 3223 pio
285 3149 475 3206 studio
521 3147 769 3222 rogasti],
799 3149 906 3205 tuis
952 3149 1131 3221 parui,
1171 3148 1335 3204 Pater
1376 3156 1582 3215 sancte,
1617 3163 1757 3218 pra:-

164 3241 362 3313 ceptis,
402 3250 462 3297 et
485 3240 621 3296 duos
649 3239 848 3312 digessi
883 3240 1110 3307 libellos,
1160 3255 1331 3295 unum
1357 3239 1608 3310 prosaico
1640 3254 1758 3296 ser-

165 3345 326 3386 mone
347 3330 714 3403 gradientem,
740 3330 833 3401 qui
859 3330 1075 3405 publice
1116 3328 1373 3386 fratribus
1404 3331 1461 3385 in
1501 3329 1756 3397 ecclesia,

164 3421 208 3477 si
233 3421 464 3493 dignum
514 3430 618 3477 tua
656 3421 905 3478 videatur
948 3421 1248 3492 sapientiae,
1299 3419 1403 3492 legi
1449 3421 1755 3493 potuisset:

231 3569 256 3597 ι
298 3556 627 3611 Beornrado.
656 3555 790 3612 Aliis
806 3554 1135 3620 Beornredo,
1160 3553 1487 3610 Bernerado.
1521 3553 1678 3610 Hunc
1703 3554 1757 3610 in

166 3629 343 3682 indice
397 3627 654 3682 abbatum
709 3627 1183 3682 Esternacensinm
1233 3626 1396 3680 tertio
1441 3625 1577 3689 loco,
1601 3693 1609 3695 _
1636 3633 1760 3695 post

168 3696 576 3761 Willibrordum
607 3698 816 3753 scilicet
847 3706 903 3752 et
929 3696 1235 3761 Albertutn,
1266 3704 1558 3751 numerant
1592 3693 1757 3751 Joan-

167 3784 253 3824 nes
280 3767 551 3824 Bertclius
589 3768 827 3839 eiusdem
848 3767 953 3823 loci
989 3766 1185 3839 abbas,
1201 3773 1256 3839 et
1284 3764 1501 3839 Gabriel
1542 3764 1752 3839 Buceli-

165 3853 256 3892 nus
278 3880 293 3903 ,
339 3850 579 3919 cumque
610 3835 1038 3919 :Senoneusium
1076 3835 1544 3919 archiepiscopum
1589 3835 1757 3919 fuisse

166 3916 435 3980 asserunt.
468 3903 651 3964 Fuerit
678 3909 906 3980 proinde
933 3910 980 3964 is
1024 3908 1139 3978 ipse
1184 3903 1334 3980 quia
1365 3903 1758 3980 “SanctaTMars

165 3979 339 4055 thanis
368 3990 597 4055 vocatur
632 3974 930 4055 _B'erardus_,
982 3974 1060 4055 et:
1080 3994 1169 4034 an.
1203 3974 1308 4033 795
1348 3974 1548 4055 dicitur
1569 3974 1754 4055 deces-

163 4050 323 4118 sisse;
368 4051 590 4107 tametsi
629 4050 925 4107 Beornradi
952 4048 1158 4106 obitum
1191 4062 1336 4103 anno
1360 4044 1462 4100 796
1492 4043 1755 4099 Bcrtelius

163 4131 588 4273 ηῗῖἕιιὶειιαιρ
633 4191 866 4273 quadam
909 4190 1196 4273 πιανὶιίτζιίξξ
1419 4185 1569 4273 δέηὲ
1604 4184 1756 4273 ΨῩΞῬ

161 4263 448 4317 maritimae
475 4258 672 4332 quibus
697 4262 959 4333 Alcuinus
987 4258 1228 4333 praefuit;
1249 4259 1431 4333 aitera
1466 4258 1567 4311 sita
1593 4258 1751 4333 estin

162 4325 547 4401 promontoriis
566 4333 706 4389 mari
724 4331 938 4389 Oceano
962 4325 1019 4386 εἰ
1038 4325 1262 4386 Humbri
1283 4328 1442 4383 lluvio
1467 4325 1750 4398 proximis,

1864 3064 1986 3120 quae
2009 3050 2095 3104 vel
2130 3065 2292 3121 prosa
2319 3050 2621 3123 gradiente,
2650 3054 2739 3109 vel
2765 3068 2926 3111 versu
2960 3052 3218 3119 currente
3241 3057 3460 3124 dictavi,

1863 3147 1969 3196 tua:
1995 3141 2304 3197 sanctitatis
2332 3150 2588 3212 spectant
2603 3142 2891 3213 iudicium,
2922 3154 3105 3200 utrum
3152 3146 3313 3218 digna
3342 3163 3461 3204 me-

1860 3233 2071 3298 moriae,
2103 3248 2173 3288 an
2197 3234 2414 3304 pumice
2449 3235 2692 3291 radenda
2725 3234 2894 3292 feroci
2919 3234 3030 3310 [Ιά.
3060 3237 3208 3298 addit
3234 3254 3253 3292 :
3281 3235 3415 3311 sint]
3444 3259 3457 3293 :

1860 3337 1961 3379 nec
1998 3322 2105 3380 nisi
2151 3331 2243 3380 tuo
2272 3323 2523 3381 roborata
2557 3325 2831 3390 examine,
2867 3327 3164 3398 precedent
3192 3327 3247 3382 in
3282 3325 3459 3400 publi-

1861 3429 2009 3471 cum.

1857 3559 1914 3606 et
1941 3550 2159 3622 quidem
2191 3549 2245 3604 in
2278 3549 2560 3622 provincia
2588 3547 3048 3622 Northumbrana,
3077 3565 3212 3622 ergo
3237 3551 3291 3606 in
3315 3551 3458 3608 Ebo-

1860 3618 2070 3691 racensi
2092 3618 2295 3675 ducatu
2315 3618 2811 3691 hodiernotlbique
2837 3621 3078 3691 sepultus
3105 3618 3207 3677 fuit
3230 3633 3451 3678 sanctus

1856 3690 2118 3763 Wilgisus
2149 3700 2306 3763 pater
2348 3690 2535 3763 sancti
2572 3690 2926 3763 Willibrordi,
2956 3699 3016 3763 ut
3051 3690 3251 3745 dicitur
3271 3706 3389 3763 cap.
3422 3692 3445 3746 Ι

1856 3759 2126 3886 setitlienti.
2150 3759 2335 3815 Altera
2363 3760 2536 3815 sancti
2581 3759 2766 3816 Jodoci
2809 3760 3127 3842 appellatur,
3159 3769 3216 3816 et
3239 3759 3352 3815 sita—
3368 3768 3455 3817 est

1857 3831 1911 3886 in
1988 3845 2161 3885 omnis
2188 3831 2255 3884 ad
2286 3830 2439 3885 littus
2466 3829 2669 3885 Oceani
2706 3830 2897 3884 Gallici
2936 3830 3095 3887 longe
3118 3845 3150 3882 a
3176 3832 3345 3887 priori
3366 3845 3452 3885 re-

1857 3848 1911 3886 m
1938 3846 2161 3886 momnis
2188 3846 2255 3884 au
2286 3846 2439 3885 unus
2466 3846 2669 3885 uceant
2706 3846 2897 3884 uamct
2936 3846 3095 3899 longe
3118 3846 3150 3882 a
3176 3846 3345 3899 priori
3366 3846 3452 3885 re-

1854 3909 2053 3979 motai
2085 3914 2227 3979 gnte
2247 3898 2357 3954 alio
2409 3899 2632 3979 nomine
2669 3899 2868 3979 _Vj§'icus
2914 3900 3240 3979 appellatur,
3285 3900 3452 3979 hodie

1853 3966 1987 4026 vero
2013 3966 2636 4026 Saint-Josse-sur-Mer.
2669 3967 2802 4023 Vide
2842 3966 3003 4035 epist:
3022 3966 3122 4032 "59,
3155 3966 3224 4021 96
3247 3977 3302 4023 et
3323 3967 3446 4023 115.

1855 4040 2118 4112 Depriori
2153 4038 2289 4112 cella
2324 4036 2613 4112 Alcuinutn
2637 4037 2727 4092 hic
2769 4036 2914 4112 loqui
2938 4036 3448 4112 observa‘tMabillo.

1793 4134 1819 4144 ν
1853 4105 1976 4166 nius
2003 4117 2191 4165 contra
2225 4105 2789 4179 Sancta—Marthanos.
2832 4106 2958 4162 Hmc
2993 4105 3244 4179 fortassis
3271 4108 3448 4179 prima

1853 4180 1976 4246 fuit,
2003 4194 2166 4250 quam
2186 4180 2450 4250 Alcninus
2482 4193 2580 4250 per
2595 4176 2889 4250 legitimam
2917 4176 3318 4250 successionem
3346 4193 3448 4248 gu—

1854 4244 2189 4307 bernandam
2218 4244 2541 4320 accepittut
2558 4244 2672 4320 ipse
2698 4248 2938 4320 loquitur
2959 4248 3057 4303 hic
3080 4256 3135 4303 et
3157 4244 3294 4302 infra
3318 4244 3442 4320 cap.

1781 4306 1886 4376 Di
1920 4321 2075 4389 Vitge,
2097 4329 2152 4374 et
2176 4320 2231 4375 in
2261 4306 2418 4390 epist.
2440 4306 2571 4374 '226.

1413 4567 1715 4650 LIBER
1774 4562 2192 4643 PRIMUS.

1362 4724 1764 4788 INCIPIUNT
1827 4721 2223 4785 CAPITULA
2237 4766 2250 4780 .

1580 4891 2018 4910 Μ

223 5008 350 5068 Gn.
379 5010 423 5066 Υ.
469 5008 720 5079 Wilgisus
752 5009 1098 5063 monasticam
1125 5006 1316 5076 primo,
1348 5012 1526 5074 postea
1549 4996 1739 5053 solita-

166 5098 286 5155 tim
311 5099 477 5155 vitm
501 5096 850 5168 amplectitur.
898 5094 1176 5150 Hii-acutis
1220 5094 1404 5148 claret.
1450 5090 1742 5147 Ecclesium

166 5204 222 5243 σε
250 5189 627 5246 donationibus
664 5204 842 5260 regum
882 5198 932 5243 et
968 5187 1278 5260 aptimatum
1331 5183 1602 5239 construit.
1652 5182 1744 5237 Αι-

164 5282 340 5339 αιὶηω
380 5298 449 5338 ea:
488 5280 723 5353 legitima
768 5281 1073 5336 htereditatc
1113 5293 1399 5335 successor.
1430 5307 1502 5317 —
1534 5275 1659 5330 Fuit
1686 5274 1741 5330 in

164 5370 435 5432 Britannia
470 5375 670 5439 insula,
716 5375 992 5445 provincia
1037 5368 1580 5435 Nordanhumbrana,
1624 5368 1744 5439 qui-

165 5462 277 5519 dnn
326 5464 720 5538 paterfamilias
748 5480 946 5536 genere
975 5462 1120 5519 Saxo
1159 5472 1217 5519 et
1261 5462 1481 5518 nomine
1524 5459 1735 5531 Wilgis,

167 5554 463 5627 religiosam
511 5559 568 5615 in
615 5557 832 5614 Christo
875 5571 996 5612 cum
1044 5553 1271 5627 conjuge
1315 5562 1370 5610 et
1399 5552 1546 5609 omni
1577 5552 1738 5608 domo

169 5658 276 5713 tua.
302 5652 444 5708 sicut
481 5658 606 5723 post
629 5650 800 5721 signis
831 5647 1162 5719 patefactum
1202 5654 1308 5712 est,
1338 5661 1503 5718 agens
1543 5645 1732 5702 vitam.

167 5731 303 5795 Nam.
319 5741 506 5801 relicto
532 5742 719 5800 habitu
746 5739 909 5812 184
925 5739 1193 5806 saeculari,
1220 5738 1592 5796 monachicam
1609 5752 1739 5794 con-

1846 5010 2211 5067 versationem
2240 5009 2419 5081 elegit,
2452 5025 2517 5067 ac
2541 5025 2650 5067 non
2677 5010 3029 5083 multopost,
3053 5022 3339 5072 crescente
3375 5018 3433 5075 in

1847 5119 1915 5159 eo
1936 5102 2151 5158 fervore
2185 5102 2310 5158 vitae
2333 5103 2647 5174 splritualis,
2679 5104 2900 5161 arctiori
2935 5105 3100 5162 animi
3140 5107 3320 5163 studio
3347 5122 3435 5166 so-

1845 5196 2022 5252 litaria
2052 5196 2289 5266 seipsum
2317 5196 2647 5267 mancipavit
2683 5198 3023 5253 districtione
3066 5197 3261 5271 [Μάνη
3299 5200 3431 5258 soli-

1845 5286 1996 5341 tariue
2016 5284 2365 5359 districtioni]
2390 5286 2443 5342 in
2479 5289 2863 5358 promontoriis
2904 5303 3025 5360 qua:
3051 5291 3189 5345 mari
3214 5290 3432 5350 Oceano

1843 5388 1900 5432 et
1923 5377 2147 5433 Humbri
2174 5376 2393 5434 ﬂumine
2441 5379 2752 5452 cinguntur.
2782 5379 2858 5437 Ibi
2894 5382 3059 5438 etiam
3092 5383 3261 5441 multo
3291 5393 3428 5444 tem-

1844 5484 1975 5539 pore
2001 5468 2057 5523 in
2078 5469 2311 5538 quodam
2341 5486 2510 5541 parvo
2534 5472 2797 5535 oratorio,
2833 5473 3010 5528 sancti
3043 5473 3276 5532 Andreae
3300 5491 3431 5550 apo-

1845 5559 1966 5615 stoli
1995 5558 2197 5617 Christi
2220 5562 2439 5617 nomine
2468 5562 2664 5628 dicato,
2690 5563 2746 5617 in
2766 5561 2987 5632 ieiuniis
3010 5572 3067 5622 et
3092 5568 3427 5627 orationibus

1844 5657 2007 5721 atque
2032 5651 2227 5723 vigiliis
2250 5651 2364 5708 Deo
2382 5652 2649 5719 serviens,
2672 5653 2833 5710 etiam
2855 5655 3236 5713 miraculorum
3259 5658 3426 5731 signis

1841 5741 2037 5799 claruit
2056 5742 2253 5817 [Μάνη
2274 5744 2348 5801 ita
2371 5751 2497 5803 ut...
2533 5743 2808 5819 clareret],
2857 5754 2915 5803 et
2949 5762 3146 5805 nomen
3178 5746 3297 5819 eius
3338 5763 3425 5808 ce-
