3894 6182
253 259 370 315 ω’]

959 258 1537 320 HAGIOGRAPBlCA.
1576 295 1649 309 -—-
1684 264 1842 323 VITA
1885 264 1943 319 S.
1988 266 2471 327 WlLLlBROﬁDl.
2510 302 2580 312 —
2616 272 2741 329 LIB.
2776 272 2816 328 1.

3414 281 3518 338 098

251 374 439 439 annis,
466 374 625 465 inter
661 376 890 431 eximios
929 378 1089 433 simul
1132 380 1232 450 piae
1260 380 1537 452 religionis
1576 388 1636 437 et
1669 397 1836 437 sacra:
1863 385 1909 439 Α
1938 399 2108 439 serere
2146 402 2303 456 super
2335 389 2513 458 spinas
2554 390 2771 459 (Jerem.
2810 407 2887 457 tv,
2909 392 2986 465 5).
3030 393 3273 465 Cumque
3319 398 3523 456 studio-

250 462 512 519 iectionis
565 464 883 536 magistros,
935 467 1150 524 futurus
1190 470 1481 527 multorum
1524 471 1841 541 populorum

250 552 586 622 pradicator
621 555 989 624 erudiebatur,
1036 559 1206 616 donec
1232 569 1545 616 occurreret
1582 562 1634 617 in
1667 562 1842 616 virum

250 641 562 713 perfectum
593 652 650 699 et
678 645 732 700 in
761 654 975 702 {etatem
1003 648 1353 718 plenitudinis
1383 651 1605 708 Christi.

330 733 462 789 Car.
505 732 570 787 γ.
613 733 798 790 Fervet
835 736 1095 792 desiderio
1131 756 1365 810 paganos
1403 741 1752 796 convertendi.
1774 772 1846 782 ——

251 824 566 885 Tricesimo
597 826 782 897 itaque
810 834 866 882 et
901 829 1061 884 tertio
1096 831 1273 886 aetatis
1315 846 1427 887 suae
1466 847 1630 897 anno,
1671 831 1846 903 major
1866 880 1893 903 ,

249 915 479 987 egregie
505 912 623 971 viro
646 914 768 971 ﬁdei
816 915 1030 972 ﬂamma
1073 921 1356 976 crescebat
1397 922 1451 976 in
1479 932 1724 991 pectore,
1768 925 1843 978 ita

249 1015 316 1062 ut
337 1022 535 1077 parum
558 1007 612 1062 ei
636 1007 908 1065 videretur
935 1009 1035 1064 sibi
1084 1010 1184 1067 soli
1215 1015 1585 1072 tantummodo
1623 1013 1676 1068 in
1722 1014 1846 1069 reli-

249 1097 438 1169 gionis
459 1096 748 1154 sanctitate
789 1099 1031 1165 sudasse,
1061 1100 1105 1156 si
1135 1117 1241 1157 non
1282 1110 1337 1157 et
1377 1104 1498 1159 aliis
1539 1120 1753 1174 quoque
1790 1105 1846 1160 in

249 1187 663 1261 praedicationis
686 1192 914 1247 veritate
935 1193 1236 1263 prodesset.
1269 1195 1493 1252 Audivit
1518 1195 1708 1269 [Mab.,
1738 1198 1846 1252 Au-

249 1282 418 1338 diens
439 1281 648 1356 itaque]
674 1283 739 1338 in
782 1284 1089 1342 borealibus
1116 1288 1300 1343 mundi
1343 1290 1585 1359 partibus
1614 1304 1845 1346 messem

247 1374 477 1443 quidem
517 1374 743 1429 multam
779 1390 918 1440 esse,
950 1378 1046 1431 sed
1078 1378 1359 1447 operarios
1387 1394 1609 1449 paucos.
1653 1380 1761 1447 Sed
1788 1387 1849 1434 ut

245 1466 479 1531 somnii,
512 1466 622 1522 Deo
659 1466 1024 1535 dispensante,
1074 1469 1388 1539 impleretur
1436 1472 1659 1537 veritas,
1702 1470 1847 1541 quod

248 1566 437 1613 mater
464 1558 593 1614 olim
615 1559 680 1614 de
707 1575 779 1614 eo
818 1576 876 1616 se
902 1561 1103 1618 vidisse
1132 1571 1363 1620 testatur
1386 1564 1581 1637 [Mab.,
1609 1567 1848 1621 testaba-

244 1649 396 1721 tur],
433 1665 548 1705 sua:
590 1651 843 1706 conscius
888 1652 1203 1727 voluntatis,
1251 1657 1378 1712 licet
1427 1658 1605 1713 adhuc
1649 1657 1846 1712 divina:

1945 474 2161 532 sissime
2187 478 2277 558 vir
2298 479 2391 533 Dei
2428 497 2528 557 per
2561 482 2678 537 loca
2715 483 2923 554 singula
2960 485 3339 553 discurrendo,
3371 498 3527 561 opta-

1946 574 2058 621 tum
2087 568 2485 639 evangelizandi
2518 587 2653 641 opus
2678 575 3030 639 exercuisset,
3059 584 3115 630 et
3142 576 3349 641 semina
3375 578 3522 644 vilic,

1945 671 2192 726 supernae
2242 658 2432 728 gratiae
2482 674 2605 715 rore
2653 661 2945 731 irrigante,
3007 663 3164 735 longe
3209 665 3424 738 lateque
3468 667 3525 723 in

1945 748 2090 818 agris
2148 750 2441 808 multorum
2500 753 2745 809 cordium
2804 756 2872 811 ad
2925 756 3041 826 ejus
3087 759 3525 829 praedicationem

1945 837 2217 893 uberrime
2243 841 2622 911 pullulassent,
2662 848 3004 916 congaudens
3040 850 3331 919 praedictus
3353 850 3526 908 Fran-

1945 945 2135 987 corum
2178 933 2287 989 dux
2329 934 2447 1004 ejus
2493 940 2847 996 sanctissimae
2887 942 3161 999 devotioni
3189 943 3379 1016 [Mab.,
3410 946 3527 1016 ejus

1947 1024 2292 1079 sanctissima
2326 1027 2657 1102 devotione],
2682 1039 2738 1086 et
2757 1031 2905 1087 verbi
2932 1033 3028 1090 Dei
3053 1034 3368 1091 clarissima:
3391 1038 3528 1093 mul-

1946 1113 2288 1183 tiplicationi,
2339 1118 2560 1188 majoris
2608 1120 2884 1192 profectus
2925 1127 3233 1193 occasione,
3274 1129 3525 1199 prudenti

1948 1208 2218 1277 cogitabat
2243 1213 2471 1268 consilio
2506 1230 2628 1269 eum
2656 1215 2883 1273 Romam
2913 1218 3149 1286 mittere,
3182 1229 3243 1275 ut
3270 1237 3302 1276 a
3328 1223 3526 1279 domno

1947 1301 2241 1371 apostolico
2279 1301 2487 1374 Sergio,
2523 1305 2644 1361 viro
2683 1310 3029 1366 sanctissimo
3068 1320 3199 1369 tunc
3240 1316 3523 1385 temporis,

1948 1389 2002 1443 in
2032 1393 2228 1446 summi
2253 1396 2522 1450 sacerdoti
2551 1397 2811 1455 honorem
2839 1401 3183 1460 ordinaretur
3209 1423 3223 1459 :
3254 1415 3526 1475 quatenus

1946 1481 2241 1550 apostolica
2271 1484 2651 1544 benedictione
2678 1497 2732 1545 et
2752 1488 2999 1558 jussione
3030 1504 3301 1565 suscepta,
3330 1496 3524 1564 majori

1947 1572 2015 1627 ab
2058 1587 2123 1627 eo
2163 1574 2361 1630 missus
2400 1575 2596 1632 ﬁducia
2641 1580 2956 1650 roboratus,
3004 1585 3060 1641 in
3082 1601 3217 1655 opus
3250 1588 3527 1660 Evangelii

1950 1672 2340 1729 reverteretur,
2393 1663 2550 1733 juxta
2600 1672 2954 1738 apostolicum
3018 1675 3147 1731 illud
3189 1694 3200 1728 :
3253 1677 3526 1743 Quomodo

248 1739 679 1837 dispensationis
719 1741 962 1812 ignarus,
1004 1745 1125 1802 illas
1149 1725 1218 1801 in
1255 1757 1440 1818 partes
1466 1749 1721 1818 navigare
1746 1764 1842 1804 co-
1876 1725 1921 1786 Β
1947 1725 2442 1824 prwdicabunt
2470 1725 2958 1830 mittanturmom.
2985 1725 3155 1837 ,ιζ-1ῂῶ
3171 1725 3199 1821 “Iv

248 1830 478 1900 gitavit,
500 1838 554 1886 et
590 1830 893 1889 clarissima
927 1836 1248 1906 evangelicae
1274 1838 1675 1907 praedicationis
1700 1837 1838 1904 luce,

254 1936 543 1995 torpentes
589 1929 751 2002 longa
797 1930 1114 1988 infidelitate
1158 1933 1403 2003 populos,
1460 1934 1508 1989 si
1554 1934 1649 1989 Dei
1697 1941 1843 1990 esset

250 2020 531 2086 voluntas,
562 2021 850 2077 illustrare.
895 2022 1306 2093 Assumptisque
1345 2040 1528 2079 secum
1558 2024 1840 2081 duodecim

252 2115 459 2190 μοι,
482 2116 754 2188 undecim]
790 2116 1066 2182 fratribus,
1101 2131 1167 2172 eo
1196 2117 1320 2172 ﬁdei
1356 2117 1569 2173 fervore
1594 2118 1837 2182 armatis,

248 2224 363 2278 quo
391 2219 448 2264 et
474 2210 609 2278 ipse,
641 2208 824 2263 navim
850 2209 1167 2265 conscendit
1197 2226 1209 2261 :
1240 2225 1471 2278 quorum
1507 2208 1670 2278 aliqui
1692 2216 1841 2279 post-

251 2316 340 2365 ea,
378 2300 451 2355 ob
495 2299 898 2369 prmdicationis
936 2301 1260 2371 evangelicae
1302 2300 1643 2366 instantiam,
1694 2316 1841 2357 mar-

252 2391 404 2462 tyrio
440 2392 686 2447 coronati
726 2402 878 2456 suut;
927 2391 1092 2461 aliqui
1134 2408 1262 2447 vero
1311 2392 1653 2462 episcopatus
1696 2392 1841 2448 ordi-

251 2496 383 2537 nem
409 2482 760 2552 accipientes,
792 2491 913 2552 post
946 2491 1149 2537 sanctae
1181 2481 1578 2553 praedicationis
1605 2481 1837 2550 labores,

251 2573 305 2628 in
335 2588 480 2645 pace
507 2573 848 2645 quieverunt.

317 2662 459 2719 CAP.
500 2661 587 2719 Vl.
630 2660 763 2719 Cum
805 2664 1080 2719 duodecim
1128 2666 1283 2720 sociis
1328 2664 1624 2737 Trajectum
1680 2667 1835 2720 venit.

251 2755 391 2811 Inde
420 2757 603 2811 abiens
634 2754 921 2812 Franciam
947 2759 1091 2828 petit,
1131 2767 1181 2812 et
1230 2776 1263 2812 α
1298 2757 1526 2830 Pippino
1556 2760 1840 2829 honori/ica

247 2851 532 2920 excipitur.
564 2847 744 2906 Suasit
775 2846 991 2920 Pippini
1023 2848 1248 2906 Romam
1293 2852 1419 2921 petit
1456 2852 1512 2905 in
1541 2852 1841 2922 episcopum

248 2941 605 2997 ordinandus.
627 2970 698 2982 --
718 2940 887 3012 Igitur
917 2941 998 2996 vir
1026 2943 1120 2999 Dei
1165 2958 1289 2998 cum
1328 2942 1511 3007 sociis,
1539 2943 1679 2998 sicut
1702 2959 1842 3013 prm-

246 3037 511 3099 ditimus,
536 3034 776 3091 Fresiam
807 3037 1081 3106 navigavit
1109 3049 1157 3103 ι,
1188 3039 1359 3093 donec
1381 3054 1640 3110 prospero
1672 3055 1834 3094 cursu
1863 3072 1910 3136 ο

248 3128 315 3184 ad
350 3128 494 3183 ostia
526 3127 701 3182 Rheni
732 3125 967 3183 ﬂuminis
988 3127 1102 3182 vela
1131 3128 1407 3198 deposuit;
1445 3129 1624 3199 ibique
1652 3139 1837 3199 optata

248 3220 727 3276 telluris‘statione
747 3219 1030 3275 refecillati
1057 3227 1203 3284 sunt,
1233 3228 1290 3275 et
1311 3237 1438 3277 mox
1465 3223 1532 3277 ad
1553 3221 1836 3277 castellum

249 3310 587 3381 Trajectum,
630 3311 772 3381 quod
818 3311 872 3365 in
919 3308 1035 3381 ipsa
1070 3308 1305 3367 ﬂuminis
1355 3313 1467 3381 ripa
1517 3312 1679 3367 situm
1727 3320 1831 3377 cst,

247 3414 651 3477 pervenerunt;
708 3405 761 3459 in
811 3420 920 3474 quo
965 3405 1128 3460 etiam
1176 3413 1300 3477 post
1332 3406 1549 3477 aliquod
1597 3416 1830 3478 tempus,

250 3496 362 3553 Deo
388 3497 650 3562 donante,
671 3503 726 3550 et
746 3496 913 3551 verbo
939 3495 1062 3552 ﬁdei
1105 3504 1406 3563 crescente,
1440 3498 1584 3554 idem
1614 3505 1834 3555 sanctus

252 3589 633 3663 Willibrordus
678 3590 864 3646 sedem
916 3592 1257 3661 episcopatus
1313 3594 1397 3648 sui
1449 3594 1655 3649 habuit.
1723 3593 1831 3650 Sed

247 3683 374 3752 quia
403 3680 597 3736 eadem
622 3694 754 3751 gens
784 3680 1096 3744 Frisouum,
1123 3681 1177 3734 in
1201 3696 1310 3750 quo
1344 3681 1484 3735 idem
1510 3683 1833 3738 sediticatum

248 3782 330 3829 est
357 3771 664 3838 castellum,
687 3786 809 3827 cum
844 3756 1101 3843 rege/suo
1126 3771 1387 3827 Radbodo
1409 3774 1633 3843 paganis
1658 3775 1835 3829 adhuc

253 3863 447 3917 ritibus
479 3861 694 3916 sorduit
736 3859 935 3933 [Mab.,
960 3861 1253 3934 sordebat],
1290 3862 1466 3916 visum
1492 3870 1579 3917 est
1598 3863 1715 3916 viro
1737 3863 1834 3917 Dei

246 3957 540 4012 Franciam
571 3956 928 4021 contendere,
958 3969 1022 4011 ac
1049 3956 1240 4012 ducem
1285 3954 1680 4015 illorudeiI-e
1704 3954 1834 4023 Pip-

248 4048 470 4118 pinum,
503 4048 677 4102 virum
715 4055 1025 4112 strenuum,
1055 4045 1343 4116 triumphis
1376 4044 1582 4108 clarum
1621 4053 1679 4101 et
1720 4060 1836 4099 mo-

248 4138 403 4194 ribus
446 4138 676 4208 probum
711 4136 845 4205 :qui
885 4151 1009 4191 eum
1047 4151 1171 4189 cum
1214 4136 1360 4190 omni
1403 4134 1610 4190 honore
1656 4135 1834 4190 susci-

249 4229 430 4297 piens,
457 4225 557 4283 sed
586 4225 775 4281 nolens
803 4233 956 4301 tanto
989 4224 1212 4288 doctore
1241 4237 1302 4280 se
1325 4223 1411 4278 vel
1437 4240 1594 4280 suam
1617 4226 1837 4296 privare

250 4327 467 4391 gentem
485 4359 501 4384 ,
536 4317 655 4373 loca
684 4316 735 4372 ei
764 4324 1067 4389 opportuna
1101 4317 1242 4371 intra
1271 4316 1532 4371 terminos
1561 4317 1713 4388 regni
1750 4314 1835 4370 sui

1941 1846 2060 1901 viro
2084 1845 2178 1902 Dei
2208 1848 2536 1918 persuadere
2567 1857 2821 1917 tentaret,
2851 1857 3033 1911 renuit
3056 1860 3310 1929 primum,
3341 1877 3443 1918 nec
3468 1878 3528 1918 se

1944 1943 2108 1991 tantm
2149 1938 2488 1995 auctoritatis
2532 1941 2741 1998 honore
2784 1946 3004 2016 dignum
3053 1962 3174 2006 esse
3220 1951 3524 2008 referebat:

1941 2030 2382 2099 enumeratisque
2447 2034 2760 2102 apostolicae
2837 2040 3140 2097 sanctionis
3210 2047 3525 2117 praeceptis,

1940 2117 2097 2191 longe
2124 2136 2184 2176 se
2216 2121 2533 2219 inferiorem
2574 2127 2698 2183 huic
2738 2128 2999 2187 virtutum
3028 2135 3275 2207 catalogo
3314 2153 3527 2195 assere-

1940 2208 2052 2271 bat.
2081 2208 2243 2281 queui
2281 2216 2530 2285 egregius
2560 2219 2746 2275 mundi
2781 2222 3124 2292 praedicator,
3170 2225 3339 2283 ﬁlium
3369 2244 3525 2285 sumn

1941 2298 2281 2357 Timotheum
2325 2307 2613 2373 erudiens,
2669 2320 2918 2380 oportere
2960 2315 3273 2386 episcopum
3322 2318 3527 2376 habere

1939 2390 2149 2447 censuit
2178 2390 2232 2462 (Ι
2251 2392 2385 2448 Tim.
2414 2394 2522 2464 ιιι).
2545 2396 2664 2453 Dux
2687 2413 2817 2455 vero
2843 2412 3031 2459 contra
3056 2406 3307 2477 religiose
3331 2411 3521 2475 suasit,

1938 2481 2082 2548 quod
2126 2483 2209 2538 vir
2238 2483 2333 2539 Dei
2372 2488 2675 2545 verecunde
2710 2493 2945 2563 negavit.
2994 2495 3234 2552 Tandem
3280 2501 3520 2556 omnium

1939 2570 2294 2628 unanimitate
2331 2575 2526 2642 victus,
2566 2587 2622 2634 et
2652 2580 2796 2649 quod
2828 2581 3003 2651 majus
3033 2591 3140 2651 est,
3171 2585 3270 2643 Dei
3294 2589 3524 2661 dispen-

1939 2662 2149 2719 satione
2191 2674 2433 2733 coactus,
2476 2671 2786 2735 consensit;
2823 2673 2995 2743 magis
3035 2674 3221 2735 volens
3264 2677 3523 2747 plurimo-

1938 2771 2060 2811 rum
2097 2757 2378 2814 humiliter
2413 2757 2635 2815 obedire
2672 2762 2918 2826 consilio,
2961 2778 3126 2833 quam
3160 2781 3325 2820 suam
3356 2771 3524 2837 perti-

1938 2847 2149 2903 naciter
2170 2847 2461 2904 defendere
2486 2850 2840 2908 voluntatem.
2868 2852 2938 2907 Et
2965 2854 3047 2909 sic
3074 2869 3198 2908 cum
3225 2856 3520 2914 honoriﬁca

1937 2936 2228 3009 legatione,
2255 2946 2310 2993 et
2340 2941 2679 3006 muneribus,
2709 2943 3021 3000 auctoritati
3043 2945 3356 3015 apostolica!
3387 2964 3520 3004 con-

1939 3028 2136 3100 dignis,
2166 3030 2395 3085 Bonnam
2420 3031 2660 3087 directus
2688 3040 2773 3088 est
2795 3034 2843 3088 δ.
2896 3094 2901 3095 ί

2010 3139 2140 3195 ΟΜ).
2181 3140 2291 3195 Vl].
2338 3139 2481 3195 Visio
2503 3142 2759 3213 angelica.
2783 3141 3078 3200 Ordinatur
3101 3148 3517 3220 archiepiscopus

1939 3240 1989 3286 et
2014 3230 2254 3287 Clemens
2277 3231 2593 3304 appellatur.
2614 3265 2685 3275 —
2702 3233 2811 3290 Sed
2834 3235 2923 3291 die
2957 3250 3170 3307 quarta,
3202 3239 3539 3310 priusquam‘

1940 3321 2034 3377 illo
2091 3322 2336 3388 veniret,
2382 3322 2734 3381 beatissimus
2790 3327 3118 3397 apostolicus
3178 3332 3417 3401 angelica
3466 3333 3521 3386 in

1939 3416 2149 3472 somnis
2195 3417 2549 3487 responsione
2585 3418 2894 3478 admonitus
2939 3430 3047 3489 est,
3094 3428 3157 3477 ut
3202 3423 3350 3478 illum
3394 3440 3521 3479 cum

1939 3525 2154 3566 summo
2194 3508 2406 3566 honore
2444 3510 2749 3582 susciperet
2792 3511 2984 3584 [Hab.,
3031 3515 3416 3589 suscepisset],
3467 3528 3524 3571 et

1937 3610 2082 3680 quod
2109 3609 2404 3665 multarum
2433 3611 2734 3667 animarum
2765 3621 2907 3670 esset
2933 3613 3267 3672 illuminator
3286 3614 3517 3684 futurus,

1937 3716 1969 3756 a
1992 3701 2212 3772 Dcoque
2228 3703 2456 3769 electus,
2483 3711 2540 3759 et
2567 3704 2637 3759 ad
2657 3705 2759 3760 hoc
2777 3706 3035 3770 venisset,
3057 3716 3118 3761 ut
3147 3709 3343 3764 summi
3366 3710 3434 3765 ab
3455 3726 3521 3766 eo

1936 3792 2228 3848 sacerdotii
2257 3792 2519 3847 honorem
2566 3793 3100 3866 susciperet-{Mab.,
3131 3798 3513 3870 suscepisset];

1936 3883 2177 3952 nihilque
2211 3883 2261 3938 ei
2298 3882 2606 3952 negandum
2636 3899 2775 3945 esse,
2812 3886 3070 3954 quidquid
3090 3887 3355 3955 petiisset.
3399 3890 3515 3956 Qua

1937 3971 2112 4027 factus
2148 3970 2474 4041 apostolicus
2512 3971 2878 4027 admonitione
2916 3984 3120 4037 certus,
3157 3989 3281 4030 cum
3321 3993 3517 4049 magno

1936 4060 2132 4132 gaudio
2174 4067 2230 4115 et
2257 4074 2470 4115 summo
2501 4075 2623 4115 eum
2663 4062 2899 4131 suscepit
2930 4061 3133 4117 honore
3160 4082 3172 4117 :
3198 4073 3254 4120 et
3278 4074 3337 4119 ut
3368 4066 3419 4121 in
3451 4084 3516 4123 eo

1937 4148 2064 4204 ﬁdei
2099 4149 2320 4221 agnovit
2353 4147 2617 4205 fervorem
2641 4191 2655 4216 ,
2696 4151 2971 4221 religionis
3013 4153 3383 4223 devotionem,
3429 4174 3516 4213 sa-

1934 4239 2151 4311 pientiae
2199 4240 2585 4312 plenitudinem
2610 4282 2626 4308 ,
2679 4243 2765 4298 die
2822 4247 3143 4316 competenti
3172 4248 3369 4319 populo
3420 4253 3515 4304 ad-

1935 4331 2205 4396 veniente,
2236 4330 2515 4387 advocatis
2550 4335 2946 4391 venerabilibus
2973 4337 3039 4391 ad
3070 4338 3383 4396 societatem
3412 4343 3515 4397 mi-

249 4411 522 4481 midit,
548 4424 658 4481 quo
679 4410 942 4480 potuisset
970 4408 1285 4484 idololatriae
1307 4409 1489 4479 spinas
1509 4410 1830 4480 exstirpare.
1866 4425 1914 4486 ι)
1935 4421 2144 4476 nisterii
2180 4422 2573 4489 sacerdotibus,
2611 4423 2823 4494 publice
2862 4428 2914 4481 in
2952 4428 3182 4484 ecclesia
3214 4429 3510 4487 beatissimi

248 4510 304 4558 et
335 4501 629 4575 purissima
670 4500 819 4556 verbi
857 4499 954 4556 Del
999 4501 1203 4556 semina
1246 4514 1345 4569 per
1381 4499 1579 4556 munda
1616 4499 1830 4556 novalia

252 4593 618 4651 abundantius
661 4607 936 4664 spargere,
977 4600 1038 4647 ut
1074 4592 1325 4663 impleret
1359 4594 1522 4665 186
1557 4594 1832 4664 propheti-

251 4701 377 4741 cum
426 4693 757 4757 praeceptum
787 4701 801 4738 :
831 4683 1035 4738 Novate
1074 4684 1216 4739 vobis
1264 4684 1504 4751 novalia,
1560 4696 1612 4741 et
1670 4686 1831 4775 nolite

319 4876 347 4908 ιι
376 4862 622 4935 Fresiam
651 4864 930 4935 nauigauit.
960 4863 1116 4918 Anno
1139 4864 1315 4935 aetatis
1341 4878 1454 4920 suae
1473 4864 1562 4935 35,
1586 4872 1648 4935 ut
1670 4866 1830 4935 paulo

156 4940 161 4947 '
249 4944 374 4990 ante
401 4933 647 5005 narravit
668 4933 948 5005 Alcuinus,
965 4949 1105 4988 anno
1120 4948 1250 5005 vero
1274 4933 1486 5005 lncarn.
1511 4933 1636 5005 690,
1666 4933 1828 5005 prout

253 5021 373 5060 cum
420 5003 673 5059 omnibus
719 5004 839 5059 aliis
881 5012 1113 5058 testatur
1152 5001 1308 5058 Joan.
1338 5004 1404 5058 de
1448 5002 1592 5058 Beka
1630 5001 1824 5062 canon.

253 5074 489 5142 Traject.
532 5074 587 5129 in
612 5073 904 5140 Chronico,
950 5074 1059 5130 imo
1103 5074 1331 5142 ipsemet
1366 5073 1423 5127 S.
1446 5073 1831 5132 Willibrordus

253 5143 457 5214 geritis,
489 5144 545 5200 in
583 5152 797 5214 vetusto
832 5143 1173 5208 Calendarlo,
1209 5145 1354 5214 quod
1400 5144 1454 5198 in
1500 5147 1829 5202 monasterio
1860 5186 1863 5187 ν

251 5211 639 5297 Epternacensi
658 5212 935 5297 servatur,
964 5215 1031 5269 ad
1055 5211 1360 5297 marginem
1387 5215 1456 5268 ab
1487 5214 1738 5297 ipsumet,
1760 5226 1829 5297 ut

253 5283 490 5354 videtur,
530 5286 650 5340 viro
699 5292 887 5340 sancto
931 5283 1236 5354 ascriptis':
1289 5283 1358 5354 In
1383 5283 1590 5339 nomine
1615 5283 1828 5341 Domini

254 5351 488 5411 Cimetra
510 5354 883 5410 Willibrordus
904 5370 1043 5408 anno
1068 5351 1174 5410 890
1195 5354 1262 5408 ab
1282 5352 1657 5409 Incamatione
1681 5354 1828 5410 Chri-

253 5426 337 5491 sti,
362 5424 595 5481 veniebat
650 5420 792 5478 ultra
834 5441 979 5478 mare
1002 5424 1058 5477 in
1086 5422 1391 5486 Franciam,
1417 5431 1521 5480 etc.
1558 5421 1681 5479 Vid.
1709 5425 1827 5480 Cal.

256 5504 379 5550 met.
409 5494 551 5568 llist.
588 5495 655 5551 de
681 5494 964 5560 Lorraine,
1010 5500 1140 5550 tom.
1185 5494 1270 5559 lll,
1300 5493 1472 5549 Listes
1500 5493 1824 5568 Chronolog.

259 5566 860 5716 itaE.§09itgm_directus
888 5644 980 5690 est.
1016 5632 1149 5716 Ven.
1181 5634 1469 5716 BedaHIibr.
1502 5649 1704 5716 v.gcap.
1740 5635 1820 5699 l2,

258 5703 359 5765 duo
386 5704 443 5760 S.
461 5705 795 5763 Willibrordi
822 5704 1065 5762 Romana
1090 5704 1282 5760 itinera
1305 5704 1612 5776 distinguit;
1657 5720 1823 5759 llllllm

1929 4513 2074 4569 Petri
2103 4526 2126 4554 ο
2154 4514 2417 4593 principis
2451 4516 2817 4587 apostolorum
2848 4534 2972 4575 cum
3004 4535 3196 4591 magna
3227 4522 3506 4592 dignitate,

1928 4620 2078 4661 more
2107 4606 2421 4676 apostolico,
2448 4622 2571 4662 eum
2604 4607 2871 4663 ordinavit
2913 4609 3407 4681 archiepiscopum;
3442 4627 3506 4669 ac

1928 4697 2176 4753 ordinato
2213 4713 2409 4753 nomen
2457 4698 2709 4768 imposuit
2752 4697 3019 4766 Clemens,
3065 4703 3509 4775 vestimentisque

1927 4874 2449 4953 primistemporibus
2474 4873 2724 4953 adpetitus
2748 4874 2892 4953 iilius
2918 4878 2975 4953 in
2997 4876 3252 4953 Frisium,
3288 4884 3507 4953 quando

1926 4944 1959 5001 a
1985 4945 2176 5027 sergio
2198 4944 2337 5027 papa
2379 4944 2654 5027 licentiam
2679 4955 2750 5027 _et
2773 4947 3207 5027 benedictionem
3231 4944 3504 5027 evangeli-

1929 5014 2109 5088 eandi'
2135 5014 2410 5088 gentibus,
2448 5014 2606 5088 simul
2640 5023 2695 5070 et
2726 5017 2982 5088 reliquias
3019 5014 3502 5080 ecclesiarumvde-

1928 5084 2197 5162 dicationi
2217 5084 2553 5162 adhibendas
2598 5087 2826 5162 accepit,
2842 5084 3000 5146 ’anno
3027 5091 3238 5148 lncarn.
3266 5095 3395 5162 692,
3422 5097 3500 5150 uti

1928 5154 2118 5225 probat
2149 5154 2349 5209 Mabill.
2379 5155 2630 5236 boc_l_oco
2657 5154 2835 5236 inici;
2840 5167 3026 5236 notas;
3074 5163 3327 5236 alterum,
3354 5154 3502 5236 ῥοει-

1927 5240 2087 5348 auem
2127 5239 2226 5295 per
2253 5240 2422 5308 annos
2464 5224 2672 5309 aliquot
2715 5227 2770 5282 in
2795 5227 2965 5313 Frisia
3003 5224 3258 5304 populum
3284 5224 3497 5320 docuit;

1974 5310 2155 5367 omam_
2195 5310 2230 5367 a
2255 5294 2480 5366 Pipptno
2527 5311 2742 5367 missus,
2790 5306 2850 5352 ut
2876 5300 2949 5354 ibi
2988 5305 3059 5367 ab
3086 5305 3276 5361 eodem
3310 5305 3500 5367 Sermo

1929 5324 2154 5350 IIUlllillll
2199 5324 2230 5348 an
2255 5324 2480 5366 rlwluu
2528 5324 2742 5358 ωιδδυδ,
2791 5324 2850 5352 ιιι
2876 5324 2949 5354 ml
2988 5324 3059 5367 an
3086 5324 3276 5361 eouem
3310 5324 3500 5380 bergio

1927 5380 2065 5446 papa
2101 5364 2404 5446 ⁸ιτιυξεοιιιιιιι
2453 5366 2600 5446 genti
2653 5368 3085 5446 archiepiscopis
3115 5375 3500 5446 ordinaretur,

1926 5434 2298 5505 quod_t‘actum
2323 5450 2446 5491 esse
2460 5434 2609 5505 Beda
2641 5434 3006 5496 asserit—anno
3027 5444 3151 5500 696.

2000 5514 2023 5541 ο
2059 5502 2126 5557 In
2166 5502 2383 5577 ecciesia
2425 5506 2562 5577 benti
2584 5504 2750 5562 Petri.
2796 5507 2931 5564 Ven.
2957 5512 3098 5569 Beda
3122 5524 3300 5575 tamen
3332 5518 3369 5572 ι.
3400 5518 3491 5577 cit.

1925 5581 2170 5629 sanctum
2184 5572 2918 5647 Willibrordumiordinatum
2941 5597 3062 5639 esse
3089 5586 3164 5642 ait
3189 5572 3491 5647 inveceles—ia

1924 5651 2125 5701 sancta
2154 5645 2405 5716 martyris
2427 5643 2656 5703 Caeciliae
2682 5648 2770 5706 die
2792 5651 2990 5708 natalis
3015 5652 3149 5729 ejus.
