3890 6160
295 315 397 367 699

1130 302 1191 357 Β.
1235 303 1296 358 F.
1337 300 1562 356 ALBINI
1605 298 1736 358 SEU
1778 297 2054 354 ALCUlNl
2089 293 2375 352 OPERUM
2414 295 2594 353 PARS
2631 296 2695 352 V.

3459 295 3590 351 700-

293 425 406 479 suis
445 418 867 476 sacerdotalibus
897 417 1069 471 induit
1098 431 1240 474 eum.
1273 425 1327 470 et
1363 427 1572 480 sancto,
1601 414 1752 483 quasi
1783 429 1871 468 su-
1908 417 1947 468 Α
1981 411 2178 480 navigii
2218 409 2409 482 [Mab.,
2441 410 2702 481 longioris
2739 407 2883 478 vite},
2935 407 3018 462 vel
3056 423 3122 462 ex
3171 407 3383 461 insidiis
3423 406 3576 464 fero-

291 508 654 582 perhumerali
680 508 883 570 Aaron,
915 505 1076 576 pallio
1130 506 1430 575 dignitatis,
1477 515 1530 559 et
1577 503 1878 558 indumenti

290 600 633 657 conﬁrmavit
687 599 852 669 gloria
915 596 1110 668 [Mab.,
1155 595 1473 649 indumento
1523 595 1758 666 glorim];
1827 604 1880 649 et

289 693 550 763 quidquid
573 691 744 745 voluit
781 690 862 744 vel
890 689 1063 759 potuit
1116 686 1308 759 [Hab.,
1337 685 1570 758 petivit],
1595 697 1687 741 aut
1715 689 1766 741 in
1789 702 1880 756 pa-

291 785 536 840 trociniis
577 791 905 846 sanctorum,
932 790 1024 836 aut
1052 783 1108 835 in
1133 781 1295 834 rebus
1321 779 1725 844 ecclesiasticis,
1755 796 1876 834 cum

292 887 402 932 tota
432 877 630 932 mentis
663 874 948 929 alacritate
985 871 1207 926 tradidit
1243 870 1337 934 illi,
1371 870 1754 940 ﬁrmatumque
1785 871 1878 925 be-

290 969 618 1032 nedictione,
657 967 813 1022 donis
847 964 1106 1027 ditatum,
1148 977 1272 1016 cum
1310 962 1635 1018 salutaribus
1678 979 1880 1034 praece-

289 1061 397 1129 ptis
433 1061 627 1115 iterum
651 1073 773 1113 eum
809 1057 862 1111 in
889 1072 1024 1126 opus
1051 1055 1324 1125 Evangelii
1358 1055 1584 1108 remisit.

360 1152 486 1206 Car.
511 1149 640 1204 Vill.
665 1149 732 1203 In
751 1147 1038 1202 Franciam
1067 1147 1218 1202 rediit
1243 1158 1291 1200 et
1311 1163 1429 1201 cum
1450 1146 1676 1217 plurimo
1699 1148 1876 1217 fructu

289 1247 344 1298 in
374 1259 501 1313 Opus
538 1240 808 1312 Evangelii
839 1239 1111 1294 incumbit.
1135 1271 1206 1280 —
1226 1239 1461 1310 Accepta
1499 1257 1626 1310 ergo
1661 1251 1878 1311 aposto-

288 1336 406 1388 lica:
441 1333 782 1388 auctoritatis
830 1333 1228 1398 benedictione,
1279 1347 1402 1388 cum
1447 1332 1642 1402 majori
1683 1333 1875 1386 ﬁducia

289 1428 519 1482 devotus
545 1425 695 1480 verbi
723 1425 819 1479 Dei
860 1425 1201 1494 praedicator,
1236 1426 1302 1479 ad
1331 1423 1616 1495 przefatum
1638 1423 1878 1478 Franco-

290 1531 409 1567 rum
437 1514 629 1568 ducem
659 1527 936 1584 regressus
963 1523 1066 1568 est.
1107 1514 1207 1581 Qui
1238 1530 1358 1570 eum
1386 1530 1509 1569 cum
1542 1529 1754 1568 summa
1781 1514 1878 1568 ho-

290 1604 438 1657 noris
482 1602 880 1673 magniﬁcentia
925 1612 1225 1672 receptum,
1272 1619 1393 1657 cum
1439 1619 1550 1658 sua:
1589 1603 1877 1673 potestatis

289 1691 530 1760 iussione
571 1693 625 1746 in
668 1707 803 1762 opus
830 1694 1105 1764 Evangelii
1143 1693 1379 1749 direxit:
1410 1694 1647 1748 maxime
1696 1702 1876 1748 tamen

1981 503 2316 557 cissimorum
2352 513 2510 558 terra:
2544 504 2688 556 illius
2724 502 3085 555 habitatorum
3121 501 3380 555 damnum
3411 509 3575 570 palea

1983 608 2132 650 retur
2167 597 2216 650 in
2247 597 2370 658 illis,
2404 597 2590 650 volt-ns
2625 595 2834 668 antiqui
2871 594 3040 646 hostis
3075 592 3377 662 prtevenire
3417 600 3575 646 astu—

1981 687 2106 749 tias,
2135 697 2186 741 et
2209 688 2418 741 Dutttilli
2457 685 2810 741 sacramentis
2845 684 3051 737 animas
3081 683 3293 737 munire
3329 683 3578 751 acquisi'

1981 786 2084 831 tas.

2051 867 2178 920 Car.
2221 867 2286 919 Χ.
2329 867 2582 920 Barbara!
2603 869 2768 937 gentis
2797 864 3216 935 superstitionem
3259 863 3576 917 contemnit-

1981 957 2129 1012 Unus
2173 959 2435 1012 sociorum
2484 975 2701 1012 suorum
2745 958 3041 1028 perimitur,
3085 966 3287 1025 martyr
3325 955 3571 1024 eﬂ'ecttu.

1981 1051 2113 1121 Regi
2142 1050 2408 1105 Christum
2452 1069 2640 1122 magna
2679 1051 2878 1120 ﬁducia
2920 1051 3222 1103 adnuntiat.
3263 1049 3303 1101 Α
3337 1065 3458 1119 rege
3495 1049 3576 1103 ad

1982 1140 2263 1211 Pippinum
2288 1143 2586 1194 remittitur.
2607 1141 2755 1194 —Et
2775 1143 2900 1194 dum
2923 1141 3043 1209 pius
3068 1138 3262 1211 [Mab.,
3287 1153 3410 1193 cum
3436 1154 3592 1209 ergo

1979 1231 2120 1300 pius,
2153 1231 2275 1304 ctc.]
2310 1231 2459 1286 verbi
2497 1231 2591 1286 Dei
2631 1232 2952 1300 praedicator
2990 1231 3093 1284 iter
3131 1231 3341 1300 agebat,
3375 1245 3580 1298 perve-

1980 1325 2060 1376 nit
2101 1324 2151 1376 in
2185 1323 2422 1377 conﬁnio
2451 1322 2735 1377 Frisonum
2765 1329 2820 1376 et
2870 1321 3143 1375 Danorum
3180 1321 3247 1374 ad
3273 1319 3574 1389 quamdam

1981 1416 2230 1478 insulam,
2259 1431 2379 1485 quae
2427 1431 2456 1468 a
2490 1415 2725 1484 quodam
2766 1413 2869 1467 deo
2911 1427 3008 1466 suo
3036 1412 3235 1476 Fosite,
3269 1412 3336 1465 ab
3363 1412 3573 1466 accolis

1981 1517 2141 1563 terra:
2167 1506 2507 1562 Fositesland
2537 1518 2557 1544 ο
2595 1506 2874 1560 dicebatur
2907 1523 2919 1556 :
2962 1504 3086 1572 quia
3128 1503 3182 1556 in
3219 1519 3282 1558 ea
3320 1501 3569 1570 ejusdem

1981 1597 2075 1651 Dei
2117 1597 2240 1652 fana
2280 1597 2432 1651 fuere
2473 1603 2808 1650 constructa.
2853 1592 2953 1660 Qui
2995 1593 3146 1647 locus
3184 1607 3214 1646 a
3243 1593 3472 1663 paganis
3507 1593 3568 1648 in

1982 1697 2133 1742 tanta
2165 1688 2518 1742 veneratione
2548 1686 2869 1748 habebatur,
2907 1693 2965 1737 ut
2989 1683 3121 1737 nihil
3153 1684 3206 1736 in
3235 1699 3299 1738 ea
3329 1681 3411 1736 vel
3444 1683 3566 1736 ani-

285 1787 340 1840 in
389 1784 698 1838 borealibus
743 1785 892 1855 regni
939 1786 1020 1839 sui
1059 1786 1332 1854 partibus,
1382 1800 1490 1854 quo
1537 1793 1763 1840 eatenus
1807 1786 1878 1840 ob
1912 1783 1951 1839 Β
1981 1779 2201 1832 malium
2250 1779 2322 1832 ibi
2364 1778 2699 1846 pascentium
2725 1816 2739 1838 ,
2799 1775 2881 1829 vel
2925 1775 3151 1828 aliarum
3199 1771 3570 1842 quarumlibet

289 1873 564 1929 raritatem
601 1874 880 1928 doctorum
917 1875 1004 1929 vel
1042 1876 1296 1930 duritiam
1336 1875 1702 1929 habitatorum
1749 1875 1872 1929 ﬁdei

288 1963 500 2018 flamma
543 1965 723 2019 minus
756 1964 1049 2020 relucebat.
1092 1965 1171 2020 Eo
1197 1966 1281 2019 vir
1308 1966 1404 2020 Dei
1445 1965 1735 2020 instantius
1767 1966 1874 2019 illis

286 2057 341 2110 in
391 2056 701 2126 regionibus
745 2057 954 2111 semina
1001 2057 1127 2111 vita:
1146 2065 1440 2126 sparserat,
1471 2073 1579 2127 quo
1616 2058 1738 2128 plus
1787 2073 1878 2112 ne-

287 2147 608 2211 cessarium,
653 2148 930 2217 antiquam
980 2148 1296 2216 ignorantia:
1341 2146 1540 2202 famem
1584 2147 1872 2216 depellere,

288 2247 655 2308 perspexerat.
699 2238 945 2305 Qualem,
987 2238 1167 2293 divina
1207 2238 1381 2309 gratia
1423 2237 1733 2308 adjuvante,
1771 2238 1877 2293 illis

290 2329 482 2383 incolis
525 2328 758 2384 fructum
813 2327 1050 2393 fecisset,
1101 2336 1269 2383 testes
1317 2334 1444 2382 sunt
1493 2341 1664 2398 usque
1718 2327 1878 2382 hodie

291 2419 469 2490 p0puli
515 2435 614 2490 per
652 2419 922 2484 civitates,
955 2421 1103 2474 vicos
1133 2426 1188 2475 et
1218 2418 1463 2482 castella,
1500 2434 1638 2488 quos
1680 2419 1748 2471 ad
1787 2432 1880 2471 ve-

289 2512 467 2564 ritatis
516 2512 869 2582 agnitionem,
921 2521 976 2566 et
1025 2512 1092 2566 ad
1139 2513 1300 2566 unius
1345 2511 1736 2580 omnipotentis
1781 2510 1878 2564 Dei

289 2601 491 2655 cultum
529 2603 615 2672 pia
647 2602 1018 2656 admonitione
1047 2602 1396 2671 perduxerat.
1444 2601 1634 2654 Testes
1660 2615 1878 2670 quoque

290 2689 564 2754 Ecclesiae,
599 2704 733 2757 quas
762 2705 859 2758 per
884 2689 999 2742 loca
1025 2689 1234 2760 singula
1259 2696 1670 2752 construxerat;
1707 2697 1878 2744 testes

290 2787 346 2832 et
370 2779 480 2832 Deo
522 2778 897 2832 famulantium
933 2780 1403 2848 congregationes,
1445 2795 1580 2850 quas
1610 2779 1879 2850 aliquibus

291 2869 548 2923 adunavit
571 2867 764 2942 [Mab.,
787 2868 1157 2942 congregavit]
1183 2870 1237 2924 in
1261 2869 1413 2925 locis.

368 2959 527 3030 187
564 2957 694 3014 CAP.
735 2958 826 3014 IX.
856 2958 1124 3014 Christum
1149 2961 1403 3031 pra'dicat
1432 2962 1488 3015 in
1515 2959 1716 3015 Frisia.
1742 2960 1878 3017 Item

290 3050 346 3104 in
369 3049 577 3117 Dauia;
621 3051 742 3105 inde
777 3052 994 3123 triginta
1023 3068 1214 3123 pueros
1244 3053 1299 3106 in
1323 3050 1611 3107 Franciam
1642 3052 1881 3108 ducit.—

1976 1888 2178 1935 rerum,
2223 1872 2510 1942 quisquam
2555 1870 2839 1940 gentilium
2881 1878 3103 1938 tangere
3152 1869 3404 1932 auderet;
3464 1883 3568 1921 nec

1975 1965 2138 2018 etiam
2181 1980 2213 2018 a
2256 1963 2424 2028 fonte,
2451 1963 2544 2032 qui
2595 1963 2668 2017 ibi
2715 1960 3025 2025 ebulliebat,
3077 1974 3270 2028 aquam
3313 1959 3566 2017 haurire.

1977 2058 2078 2112 nisi
2120 2067 2334 2121 tacens,
2373 2064 2747 2126 pnesumeret.
2797 2053 2914 2120 Quo
2951 2067 3075 2108 cum
3116 2052 3198 2105 vir
3227 2049 3321 2104 Dei
3357 2058 3567 2119 tempe~

1977 2159 2118 2207 state
2150 2151 2386 2220 jactatus
2410 2157 2515 2214 est,
2543 2147 2742 2203 mansit
2791 2146 2988 2201 ibidem
3022 2144 3226 2214 aliquot
3254 2143 3391 2207 dies,
3432 2155 3570 2211 quo~

1977 2258 2150 2314 usque
2205 2242 2456 2312 sepositis
2517 2239 2934 2310 tempestatibus
2989 2245 3353 2308 opportunum
3409 2235 3567 2290 navi-

1978 2335 2137 2404 gandi
2173 2344 2383 2404 tempus
2416 2333 2714 2386 adveniret.
2765 2330 2872 2385 Sed
2909 2328 3305 2400 parvipendens
3339 2326 3586 2380 stultam»

1977 2424 2080 2479 loci
2131 2423 2273 2480 illius
2328 2423 2665 2490 religionem,
2697 2421 2782 2475 vel
2823 2419 3220 2475 ferocissimum
3270 2416 3411 2487 regis
3447 2415 3570 2469 ani-

1978 2530 2162 2579 mum,
2223 2514 2315 2583 qui
2358 2513 2648 2568 violatores
2700 2528 2979 2567 sacrorum
3032 2511 3175 2565 illius
3221 2507 3588 2562 atrocissima.

1978 2614 2152 2660 morte
2194 2605 2455 2659 damnare
2496 2603 2724 2668 solebat,
2763 2612 2878 2657 tres
2923 2601 3184 2656 homines.
3215 2600 3270 2653 in
3317 2614 3384 2652 eo
3420 2596 3572 2652 fonte

1979 2711 2103 2752 cum
2149 2697 2494 2751 invocatione
2532 2705 2734 2752 sancte
2769 2695 3050 2750 Trinitatis
3098 2693 3431 2762 baptizavit.
3469 2692 3590 2746 sed

1977 2796 2034 2844 et
2075 2787 2329 2843 animalia
2373 2789 2427 2842 in
2468 2803 2532 2842 ea
2574 2796 2720 2842 terra
2764 2787 3062 2857 pascentia,
3114 2785 3169 2839 in
3210 2784 3412 2838 cibaria
3452 2782 3572 2838 suis

1979 2889 2219 2936 mactare
2246 2881 2522 2950 praecepit.
2556 2879 2708 2946 Quod
2751 2877 2954 2949 pagani
2993 2877 3287 2939 intuentes,
3334 2875 3572 2928 arbitra-

1977 2972 2179 3027 bantur
2219 2986 2314 3027 eos
2354 2971 2440 3026 vel
2487 2971 2540 3024 in
2583 2969 2819 3024 furorem
2857 2967 3019 3032 verti,
3061 2966 3145 3020 vel
3187 2965 3347 3020 etiam
3384 2962 3566 3018 veloci

1984 3074 2159 3120 morte
2203 3065 2401 3136 perire.
2443 3063 2588 3131 Quos
2619 3077 2742 3117 cum
2775 3059 2911 3115 nihil
2941 3059 3069 3114 mali
3098 3058 3388 3112 cernebant
3415 3055 3551 3124 pati,

293 3141 546 3198 Tentavit
566 3159 781 3214 quoque
807 3144 947 3200 idem
973 3145 1054 3199 vir
1072 3144 1170 3200 Dei
1195 3143 1334 3199 ultra
1363 3145 1696 3200 Francorum
1729 3147 1877 3216 regni
1908 3129 1953 3192 C
1986 3153 2174 3209 furore
2204 3129 2436 3223 “perciti,
2470 3129 2602 3221 regi
2644 3161 2757 3206 tum
2807 3147 2998 3221 [Μαίη.
3033 3144 3236 3216 tamen]
3282 3141 3572 3208 Radbodo,

292 3234 430 3292 ﬁnes
455 3237 693 3294 caelestis
733 3239 996 3294 doctrinas
1025 3237 1248 3292 ﬁumina
1277 3237 1543 3293 derivare.
1585 3238 1722 3293 Nam
1751 3247 1882 3303 tunc

294 3331 552 3398 temporis
613 3346 798 3400 regem
849 3331 1139 3386 Frisonum
1182 3330 1502 3386 Radbodum
1549 3348 1672 3386 cum
1722 3341 1882 3403 gente

293 3430 390 3470 sua
419 3432 690 3486 paganum
729 3434 837 3472 non
867 3419 1047 3472 timuit
1077 3420 1251 3483 adire,
1273 3429 1330 3474 et
1348 3436 1672 3490 quocunque
1698 3435 1884 3490 perre-

295 3515 480 3570 xerat,
525 3509 749 3562 verbum
788 3508 887 3563 Dei
929 3524 1055 3563 cum
1095 3509 1244 3564 omni
1288 3510 1486 3564 ﬁducia
1534 3511 1878 3579 loquebatur.

297 3596 403 3651 Sed
431 3597 690 3666 praefatus
717 3598 1008 3653 Frisouum
1039 3615 1155 3662 rex,
1183 3599 1313 3654 licet
1339 3601 1516 3654 virum
1547 3601 1640 3656 Dei
1666 3601 1882 3656 humili-

295 3691 425 3746 tatis
468 3692 642 3762 gratia
681 3693 916 3764 benigne
966 3694 1289 3764 susciperet,
1333 3692 1495 3749 nullis
1541 3703 1720 3750 tamen
1758 3694 1883 3750 vita:

296 3781 552 3836 fomentis
583 3797 805 3837 saxeum
837 3781 952 3851 ejus
986 3798 1080 3838 cor
1107 3783 1335 3838 emolliri
1367 3783 1559 3853 potuit.
1589 3783 1724 3838 Cum
1753 3799 1883 3856 ergo

295 3872 436 3942 apud
455 3888 578 3927 eum
608 3873 690 3927 vir
713 3873 810 3926 Dei
838 3872 1168 3928 fructiﬁcare
1198 3889 1258 3928 se
1284 3890 1390 3929 non
1414 3890 1576 3944 posse
1607 3875 1833 3931 sentiret
1855 3888 1881 3918 ι

296 3963 491 4037 [Mab.,
520 3964 781 4038 agnovit],
822 3966 892 4019 ad
930 3965 1302 4022 ferocissimos
1331 3965 1605 4022 Danorum
1655 3967 1882 4039 populos

297 4056 401 4110 iter
429 4056 833 4127 evangelizandi
868 4059 1153 4112 convertit.
1186 4057 1262 4112 lbi
1303 4065 1434 4123 tum,
1470 4067 1530 4112 ut
1569 4057 1760 4126 fertur,
1803 4075 1888 4115 re-

295 4143 494 4215 gnabat
537 4144 877 4216 Ungendusb
904 4145 1136 4218 [δαν-ξας,
1177 4147 1493 4219 Ongendus]
1535 4147 1697 4204 homo
1736 4152 1884 4206 omni

300 4235 414 4288 fera
464 4236 731 4290 crudelior
760 4245 816 4290 et
857 4237 1002 4291 omni
1052 4238 1228 4307 lapide
1273 4238 1496 4294 durior:
1539 4241 1631 4310 qui
1678 4249 1882 4307 tamen,

298 4330 517 4399 iubente
549 4330 686 4395 Deo,
727 4331 972 4385 veritatis
999 4345 1302 4400 praeconem
1351 4331 1648 4388 honoriﬁce
1685 4341 1887 4388 tracta-

298 4420 409 4473 bat.
459 4419 629 4487 Quem
659 4420 786 4475 dum
829 4421 1153 4474 obduratum
1185 4421 1445 4486 moribus,
1475 4430 1529 4476 et
1570 4423 1886 4478 idololatriae

299 4513 564 4578 deditum,
608 4522 663 4568 et
706 4512 906 4566 nullam
948 4513 1186 4568 melioris
1231 4514 1354 4568 vita:
1398 4529 1549 4583 spem
1594 4514 1884 4570 habentem

299 4602 553 4668 oll'endit;
586 4604 820 4674 acceptis
847 4611 976 4657 tunc
1001 4603 1220 4674 triginta
1245 4601 1488 4672 ejusdem
1527 4605 1718 4672 patria
1755 4621 1886 4674 pue-

302 4693 396 4758 ris,
430 4694 496 4749 ad
534 4694 734 4750 electos
774 4711 802 4748 a
834 4695 946 4750 Deo
982 4693 1207 4764 populos
1244 4695 1393 4765 regni
1419 4693 1752 4750 Francorum
1800 4712 1886 4751 re-

303 4786 440 4841 verti
473 4785 767 4841 festinavit.
803 4787 909 4842 Sed
948 4787 1017 4853 in.
1039 4802 1105 4842 eo
1141 4787 1258 4855 ipso
1297 4786 1493 4842 itinere
1517 4787 1886 4842 catechizatos

303 4878 519 4934 eosdem
556 4894 754 4948 pueros
784 4879 906 4932 vita:
941 4877 1087 4932 fonte
1117 4876 1310 4948 [Mab.,
1333 4892 1529 4948 pueros
1563 4877 1710 4932 fonte
1743 4876 1886 4932 salu-

305 4969 410 5041 bri]
452 4969 639 5033 abluit,
681 4984 748 5022 ne
789 4967 1016 5037 aliquod
1042 4975 1265 5037 propter
1308 4967 1546 5037 pericula
1585 4967 1886 5037 longissimi

379 5102 679 5182 fﬁentiret.
726 5101 1396 5182 Qompendiensiscodex‘,
1431 5109 1491 5182 ut
1527 5111 1756 5182 testatur
1780 5103 1887 5182 Ma-

305 5172 580 5238 billonius,
615 5177 715 5230 hoc
753 5172 871 5229 loco
906 5175 1006 5227 ista
1031 5173 1261 5226 inserit:
1295 5189 1314 5222 ‹
1343 5172 1472 5225 Erat
1497 5173 1642 5227 enim
1674 5182 1801 5228 tunc
1829 5175 1884 5228 in

307 5244 425 5308 ejus
447 5246 704 5299 comitatu
733 5243 1057 5300 venerabilis
1079 5243 1190 5296 vita
1225 5250 1279 5297 et
1304 5243 1519 5297 nomine
1545 5244 1738 5312 dignus
1764 5243 1888 5298 Vul-

311 5313 570 5386 framnus,
587 5319 674 5386 qui
698 5325 922 5370 venerat
948 5332 977 5368 a
1001 5315 1274 5368 Senonum
1289 5312 1507 5386 civitate
1527 5314 1769 5386 pontifex
1792 5329 1887 5386 geo-

313 5384 436 5437 dem
462 5383 714 5441 desiderii
744 5389 957 5441 fervens
995 5383 1440 5449 amore,~scilicet
1467 5394 1529 5454 ut
1553 5385 1762 5454 aliquas
1790 5385 1890 5439 Do-

316 5455 466 5508 mino
501 5458 732 5511 lacraret
759 5459 986 5512 animas.
1021 5477 1038 5507 ι
1067 5455 1200 5509 Vide
1223 5457 1389 5510 vitam
1413 5453 1790 5509 S.Vulframni
1819 5455 1887 5510 ad

542 5528 664 5593 720,
687 5529 804 5583 Act.
831 5528 933 5584 SS.
956 5527 1084 5583 0rd.
1115 5527 1247 5581 Ben.
1272 5540 1396 5582 saec.
1425 5541 1508 5589 tu,
1535 5533 1676 5595 part.
1703 5542 1740 5590 ι,
1763 5541 1884 5597 pag.

318 5595 443 5658 555,
473 5605 577 5652 etc.

389 5666 415 5704 δ
441 5663 735 5736 Ungcndus.
759 5668 858 5722 llic
879 5684 972 5723 rex
997 5667 1160 5722 Danis
1183 5666 1314 5735 ipsis
1342 5674 1502 5720 notus
1531 5681 1635 5719 non
1664 5675 1765 5728 est,
1792 5681 1890 5719 nec

317 5734 462 5792 illius
507 5734 748 5792 meminit
789 5738 976 5792 Ericus
1000 5734 1311 5791 Danizerex
1356 5736 1408 5789 in
1453 5736 1672 5791 historia
1712 5737 1887 5806 gentis

1983 3245 2126 3316 quod
2155 3245 2404 3298 viderant
2449 3243 2670 3304 factum,
2714 3240 3035 3296 retulerunt.
3069 3236 3244 3309 (Apud
3274 3233 3418 3290 Μαι).
3447 3250 3583 3304 cap.

1985 3337 2099 3407 ll.)
2149 3336 2251 3403 Qui
2308 3336 2478 3390 nimio
2531 3333 2718 3389 furore
2776 3346 3093 3395 succensus,
3124 3331 3178 3384 in
3231 3327 3574 3384 sacerdotem

1982 3428 2078 3482 Dei
2112 3427 2242 3492 vivi,
2273 3441 2495 3481 suorum
2527 3423 2756 3494 injurias
2781 3422 3005 3477 deorum
3037 3418 3227 3474 ulcisci
3251 3416 3529 3488 cogitabat
3553 3433 3571 3470 :

1983 3528 2038 3574 et
2069 3533 2170 3588 per
2218 3518 2334 3572 dies
2393 3515 2589 3588 [Mab.,
2633 3529 2735 3584 per
2777 3524 2891 3569 tres
2943 3512 3080 3583 dies]
3133 3525 3350 3580 semper
3399 3508 3600 3563 tribus.

1983 3610 2215 3674 vicibus,
2272 3623 2372 3664 suo
2419 3623 2595 3673 more,
2648 3608 2900 3662 mittebat
2954 3615 3150 3668 sortes,
3200 3613 3268 3658 et
3293 3615 3580 3670 nunquam

1984 3702 2361 3756 damnatorum
2411 3715 2552 3763 sors,
2581 3699 2692 3754 Deo
2721 3696 3199 3752 vero-defendente
3226 3708 3375 3758 suos,
3405 3707 3577 3762 super

1984 3805 2204 3846 servum
2252 3789 2348 3844 Dei
2377 3789 2464 3843 vel
2491 3789 2726 3858 aliquem
2752 3804 2820 3844 ex
2853 3788 2963 3842 suis
2993 3785 3190 3840 cadere
3216 3783 3394 3853 potuit
3425 3802 3437 3836 :
3470 3797 3580 3838 nec

1983 3879 2089 3934 nisi
2145 3894 2287 3933 unus
2334 3886 2546 3932 tantum
2594 3894 2664 3932 ex
2712 3879 2876 3933 sociis
2923 3885 3068 3931 sorte
3114 3883 3468 3937 monstratus,
3515 3881 3577 3928 et

1985 3969 2248 4040 martyrio
2282 3977 2575 4024 coronatus
2605 3976 2708 4023 est.
2748 3967 3059 4022 Vocabatur
3087 3982 3218 4020 vero
3237 3965 3322 4019 vir
3349 3973 3598 4020 sanctus.

1987 4061 2055 4116 ad
2096 4075 2301 4131 regem,
2339 4069 2393 4115 et
2431 4059 2660 4114 multum
2704 4059 2772 4113 ab
2807 4074 2873 4112 eo
2915 4067 3000 4113 est
3041 4051 3372 4126 increpatus,
3402 4070 3576 4125 quare

1985 4169 2081 4210 sua
2119 4167 2276 4208 sacra
2315 4153 2594 4218 violasset,
2643 4159 2699 4206 et
2744 4149 2997 4218 injuriam
3027 4151 3138 4204 Deo
3187 4163 3286 4204 suo
3331 4148 3572 4204 fecisset.

1985 4243 2082 4300 Cui
2131 4247 2311 4315 praeco
2365 4244 2612 4298 veritatis
2681 4241 2950 4296 constanti
3019 4240 3202 4294 animo
3262 4237 3569 4308 respondit:

1993 4355 2012 4386 ι
2057 4335 2176 4390 Non
2217 4344 2300 4390 est
2330 4336 2494 4400 Deus,
2540 4350 2700 4404 quem
2748 4332 2904 4399 colis,
2941 4332 3036 4387 sed
3075 4330 3339 4394 diabolus,
3380 4331 3470 4399 qui
3519 4337 3576 4383 te

1987 4427 2222 4497 pessimo
2265 4440 2455 4480 errore
2497 4425 2781 4494 deceptum
2833 4421 3016 4486 habet,
3051 4436 3085 4476 o
3114 4437 3230 4485 rex,
3282 4419 3332 4492 [ιι
3369 4429 3428 4473 ut
3456 4417 3576 4473 ani-

1993 4535 2145 4575 mam
2171 4527 2318 4572 tuam
2356 4517 2576 4572 atomis
2614 4518 2791 4570 tradat
2829 4512 3106 4585 ﬂammis].
3153 4511 3272 4567 Non
3309 4518 3395 4565 est
3425 4508 3598 4564 enim.

1991 4610 2157 4674 Deus,
2199 4609 2306 4664 nisi
2341 4623 2502 4672 unus,
2544 4607 2637 4676 qui
2670 4607 2877 4663 creavit
2916 4603 3116 4660 emlum
3163 4610 3220 4656 et
3257 4610 3480 4662 terram,
3513 4609 3574 4652 et

1990 4700 2174 4756 omnia
2208 4714 2329 4769 qua:
2367 4699 2422 4753 in
2463 4698 2544 4752 eis
2583 4705 2740 4763 sunt;
2794 4710 2956 4766 quem
2989 4695 3084 4762 qui
3121 4706 3250 4747 vera
3281 4690 3387 4745 ﬁde
3419 4687 3572 4752 colit,

1989 4793 2157 4847 vitam
2183 4790 2405 4845 habebit
2443 4789 2863 4858 sempiternam;
2901 4786 3056 4855 cujus
3083 4799 3182 4854 ego
3227 4795 3439 4843 servus,
3468 4779 3569 4832 ho-

1990 4884 2078 4938 die
2126 4881 2224 4938 tibi
2280 4880 2564 4946 testiﬁcor,
2615 4889 2675 4934 ut
2726 4881 2796 4934 ab
2831 4877 3040 4946 antiqui
3089 4873 3296 4930 erroris
3332 4871 3575 4927 vanitate

1990 4989 2152 5044 quam
2184 4971 2470 5029 coluerunt
2496 4978 2683 5041 patres
2711 4971 2809 5036 tui,
2840 4969 3058 5023 tandem
3096 4962 3391 5036 aliquando
3431 4959 3567 5016 resi-

1987 5131 2258 5186 Danorum
2297 5145 2327 5182 a
2357 5146 2416 5185 se
2441 5128 2769 5198 conscripta.
2804 5125 3034 5180 MABILL.

2061 5213 2081 5240 ε
2120 5198 2474 5254 Fositesland.
2515 5185 2755 5270 Adamus
2796 5194 3106 5270 Bremensis
3144 5192 3269 5270 l_i_br.
3299 5203 3392 5270 ἰν.
3427 5185 3568 5270 Hist;

1991 5269 2432 5325 Fositeslandiam
2459 5269 2703 5324 eamdem
2733 5282 2853 5322 esse
2881 5267 2959 5320 ait
3002 5281 3124 5320 cum
3150 5261 3347 5315 Fari-ia
3373 5254 3568 5314 insula,

1986 5359 2104 5413 quin
2129 5341 2184 5394 in
2222 5341 2353 5413 ostio
2382 5340 2615 5413 [luminis
2643 5337 2822 5413 _Albia:
2871 5338 3259 5413 longo__recessu
3287 5330 3435 5413 ιαεεξ,
3459 5334 3567 5413 etc:

1991 5396 2038 5466 et
2063 5412 2165 5470 sita
2195 5420 2268 5464 est
2297 5412 2350 5464 in
2381 5396 2606 5478 conﬁnio
2633 5407 2904 5462 Danorum
2939 5396 3060 5478 ᾳξῈ
3067 5417 3326 5478 resonant.
3351 5396 3570 5478 _Eadeni

1993 5469 2168 5537 insula
2197 5469 2698 5559 ab_ar_chiepiscop_o
2727 5477 3037 5559 habitabilis
3078 5474 3222 5529 facta
3258 5469 3479 5530 dicitur,
3515 5473 3574 5517 et

1994 5552 2324 5607 monasterio
2345 5545 2930 5604 lleiloensi-illustrata.
2954 5545 3182 5600 Μλιιιιι..
3302 5611 3316 5613 _
3467 5612 3470 5613 ν
3514 5604 3525 5613 .

2025 5620 2254 5746 'deUtB
2276 5623 2363 5678 hic
2391 5630 2444 5676 et
2477 5619 2615 5675 infra
2647 5619 2858 5674 uncinis
2881 5617 3085 5673 inclusa
3111 5620 3255 5678 sunt,
3287 5611 3480 5667 desunt
3514 5611 3588 5658 in-

2049 5708 2076 5744 a
2123 5731 2135 5745 .

1996 5692 2135 5747 Mab.
