3890 6160
322 283 417 340 ῖοι

1025 276 1606 335 ηΑςιοωιΑΡηιεΑ.
1644 304 1715 316 -
1755 233 1911 331 vm

2054 276 2532 333 WlLLlBBORDl.
2573 307 2640 320 --
2679 279 2808 335 LIB.
2846 280 2886 334 Ι.

3485 274 3591 332 702

315 395 519 464 piscas,
568 399 623 445 et
667 390 898 446 credens
946 389 999 444 in
1049 404 1216 444 unum
1260 388 1430 445 Deum
1473 388 1898 461 omnipotentem
1932 394 1979 451 Α
2007 389 2218 463 τίωιίιιξ]
2260 392 2579 464 ignorantia
2620 393 2792 449 latere
2837 394 3071 459 sinebat,
3097 395 3190 449 sed
3221 401 3391 448 totam
3422 406 3589 446 evan-

318 484 628 558 [Dominum
679 491 926 537 nostrum
951 479 1134 537 Jesum
1160 480 1483 553 Christum],
1510 488 1567 535 et
1594 479 1720 535 vitae
1753 479 1902 535 fonte

314 578 649 651 baptizatus,
692 576 883 630 abluas
925 574 1107 630 omnia
1144 584 1368 644 peccata
1402 583 1513 639 tua,
1560 581 1617 629 et
1657 572 1901 643 projecta

310 670 464 728 omni
500 668 786 738 iniquitate
815 675 870 721 et
912 664 1198 734 injustitia,
1239 665 1495 735 deinceps
1527 679 1703 720 novus
1740 664 1904 718 homo

312 763 470 818 vivas
523 759 581 814 in
631 757 778 814 omni
829 757 1158 823 sobrietate,
1204 754 1421 824 iustitia
1482 764 1538 813 et
1590 754 1901 811 sanctitate.

317 855 434 913 δαὶ
460 853 625 926 188
663 851 892 921 faciens,
921 866 1047 906 cum
1066 849 1179 905 Deo
1207 858 1265 906 et
1292 849 1500 905 sanctis
1534 849 1653 919 ejus
1678 848 1903 919 gloriam

313 946 514 1024 [Mab.,
541 943 732 1017 vitam]
762 942 1066 1013 possidebis
1108 941 1517 1012 sempiternam.
1560 939 1619 995 Si
1647 956 1781 996 vero
1817 954 1905 994 me

311 1038 623 1097 contemnis
645 1035 790 1091 viam
826 1034 1017 1093 salutis
1052 1034 1148 1089 tibi
1176 1033 1572 1096 ostendentem,
1606 1033 1746 1088 scito
1786 1048 1906 1087 cer-

314 1132 530 1201 tissime
553 1127 699 1200 quod
726 1136 927 1182 aeterna
954 1125 1214 1196 supplicia
1243 1133 1300 1179 et
1338 1122 1630 1180 infernales
1655 1122 1906 1179 ﬂammas

315 1232 376 1279 tu
408 1236 531 1277 cum
580 1218 813 1282 diabolo,
863 1216 949 1273 cui
998 1216 1363 1285 obtemperas,
1410 1214 1728 1271 sustinebis.
1759 1235 1778 1266 ι
1821 1213 1908 1270 Ad

315 1315 436 1370 haec
486 1327 582 1365 rex
634 1310 866 1364 miratus
897 1306 1214 1377 respondit:
1247 1324 1265 1356 ι
1298 1304 1471 1361 Video
1506 1314 1558 1360 te
1593 1306 1768 1363 minas
1811 1322 1908 1360 no-

315 1413 465 1459 stras
514 1417 623 1457 non
673 1400 962 1465 metuisse,
1015 1406 1072 1453 et
1117 1399 1280 1453 verba
1330 1407 1424 1452 tua
1473 1413 1624 1463 esse,
1672 1397 1813 1453 sicut
1853 1404 1910 1453 et

314 1507 506 1563 opera.
540 1512 559 1545 ι
620 1490 735 1546 Etsi
786 1497 971 1546 autem
1029 1488 1197 1545 nollet
1251 1489 1503 1543 veritatis
1560 1489 1907 1558 prmdicatori

318 1584 565 1648 credere,
620 1591 801 1639 tamen
855 1581 925 1644 ad
976 1581 1264 1650 Pippinum
1318 1580 1517 1635 ducem
1571 1579 1909 1636 Francorum

316 1689 447 1730 eum
483 1688 607 1728 cum
646 1672 851 1755 honore
888 1670 1119 1726 remisit.

1999 483 2167 554 gelica
2209 482 2328 538 luce
2363 484 2480 538 sine
2522 484 2777 540 dilatione
2814 484 3196 554 perfundebat,
3242 485 3316 539 ita
3345 492 3403 537 ut
3444 483 3497 536 in
3523 498 3589 533 eo

1997 576 2196 647 papula
2244 574 2424 631 subito
2463 577 2838 647 propheticum
2892 578 3022 632 illud
3068 577 3384 647 impleretur
3432 574 3590 629 testi-

2002 670 2243 724 monium
2278 686 2293 726 :
2328 669 2397 723 Et
2422 670 2540 735 erit,
2567 672 2624 725 in
2656 669 2790 733 loco,
2815 671 2907 724 ubi
2939 670 3148 731 dicetur
3177 671 3253 724 eis
3284 683 3301 721 :
3336 668 3460 723 Non
3497 682 3590 738 po-

2000 758 2157 830 pulus
2178 777 2264 815 vos
2278 777 2298 826 ,'
2332 760 2536 815 dicetur
2558 760 2633 815 eis
2656 775 2674 812 :
2700 760 2830 815 Filii
2851 761 2951 815 Dei
2974 761 3188 816 viventis
3211 758 3387 831 (Osca?
3410 776 3447 823 ι,
3475 756 3587 829 i0).

2000 852 2238 907 Plurima
2259 866 2473 922 quoque
2502 852 2682 908 divina
2712 853 2887 908 virtus
2913 852 3043 908 fecit
3062 867 3162 922 per
3190 865 3407 907 servum
3434 864 3589 905 suum

2004 944 2286 999 miracula.
2324 944 2489 1015 _Licet
2535 945 2685 1001 omni
2735 944 3125 999 miraculorum
3175 941 3478 1013 operationi
3536 947 3594 994 et

2003 1037 2280 1105 signorum
2320 1036 2620 1091 ostensioni
2668 1035 3033 1091 ministerium
3074 1033 3400 1105 evangelicae
3454 1047 3594 1103 pra-

2005 1126 2288 1182 dicationis
2324 1126 2719 1196 praeferendum
2747 1129 2848 1194 sit;
2893 1136 3074 1183 tamen
3109 1142 3230 1197 quae
3268 1136 3418 1198 gesta
3465 1140 3592 1180 nar-

2006 1227 2215 1283 rantur,
2257 1219 2325 1274 ad
2354 1217 2581 1289 gloriam
2622 1219 2872 1275 donantis
2918 1220 3013 1274 Dei
3053 1234 3161 1274 non
3208 1219 3436 1273 tacenda
3472 1208 3596 1272 esse

2005 1324 2221 1376 censeo,
2263 1310 2357 1365 sed
2392 1310 2564 1381 magis
2606 1310 2748 1382 style
2785 1310 3081 1381 alliganda,
3123 1324 3192 1365 ne
3229 1315 3457 1380 pereant
3490 1321 3592 1377 po-

2008 1401 2169 1457 steris
2206 1402 2440 1467 saeculis,
2494 1418 2615 1472 quae
2668 1401 2864 1472 priscis
2915 1399 3251 1471 temporibus
3303 1406 3423 1453 acta
3473 1410 3598 1453 esse

2010 1500 2329 1547 noscuntur.

2079 1583 2209 1638 Cu.
2240 1584 2358 1639 Xlll
2396 1583 2569 1656 {Mal}.
2616 1582 2754 1656 xw].
2807 1582 3020 1636 Idolum
3053 1582 3356 1653 confringit.
3405 1578 3598 1633 Gladio

2010 1691 2285 1745 percussus
2311 1673 2387 1729 nil
2414 1672 2644 1729 lmditur.
2690 1672 2834 1728 Ultio
2859 1672 3039 1727 diuina
3063 1673 3119 1727 in
3147 1684 3601 1743 percussorem.—

393 1763 524 1820 Csr.
571 1764 642 1820 Xl
679 1734 850 1837 (Mali.
878 1760 1002 1835 xu].
1050 1759 1119 1816 In
1143 1759 1382 1817 Francia
1420 1761 1771 1833 Evangelium
1815 1779 1907 1818 ar-
1942 1734 2258 1831 BQuodam
2300 1765 2468 1836 igitur
2505 1773 2783 1836 tempore,
2825 1766 2952 1821 dum
2998 1734 3326 1819 venerabilis
3369 1763 3452 1815 vir
3496 1760 3605 1816 iter

316 1857 534 1915 dentius
571 1856 844 1928 pra'dicat.
882 1854 965 1910 Es
990 1853 1179 1909 oblatis
1217 1854 1373 1909 donis
1405 1853 1674 1917 ecclesias,
1717 1854 1908 1925 ubique

319 1946 581 2002 ordinatis
607 1945 938 2016 presbyteris,
970 1943 1219 2013 aediﬁcat.
1237 1973 1310 1984 —
1330 1941 1433 2009 Qui
1466 1943 1521 1997 in
1547 1941 1665 2012 ejus
1694 1942 1909 1998 laetatus

319 2024 559 2094 advenio
600 2038 813 2110 rogavit
838 2051 961 2092 eum
1013 2036 1283 2093 destinato
1312 2036 1465 2091 verbi
1496 2035 1595 2091 Dei
1635 2035 1786 2105 operi
1826 2035 1910 2090 in-

321 2129 522 2185 sistere
545 2170 563 2195 ,
603 2127 1006 2199 eradicatisque
1055 2127 1376 2184 idololatria
1428 2127 1630 2199 spinis,
1680 2127 1908 2182 verbum

321 2220 422 2277 Dei
466 2220 731 2276 instanter
768 2234 868 2290 per
903 2219 1024 2275 loca
1061 2218 1273 2290 singula
1318 2232 1520 2274 serere.
1562 2216 1717 2287 Quod
1744 2218 1908 2273 etiam

319 2313 446 2385 pius
490 2311 815 2382 praedicator
862 2310 1010 2367 haud
1057 2309 1296 2381 segniter
1339 2307 1566 2379 implere
1608 2306 1907 2377 satagebat,

319 2403 655 2460 circumiens
694 2398 885 2459 omnes
928 2400 1075 2457 illius
1106 2408 1269 2456 terra
1300 2399 1569 2471 regiones,
1597 2413 1696 2468 per
1722 2398 1908 2464 urbes,

320 2493 506 2559 vicos,
562 2492 819 2559 castella,
865 2491 956 2546 ubi
1003 2491 1156 2565 prius
1190 2490 1659 2561 cvangelizaverat
1714 2487 1907 2561 [Mab.,

318 2583 774 2658 evangelizabat],
834 2583 1132 2640 exhortans
1191 2598 1381 2639 omnes
1440 2591 1710 2653 quatenus
1769 2580 1913 2636 bono

318 2677 492 2736 animi
514 2675 791 2749 proposito
813 2675 870 2731 in
891 2690 1036 2732 vera
1062 2674 1187 2731 ﬁdei
1215 2681 1606 2746 permanerent
1633 2672 1909 2727 firmitate.

324 2771 395 2829 Et
422 2769 553 2824 dum
585 2783 686 2839 per
726 2767 971 2841 singulos
1011 2765 1129 2822 dies
1174 2780 1435 2821 numerus
1476 2763 1756 2821 crescebat
1784 2761 1916 2818 tide-

2011 1855 2416 1926 evangelizandi
2446 1871 2598 1912 more
2623 1856 2784 1912 solito
2814 1863 3017 1926 ageret,
3046 1854 3196 1910 venit
3221 1854 3286 1908 ad
3309 1853 3599 1923 quamdam

2011 1946 2196 2001 villam
2230 1946 2569 2002 Walachrum
2599 1948 2821 2003 nomine
2848 1947 2898 2013 δ,
2928 1948 2982 2001 in
3011 1962 3121 2017 qua
3150 1945 3359 2015 antiqui
3394 1945 3603 2001 erroris

2013 2039 2215 2095 idolum
2255 2041 2519 2096 remansit
2548 2059 2563 2094 :
2597 2040 2688 2113 [ad
2720 2041 2865 2111 quod
2907 2048 3115 2096 statuto
3144 2050 3386 2110 tempore
3426 2039 3605 2095 omnis

2013 2128 2446 2199 congregabatur
2487 2130 2735 2199 populus,
2777 2129 2910 2185 illud
2957 2129 3144 2185 colens
3185 2144 3397 2185 summa
3441 2143 3606 2183 vene-

2014 2217 2266 2291 ratione].
2299 2219 2453 2287 Quod
2479 2236 2602 2275 cum
2632 2220 2717 2275 vir
2741 2221 2835 2276 Dei
2867 2221 2983 2277 zelo
3015 2220 3232 2276 fervens
3258 2219 3606 2291 confringere

2015 2309 2325 2383 [niteretur,
2354 2328 2420 2368 ac
2447 2328 2645 2368 nomen
2674 2311 2855 2368 delere
2881 2313 2947 2369 de
2981 2314 3082 2369 sub
3116 2310 3303 2385 coelo],
3330 2323 3601 2381 prazsente

2015 2401 2256 2472 ejusdem
2296 2403 2424 2461 idoli
2456 2405 2700 2471 custode,
2735 2405 2907 2461 nimio
2938 2404 3123 2461 furore
3159 2421 3453 2462 succensus
3491 2405 3604 2473 ille,

2015 2495 2175 2566 quasi
2208 2497 2304 2554 Dei
2332 2498 2416 2554 sui
2457 2496 2713 2567 injuriam
2744 2498 3072 2563 vindicaret,
3104 2500 3160 2553 in
3196 2500 3401 2569 impetu
3441 2498 3607 2554 animi

2016 2586 2363 2655 insanientis,
2395 2588 2576 2660 gladio
2613 2597 2774 2659 caput
2812 2589 3113 2647 sacerdotis
3141 2589 3343 2645 Christi
3386 2605 3609 2660 percus-

2017 2678 2124 2734 sit:
2156 2681 2250 2735 sed
2280 2679 2393 2735 Deo
2439 2679 2766 2736 defendente
2812 2695 3031 2737 servum
3082 2697 3261 2747 suum,
3308 2682 3511 2737 nullam
3541 2698 3608 2737 ex

2019 2768 2130 2823 ictu
2180 2767 2430 2825 ferientis
2478 2769 2734 2827 laesuram
2785 2772 3049 2827 sustinuit
3094 2771 3289 2847 [Halm
3335 2771 3607 2844 incurrit].

322 2866 483 2930 lium,
512 2868 570 2918 et
595 2860 769 2932 major
794 2859 1136 2917 credentium
1164 2859 1326 2914 turba
1364 2856 1432 2913 ad
1457 2856 1609 2912 verbi
1635 2854 1731 2911 Dei
1758 2853 1915 2926 agni-
2019 2858 2167 2915 Socii
2207 2876 2335 2916 vero
2380 2861 2524 2918 illius
2565 2862 2673 2919 hoc
2713 2864 2983 2932 videntes,
3024 2864 3316 2935 pessimam
3349 2880 3611 2935 praesum-

324 2958 533 3014 tionem
578 2951 904 3019 confluebat,
934 2958 1220 3022 omperunt
1257 2948 1495 3020 plurimi,
1528 2948 1655 3004 fidei
1705 2946 1918 3003 fervore
2020 2950 2260 3021 ptionem
2303 2951 2455 3023 impii
2492 2952 2729 3009 hominis
2769 2953 2991 3027 [morte]
3019 2954 3299 3011 vindicare
3322 2970 3614 3011 concurre-

325 3049 566 3116 incitati,
592 3046 922 3119 patrimonia
948 3061 1043 3102 sua
1071 3045 1191 3102 viro
1218 3043 1314 3098 Dei
1341 3041 1556 3100 offerre.
1593 3041 1802 3109 Quibus
1828 3040 1917 3097 ille
1943 3082 1990 3119 ,η
2022 3052 2169 3097 runt.
2200 3042 2307 3099 Sed
2343 3059 2375 3098 a
2398 3043 2517 3100 viro
2539 3043 2635 3099 Dei
2671 3046 2760 3115 pio
2794 3046 2979 3102 animo
3007 3049 3075 3101 de
3099 3046 3353 3101 manibus
3398 3046 3612 3101 illorum

325 3141 593 3214 acceptis,
621 3154 748 3196 mox
786 3137 1046 3194 ecclesias
1086 3136 1141 3192 in
1178 3135 1262 3191 eis
1283 3132 1553 3190 aedificare
1585 3131 1770 3203 jussit,
1799 3138 1915 3188 sta—
1945 3131 1993 3149 "
2022 3132 2283 3190 liberatus
2312 3144 2398 3190 est
2440 3150 2567 3191 reus
2612 3152 2685 3192 ac-
2716 3136 2974 3193 dimissus
3007 3155 3020 3192 :
3052 3137 3146 3208 qui
3193 3145 3377 3193 tamen
3419 3138 3611 3193 eodem

329 3234 547 3303 tuitque
572 3246 674 3302 per
703 3244 798 3285 eas
840 3226 1081 3300 singulos
1125 3226 1498 3299 presbyteros,
1545 3231 1602 3280 et
1639 3222 1793 3280 verbi
1821 3222 1920 3280 Dei
2019 3224 2109 3280 die
2150 3224 2482 3280 daemoniaco
2532 3226 2728 3297 spiritu
2779 3234 3033 3297 arreptus
3081 3236 3189 3295 est,
3228 3235 3286 3283 et
3330 3227 3416 3282 die
3452 3227 3614 3281 tertia

328 3324 439 3381 sibi
473 3330 876 3394 cooperatores,
914 3327 1184 3390 quatenus
1224 3332 1398 3374 novus
1425 3317 1520 3373 Dei
1560 3315 1792 3388 populus
1823 3315 1922 3371 ha—
2021 3314 2309 3370 infelic‘ter
2351 3315 2607 3371 miseram
2649 3317 2820 3372 vitam
2861 3317 3057 3372 finivit.
3102 3317 3170 3373 Et
3213 3319 3340 3388 quia
3382 3317 3469 3372 vir
3491 3317 3611 3383 Dei,

334 3418 507 3480 heret,
541 3428 649 3484 quo
686 3428 745 3468 se
779 3411 968 3467 diebus
1009 3408 1164 3466 festis
1194 3415 1573 3481 congregaret,
1603 3406 1689 3462 vel
1720 3405 1925 3461 saluta-

337 3522 428 3563 res
452 3505 664 3561 audiret
694 3502 1111 3567 admonitiones,
1135 3500 1222 3557 vel
1262 3516 1293 3556 a
1347 3500 1545 3571 quibus
1575 3497 1720 3555 sacri
1748 3496 1925 3567 bapti-

341 3599 531 3657 smatis
553 3611 776 3653 munera
823 3596 1126 3665 acciperet,
1182 3602 1238 3649 et
1282 3592 1604 3649 Christianae
1648 3589 1926 3662 religionis

340 3692 552 3747 litteras
579 3688 796 3763 [Serius
821 3698 869 3746 et
898 3685 1134 3753 Μάνεω,
1157 3682 1398 3757 regulas]
1439 3684 1722 3741 edisceret.
1753 3682 1821 3737 Et
1849 3682 1927 3736 ita

340 3783 427 3840 vir
450 3780 549 3837 Dei
589 3780 763 3852 magis
797 3794 863 3835 ac
892 3779 1065 3850 magis
1097 3778 1165 3834 de
1193 3777 1280 3834 die
1323 3776 1381 3831 in
1407 3774 1550 3831 diem
1568 3815 1585 3840 ,
1613 3773 1797 3829 divina
1835 3774 1928 3829 do-

342 3883 509 3936 nante
540 3874 737 3947 gratia,
772 3870 1110 3942 proﬁciebat.

414 3967 544 4025 CAP.
584 3966 679 4022 ΧΠ
726 3964 897 4041 [Mein
929 3962 1077 4037 xm].
1129 3961 1355 4019 Carolus
1412 3957 1689 4016 Martellus
1734 3957 1930 4013 multas

344 4068 520 4137 gentes
558 4057 764 4113 devicit.
812 4053 871 4112 S.
899 4054 1278 4113 Willibrordus
1326 4051 1387 4122 [it
1436 4051 1703 4122 episcopus
1748 4047 1931 4119 Traje-

346 4151 555 4211 ctensis.
574 4181 644 4192 —
665 4149 904 4221 Contigit
929 4156 1110 4204 autem
1131 4145 1439 4217 Pippinum,
1469 4141 1929 4211 ducemj‘ranco—

352 4259 496 4309 rum,
515 4242 655 4298 diem
679 4241 853 4307 obire,
870 4248 926 4295 et
949 4238 1118 4294 filium
1146 4235 1263 4306 ejus
1284 4235 1537 4293 Carolum
1563 4249 1733 4306 regno
1757 4233 1933 4303 patris

350 4332 545 4410 potiri;
596 4332 689 4403 qui
730 4329 931 4385 multas
966 4337 1156 4400 gentes
1200 4327 1430 4397 sceptris
1475 4325 1674 4396 adjecit
1699 4324 1935 4381 Franco-

2016 3403 2171 3474 juxta
2193 3415 2520 3477 praeceptum
2545 3407 2780 3474 Domini,
2805 3423 2933 3463 suas
2962 3408 3189 3478 injurias
3208 3408 3395 3464 ulcisci
3421 3407 3615 3473 noluit,

2024 3496 2184 3567 citius
2213 3497 2441 3570 [tamen]
2480 3513 2511 3551 a
2538 3496 2769 3553 Domino
2802 3499 3109 3555 vindicatus
3137 3508 3245 3565 est,
3270 3498 3425 3569 juxta
3453 3497 3614 3553 illud:

2026 3587 2161 3643 Mihi
2232 3589 2540 3657 vindictam,
2585 3600 2633 3645 et
2674 3608 2769 3663 ego
2819 3592 3130 3659 retribuam,
3190 3592 3317 3646 dicit
3362 3591 3620 3645 Dominus

2026 3678 2207 3752 (Rom.
2242 3696 2343 3745 xu,
2379 3678 2466 3750 i9)
2483 3722 2497 3735 .

2103 3789 2266 3861 189
2286 3789 2414 3844 Car.
2446 3789 2563 3845 XIV
2595 3789 2762 3862 [Mab.
2789 3792 2902 3863 xv].
2932 3792 3087 3858 Quod
3111 3792 3327 3863 quidam
3352 3792 3442 3862 qui
3470 3808 3616 3847 servo

2027 3882 2129 3938 Dei
2174 3881 2539 3947 malediceret,
2586 3884 2671 3938 die
2708 3893 2915 3954 postera
2958 3884 3132 3954 periit.
3160 3913 3233 3923 —
3256 3882 3376 3938 Alio
3407 3899 3622 3954 quoque

2032 3982 2275 4044 tempore
2312 3973 2417 4028 iter
2459 3970 2620 4028 beato
2645 3972 2764 4028 viro
2800 3972 3033 4027 faciente
3075 3973 3143 4027 ad
3178 3973 3469 4043 quamdam
3512 3989 3623 4029 sua:

2032 4066 2254 4122 ditionis
2274 4064 2544 4131 cellulam,
2564 4079 2688 4135 qua:
2706 4080 2774 4120 ex
2796 4064 3014 4120 nomine
3033 4063 3449 4136 praeterﬂuentis
3469 4081 3623 4136 aqum

2035 4154 2260 4211 Suestra
2295 4167 2318 4195 ο
2366 4155 2595 4220 dicitur,
2651 4163 2872 4226 propter
2921 4153 3302 4224 compendium
3353 4156 3624 4227 propioris

2034 4253 2136 4309 viae
2155 4266 2252 4324 per
2274 4259 2482 4323 segetes
2511 4251 2793 4323 cujusdam
2825 4250 3010 4306 divitis
3035 4257 3323 4322 angustam
3351 4248 3628 4305 subintra-

2036 4346 2116 4401 vit
2142 4345 2411 4401 semitam.
2454 4341 2609 4412 Quod
2635 4342 2951 4398 earumdem
2996 4350 3237 4414 segetum
3285 4348 3470 4398 custos
3509 4355 3627 4398 cer-

348 4439 474 4480 mm
507 4440 519 4497 ἓ
551 4423 695 4477 im"
744 4437 880 4493 quas
925 4420 1089 4476 etiam
1136 4434 1259 4499 cum
1302 4419 1561 4490 triumphi
1609 4417 1781 4489 Βίονίθ
1812 4416 1934 4471 Fri‘
1958 4437 2013 4503 υ
2037 4453 2195 4504 nens,
2226 4435 2397 4492 nimio
2425 4435 2645 4491 inﬂatus
2674 4435 2880 4500 furore,
2918 4433 3096 4488 virum
3125 4433 3220 4488 Dei
3249 4431 3627 4503 hlasphemare

347 4515 513 4579 είθων
546 4512 758 4569 deﬂe“)
782 4509 1067 4578 RadbOdoe
1095 4516 1323 4586 Palem"
1364 4506 1734 4580 δυρθηάάίάίι
1764 4506 1935 4577 impe‘
2038 4527 2221 4598 erepit.
2250 4526 2421 4594 Quem
2462 4525 2706 4583 convicia
2745 4524 2864 4579 viro
2893 4524 2985 4578 Dei
3022 4523 3344 4578 inferentem
3379 4538 3501 4577 cum
3541 4536 3630 4580 so—

348 4603 454 4659 rio.
492 4601 553 4657 ln
580 4618 686 4672 qua
724 4609 852 4658 tunc
880 4609 1037 4672 gente
1066 4607 1287 4657 sanctus
1315 4598 1697 4656 Willibrordus
1730 4599 1940 4670 positus

349 4700 440 4750 est
480 4692 825 4764 praedicator,
869 4691 1093 4762 sedique
1130 4691 1421 4764 episcopali
1462 4692 1516 4746 in
1559 4690 1809 4761 Trajecto
1849 4706 1941 4747 ca-

350 4784 515 4844 stello
569 4784 847 4857 delegatus
903 4793 987 4841 est
1013 4797 1062 4839 ι.
1121 4783 1223 4852 Qui
1282 4783 1472 4853 majori
1535 4784 1941 4865 evangelizandi

350 4877 643 4936 occasione
681 4884 926 4948 accepta,
964 4891 1136 4947 nuper
1163 4875 1340 4948 gladio
1370 4874 1687 4945 acquisitam
1726 4882 1941 4945 gentem

357 4984 520 5026 sacro
564 4966 891 5040 baptismate
940 4967 1159 5024 abluere
1208 4975 1436 5023 conatus
1483 4974 1585 5021 est.
1640 4965 1752 5021 Nec
1790 4965 1946 5036 quid-

357 5074 525 5131 quam
557 5059 610 5115 in
635 5075 699 5115 ea
720 5059 920 5116 vetusti
945 5058 1170 5126 erroris,
1194 5072 1294 5114 nec
1319 5056 1557 5113 tenebris
1585 5055 1823 5131 [Sui-ius,
1849 5068 1947 5109 nec

359 5147 632 5204 tenebras.
666 5147 834 5216 Mab.,
858 5150 1058 5208 vetusti
1101 5148 1303 5205 erroris
1329 5147 1679 5204 tenebrarum
1707 5153 1761 5200 et
1792 5144 1944 5215 igno-

435 5318 463 5349 ι
510 5306 577 5378 in
602 5306 843 5378 Trajecto
884 5305 1099 5362 castello
1140 5307 1407 5378 delegatus
1449 5315 1544 5361 est.
1586 5302 1949 5378 Bedzepotius

365 5374 733 5441 accedendum
775 5378 1056 5433 existimat
1100 5374 1467 5440 Habilionius,
1520 5376 1611 5441 qui
1651 5374 1951 5429 Willibror-

365 5447 496 5519 dum
519 5449 831 5519 episcopum
856 5448 1107 5518 Trajecto
1122 5447 1447 5519 priel'ectum
1468 5462 1498 5500 a
1527 5444 1953 5519 Pippinojuisse

367 5514 603 5644 ξιπῑηέιιᾷι
654 5514 776 5575 libr.
807 5535 860 5585 v,
908 5514 1026 5591 cap.
1076 5514 1157 5574 12'.
1207 5518 1348 5590 Lege
1395 5514 1816 5588 ipsutn'Mabill.
1864 5514 1953 5570 hic

369 5605 427 5657 in
458 5605 492 5643 n
558 5630 574 5644 .
1216 5656 1221 5657 ί
1704 5656 1709 5657 ,
1760 5656 1767 5657 ,

441 5658 574 5732 ‘fAd
599 5660 883 5732 quamdam
906 5658 1079 5732 villam
1100 5656 1443 5732 “fa/acinum
1472 5656 1947 5732 nantiue_[Mabill.,

377 5729 457 5797 Ad
493 5726 777 5803 quamdam
823 5728 1093 5801 insulam].
1139 5727 1391 5784 Walacra
1437 5742 1532 5784 seu
1564 5726 1836 5787 Walacria
1886 5743 1952 5783 ex

2039 4618 2128 4683 cii,
2160 4619 2253 4689 qui
2278 4634 2401 4674 cum
2426 4633 2492 4674 eo
2535 4626 2713 4682 erant,
2741 4615 3018 4670 vindicare
3051 4614 3274 4680 vellent,
3298 4613 3418 4668 miti
3447 4613 3629 4668 animo

2042 4710 2139 4766 Dei
2179 4710 2413 4765 famulus
2453 4725 2549 4765 eos
2582 4707 2944 4778 compescuit,
2976 4704 3166 4762 nolens
3206 4703 3401 4777 [Mab.,
3451 4705 3629 4761 vindi-

2042 4817 2171 4857 care
2197 4801 2501 4856 voluerunt.
2529 4799 2675 4867 Quos
2703 4796 2981 4867 prohibuit
3008 4797 3094 4852 vir
3119 4796 3235 4863 Dei,
3262 4794 3630 4869 nolens,:etc.]

2044 4895 2275 4963 aliquem
2302 4908 2397 4947 sua
2434 4907 2601 4947 causa
2638 4890 2839 4960 perire,
2888 4889 2982 4960 qui
3006 4889 3234 4945 salutem
3273 4888 3492 4944 sitiebat
3517 4903 3633 4943 om-

2045 4987 2215 5042 nium.
2247 4985 2352 5041 Sed
2382 5000 2504 5040 cum
2538 4983 2733 5057 [Malm
2764 4990 2820 5039 et
2847 4982 2997 5057 dum]
3034 4983 3353 5039 insanientis
3385 4982 3624 5037 animum

2048 5077 2193 5132 nullo
2225 5077 2384 5132 modo
2426 5076 2597 5132 lenire
2620 5082 2823 5145 posset,
2854 5074 2990 5131 dans
3027 5075 3206 5131 locum
3245 5074 3341 5131 iraa
3379 5075 3518 5145 ejus,
3542 5073 3631 5128 via

2048 5181 2153 5236 qua
2176 5167 2344 5232 venit,
2371 5181 2622 5222 reversus
2641 5172 2743 5221 est.
2774 5163 2882 5221 Sed
2905 5164 2992 5223 die
3011 5171 3229 5235 postera
3258 5163 3401 5220 idem
3424 5160 3634 5230 infelix,

2051 5301 2293 5371 quinque
2318 5300 2587 5357 Zelandiae
2627 5298 2818 5356 insulis
2840 5315 2968 5371 una,
2992 5298 3271 5371 basilicam
3298 5299 3461 5371 habet
3491 5298 3639 5354 nobi-

2053 5369 2155 5426 lem
2188 5371 2568 5427 Esternacensi
2611 5369 2945 5426 monasterio
2986 5369 3307 5440 subjectam.
3354 5370 3640 5425 Browerus

2053 5443 2177 5498 libr.
2204 5457 2281 5498 xu
2303 5441 2498 5496 Annal.
2529 5440 2741 5496 Trevir.

2127 5524 2149 5551 ε
2182 5511 2423 5568 Suestra.
2474 5511 2796 5566 Susterense
2846 5510 3235 5565 monasterium
3275 5509 3403 5564 olim
3450 5523 3639 5565 mona-

2055 5584 2300 5648 chorum,
2342 5595 2487 5637 nunc
2514 5579 2775 5636 nobilium
2813 5580 3198 5637 canonicarum
3227 5580 3438 5635 celebre
3477 5579 3638 5635 colle-

2055 5653 2220 5725 gium,
2250 5647 2301 5709 in
2333 5666 2469 5725 pago
2511 5650 2749 5725 Mosano,
2782 5651 2836 5705 in
2864 5651 3059 5707 ducatu
3100 5647 3411 5719 Juliacensi,
3447 5668 3477 5705 a
3499 5663 3639 5721 prac-

2055 5721 2338 5781 teriluente
2366 5721 2483 5778 rivo
2505 5721 2901 5793 cognominata.
3506 5738 3513 5743 λ
