3894 6182
266 319 381 376 70³5

1122 321 1184 377 Β.
1225 322 1289 377 F.
1331 319 1562 377 ALBINI
1603 318 1736 375 SEU
1776 312 2052 371 ALCUINI
2091 314 2379 373 OPERUM
2413 314 2594 372 PARS
2634 314 2698 371 ν.

3445 311 3553 369 ται

263 435 361 508 qui
386 434 602 490 famuli»
625 436 720 491 Dei
749 437 991 493 convicia
1020 436 1203 493 dicere
1229 434 1413 508 [Μαι.
1452 435 1571 490 viro
1599 431 1697 489 Dei
1726 445 1855 488 eon-
1881 429 1930 487 Α
1959 443 2275 501 memorque
2315 430 2608 487 Dominicae
2629 429 2914 500 jussiOuis,
2956 431 3234 498 discipulis
3261 433 3376 489 suis
3406 449 3559 504 prze~

264 527 407 583 vicia
438 524 639 600 facere]
665 543 770 584 non
798 529 1106 593 abhorruit,
1146 527 1368 601 [multis
1393 525 1770 589 cernentibus,
1802 524 1855 578 in

267 621 457 675 eodem
482 618 643 692 loco]
670 622 946 691 repentina
981 628 1156 675 morte
1189 619 1368 690 periit.
1476 626 1479 629 ‘

338 710 465 767 Chr.
517 709 611 770 XV
655 711 837 783 [Μαὸ.
872 711 1022 785 xv1.]
1049 712 1254 784 Aquam
1282 710 1502 765 dulcem
1521 728 1548 765 c
1573 717 1720 782 petra
1755 709 1854 763 eli-

267 806 358 858 cit.
380 834 455 845 ——
478 803 614 860 Cum
640 806 725 861 vir
749 806 860 861 Deo
898 805 1088 876 plenus
1115 812 1339 875 prepter
1366 803 1691 874 evangelica:
1715 818 1859 873 prte-

267 898 559 955 dicationis
596 899 910 955 instantiam
952 896 1071 955 loca
1115 897 1432 954 circumiret
1469 896 1742 951 maritima
1767 893 1859 967 [in
1896 898 1911 915 '

265 988 503 1063 eisdem]
549 1006 705 1060 aqua:
754 990 926 1047 dulcis
978 989 1265 1061 penuriam
1319 988 1649 1060 patiebatur.
1703 984 1858 1054 Quod

266 1079 398 1135 dum
447 1082 718 1137 cernebat
751 1096 879 1137 suos
918 1079 1319 1137 commilitones
1353 1087 1575 1151 propter
1606 1079 1863 1134 ardorem

265 1170 388 1227 sitis
412 1172 653 1241 graviter
673 1171 977 1236 sustinere,
996 1177 1199 1226 vocato
1214 1185 1330 1225 uno
1343 1185 1412 1225 ex
1439 1169 1564 1235 illis,
1604 1167 1860 1239 praecepit

265 1261 317 1316 ei
345 1260 488 1316 intra
510 1260 809 1316 tentorium
836 1276 992 1316 suum
1020 1260 1222 1317 fossam
1250 1260 1463 1331 aperire
1490 1273 1735 1330 parvam,
1766 1255 1859 1311 ubi

271 1360 488 1408 secreto
533 1350 657 1407 lixis
702 1352 932 1423 genibus
966 1353 1162 1407 orabat
1196 1352 1391 1416 Deum,
1433 1357 1491 1404 ut
1527 1349 1621 1420 qui
1665 1346 1862 1419 populo

270 1458 374 1498 suo
401 1459 599 1514 aquam
624 1444 676 1498 in
704 1445 922 1499 deserto
948 1443 1204 1514 produxit
1231 1443 1297 1499 de
1322 1450 1478 1513 petra
1499 1438 1697 1512 (Exod.
1726 1453 1859 1503 xvn,

272 1533 438 1588 Num.
487 1533 601 1605 xx),
640 1534 813 1589 servis
850 1534 964 1589 suis
1004 1534 1193 1588 eadem
1227 1532 1603 1588 misericordia
1633 1531 1700 1586 de
1734 1541 1858 1582 are-

270 1640 404 1681 nosa
431 1634 577 1680 terra
617 1641 813 1696 aquam
851 1626 1194 1696 produceret.
1244 1625 1348 1695 Qui
1396 1639 1526 1679 mox
1572 1623 1860 1680 exauditus

1956 521 2229 592 cipientis,
2271 536 2341 576 ne
2367 521 2452 577 cui
2481 521 2979 592 transﬂgurationis
2998 521 3228 592 gloriam
3254 532 3382 578 ante
3407 523 3558 581 diem

1957 612 2372 667 resurrectionis
2407 627 2520 668 suae
2553 612 2818 679 dicerent,
2862 614 3121 685 prazccpit
3164 614 3341 669 eidem
3391 612 3565 671 cella-

1957 704 2063 770 rio,
2113 720 2180 761 ne
2206 705 2295 761 cui
2326 703 2674 772 miraculum,
2721 707 2867 777 quod
2901 706 3111 762 viderat
3141 706 3161 780 [
3186 706 3361 770 Μηιι..
3407 707 3573 779 quod,

1958 795 2258 867 cernebat],
2288 803 2415 850 ante
2436 796 2593 851 diem
2608 797 2790 854 obitus
2813 797 2897 853 sui
2926 798 3183 854 ediceret.
3290 823 3302 838 ο

2028 888 2160 943 Car.
2190 885 2355 942 XVIII
2386 886 2558 960 [Ηαὸ.
2590 888 2732 962 xta];
2759 887 2946 945 Simile
2980 889 3325 945 miraculum;
3346 923 3418 933 —
3443 891 3565 953 Sed

1959 986 2014 1033 et
2048 977 2193 1033 aliud
2228 978 2365 1033 huic
2393 978 2571 1035 simile
2612 994 2738 1050 per~~
2760 980 2879 1051 ejus
2919 979 3356 1038 benedictionem
3407 983 3565 1042 Deus

1959 1068 2488 1138 Christusoperatus
2511 1076 2598 1126 est
2619 1070 2964 1126 miraculum.
2994 1070 3327 1131 Perveniens
3361 1090 3568 1133 servus

1962 1159 2057 1214 Dei
2096 1174 2221 1215 cum
2255 1159 2419 1215 sociis
2454 1160 2523 1215 ad
2565 1162 2786 1217 domum
2831 1163 3113 1233 cujusdam
3163 1164 3324 1219 amici
3360 1167 3469 1231 sui,
3498 1173 3568 1222 et

1958 1252 2233 1324 paulisper
2256 1252 2480 1321 cupiens
2507 1253 2559 1307 in
2587 1253 2748 1308 domo
2793 1253 2976 1310 dilecti
3014 1254 3159 1325 longi
3190 1255 3433 1312 laborem
3463 1258 3563 1314 ili;

1963 1343 2111 1397 neris
2146 1341 2444 1398 remetione
2480 1342 2739 1409 alievare,
2782 1342 3230 1414 patremfamilias
3267 1345 3401 1402 nihil
3442 1347 3558 1403 vini

1963 1435 2167 1491 habere
2192 1435 2477 1505 comperit.
2505 1434 2749 1502 Quatuor
2774 1437 3182 1507 ergo-modicos
3208 1436 3474 1495 llascones
3498 1439 3556 1510 δι

1963 1543 2100 1599 quos
2124 1535 2334 1582 tantum
2362 1528 2415 1583 in
2444 1528 2656 1584 itineris
2679 1528 2929 1584 solatium
2969 1545 3153 1585 secum
3174 1532 3291 1602 ejus
3316 1532 3451 1588 socii
3478 1532 3563 1588 fe-

1965 1618 2181 1684 rebant,
2204 1618 2365 1689 jussit
2394 1617 2577 1674 afferri
2607 1638 2620 1673 :
2653 1635 2854 1690 eosque
2897 1620 2953 1676 in
2980 1620 3099 1691 ejus
3132 1624 3353 1679 nomine
3385 1625 3558 1682 bene-

264 1725 370 1781 est,
398 1732 525 1770 nam
550 1716 732 1772 subito
762 1716 884 1772 fons
905 1717 1206 1772 dulcissimi
1238 1717 1448 1787 saporis
1472 1715 1676 1772 fossam
1705 1725 1731 1755 ι
1760 1715 1863 1769 im-
1898 1778 1935 1790 _
1966 1708 2125 1774 dixit.
2175 1710 2268 1780 (Ιυί
2290 1710 2344 1764 in
2368 1711 2616 1766 com'iViO
2646 1713 2872 1783 nuptiali
2906 1728 3078 1785 aquas
3103 1717 3375 1772 convertit
3399 1718 3563 1790 190

266 1778 465 1878 plebat.
498 1807 653 1875 Quod
683 1809 765 1864 sui
796 1818 1104 1875 cernentes,
1151 1778 1361 1881 gratias
1402 1809 1636 1880 agebant
1664 1807 1858 1881 [Μήνη
1898 1778 1938 1838 Β
1966 1801 2021 1856 in
2040 1778 2269 1875 vinum[
2299 1800 2445 1856 Μαι).
2475 1844 2489 1867 ,
2520 1804 2612 1874 qui
2644 1804 2697 1859 in
2721 1778 2870 1860 Cana
2905 1778 3125 1877 Galileze
3157 1824 3329 1879 aquas
3357 1778 3583 1869 ἰιῖῆῑῖἱτ

264 1896 525 1970 egerunt]
562 1899 920 1969 omnipotenti
958 1898 1093 1965 Deo,
1143 1900 1235 1969 qui
1271 1909 1518 1955 sanetum
1557 1915 1713 1955 suum
1747 1914 1863 1954 ma-
1967 1908 2217 1963 saporem
2262 1892 2540 1967 mutavit]
2569 1893 2768 1967 (Joan.
2796 1894 2881 1968 tt).
2920 1896 2988 1952 Et
3011 1898 3207 1954 mirum
3250 1901 3305 1956 in
3333 1902 3558 1958 modum

265 1987 568 2057 gnificavit,
618 1998 678 2045 et
713 2005 839 2046 eum
865 1989 1127 2045 exaudire
1146 1989 1399 2060 dignatus
1424 1997 1511 2043 est
1540 2007 1553 2042 :
1579 1989 1863 2044 bibebant-

270 2095 377 2150 que
407 2096 581 2151 usque
612 2082 681 2136 ad
709 2082 1037 2147 satietatem,
1069 2095 1366 2151 secumque
1398 2081 1466 2135 ad
1490 2079 1862 2150 prmdestinati

268 2173 483 2230 itineris
511 2175 895 2230 necessitatem
912 2213 929 2239 ,
979 2181 1243 2245 quantum
1271 2172 1525 2229 sufﬁcere
1553 2171 1860 2239 videbatur,

267 2274 488 2337 portare
518 2267 806 2325 curabant.

339 2356 472 2414 CAP.
505 2357 622 2411 XVI
653 2356 835 2430 “fab.
866 2357 1041 2430 xvn].
1081 2357 1269 2413 Vinum
1298 2357 1633 2429 multiplicat.
1662 2388 1734 2398 —-
1759 2355 1864 2412 Ite—

270 2467 392 2506 rum
414 2460 638 2508 sanetus
658 2453 749 2508 Dei
775 2453 1049 2520 sacerdos,
1078 2454 1132 2507 in
1157 2454 1392 2524 quodam
1415 2453 1534 2509 loco
1555 2454 1658 2508 iter
1675 2469 1860 2526 agens,

268 2544 405 2599 vidit
443 2545 815 2601 mendicantes
862 2547 1053 2617 inopes
1094 2547 1402 2611 duodecim,
1434 2547 1639 2615 pariter
1679 2556 1867 2617 postu-

271 2634 444 2691 Lantes
481 2636 582 2691 sibi
634 2637 839 2707 aliquid
882 2652 915 2692 a
953 2639 1407 2707 praetereuntibus
1449 2639 1628 2694 solatii
1669 2640 1861 2714 [dari].

271 2725 443 2794 Quos,
463 2736 522 2781 ut
542 2735 662 2783 erat
682 2728 1023 2795 mitissimus,
1036 2729 1271 2800 benigno
1286 2730 1495 2799 aspexit
1510 2731 1707 2795 animo,
1743 2732 1862 2786 uui-

270 2832 381 2887 que
401 2832 470 2873 ex
495 2818 608 2872 suis
636 2818 915 2872 mandavit
944 2819 1241 2899 specialem
1269 2834 1424 2873 suum
1456 2818 1748 2875 fiasconem
1776 2836 1867 2876 su-

273 2923 442 2974 mere,
473 2924 538 2965 ac
561 2909 890 2980 pauperibus
916 2910 1148 2965 miscere
1176 2910 1443 2983 [Miscere
1465 2928 1560 2982 pro
1591 2910 1862 2985 fundere]

271 3000 494 3057 Christi.
536 3001 616 3056 Ex
643 3015 752 3073 quo
776 3016 966 3065 omnes
993 3001 1067 3057 illi
1092 3002 1377 3058 duodecim
1414 3018 1585 3073 usque
1610 3004 1677 3059 ad
1703 3005 1868 3059 satie~

272 3101 444 3186 tatem
468 3092 728 3151 bibebant
754 3112 766 3147 :
798 3101 855 3149 et
878 3094 1078 3186 mirum
1120 3094 1173 3148 in
1206 3093 1453 3186 modum,
1482 3094 1589 3149 illis
1613 3096 1865 3150 abeunti-
1889 3123 1939 3186 ο

270 3184 398 3252 bus,
439 3201 509 3242 ex
544 3186 748 3256 optimo
790 3185 918 3241 vino
961 3184 1150 3251 ﬂasco,
1188 3185 1256 3240 de
1293 3202 1402 3256 quo
1439 3187 1575 3241 tanti
1618 3188 1869 3242 biberant

271 3280 541 3343 homines,
571 3279 633 3353 [ει
658 3278 933 3352 ministro]
980 3279 1231 3333 inventus
1269 3286 1355 3333 est
1394 3279 1606 3348 plenus,
1633 3288 1694 3334 ut
1718 3287 1865 3334 ante.

273 3372 390 3429 Hoc
417 3381 713 3444 comperto,
744 3372 1141 3428 bcnedicebant
1165 3387 1357 3427 omnes
1380 3372 1666 3426 Dominum
1697 3372 1866 3427 Deum

276 3472 524 3521 nostrum
576 3462 771 3534 [Mab.,
829 3462 1119 3516 Dominum
1152 3460 1383 3532 Jesum],
1417 3462 1659 3516 dicentes
1689 3480 1701 3514 :
1734 3460 1873 3517 Vere

283 3553 560 3623 impletum
588 3559 676 3606 est
718 3552 771 3606 in
815 3551 1006 3616 nobis,
1042 3550 1188 3621 quod
1227 3550 1280 3603 in
1306 3550 1598 3620 Evangelio
1627 3552 1870 3608 dicitur:

277 3642 434 3708 Date,
464 3653 512 3697 ct
533 3641 750 3696 dabitur
778 3640 919 3697 vobis
946 3643 965 3713 (
992 3640 1121 3695 Luc.
1154 3656 1231 3707 vt,
1262 3641 1375 3712 58).

348 3735 477 3791 CAP.
502 3734 644 3789 XVII
685 3733 856 3807 [Μαὺ.
886 3733 1069 3806 κγιιιῖ.
1104 3733 1309 3789 Rursus
1335 3735 1507 3789 vinum
1534 3733 1867 3806 multiplicat.

279 3857 351 3866 —
371 3825 533 3883 Venit
578 3842 794 3897 quoque
825 3827 910 3881 vir
933 3834 1154 3883 sanctus
1187 3826 1257 3882 ad
1282 3841 1440 3881 suum
1469 3826 1722 3881 visitaudi
1751 3843 1873 3898 gra-

278 3919 353 3974 tia
384 3920 794 3987 monasterium,
819 3927 877 3975 et
898 3927 1021 3990 post
1043 3919 1323 3975 orationes
1353 3919 1422 3974 ad
1461 3916 1663 3983 Deum,
1698 3927 1755 3973 et
1782 3933 1873 3974 sa-

276 4011 565 4069 lutationes
605 4011 859 4079 fratrum,
907 4021 964 4069 et
1001 4013 1402 4069 admonitiones
1430 4011 1710 4083 pacificus,
1759 4013 1871 4067 cir-

278 4107 524 4163 cumiens
551 4108 763 4179 singula
795 4109 1027 4165 fratrum
1059 4108 1389 4174 habitacula,
1439 4109 1493 4165 si
1513 4109 1644 4180 quid
1682 4108 1734 4163 in
1767 4108 1873 4165 illis

278 4197 676 4254 emendandum
705 4199 917 4266 fuisset,
968 4199 1092 4269 pius
1138 4208 1324 4269 pastor
1363 4199 1653 4270 explorare
1681 4200 1868 4256 voluit.

280 4285 510 4342 Intravit
534 4302 751 4358 quoque
778 4286 988 4360 [Mab.,
1023 4296 1151 4345 tunc
1178 4290 1397 4355 accidit,
1431 4299 1492 4345 ut
1516 4289 1785 4364 intraret]
1818 4290 1872 4345 in

276 4375 578 4444 cellarium,
604 4378 657 4432 in
693 4394 800 4448 quo
822 4378 1093 4433 modicum
1117 4379 1230 4434 vini
1266 4381 1468 4449 reperit
1497 4381 1551 4435 in
1577 4395 1706 4437 vase
1732 4380 1870 4453 [Id.,

1963 1993 2089 2055 post
2128 1984 2557 2040 benedictionem
2611 1984 2631 2058 [
2662 1985 2786 2052 ld.,
2829 1996 2953 2058 post
2989 1987 3383 2051 benedictionis
3430 2010 3559 2065 επις

1965 2074 2132 2147 tiam]
2159 2075 2316 2145 quasi
2359 2076 2716 2146 quadraginta
2749 2077 2851 2132 viri
2890 2092 2957 2133 ex
2986 2078 3092 2135 illis
3132 2079 3436 2152 lagunculis
3470 2101 3563 2140 us-

1965 2182 2071 2239 que
2096 2167 2163 2222 ad
2184 2168 2491 2224 satietatem
2511 2168 2785 2237 bibebant,
2812 2180 3011 2227 etcum
3033 2187 3228 2244 magna
3255 2177 3560 2246 gratiarum

1966 2263 2182 2319 actione
2226 2262 2333 2317 sibi
2385 2262 2533 2318 laetis-
2569 2263 2801 2319 invicem
2849 2264 3046 2321 animis
3092 2267 3387 2323 dicebant:
3421 2269 3564 2325 Vere

1966 2355 2230 2411 Dominus
2253 2352 2527 2409 Iesus-hic
2558 2353 2832 2425 implevit,
2860 2356 3003 2427 quod
3034 2357 3087 2421 in
3116 2357 3409 2431 Evangelio
3437 2375 3564 2431 pro-

1965 2445 2132 2505 misit.
2151 2445 2371 2514 dicens:
2401 2443 2508 2509 Qui
2525 2444 2690 2499 credit
2709 2446 2769 2500 in
2788 2462 2888 2512 me,
2920 2462 3077 2518 opera
3094 2490 3109 2513 ,
3136 2464 3255 2521 qua:
3283 2467 3378 2521 ego
3401 2450 3572 2520 facio,

1968 2549 2019 2594 et
2044 2541 2154 2611 ipse
2181 2539 2362 2610 faciet,
2391 2547 2441 2593 et
2472 2538 2678 2610 majora
2705 2541 2893 2596 horum
2916 2541 3082 2611 faciet
3100 2541 3284 2615 (Joan.
3310 2561 3422 2611 xw,
3448 2546 3561 2614 12).

2037 2631 2166 2688 Car.
2194 2629 2318 2686 XIX
2345 2628 2531 2704 [Matii
2569 2648 2639 2687 ιι
2653 2629 2695 2704 ].
2730 2629 3149 2688 Contumeliosus
3176 2635 3233 2689 in
3263 2636 3434 2690 virum
3466 2636 3564 2691 Dei

1967 2724 2220 2780 divinitus
2266 2724 2507 2796 punitur,
2556 2727 2808 2796 paenitens
2860 2743 2978 2781 vero
3029 2727 3299 2783 liberatur.
3327 2730 3563 2784 —I’er-

1969 2817 2111 2873 rexit
2164 2817 2307 2872 idem
2369 2827 2591 2873 sanctus
2643 2819 2983 2893 prmdicator
3024 2821 3257 2889 quodam
3314 2830 3560 2893 tempore

1969 2922 2119 2963 more
2162 2906 2320 2963 solito
2347 2908 2417 2963 ob
2455 2908 2860 2981 evangelizandi
2884 2891 3115 2979 gratiam
3158 2927 3279 2966 cum
3336 2891 3547 2969 festina-

1968 3000 2117 3055 tione
2146 2999 2202 3055 in
2224 2998 2491 3066 Frisium;
2543 3008 2599 3057 et
2630 3010 2853 3072 propter
2880 3002 3116 3058 laborem
3156 3005 3257 3058 viae
3287 3005 3338 3059 in
3377 3007 3550 3076 pratis

1966 3090 2251 3162 cujusdam
2297 3091 2480 3147 divitis
2529 3091 2807 3163 paululum
2838 3093 3012 3149 lassos
3047 3094 3349 3152 refociilare
3387 3112 3559 3168 equos

1970 3183 2204 3240 volebat.
2235 3183 2383 3252 Quos
2409 3183 2560 3241 dives
2586 3184 2680 3241 ille
2715 3185 2769 3241 in
2793 3187 2970 3257 pratis
2991 3189 3105 3243 suis
3132 3189 3282 3259 pasci
3310 3205 3561 3257 cernens,

1972 3274 2239 3346 superbiae
2289 3276 2481 3346 spiritu
2517 3290 2686 3348 equos
2730 3279 2936 3333 caedere
2979 3280 3164 3349 crpit,
3205 3289 3258 3335 et
3290 3296 3321 3335 e
3346 3282 3565 3350 pascuis

1972 3366 2210 3437 abigere.
2255 3364 2429 3433 Quem
2457 3369 2542 3423 vir
2567 3368 2664 3426 Dei
2709 3362 3105 3440 placidissimis
3121 3373 3302 3428 verbis
3332 3374 3566 3452 alloqui:

1973 3469 2083 3525 tur,
2111 3460 2298 3514 dicens
2330 3478 2355 3514 ελ
2375 3479 2395 3510 ι
2417 3460 2613 3517 Desine
2634 3463 2790 3519 nobis
2821 3462 3036 3538 [frater]
3060 3464 3303 3533 iujuriam
3328 3465 3513 3521 facere
3548 3486 3567 3520 τ

1974 3567 2080 3607 non
2109 3553 2253 3607 enim
2279 3561 2502 3623 propter
2529 3554 2804 3611 liesionem
2831 3557 2927 3622 tui,
2959 3557 3054 3613 sed
3080 3567 3295 3628 propter
3324 3561 3568 3615 necessi-

1974 3650 2140 3697 tatem
2171 3644 2364 3708 nostri,
2397 3647 2463 3701 ad
2493 3646 2683 3702 horam
2718 3649 2772 3704 in
2806 3650 2889 3705 his
2921 3652 3135 3721 pascuis
3168 3651 3453 3721 quiescere
3471 3667 3567 3707 vo-

1975 3735 2191 3792 luimus.
2223 3736 2395 3792 Instat
2420 3740 2576 3795 nohis
2597 3755 2733 3811 opus
2758 3741 2852 3797 Dei
2884 3743 3270 3814 peragendum,
3313 3743 3472 3815 cujus
3509 3751 3565 3799 tu

1972 3845 2188 3901 quoque
2228 3831 2534 3887 mercedem
2582 3832 2784 3888 habere
2820 3835 3047 3905 poteris,
3078 3836 3123 3890 si
3155 3851 3276 3899 nos,
3303 3844 3565 3904 quantum

1975 3922 2041 3975 ad
2071 3927 2124 3975 te
2145 3922 2405 3991 pertinet,
2447 3920 2726 3997 [benigno]
2775 3925 3049 3996 adjuveris
3097 3926 3324 3989 animo:
3358 3940 3568 3982 memor

1974 4009 2119 4066 illius
2145 4010 2360 4067 Domini
2405 4011 2732 4070 nostri'Jesu
2757 4014 2962 4071 Christi
2988 4016 3312 4078 dulcissimae
3334 4018 3561 4088 promis-

1972 4105 2142 4161 sionis
2171 4124 2184 4160 :
2216 4105 2432 4173 Qui‘vos
2464 4108 2667 4179 recipit,
2698 4126 2778 4163 me
2809 4110 2989 4180 recipit
3015 4124 3033 4161 :
3060 4119 3109 4164 et
3132 4111 3224 4180 qui
3248 4128 3329 4165 me
3360 4112 3562 4182 recipit.

1974 4197 2156 4268 recipit
2182 4214 2300 4254 eum
2328 4199 2419 4272 qui
2446 4216 2527 4254 me
2553 4199 2691 4255 misit
2731 4202 2749 4272 (
2773 4200 2963 4256 Matth.
2995 4218 3050 4267 x,
3090 4202 3162 4258 40
3186 4201 3227 4274 ).
3258 4201 3366 4259 Sed
3395 4204 3566 4275 magis

1976 4300 2157 4347 mente
2181 4292 2409 4364 pacifica
2440 4292 2719 4349 uobiscum
2759 4295 2922 4365 quasi
2946 4296 3153 4350 amicus
3183 4297 3416 4365 teipsum
3445 4294 3566 4363 reti-7

1975 4383 2151 4448 ciens,
2205 4381 2599 4455 aliquantulum
2640 4383 2802 4451 bibe,
2846 4386 3108 4471 nobisque
3151 4395 3331 4456 coepto
3376 4386 3567 4441 itinere

280 4466 333 4521 in
363 4483 470 4523 uno
490 4467 679 4540 dolio],
700 4468 760 4523 in
780 4467 924 4538 quod
951 4482 1108 4523 suum
1130 4465 1521 4524 benedictionis
1545 4470 1720 4541 gratia
1745 4486 1868 4526 cum
1896 4491 1950 4551 υ
1975 4477 2346 4549 pergentibus,
2363 4485 2418 4532 tu
2441 4493 2471 4531 a
2494 4477 2605 4533 Deo
2619 4478 2955 4543 benedictus,
2978 4465 3252 4534 revertere
3266 4479 3318 4534 in
3345 4479 3564 4534 domum

278 4561 527 4618 oratione
577 4561 804 4617 immisit
847 4559 1122 4626 baculum,
1176 4568 1233 4616 et
1277 4560 1466 4615 exivit.
1523 4560 1631 4618 Sed
1678 4563 1868 4619 eadem

283 4663 442 4711 nocte
478 4654 634 4727 ineo
671 4655 788 4725 ipso
834 4654 1054 4711 vasculo
1079 4654 1267 4710 vinum
1310 4670 1559 4711 crescere
1606 4656 1792 4727 coepit,
1820 4646 1901 4713 et'

284 4725 651 4817 superetl‘undi
683 4745 828 4802 vasis
863 4745 1107 4817 margine
1149 4743 1301 4817 [Id.,
1326 4745 1399 4800 ita
1426 4754 1488 4800 ut
1518 4725 1874 4816 superfunde-

286 4835 551 4891 ret'vasis
588 4834 936 4908 marginem].
973 4836 1085 4892 Hoc
1114 4835 1373 4893 cellarius
1398 4851 1648 4901 cernens,
1698 4837 1875 4908 inspe-

288 4937 405 4984 rata
440 4928 770 4984 abundantia
811 4927 1218 5000 obstupefactus
1244 4938 1354 4994 est,
1380 4945 1480 4985 nec
1502 4929 1681 4985 celare
1706 4931 1872 4986 aude-

281 5020 394 5087 bat,
444 5022 589 5093 quod
632 5022 813 5078 divina
854 5021 1230 5078 misericordia
1266 5038 1365 5093 per
1393 5023 1536 5079 servi
1576 5023 1660 5078 sui
1709 5024 1877 5079 bene-

282 5114 572 5170 dictionem
598 5113 711 5187 geri
740 5114 1122 5184 cognoscebat.
1139 5113 1395 5169 Crastino
1422 5129 1582 5169 mane
1605 5115 1869 5180 cucurrit,

287 5212 345 5260 ct
369 5213 495 5261 ante
516 5206 681 5276 pedes
704 5204 875 5262 sancti
902 5204 1081 5261 Patris
1107 5219 1166 5261 sc
1195 5202 1546 5275 prosternens
1574 5203 1869 5261 confiteba-

287 5306 375 5350 tur
400 5299 529 5368 quid
557 5298 803 5356 vidisset.
827 5298 931 5367 Qui
960 5312 1111 5353 more
1134 5296 1294 5354 solito
1322 5295 1434 5352 Deo
1460 5296 1665 5367 gratias
1686 5311 1870 5366 agens,

356 5422 381 5483 εξ
407 5409 936 5483 Dgtirissimisaporis
948 5411 1183 5483 fossam.
1218 5427 1236 5458 ι
1265 5409 1467 5483 Eadem
1499 5408 1760 5483 cisterna,
1789 5407 1873 5483 iu-

286 5478 406 5546 quit
448 5478 599 5537 Joau.
648 5478 805 5538 Beka'
839 5484 892 5537 iu
937 5478 1138 5538 Chron.
1188 5495 1331 5535 nunc
1379 5479 1434 5533 in
1482 5478 1761 5533 territorio
1807 5478 1873 5530 de

290 5547 599 5622 licyﬁlingelo
622 5561 869 5622 patenter
896 5553 1225 5615 ostenditur,
1264 5565 1386 5622 quae
1407 5548 1476 5603 ab
1502 5547 1873 5622 inquilin_i_s__il-

286 5616 765 5691 lic'haliitantibus
800 5622 1058 5677 modemo
1092 5616 1333 5691 tempore
1368 5616 1661 5673 I’uteus’S.
1698 5616 1872 5673 Willi—

288 5689 472 5745 brordi
498 5689 717 5742 dicitur.
753 5709 772 5740 ι
809 5691 1033 5745 uultu.

365 5762 390 5799 ιι
418 5757 653 5812 Modico:
680 5757 951 5821 ﬂaccones.
991 5759 1145 5824 Apud
1177 5757 1561 5812 Maltillonium.
1611 5757 1866 5817 modicus.

1976 4575 2145 4622 tuam.
2180 4586 2199 4620 ι
2232 4566 2323 4621 ille
2347 4576 2528 4622 autem
2569 4568 2623 4624 in
2654 4568 2858 4623 malitia
2888 4568 3380 4640 pertinax,_nolens
3413 4569 3565 4639 paci-

1974 4657 2092 4714 tlcis
2118 4657 2222 4712 viri
2250 4657 2347 4712 Dei
2374 4656 2556 4714 verbis
2596 4658 2979 4729 acquiescere,
3005 4658 3099 4714 sed
3139 4659 3389 4714 convicia
3420 4659 3566 4729 inge-

1974 4749 2205 4813 minans,
2236 4748 2525 4819 opprobria
2549 4750 2835 4821 jaculans:
2877 4768 2895 4800 σ
2925 4749 3005 4805 Τιι
3052 4750 3394 4821 me,inquit,
3436 4749 3564 4811 hor~

1976 4840 2108 4896 laris
2136 4840 2345 4904 bibere,
2368 4847 2424 4895 et
2443 4855 2633 4915 pacem
2657 4856 2834 4897 tecum
2879 4841 3019 4896 inire
3053 4842 3230 4908 ascito
3257 4841 3566 4897 certissime

1972 4931 2118 5001 quod
2151 4939 2330 4986 tecum
2358 4931 2545 4986 bibere
2586 4946 2685 5003 pro
2723 4929 2894 4986 nihilo
2931 4930 3125 4987 habeo.
3163 4951 3181 4983 ι
3215 4931 3559 5001 Rapiensquc

1972 5035 2041 5076 ex
2069 5019 2186 5090 ejus
2213 5035 2310 5077 ore
2337 5021 2563 5076 verbum
2592 5021 2696 5076 hoc
2721 5020 2805 5077 vir
2832 5020 2929 5077 Dei
2961 5040 2973 5076 :
3008 5041 3026 5073 ι
3065 5020 3256 5077 Sinon
3281 5021 3441 5088 velis,
3467 5006 3560 5085 ait.

1974 5126 2185 5167 mecum
2213 5111 2421 5177 bibere,
2448 5126 2555 5168 non
2580 5111 2725 5168 bibe.
2752 5133 2770 5164 ι
2806 5112 2873 5167 Et
2896 5114 3084 5169 statim
3124 5122 3336 5184 paratis
3378 5108 3560 5179 sociis,

1973 5203 2212 5276 perrexit
2241 5201 2384 5258 viam
2424 5219 2597 5260 suam.
2626 5203 2719 5260 Ille
2745 5220 2961 5277 quoque
2999 5213 3310 5269 contumax,
3343 5206 3559 5262 domum

1973 5309 2127 5351 suam
2149 5292 2440 5350 festinabat
2465 5294 2766 5362 adire,.sed
2795 5288 2946 5353 totus.
2978 5297 3159 5352 subito
3184 5297 3274 5352 siti
3302 5298 3557 5360 ardebat;

1973 5427 2171 5484 genere
2200 5411 2483 5484 feminino,
2529 5426 2638 5484 quo
2663 5427 2767 5468 vox
2793 5412 2957 5483 [laico
2992 5413 3189 5469 ibidem
3231 5429 3450 5484 semper
3474 5430 3561 5469 su-

1974 5482 2162 5556 mitur,
2185 5498 2253 5537 an
2277 5483 2343 5538 ab
2368 5483 2491 5556 ipso]
2505 5482 2762 5556 élcuino,
2795 5482 2868 5538 an
2911 5498 2974 5539 ex
3004 5484 3212 5539 incuria
3240 5482 3562 5556 scriptoris?

1974 5552 2200 5636 Codices
2241 5547 2716 5636 certe—"differunt,
2749 5547 2942 5636 prout
2973 5562 3125 5636 paﬁtet
3167 5571 3232 5609 ex
3255 5547 3388 5636 .halc
3429 5554 3556 5636 edit,

1974 5622 2320 5762 Quegr‘eetaui.
2369 5623 2492 5679 Vid.
2533 5624 2677 5681 hanc
2704 5621 2892 5681 vocem
2928 5621 2989 5680 in
3025 5621 3304 5681 Glossario
3350 5625 3413 5679 D.
3458 5623 3555 5679 Du-

1974 5709 2075 5748 ran
2128 5735 2162 5748 t.

1974 5709 2162 5748 (ιεηαθ.
