3894 6182
267 334 387 390 30.5

982 331 1562 390 HAGIOGRAPHICA.
1594 364 1665 374 —
1707 333 1862 390 VITA
1900 332 1964 392 ὃ.
2005 331 2485 392 WlLLlBBORDl.
2520 364 2589 375 -—-
2620 334 2745 389 LIB.
2784 338 2823 392 ι.

3446 343 3550 399 706

271 449 611 521 cupiensque
655 445 932 500 ardentem
977 446 1315 501 stomachum
1353 446 1482 502 vino
1519 446 1861 518 refrigerare,
1897 452 1940 509 Α
1969 446 2277 500 necessaria
2308 462 2498 518 rapere
2518 447 2743 516 solebat,
2773 459 2829 506 et
2850 452 3097 524 inignem
3116 453 3348 510 mittere.
3368 454 3549 525 [Μαι.

272 556 359 605 cs,
410 537 557 609 quod
582 536 698 592 viro
726 534 821 590 Dei
867 537 1110 595 convicia
1158 535 1403 607 ingessit,
1442 537 1552 592 vini
1596 538 1868 609 potionem

275 612 537 698 recipere
570 641 679 681 non
706 624 920 680 valebat
953 624 1157 698 [Mab.,
1185 625 1380 699 noluit]
1408 643 1422 681 :
1448 625 1536 700 [et
1563 627 1656 697 qui
1679 642 1870 697 pacem

248 739 401 781 acum
427 737 585 779 servo
608 720 702 775 Dei
732 720 1030 775 voluntarie
1070 720 1304 793 noluit],
1349 735 1566 792 pinnam
1607 719 1662 775 in
1690 718 1868 789 seipse

267 812 588 871 necessarie
628 812 906 868 sustinuit.
941 811 1126 869 Vocati
1167 822 1295 871 sunt
1317 814 1538 880 medici,
1580 813 1675 883 qui
1721 812 1867 868 sitim

250 905 557 969 sedarent,
615 911 710 958 aut
757 902 1070 959 facultatem
1130 912 1333 976 aegroto
1379 905 1600 961 bibendi
1628 912 1867 975 .praesta-

270 1005 420 1050 rent.
458 986 807 1048 Anhelabant
846 994 1079 1059 viscera,
1126 996 1220 1051 sed
1258 1010 1366 1052 non
1398 994 1508 1051 fuit
1534 996 1628 1066 qui
1648 1002 1864 1066 guttam

280 1085 391 1139 vini
422 1084 1008 1154 ferveseentipulmeni
1032 1085 1312 1145 infundere
1334 1087 1608 1142 valuisset.
1626 1087 1864 1142 Tandem

280 1174 572 1244 aliquando
598 1171 797 1245 [Mab.,
849 1173 984 1229 Sero
1031 1173 1271 1247 tandem]
1302 1176 1622 1245 paenitentia
1670 1176 1866 1232 ductus

280 1266 392 1331 ille,
423 1265 480 1320 in
505 1266 741 1338 seipsum
770 1278 1021 1323 reversus
1050 1276 1154 1332 est,
1187 1277 1241 1324 et
1270 1271 1597 1341 agnoscebat
1615 1279 1861 1326 sanctum

273 1352 690 1410 Willibrordum
727 1369 848 1411 esse
891 1372 1050 1427 quem
1084 1357 1418 1426 offenderat;
1465 1360 1734 1431 illiusque,
1768 1377 1864 1415 an-

254 1444 495 1501 chelante
517 1445 734 1516 spiritu,
779 1447 1003 1516 optabat
1029 1447 1281 1503 reditum.
1310 1448 1413 1516 Qui
1451 1450 1698 1519 sequenti
1721 1465 1864 1506 anno

270 1541 467 1596 eadem
490 1554 740 1596 reversus
768 1548 851 1597 est
872 1540 977 1606 via,
1004 1542 1440 1613 praecognitoque
1462 1542 1696 1600 adventu
1721 1543 1860 1614 ejus,

276 1631 469 1686 obvius
513 1630 565 1684 ei
617 1628 780 1687 homo
823 1639 1056 1701 aegrotus
1099 1632 1285 1688 venire
1322 1632 1613 1689 festinabat
1638 1631 1659 1706 [
1687 1632 1860 1701 Μαίη,

268 1728 513 1793 :cgrotus
531 1718 826 1791 pervenit],
861 1720 1075 1789 culpam
1115 1721 1379 1776 confitens
1407 1737 1583 1788 suam,
1614 1731 1671 1776 et
1698 1737 1861 1791 quam

252 1846 261 1869 ε
274 1811 584 1881 patiebatur
608 1825 824 1882 poenam
851 1812 1120 1882 aperiens,
1148 1820 1207 1869 et
1216 1828 1330 1883 ,pro
1366 1808 1779 1869 a'moreChristi
1804 1828 1863 1870 se

278 1904 416 1960 solvi
446 1904 856 1974 deprecabatur.
890 1903 1059 1972 Quem
1087 1904 1171 1958 vir
1195 1904 1292 1959 Dei
1333 1905 1707 1963 misericordia
1748 1921 1864 1962 mo-

274 2002 368 2049 tus
406 1991 651 2055 absolvit,
682 1991 939 2063 deditque
974 1992 1047 2047 illi
1089 2008 1211 2047 cum
1240 1994 1616 2051 benedictione
1660 1994 1728 2049 de
1766 2010 1865 2050 suo

271 2075 462 2139 bibere
488 2083 675 2139 calice.
717 2082 819 2149 Qui
847 2099 971 2138 mox
1016 2083 1293 2141 absolutus
1320 2083 1573 2151 bibebat,
1600 2096 1654 2140 et
1697 2101 1864 2141 sanus

274 2172 330 2226 in
369 2189 523 2227 suam
556 2189 807 2228 reversus
831 2184 916 2231 est
948 2175 1188 2230 domum.

346 2262 476 2319 CAP.
522 2262 622 2318 XX
650 2264 819 2338 [Mab.
856 2266 993 2337 xxI].
1028 2265 1285 2321 Moniales
1313 2284 1345 2321 a
1368 2276 1512 2337 peste
1556 2266 1762 2321 liberat.
1794 2297 1864 2308 --

256 2353 371 2408 -Est
394 2355 446 2409 in
474 2355 798 2411 Treverensi
823 2357 1043 2413 civitate
1065 2359 1458 2416 monasterium
1479 2359 1780 2428 puellarum
1811 2372 1862 2425 α,

268 2447 417 2516 ψιοέ
471 2448 807 2517 temporibus
854 2450 997 2504 beati
1029 2449 1363 2505 Willlbrordi
1410 2451 1647 2520 episcopi
1694 2451 1865 2521 pestis

266 2539 541 2593 acerrima
565 2539 781 2595 invasit.
813 2540 978 2611 Cujus
1018 2541 1313 2597 acerbitate
1347 2542 1527 2597 multa:
1550 2556 1617 2596 ex
1657 2542 1867 2597 ancillis

272 2618 368 2681 Dei
412 2627 803 2685 moriebantur.
829 2627 850 2702 [
878 2628 1049 2699 Heln,
1101 2639 1502 2687 mortute‘sunt
1526 2631 1547 2703 ]
1574 2650 1587 2685 :
1617 2632 1864 2702 quaedam

274 2733 407 2773 vero
440 2718 602 2789 longo
631 2718 966 2775 inﬁrmitatis
1008 2719 1193 2777 dolore
1213 2722 1470 2792 jacebant
1518 2722 1810 2778 inlectulo
1845 2737 1861 2778 :

274 2817 490 2865 caetera:
538 2824 668 2864 vero
697 2810 864 2864 nimio
896 2818 1104 2866 terrore
1143 2812 1394 2877 turbatae,
1446 2811 1601 2880 quasi
1628 2827 1867 2883 prasen-

277 2911 389 2957 tem
413 2911 649 2957 mortem
673 2902 1005 2961 metuebant.
1040 2903 1117 2958 Et
1131 2907 1256 2974 quia
1295 2919 1464 2974 prope
1485 2913 1569 2960 est
1586 2905 1865 2975 praedictae

274 2991 489 3046 civitati
539 2986 725 3048 sancti
751 2993 855 3047 viri
899 2994 1319 3059 monasterium,
1365 2994 1508 3064 quod
1565 2992 1867 3064 appellatur

282 3078 580 3139 Esternaco
605 3083 654 3149 ι’,
685 3084 738 3138 in
765 3100 872 3155 quo
897 3101 1069 3155 usque
1094 3085 1253 3142 hodie
1273 3092 1494 3142 sanctus
1539 3084 1629 3141 ille
1654 3086 1865 3156 requie-

277 3176 383 3230 scit
418 3190 678 3244 corporen,
710 3187 764 3231 et
781 3144 922 3244 -ejus
954 3144 1156 3246 posteri
1201 3193 1267 3232 ex
1305 3176 1541 3248 legitima
1572 3177 1865 3233 traditione
1886 3144 1936 3210 ο

274 3266 478 3331 Patris,
510 3274 564 3320 et
584 3267 949 3335 piissimorum
975 3267 1177 3337 pietate
1205 3282 1391 3339 regum
1421 3275 1605 3323 tenere
1633 3283 1863 3323 noscun-

280 3368 367 3413 tur
394 3375 414 3415 :
441 3359 561 3415 ideo
620 3360 879 3421 antedicti
926 3359 1142 3417 femina:
1184 3360 1534 3427 monasterii,
1585 3359 1866 3415 audientes

277 3457 527 3521 sanctum
551 3450 729 3525 virum
748 3449 884 3504 illuc
903 3451 1113 3516 venire,
1150 3451 1333 3507 statim
1362 3451 1624 3507 miserunt
1643 3451 1871 3525 legatio:

283 3558 403 3608 nes,
445 3543 787 3616 postulantes
823 3559 948 3599 eum
974 3559 1080 3600 non
1111 3545 1689 3613 tardare.venire..0ui
1721 3545 1869 3603 beati

266 3632 429 3689 iPetri
468 3633 731 3704 principis
757 3633 1123 3705 apostolorum
1152 3635 1439 3692 mitissimo
1466 3636 1655 3691 doctus
1682 3652 1868 3692 exem-

282 3722 387 3794 plo,
428 3720 805 3794 dc'Joppeob
844 3724 1123 3797 viduarum
1170 3724 1729 3795 Christipetitionem
1776 3742 1867 3782 ve-

284 3814 483 3869 nientis
538 3812 811 3886 Lyddam,
849 3821 909 3868 ut
957 3821 1201 3869 sanctam
1245 3815 1532 3869 suscitaret
1580 3814 1868 3870 Tabitham

281 3902 419 3971 (Act.
447 3902 546 3972 tv),
579 3902 808 3959 festinus
833 3904 1001 3969 venit,
1031 3904 1217 3958 audito
1248 3904 1518 3959 desiderio
1546 3904 1867 3960 ancillarum

277 3992 519 4057 Christi,
564 3995 632 4049 ad
676 3994 812 4049 illas.
847 3994 1036 4066 [Hab.,
1072 4010 1179 4049 non
1210 3995 1381 4066 piguit
1406 3995 1594 4049 venire
1624 3999 1692 4052 ad
1727 3994 1867 4066 illas]

274 4087 349 4142 Et
368 4087 614 4152 veniens,
644 4102 797 4143 mox
826 4086 979 4160 191
1012 4090 1066 4143 in
1102 4090 1291 4144 eodem
1327 4090 1656 4145 monasterio
1702 4091 1868 4149 missa

284 4190 382 4245 pro
413 4175 641 4233 inﬁrmis
669 4172 962 4241 celebrata,
993 4194 1190 4248 aquam
1227 4178 1520 4243 benedixit,
1554 4194 1661 4249 qua
1689 4188 1743 4234 et
1768 4180 1866 4236 ἀοι

280 4280 404 4319 mos
440 4266 656 4320 illarum
699 4268 908 4339 aspergi
935 4268 1120 4338 jussit,
1166 4275 1224 4324 et
1259 4270 1651 4338 mgrotantibus
1678 4281 1869 4341 potan-

287 4358 409 4432 dam
452 4358 948 4428 transmisit.‘Qu:c
989 4359 1120 4426 cito,
1168 4360 1347 4415 divina
1392 4361 1625 4416 donante
1663 4364 1872 4418 miscri-

285 4449 494 4514 cordia,
520 4450 859 4513 convaluere,
895 4467 995 4507 nec
1021 4451 1140 4506 ullae
1170 4451 1223 4507 in
1253 4466 1320 4507 eo
1363 4453 1692 4508 monasterio
1729 4469 1882 4523 pra:~.

287 4538 427 4592 dicta
454 4547 606 4606 peste
628 4540 822 4594 exinde
852 4539 1241 4594 moriebantur.
1416 4574 1423 4577 -

356 4626 491 4682 CAP.
516 4626 635 4681 XXI
654 4627 827 4698 [Μαὺ.
850 4628 1011 4700 xm].
1039 4628 1305 4699 Malignus
1324 4630 1539 4700 spiritus
1560 4646 1652 4702 per
1675 4646 1866 4703 «quam

218 4776 225 4784 ,
287 4716 606 4770 benedictum
640 4733 672 4770 α
706 4717 860 4771 domo
890 4718 1123 4790 pellitur.
1165 4749 1233 4759 --
1261 4720 1497 4793 Contigit
1524 4721 1739 4776 cuidam
1772 4736 1863 4791 pa-

288 4804 594 4862 trifamilias
624 4814 679 4860 et
700 4805 881 4865 domui
922 4824 1033 4861 sua:
1062 4807 1179 4863 dira
1209 4809 1554 4869 dacmoniaca:
1587 4810 1869 4867 illusionis

291 4898 536 4960 latitatio,
561 4898 637 4953 ita
658 4908 719 4954 ut
742 4904 930 4969 aperte
974 4899 1242 4969 malignus
1281 4901 1335 4954 in
1360 4901 1478 4970 eius
1508 4903 1668 4955 domo
1708 4900 1869 4972 spiri-

289 5000 373 5043 tus
410 5004 479 5044 ει
509 4990 736 5045 horrore
764 4997 819 5044 et
856 4990 1135 5045 maleﬁciis
1181 4991 1429 5047 habitare
1458 5002 1868 5063 agnosceretur.

288 5077 421 5134 Nam
469 5080 648 5136 subito
684 5081 856 5146 cibos,
907 5080 991 5135 vel
1034 5081 1377 5149 vestimenta,
1412 5080 1493 5137 vel
1528 5082 1634 5138 alia
1681 5085 1868 5139 domui

354 5200 386 5233 ι
415 5188 800 5262 Honorarium
827 5190 1142 5262 puellarum.
1177 5191 1466 5247 Browerus
1502 5192 1645 5249 hunc
1688 5192 1871 5249 locum

284 5261 353 5334 de
380 5261 711 5334 monasterio
753 5260 1065 5334 llorreensi,
1110 5264 1169 5334 in
1203 5263 1334 5334 ipsa
1372 5264 1510 5318 urbe
1561 5261 1869 5319 Trevirensi

290 5332 414 5396 situ.
462 5331 856 5396 interpretatur
885 5330 1077 5386 Anna-1.
1107 5330 1317 5389 'l‘rev'ir.
1346 5334 1470 5389 libr.
1514 5348 1610 5388 vn.
1657 5333 1870 5389 Subdu-

288 5400 427 5477 bjtat
453 5400 794 5477 Mabillonius
834 5416 903 5477 an
952 5416 1059 5477 non
1088 5403 1494 5477 intelligendum
1520 5405 1591 5477 sit
1616 5405 1682 5477 de
1709 5404 1869 5477 Pala-

290 5469 421 5527 tiolo
439 5471 774 5545 gomsterio
801 5469 1442 5545 ol_5_m__virginum,'nunc
1467 5474 1769 5545 collegiata.
1804 5475 1877 5530 At

293 5554 420 5614 vero
441 5540 766 5614 Palatiolqm
798 5540 816 5612 (
840 5541 1011 5614 Hodie
1047 5540 1313 5614 Pfattzel]
1356 5559 1461 5599 una
1493 5540 1633 5600 hora
1651 5544 1721 5600 ab
1740 5545 1875 5601 urbe

292 5610 358 5665 ad
377 5612 662 5667 sinistrum
689 5610 923 5667 Mosella:
951 5610 1104 5668 littus
1123 5653 1136 5678 ,
1169 5629 1276 5669 non
1294 5610 1303 5614 ⁷
1320 5615 1375 5669 in
1406 5615 1522 5678 ipsa
1543 5615 1773 5670 civitate
1796 5616 1873 5670 si-

292 5689 403 5737 tum
437 5691 540 5750 est,
584 5691 645 5737 ut
682 5689 919 5737 testatur
944 5682 1147 5741 illustr.
1195 5683 1257 5738 Β.
1299 5684 1366 5740 de
1394 5682 1688 5742 ﬂonthcim
1734 5684 1871 5742 Hist.

1892 4496 1942 4553 D

1971 534 2261 610 mittebat].
2306 536 2448 607 Quin
2499 541 2663 596 etiam
2707 543 3026 612 parvulum,
3081 546 3228 601 inter
3274 548 3555 616 amplexus

1965 635 2249 696 parentqu
2302 638 2654 699 pensantem,
2707 632 2812 688 illis
2863 635 3288 701 dormientibus,
3333 636 3455 691 tulit
3498 647 3555 692 et

1969 718 2226 789 inignem
2255 719 2499 791 proiecit.
2527 721 2632 779 SeJ
2660 727 2843 797 vagitu
2870 727 3094 783 infantis
3127 738 3381 800 parentes
3408 731 3554 785 exci-

1968 809 2061 865 tati
2088 809 2257 881 [Mab.
2280 813 2570 887 suscitati].
2602 816 2693 870 vix
2715 818 3000 885 parvulum
3023 820 3089 875 de
3116 821 3368 877 incendio
3391 837 3551 877 erue-

1965 908 2114 965 runt,
2139 907 2193 954 et
2216 902 2379 957 multa
2403 905 2608 959 atrocia
2627 907 2818 963 eadem
2840 907 3045 965 familia
3069 925 3102 966 a
3124 910 3355 967 nefando
3390 914 3552 983 spiri-

1967 998 2022 1044 tu
2044 1006 2299 1062 perpessa
2322 1001 2435 1049 est:
2461 1010 2561 1051 nec
2578 1011 2614 1051 a
2634 999 2874 1067 quolibet
2892 1002 3334 1073 presbyterorum
3355 1006 3551 1075 expelli

1968 1077 2161 1149 [Mab.,
2193 1079 2407 1153 depelli]
2433 1084 2629 1153 potuit,
2673 1086 2845 1142 donec
2868 1089 2955 1142 vir
2988 1098 3210 1146 sanctus
3247 1090 3555 1148 Williiiror-

1965 1168 2087 1233 dus,
2116 1183 2148 1223 a
2180 1168 2568 1239 patrefamilias
2601 1175 2922 1243 postulatus,
2950 1193 3151 1246 aquam
3181 1179 3297 1234 illis
3339 1181 3557 1238 benedi-

1965 1267 2105 1314 ctam
2134 1260 2350 1329 direxit,
2377 1263 2696 1333 praecipiens
2723 1281 2941 1323 omnem
2977 1268 3168 1326 domus
3197 1270 3344 1325 illius
3374 1271 3556 1341 supel-

1964 1347 2199 1405 lectilem
2224 1350 2369 1405 foras
2392 1350 2606 1419 ell'erre,
2655 1362 2710 1409 et
2756 1370 2895 1426 aqua
2925 1356 3019 1411 illa
3053 1360 3301 1430 aspergi,
3349 1361 3548 1430 previ-

1965 1440 2098 1496 dens
2143 1441 2199 1496 in
2228 1433 2422 1512 spiritu
2448 1445 2664 1501 domum
2706 1446 2937 1504 ﬂammis
2960 1453 3382 1508 consumendum
3407 1468 3548 1509 esse.

1964 1529 2170 1597 Quibus
2199 1530 2273 1585 ita
2294 1533 2483 1603 gestis,
2508 1549 2735 1590 vacuam
2759 1536 2977 1592 domum
3006 1554 3036 1593 a
3065 1538 3183 1594 loco
3203 1540 3384 1595 lectuli
3408 1541 3552 1610 ignis

1966 1619 2189 1685 invasit,
2220 1628 2497 1691 totamque
2521 1626 2870 1695 consumpsit.
2900 1625 3083 1683 Altera
3107 1642 3235 1682 vero
3258 1628 3313 1681 in
3339 1642 3404 1683 eo
3429 1629 3549 1687 loco

1963 1725 2089 1765 cum
2112 1710 2542 1768 sanct’ﬁcatione
2571 1729 2724 1783 aqua:
2754 1716 3052 1772 benedictae
3098 1717 3385 1786 :edilicata,
3412 1719 3550 1776 nihil

1898 1796 1938 1855 Β
1964 1802 2158 1857 exinde
2180 1802 2424 1872 pristina:
2449 1805 2928 1890 tentationispassi
2944 1817 3075 1863 sunt
3098 1809 3151 1862 in
3167 1823 3231 1865 ea
3258 1823 3273 1862 :
3300 1810 3393 1866 sed
3422 1826 3549 1869 cum

1963 1894 2112 1955 omni
2151 1894 2541 1963 tranquillitate
2580 1904 2635 1950 et
2675 1898 2858 1967 quiete
2905 1898 3184 1969 degentes,
3229 1908 3285 1954 et
3322 1900 3551 1957 Domino

1965 1986 2170 2058 gratias
2208 1995 2429 2059 agentes
2475 1998 2653 2054 erant,
2701 1991 2795 2060 qui
2842 1991 3098 2062 illosper
3124 2009 3340 2049 servum
3393 2008 3553 2051 suum
3640 1984 3647 1985 ί

1965 2081 2234 2137 redimere
2266 2081 2521 2152 dignatus
2547 2091 2649 2137 est.

2036 2170 2164 2227 Car.
2207 2172 2351 2226 XXII
2614 2171 2799 2252 gum].
2854 2173 3137 2245 Pippinum
3181 2174 3436 2246 baptism,
3493 2186 3547 2232 et

1963 2258 2109 2315 illius
2146 2261 2384 2331 futuram
2404 2260 2775 2317 sublimitatem
2817 2264 3079 2334 praedicit.
3106 2296 3177 2304 -—
3203 2266 3348 2320 llem
3409 2281 3549 2337 quo-

1963 2367 2070 2421 que
2106 2352 2193 2406 vir
2214 2351 2336 2407 .Deo
2363 2352 2614 2409 amabilis
2651 2354 2894 2423 quasdam
2922 2355 3238 2425 prOphetico
3277 2357 3545 2426 prtedixe-

1964 2449 2051 2496 rat
2074 2441 2292 2511 spiritu,
2333 2457 2453 2512 quas
2477 2450 2600 2511 post
2636 2457 2820 2497 rerum
2869 2452 3093 2501 eventus
3118 2459 3243 2499 vera
3281 2436 3548 2515 probavit.

1963 2529 2268 2599 Baptizavit
2291 2531 2436 2584 enim
2477 2527 2762 2603 Pippinum
2805 2534 2977 2589 lilium
3007 2534 3340 2591 Francorum
3368 2536 3553 2600 fortis-

1965 2621 2088 2679 simi
2118 2620 2269 2680 dueis
2315 2624 2516 2691 Caroli,
2543 2635 2757 2696 patrem
2798 2629 2959 2699 hujus
2993 2629 3313 2686 nobilissimi
3341 2631 3546 2697 Caroli,

1964 2715 2056 2786 qui
2080 2716 2240 2771 modo
2275 2732 2399 2772 cum
2426 2716 2715 2788 triumphis
2750 2720 3001 2774 maximis
3036 2728 3090 2777 et
3121 2724 3265 2776 omni
3288 2723 3551 2794 dignitate

1964 2806 2354 2878 gloriosissime
2399 2806 2738 2864 Francorum
2793 2810 2933 2882 regit
2966 2811 3271 2881 imperium.
3327 2813 3404 2868 De
3443 2830 3555 2884 quo

1964 2895 2191 2966 Pippin
2225 2897 2385 2953 Patre
2420 2897 2535 2967 ejus
2564 2899 2709 2955 idem
2747 2909 2971 2958 sanctus
3007 2905 3091 2960 vir
3138 2921 3380 2976 praesaga
3420 2922 3555 2964 voce

1965 3001 2147 3041 coram
2172 2986 2446 3056 discipulis
2462 2989 2575 3044 suis
2600 2992 2853 3060 praedixit
2880 2993 2983 3050 hoc
3009 2996 3327 3051 vaticinium
3354 3014 3367 3050 :
3394 3016 3412 3050 ι
3435 2995 3554 3055 Sci-

1967 3085 2098 3143 tote,
2129 3066 2395 3148 inquiens,
2420 3081 2563 3153 quod
2591 3081 2693 3136 iste
2710 3082 2888 3141 infans
2920 3087 3167 3142 sublimis
3186 3088 3292 3145 erit
3318 3088 3474 3145 valde
3496 3099 3555 3149 et

1966 3168 2249 3237 gloriosus,
2273 3180 2325 3225 et
2347 3172 2585 3227 omnium
2614 3175 3029 3243 praecedentium
3046 3178 3381 3234 Francorum
3404 3179 3555 3237 duci-

1966 3262 2067 3317 bus
2079 3260 2268 3330 major.
2299 3284 2317 3315 ι
2343 3262 2513 3331 Hujus
2530 3265 2708 3333 itaque
2732 3266 2973 3321 vaticinii
2994 3267 3196 3323 veritas
3214 3269 3553 3341 nostrispro-

1964 3351 2092 3408 bata
2121 3361 2204 3408 est
2241 3355 2595 3431 temporibus,
2624 3370 2724 3409 nec
2744 3370 2882 3424 opus
2912 3364 3005 3411 est
3030 3354 3357 3413 testimoniis
3398 3373 3547 3416 asse-

1966 3442 2080 3514 qui,
2105 3444 2249 3515 quod
2280 3445 2443 3499 totius
2468 3445 2616 3516 regni
2648 3448 2893 3514 agnoscit
2928 3447 3245 3503 auctoritas.
3277 3447 3362 3503 St
3393 3463 3550 3504 nam--

1968 3546 2074 3604 que
2104 3536 2281 3590 omnis
2325 3535 2575 3611 populus,
2603 3537 2801 3606 quibus
2839 3538 3209 3594 nobilissimus
3241 3540 3415 3595 victor
3467 3555 3557 3595 ce-

1967 3625 2207 3681 lebratur
2256 3626 2575 3699 triumphis,
2612 3628 2698 3682 vel
2747 3638 3012 3700 quantum
3060 3631 3339 3687 terminos
3377 3632 3551 3687 nostri

1967 3715 2158 3790 [M¢b.,
2190 3717 2406 3773 termini
2430 3719 2603 3773 nostri
2634 3718 2944 3793 imperium]
2973 3721 3221 3777 dilatavit
3256 3723 3468 3791 imperii
3504 3733 3554 3789 θ,

1967 3810 2050 3865 vel
2100 3825 2259 3880 quam
2292 3811 2481 3865 devote
2508 3810 2876 3867 Christianam
2912 3813 2965 3866 in
3012 3828 3177 3882 regno
3213 3828 3311 3866 suo
3342 3828 3553 3881 praepa~

1969 3900 2110 3955 ravit
2130 3899 2466 3968 religionem,
2494 3898 2577 3952 vel
2600 3900 2726 3971 qui]
2748 3916 2849 3969 pro
2870 3898 3182 3956 defensione
3218 3910 3418 3956 saneta:
3446 3903 3547 3957 Ec-

1969 3990 2146 4044 clesia:
2159 3987 2254 4043 Dei
2271 3987 2409 4057 apud
2428 3995 2719 4041 extraneas
2733 3989 2977 4043 exercuit
2996 3998 3203 4058 gentes.
3225 3990 3355 4057 Quae
3371 3992 3553 4048 omnia

1970 4079 2161 4134 melius
2179 4077 2355 4133 oculis
2378 4074 2597 4148 probari
2622 4091 2783 4145 quam
2815 4077 2998 4132 verbis
3028 4078 3287 4149 explicari
3320 4091 3545 4151 queunt.

2038 4168 2168 4223 Cur.
2211 4165 2377 4223 XXIII
2429 4164 2598 4239 [Mab.
2638 4166 2811 4239 xxrv].
2853 4166 3013 4222 Dotes
3059 4169 3173 4240 ejus
3219 4181 3267 4225 et
3310 4172 3546 4227 virtutes.

1970 4256 2131 4311 Obiit.
2198 4256 2445 4328 Sepultus
2487 4257 2791 4324 Epternaci.
2834 4258 3051 4314 lllustre
3094 4261 3430 4316 miraculum.
3481 4291 3550 4302 --

1968 4346 2095 4402 Fuit
2131 4362 2262 4402 vero
2310 4348 2412 4404 iste
2466 4348 2550 4402 vir
2595 4358 2847 4415 sanctus,
2908 4352 3055 4407 omni
3089 4351 3352 4423 dignitate
3407 4368 3545 4422 prze-

1968 4438 2182 4504 clarus,
2238 4446 2446 4494 statura
2501 4440 2729 4505 decens,
2790 4441 2942 4495 vultu
2995 4442 3360 4507 honorabilis,
3404 4440 3553 4497 Tacie

1971 4538 2246 4610 venustus,
2275 4531 2438 4588 corde
2472 4531 2646 4595 ianus,
2677 4533 2908 4589 consilio
2947 4534 3183 4603 sapiens,
3219 4549 3313 4588 ore
3351 4533 3555 4602 jucun-

1968 4622 2091 4681 dus.
2121 4623 2359 4677 moribus
2386 4623 2738 4693 compositus,
2768 4633 2821 4677 et
2844 4624 2896 4677 in
2921 4623 3066 4676 muni
3101 4638 3266 4694 opere
3292 4623 3385 4678 Dei
3419 4632 3558 4679 stre-

1970 4730 2128 4769 nuus.
2178 4715 2342 4782 Ctijus
2387 4725 2569 4769 autem
2611 4715 2886 4783 patientiae
2926 4724 3090 4780 esset,
3132 4732 3198 4773 ex
3237 4727 3363 4772 ante
3398 4717 3558 4773 dictis

1970 4804 2087 4873 ejus
2107 4806 2273 4875 gestis
2297 4806 2618 4859 ostenditur.
2651 4803 2918 4870 Quantam
2936 4820 3064 4862 vero
3079 4807 3331 4863 habuerit
3359 4806 3555 4877 (Heln.

1970 4895 2051 4949 vel
2109 4902 2365 4964 quantam
2429 4893 2724 4966 habuisset]
2775 4895 3096 4952 inlustrium
3143 4899 3196 4952 in
3256 4898 3552 4970 Evangelio

1967 4983 2167 5039 Christi
2193 4980 2461 5053 prmdiczn
2482 4983 2555 5047 lo,
2578 4983 2664 5038 vel
2688 4985 2922 5055 qualiter
2948 4986 3096 5042 illum
3129 4988 3182 5042 in
3210 5003 3376 5057 opere
3417 5003 3554 5058 prat-
3608 5026 3621 5044 .

1970 5073 2185 5130 dicaudi
2209 5072 2390 5130 divina
2417 5073 2683 5145 az‘juverit
2722 5077 2918 5147 gratia,
2950 5093 3056 5132 non
3102 5094 3325 5135 necesse
3358 5088 3441 5133 est
3462 5095 3556 5133 no-

1970 5185 2178 5263 Trcvir.
2205 5194 2336 5263 tom.
2380 5185 2422 5252 l,
2453 5201 2575 5263 pag.
2605 5188 2696 5252 23,
2720 5189 3079 5245 veroslmilior
3106 5207 3235 5263 ergo
3262 5201 3345 5248 est
3385 5193 3557 5249 intcrb

1971 5256 2201 5328 pretatio
2231 5256 2491 5328 Bt'oweri.

2039 5328 2069 5367 δ
2102 5325 2905 5402 QuodappeliaturEsternoca.
2942 5329 3120 5402 ilodie
3150 5330 3556 5402 Epternaecnse

1976 5398 2481 5473 monasteritt‘rn.‘de
2504 5399 2658 5473 cujus
2681 5399 2909 5473 origine,
2934 5398 3146 5473 int-ibus
3170 5398 3226 5473 et
3247 5403 3557 5473 acquisith-

1976 5468 2152 5532 nibus,
2184 5465 2643 5531 secularisatione,
2689 5482 2751 5522 ac
2771 5465 3121 5525 restitutione
3151 5472 3218 5526 ad
3245 5465 3554 5535 Benedicti-

1976 5551 2075 5592 nos
2108 5537 2329 5592 consule
2351 5536 2549 5592 illustr.
2576 5535 2632 5595 Π.
2670 5537 2738 5591 ab
2767 5536 3052 5595 llontheim
3083 5538 3221 5596 Hist.
3246 5541 3407 5599 Trov.
3431 5551 3474 5598 t.
3512 5544 3551 5600 Ι.

2039 5618 2071 5648 μο
2096 5606 2280 5686 Nostri
2309 5607 2533 5686 imperii.
2567 5607 2647 5686 iis
2667 5608 2750 5662 his
2779 5607 3200 5686 verbisintclligi
3228 5628 3386 5686 posse
3404 5613 3554 5670 vide—

1977 5686 2065 5732 tur
2090 5676 2386 5751 Martinam
2424 5676 2561 5733 hanc
2601 5678 2764 5734 vitam
2800 5679 3101 5751 scripsisse,
3148 5676 3273 5739 dum
3303 5700 3552 5742 morare-

1979 5757 2068 5804 tur
2084 5747 2142 5803 in
2172 5746 2420 5803 Francia.
