1947 3091
154 150 204 176 707

580 145 610 172 Β.
631 145 662 172 F.
681 145 794 172 ALBINI
815 145 881 173 SEU
902 145 1040 173 ALCl'lNI
1059 144 1199 174 OPERUM
1220 145 1308 173 PARS
1326 146 1358 173 ν.

1731 150 1783 176 70βῖ

153 212 210 234 stro
227 206 351 241 prosequi
376 205 456 241 stylo,
473 205 544 240 quod
565 205 649 232 totius
672 204 761 239 populi
786 204 939 230 testimOnio
956 207 977 235 Α
993 204 1027 231 tis
1041 204 1184 232 aedificavit
1199 210 1226 232 et
1243 206 1387 232 dedicavit.
1416 204 1468 233 Sed
1487 211 1514 233 et
1539 207 1601 233 miri
1617 202 1707 235 odoris
1730 208 1785 235 fra-

152 251 352 285 comprobatur.
364 249 449 276 Porro
470 249 528 282 ejus
543 253 650 276 secreta
672 248 843 276 conversatio
858 248 884 274 in
900 248 939 274 vi-

153 296 224 330 giliis
236 301 263 323 et
289 296 468 326 orationibus,
490 295 516 322 in
537 293 647 329 jejuniis
671 298 697 320 et
710 293 881 328 psalmodiis,
907 300 939 319 ex

153 343 214 369 vita:
228 342 372 369 sanctitate
390 346 417 368 et
436 342 574 376 signorum
588 340 742 367 ostensione
757 339 868 374 intelligi
893 339 940 366 da-

153 392 206 413 tur.
232 387 397 417 Charitatem
424 386 528 413 scilicet
553 385 678 412 assiduus
698 384 775 411 labor
802 384 936 414 ostendit,

153 441 231 468 quem
243 433 363 467 quotidie
376 439 426 466 pro
434 431 533 458 Christi
545 431 654 457 nomine
666 430 803 457 sustinuit.
820 430 939 464 Denique

152 479 193 505 vir
204 482 313 505 sanctus
328 477 452 504 omnibus
467 476 560 502 diebus
572 476 635 502 vita:
650 483 705 502 sua:
718 475 744 501 in
756 475 846 502 divino
856 474 938 509 profi—

152 524 227 550 ciens
253 530 348 557 opere,
374 522 428 549 Deo
447 521 570 548 amabilis
591 525 619 547 et
639 522 713 547 omni
736 520 833 555 populo
846 524 939 553 gratus

152 568 249 604 [Mab.,
269 566 430 602 placabilis],
454 566 621 601 temporibus
636 564 724 592 Caroli
750 565 863 599 antiqui,
885 565 940 592 for—

150 614 246 640 ‘issimi
267 613 432 639 Francorum
449 611 535 643 ducis,
554 618 637 638 senex
661 615 688 637 et
708 610 804 645 plenus
826 612 851 637 in
866 611 939 638 omni

150 658 313 692 perfectione
327 657 431 683 dierum
446 662 470 689 ιι,
483 656 621 691 appositus
634 660 675 682 est
689 656 722 682 ad
745 660 836 690 patres
859 664 938 688 suos,

150 704 322 738 multiplicem
343 703 442 730 laboris
454 703 495 730 sui
518 702 636 729 fructum
657 706 816 736 accepturus
831 711 845 729 a
863 703 917 730 Deo
930 724 938 736 ,

149 750 276 776 sarculum
289 749 340 776 hoc
353 749 508 782 relinquens
524 747 621 783 [Mab.,
635 748 771 775 hominem
787 749 862 775 exuit
876 756 938 775 cum

148 794 267 829 seculo],
282 798 311 821 ut
337 794 435 820 caelum
449 792 607 828 possideret,
624 792 761 820 Christum
778 793 856 828 192
881 794 938 820 sine

149 839 200 865 fine
217 839 243 865 in
264 843 363 865 aeterna
388 838 473 873 gloria
492 838 601 865 visurus
615 846 622 864 :
637 838 664 865 in
682 838 759 874 cujus
773 839 917 866 dilectione
928 859 935 871 ,

990 250 1093 284 grantia
1110 250 1229 277 omnium
1245 250 1401 284 perfuderat
1416 258 1514 283 nares,
1537 256 1567 278 ut
1578 253 1720 287 perspicue
1742 253 1785 281 in~

991 293 1173 328 telligeretur,
1206 295 1239 321 ad
1269 295 1414 329 exsequias
1439 296 1489 322 viri
1519 297 1604 324 sancti
1630 298 1783 333 angelicum

990 339 1096 367 venisse
1110 340 1302 367 ministerium.

1024 385 1088 411 CAP.
1101 385 1277 421 XXIVUIub.
1291 386 1378 422 xxvi].
1391 387 1485 414 Anima
1499 387 1530 414 ab
1540 388 1639 424 angelis
1651 389 1678 416 in
1690 389 1783 417 malum

989 434 1118 464 portatur.
1150 429 1283 457 Miracula
1307 431 1342 457 ad
1357 432 1405 458 viri
1418 433 1502 459 sancti
1517 441 1621 468 corpus.
1633 448 1668 453 ——
1683 434 1736 462 Sed
1754 441 1784 462 ει

989 476 1096 502 cuidam
1116 475 1242 511 religioso
1263 477 1349 504 sancti
1370 477 1422 503 viri
1447 478 1578 513 discipulo
1603 478 1709 514 longius
1731 488 1775 514 por

989 521 1051 553 sito,
1074 521 1100 547 in
1126 522 1249 548 oratione
1272 522 1409 557 vigilanti,
1429 523 1521 550 obitus
1548 524 1619 551 illius
1643 526 1781 552 revelatus

989 571 1040 593 est.
1076 567 1142 594 Nam
1169 568 1268 595 vidisse
1293 575 1322 596 se
1341 570 1493 596 testabatur
1522 570 1639 601 animam
1663 572 1780 598 sanctis,—

990 612 1049 638 simi
1064 611 1150 639 Patris
1168 613 1209 639 sui
1230 621 1290 639 cum
1314 621 1409 648 magna
1425 614 1533 642 luminis
1558 615 1693 648 clarit:te,
1717 625 1779 643 cum

989 664 1106 683 consona
1133 658 1287 684 canentium
1302 658 1396 691 laude,
1421 661 1455 687 ab
1468 660 1597 695 angelicis
1615 662 1783 690 exercitibus

990 702 1022 728 ad
1043 701 1172 729 co=lorum
1196 710 1279 738 regna
1302 704 1415 737 portari.
1442 704 1515 731 Multi
1536 713 1644 741 quoque
1665 707 1781 733 fratrum

989 747 1080 774 testati
1096 752 1168 780 sunt,
1187 749 1283 775 crebro
1298 756 1327 776 se
1350 757 1431 784 super
1445 750 1582 782 lectulum,
1598 752 1625 778 in
1639 759 1693 786 quo
1718 753 1782 778 hea-

989 795 1042 818 tam
1063 792 1180 819 animam
1194 801 1242 820 suo
1256 793 1380 821 Creatori
1398 795 1523 827 reddidit,
1543 796 1666 823 mirabile
1681 797 1780 823 vidisse

989 836 1089 869 lumen,
1111 838 1354 873 suavissimamque
1376 840 1468 866 odoris
1489 840 1638 868 dulcissimi
1662 843 1780 869 sensisse

147 886 265 920 quandiu
281 885 422 912 nobiscum
445 885 561 916 vixerat,
581 884 704 911 laborare
727 892 781 911 non
801 884 935 912 cessabat.
953 877 975 907 Β
989 883 1166 919 fragrantiam
1183 894 1189 911 :
1205 889 1235 912 ut
1250 886 1361 913 omnino
1382 887 1424 913 his
1439 887 1523 922 signis
1541 888 1708 918 crederetur,
1725 897 1780 915 er—

147 932 195 959 Die
210 932 324 966 septima
338 931 440 958 mensis
447 930 615 962 Novembris,
625 931 651 958 id
661 934 712 963 est,
724 931 831 958 vnldus
839 930 936 967 [Mab.,

146 978 189 1005 die
203 982 279 1005 Sexto
297 977 363 1004 Nov.
381 977 408 1004 id
426 981 467 1004 est
477 985 524 1003 vin
536 976 621 1012 ldus],
638 983 671 1003 ex
682 977 733 1003 hac
744 977 939 1012 peregrinatio-

147 1035 180 1054 nc
192 1028 224 1054 ad
233 1031 388 1062 perpetuam
397 1026 522 1061 migravit
534 1026 649 1061 patriam
660 1024 684 1057 δ,
692 1029 718 1053 et
728 1025 849 1060 sepultus
858 1030 899 1052 est
909 1026 936 1052 in

146 1074 310 1102 monasterio
321 1073 482 1108 Epternaco,
500 1071 571 1106 quod
587 1071 644 1107 ipse
654 1071 721 1103 Deo,
732 1075 762 1097 ut
777 1071 880 1106 puel'ati
893 1079 938 1098 su-

146 1128 215 1150 mus,
241 1120 440 1146 construxerat.
460 1117 497 1143 lbi
512 1123 597 1150 usque
611 1116 702 1148 hodie,
718 1116 808 1143 divina
825 1123 937 1151 operan-

145 1171 170 1193 te
185 1164 385 1195 misericordia,
403 1163 478 1198 signa
493 1165 520 1189 et
537 1162 667 1189 sanitates
681 1160 714 1188 ad
730 1161 816 1188 sancti
831 1161 877 1188 Dei
894 1168 936 1188 sa-

144 1211 261 1238 cerdotis
274 1209 401 1244 reliquias
417 1207 476 1235 ﬁeri
490 1215 543 1234 non
560 1211 677 1235 cessant.
709 1207 748 1233 Ex
771 1207 868 1242 quibus
888 1207 935 1234 ali-

144 1266 196 1292 qua
224 1257 286 1284 huic
312 1260 411 1283 nostra:
439 1255 471 1282 de
497 1262 530 1281 co
559 1254 681 1281 historia:
701 1252 865 1287 subjicienda
889 1261 934 1280 es-

143 1311 172 1330 se
186 1303 389 1334 mstimavimus,
419 1301 445 1327 in
464 1300 576 1336 gloriam
597 1304 624 1327 et
643 1299 749 1326 laudem
766 1299 870 1326 Domini
887 1307 935 1327 no-

144 1349 192 1375 stri
212 1347 274 1375 Jcsu
295 1347 407 1378 Christi,
421 1345 466 1379 qui
486 1345 610 1380 hmc‘pcr
632 1344 701 1371 servi
717 1344 757 1374 sui
782 1344 933 1378 patrocinia

144 1392 243 1427 saepius
258 1390 366 1426 operari
379 1389 505 1425 dignatus
520 1393 571 1416 est.
587 1388 669 1424 (Mab.
691 1388 755 1416 CAP.
776 1389 851 1424 xxv.)
864 1388 934 1416 Cou-

142 1436 229 1463 ditum
244 1440 286 1463 est
300 1434 454 1462 venerabile
468 1441 568 1469 corpus
586 1434 612 1460 in
628 1435 797 1470 sarcophago
815 1441 933 1462 marmo-

143 1490 199 1514 reo,
214 1482 259 1518 qui
270 1482 387 1517 primum
400 1480 450 1508 toti
465 1480 513 1508 Dei
527 1480 621 1507 famuli
634 1480 741 1515 corpori
759 1480 835 1515 quasi
854 1480 933 1508 dimi-

141 1528 185 1556 dio
208 1527 285 1563 pedis
308 1527 416 1554 brevior
445 1527 570 1554 inventus
591 1530 646 1558 est,
664 1525 793 1553 fratribus
817 1526 853 1552 οἶ)
881 1526 932 1552 hoc

989 928 1069 956 lestes
1085 929 1172 956 locum
1186 929 1373 964 frequentassc
1388 930 1483 966 μισῶ,
1502 930 1684 968 frequentare]
1696 934 1779 965 ('iVI‘S,

988 973 1015 1000 in
1029 981 1082 1008 quo
1094 979 1187 1001 sancta
1209 975 1299 1002 anima
1322 975 1448 1010 migravit
1463 976 1496 1003 ad
1524 976 1665 1003 Dominum
1680 977 1780 1013 [_5Iab.,

990 1021 1023 1047 ad
1044 1020 1206 1057 Christum].
1233 1021 1317 1055 (Μαι.
1344 1021 1408 1049 Car.
1432 1022 1528 1057 xxm.)
1554 1023 1606 1050 Per
1624 1023 1779 1050 unctionem

988 1075 1094 1102 quoque
1106 1068 1166 1099 olei,
1180 1069 1251 1103 quod
1264 1076 1344 1103 supra
1359 1076 1458 1103 corpus
1469 1069 1553 1096 sancti
1564 1069 1652 1096 lucere
1665 1069 1778 1101 solebat,

988 1113 1065 1139 multi
1084 1113 1193 1144 infirmi,
1210 1113 1264 1140 Deo
1278 1113 1394 1140 donante
1414 1118 1442 1140 et
1469 1114 1530 1141 fidei
1553 1113 1659 1141 illorum
1682 1122 1778 1150 coope-

988 1162 1073 1190 rante,
1086 1158 1170 1185 curati
1183 1163 1254 1185 sunt.
1267 1158 1544 1194 Pmnitcntcsquoque
1551 1159 1648 1194 Str-pius
1660 1160 1694 1186 ad
1704 1166 1779 1186 cam—

987 1204 1048 1231 dem
1060 1205 1198 1231 venientes
1219 1204 1371 1237 ecclesiam,
1387 1205 1497 1232 circulis
1521 1204 1615 1232 ferreis
1633 1213 1708 1232 more
1733 1213 1777 1231 so-

987 1250 1034 1277 lito
1056 1249 1226 1281 circumdati,
1251 1250 1336 1285 ruptis
1359 1250 1469 1278 circulis
1490 1250 1707 1282 subito,vincula
1729 1258 1777 1277 sua

987 1295 1104 1322 resoluta
1118 1288 1261 1322 senserunt
1287 1294 1383 1330 [Mab.,
1399 1295 1604 1328 Pwnitentibus,
1620 1299 1685 1327 etc.,
1713 1295 1772 1321 vin-

986 1341 1046 1369 cula
1060 1341 1177 1369 resoluta
1192 1340 1276 1377 sunt].
1292 1341 1374 1376 Cujus
1391 1342 1439 1374 rei,
1458 1342 1546 1369 adhuc
1559 1341 1584 1368 in
1595 1341 1711 1369 ecclesia
1724 1341 1776 1369 cir-

986 1386 1040 1414 culi
1050 1387 1208 1421 pendentes,
1230 1390 1314 1413 tcstcs
1327 1390 1399 1414 sunt.

1024 1432 1102 1467 193
1122 1432 1185 1459 Car.
1208 1430 1280 1458 XXV
1298 1431 1382 1468 {Mal}.
1405 1432 1512 1468 xxvm].
1530 1431 1683 1467 Paralylt’ca
1698 1441 1777 1459 sana-

986 1484 1039 1506 tur.
1062 1494 1097 1499 —-
1117 1479 1243 1512 Quantam
1272 1486 1337 1506 vero
1365 1478 1462 1507 mulier
1487 1479 1650 1515 paralytica,
1672 1483 1774 1514 septem

986 1525 1065 1552 annis
1079 1524 1176 1560 [Mab.,
1191 1524 1313 1559 pluribus
1330 1524 1420 1560 annis]
1434 1524 1538 1559 magnis
1549 1524 1667 1551 cruciata
1680 1523 1774 1551 dolori-

141 1575 218 1602 valde
233 1574 415 1606 contristatis,
442 1577 470 1601 et
492 1573 590 1607 sacpius
609 1572 788 1600 tractantibus
803 1572 858 1608 [Μ.
883 1581 931 1600 sm-
947 1567 970 1597 C
985 1571 1045 1602 bus,
1059 1571 1085 1597 in
1103 1574 1206 1597 tantum
1223 1574 1363 1604 grassante
1374 1570 1467 1596 eadem
1486 1570 1643 1604 quotidiana
1663 1568 1775 1596 inﬁrmi-

142 1621 202 1654 pius
233 1618 388 1655 suspensis]
423 1619 469 1646 ubi
507 1623 599 1653 aptum
631 1622 725 1645 sancto
755 1618 861 1651 corpori
893 1617 933 1643 in-

141 1666 266 1694 venirent
292 1666 425 1692 locellum.
453 1664 507 1692 Scd
538 1665 607 1692 miro
637 1665 737 1696 modo,
765 1664 855 1691 divina
883 1664 932 1691 do-

140 1717 221 1739 nante
254 1712 369 1746 pietate,
401 1712 527 1737 inventus
557 1714 598 1737 cst
630 1711 719 1737 subito
748 1710 932 1745 sarcophagus

140 1760 216 1783 tanto
248 1755 299 1782 viri
332 1755 379 1782 Dei
412 1755 518 1789 corpori
548 1755 672 1790 longior,
700 1759 801 1789 quanto
825 1755 933 1783 brevior

140 1806 202 1828 ante
235 1800 367 1836 apparuit.
403 1800 437 1826 Et
465 1800 491 1826 in
518 1807 550 1826 eo
580 1799 630 1826 viri
661 1799 708 1826 Dei
744 1807 842 1834 corpus
871 1808 931 1827 cum

141 1845 247 1881 hymnis
266 1844 424 1880 psalmodiis
446 1849 473 1871 et
488 1844 560 1871 omni
578 1844 680 1871 honore
705 1843 862 1876 candentes,
887 1851 930 1871 se-

138 1891 273 1925 pelierunt
287 1889 352 1917 illud
367 1890 394 1916 in
412 1889 532 1916 Ecclesia
547 1888 652 1924 praefati
668 1889 842 1921 monasterii,
858 1889 931 1924 quod

139 1937 184 1964 ille
195 1943 318 1964 summus
337 1935 383 1962 Dei
403 1935 530 1962 sacerdos
543 1935 570 1962 in
586 1935 688 1962 honore
700 1939 800 1961 sanctze
813 1934 932 1961 Trinita~

174 2001 186 2014 α
201 1994 297 2022 Plenus
311 1993 422 2020 dierum.
438 1992 540 2028 Nempe
558 2001 642 2020 annos
657 1992 792 2028 octoginta
808 1997 836 2028 et
848 2001 930 2020 unum

138 2033 452 2065 pnctergressHSLprout
469 2027 526 2065 ipse
550 2028 678 2065 Alcuinus
700 2028 794 2065 scribit
814 2027 884 2065 infra
900 2028 930 2054 li-

139 2063 187 2092 bro
198 2073 229 2096 ιι,
241 2063 289 2091 seu
304 2064 330 2091 in
344 2063 404 2090 Vita
420 2064 530 2091 metrica
546 2071 605 2098 cap.
620 2063 666 2094 2i,
682 2063 725 2090 ubi
743 2063 778 2089 ita
795 2064 867 2090 canit
882 2072 887 2090 :

201 2128 240 2151 Dis
251 2130 338 2151 oeten:
352 2128 407 2157 pius
418 2127 552 2156 complevit
566 2126 642 2150 lustra
656 2127 774 2151 sacerdos

198 2158 249 2182 Ter
261 2161 349 2189 quater
360 2161 386 2181 ct
399 2163 514 2189 menses;
528 2164 567 2181 mc
585 2158 776 2189 sisjamiamque
786 2157 930 2185 Novemlvis

200 2187 285 2214 Idibus
296 2189 392 2213 octenis
400 2194 432 2212 cu
440 2187 457 2212 li
470 2189 584 2217 migravit
595 2188 624 2211 ad
638 2188 727 2211 aulam.

138 2237 306 2265 Mabillonius
323 2238 358 2264 ob
376 2237 434 2263 hzec
445 2236 526 2262 ver-ha
541 2235 622 2269 hujus
635 2235 725 2262 ultimi
738 2244 833 2263 versus
849 2245 854 2263 :
871 2237 928 2263 Idi—

139 2274 186 2299 bus
208 2273 316 2303 oetenis.
341 2271 529 2306 corrigendum
554 2277 614 2297 esse
637 2275 730 2298 censet
753 2272 825 2298 hunc
839 2272 927 2299 locum

138 2308 264 2335 editionis
275 2305 499 2342 Quercetanimbi
512 2306 610 2342 legitur
625 2314 631 2333 :
647 2305 695 2333 Dic
711 2307 819 2341 septima
831 2308 927 2333 mensis

141 2342 281 2370 Novembr.
300 2343 326 2369 id
344 2347 394 2375 est,
418 2350 456 2369 vn
482 2341 557 2369 Idus.
572 2341 610 2369 Ac
628 2341 717 2376 potius
741 2342 773 2368 ad
793 2342 870 2368 Iidem
896 2342 928 2368 li-

139 2379 248 2405 brorum
257 2385 322 2405 mss.
334 2377 474 2412 legendum
488 2386 494 2403 :
511 2377 560 2404 Die
568 2382 640 2404 sexto
652 2377 746 2404 mensis
761 2376 926 2409 Novembris,

139 2413 165 2440 id
181 2418 229 2445 est,
249 2421 298 2440 vni
310 2412 386 2440 Idus.
401 2412 451 2440 Cui
468 2412 576 2440 lectioni
601 2412 764 2447 suﬂ'ragatur
782 2412 926 2440 Hrabanus

140 2449 177 2484 ini
192 2448 402 2484 Martyrologiog
418 2448 541 2484 quamvis
563 2448 608 2484 alii
634 2447 817 2484 Martyrologi,
842 2448 926 2475 Wan-

138 2482 285 2515 delbertus,
298 2482 447 2514 Usuardus,
462 2482 519 2509 Ado
533 2487 560 2518 et
575 2482 763 2518 Martyrolbgia
776 2482 926 2511 Romanum

138 2523 166 2544 ct
180 2518 393 2550 Benedictinum,
406 2525 457 2544 nec
471 2525 523 2545 non
531 2517 691 2545 Kalendaria
702 2517 884 2546 ecclesiastica
896 2519 924 2546 S.

140 2553 306 2582 Willibrordi
321 2553 439 2582 natalem
456 2553 526 2580 diem
538 2561 575 2581 vn
587 2553 649 2580 ldus
661 2553 827 2581 Novembres
838 2554 927 2581 consi-

157 2594 230 2616 ἶ]θηί-

138 2596 246 2652 ⁸¹¹ἷῖῗ¹ξὶά
258 2629 408 2665 perpetuen;
421 2623 680 2665 migrapitpamlim;
691 2623 720 2665 5.-
733 2623 925 2665 Willibfi’fdl‘s

138 2665 208 2685 anno
233 2658 320 2687 :etatis
338 2658 476 2690 tricesimo
501 2658 591 2691 tertio,
617 2659 719 2686 Christi
735 2666 800 2685 vero
821 2658 873 2686 690
897 2660 924 2686 in

136 2691 251 2721 i’risiam
268 2695 383 2729 trajecit,
399 2700 429 2722 ut
442 2703 523 2729 supra
536 2695 638 2723 dictum
653 2699 704 2721 est.
721 2694 749 2720 ln
765 2694 852 2721 Frisia
876 2702 925 2729 per

136 2735 222 2756 annos
244 2730 437 2765 quinquaginta
469 2730 654 2765 praedicationi
681 2736 791 2764 operam
812 2729 924 2765 dedisse

136 2738 222 2756 annos
244 2738 437 2765 quinquaginta
489 2738 654 2758 meme-auom
681 2738 791 2764 operam
818 2738 924 2757 acuisse

136 2767 240 2792 certum
259 2769 300 2791 est
318 2766 446 2805 exuepist.
464 2738 740 2805 gfsanctirbonifacii
759 2765 793 2791 ad
808 2764 924 2805 Stcpba-

135 2807 199 2825 num
220 2806 327 2833 papam,
352 2799 387 2826 ibi
405 2809 411 2826 :
431 2809 440 2824 ‹
462 2800 512 2832 Qui
526 2809 573 2834 per
591 2800 625 2826 50
649 2808 735 2827 annos
759 2799 921 2834 praedicans,

134 2834 276 2868 pra'fatttrn
290 2836 396 2868 gentem
408 2833 556 2868 Fresonum
575 2835 691 2860 maxima
707 2842 739 2861 ex
759 2833 835 2868 parte
858 2842 923 2861 con-

135 2866 215 2896 vertit
234 2867 268 2894 ad
282 2866 370 2892 fidem.
391 2876 399 2891 ι
426 2867 621 2901 Quinquaginta
641 2868 662 2893 si
677 2866 811 2894 sexcentis
836 2877 920 2895 nona-

984 1619 1039 1642 tatc
1049 1614 1146 1642 alllicta
1159 1618 1210 1647 est,
1219 1618 1248 1641 ut
1260 1614 1333 1641 omni
1346 1614 1529 1641 membrorum
1538 1613 1624 1641 oﬂlcio
1636 1613 1774 1644 destituta,

983 1660 1072 1688 alieno
1086 1664 1208 1687 uteretur
1221 1659 1384 1692 ministerio,
1409 1664 1436 1688 et
1456 1660 1484 1687 in
1509 1660 1566 1687 solo
1588 1660 1776 1687 tantummodo

983 1704 1140 1741 pectusculo
1158 1705 1201 1731 vix
1215 1704 1347 1732 anhelans
1365 1705 1476 1740 spiritus
1501 1704 1615 1739 suspiria
1637 1704 1707 1731 fessa
1732 1712 1773 1732 re-

984 1751 1111 1779 traheret.
1126 1751 1189 1778 llaec
1202 1759 1216 1777 a
1228 1751 1384 1785 propinquis
1398 1750 1431 1777 ad
1445 1750 1648 1782 ecclesiam,ubi
1662 1754 1775 1777 sanctus

984 1799 1030 1827 Dei
1042 1798 1197 1834 requiescit,
1209 1798 1355 1829 ferebatur,
1367 1805 1451 1833 prope
1463 1797 1586 1824 locellum
1600 1797 1774 1832 reliquiarum
1784 1822 1790 1828 ,

983 1844 1042 1878 ejus
1056 1845 1153 1880 posita.
1175 1843 1240 1877 Qum
1264 1843 1362 1880 [Mab.,
1378 1842 1531 1879 positaque]
1558 1844 1584 1870 in
1603 1842 1697 1870 eodem
1715 1842 1775 1869 loco

984 1891 1050 1917 fusis
1077 1889 1220 1925 lacrymis,
1238 1889 1381 1924 deprecata
1407 1893 1449 1915 cst
1474 1896 1522 1923 per
1550 1888 1774 1915 intercessionem

983 1936 1069 1963 sancti
1089 1936 1131 1963 sui
1158 1935 1260 1967 famuli,
1274 1935 1392 1961 divinam
1413 1935 1439 1962 ei
1463 1934 1586 1962 misereri
1602 1934 1772 1961 clementiam

983 1992 1057 2027 ginta
1072 1990 1348 2027 adjicianturhprodit
1364 1998 1451 2027 annus
1466 1991 1584 2027 7A0,quo
1596 1991 1709 2027 proinde
1726 1998 1773 2027 an-

983 2025 1034 2054 nus
1048 2025 1138 2054 obitus
1150 2027 1236 2053 sancti
1250 2025 1415 2054 Willibrordi
1433 2025 1606 2054 collocandus
1619 2030 1669 2054 est.
1684 2026 1771 2052 Mahél-

983 2063 1070 2089 Ionius
1081 2062 1189 2096 quidem
1204 2061 1231 2088 in
1246 2062 1316 2088 notis
1330 2061 1363 2088 ad
1379 2061 1449 2088 hanc
1468 2062 1557 2088 Vitam
1577 2062 1662 2088 sancti
1687 2061 1771 2087 Willi-

981 2098 1072 2125 brordi
1087 2097 1190 2123 obitum
1202 2097 1297 2123 statuit
1311 2104 1382 2123 anno
1397 2096 1460 2130 759,
1474 2101 1582 2125 secutus
1598 2096 1770 2123 Theol'ridum

983 2133 1108 2160 abbatem
1132 2132 1368 2166 Eptcrnaeensem,
1396 2132 1441 2166 qui
1465 2133 1532 2159 vixit
1557 2140 1620 2161 sate.
1640 2140 1682 2160 x1:
1704 2132 1771 2158 hanc

982 2172 1072 2194 tamen
1100 2175 1175 2194 suam
1216 2167 1378 2194 sententiam
1416 2168 1536 2195 correxit
1569 2172 1634 2194 tom.
1667 2167 1687 2194 ll
1717 2166 1771 2195 An-

982 2202 1034 2229 nal.
1050 2202 1115 2229 Ben.
1134 2202 1194 2228 libr.
1210 2209 1267 2233 ιιι,
1290 2210 1363 2228 num.
1383 2201 1428 2234 64,
1444 2203 1490 2229 ubi
1501 2203 1604 2229 obitum
1620 2202 1668 2229 viri
1684 2201 1769 2233 sancti

981 2237 1064 2265 refert
1078 2238 1111 2264 ad
1125 2245 1223 2263 annum
1241 2237 1290 2263 7M
1307 2237 1350 2263 vel
1364 2237 1576 2265 antecedentem.
1601 2237 1694 2264 Credit
1706 2244 1771 2263 vero

980 2273 1022 2300 vir
1043 2272 1236 2300 celeberrimus
1256 2272 1400 2300 Alcuinum
1421 2280 1482 2300 cum
1507 2276 1602 2300 sancto
1630 2272 1769 2300 Bonifacio

980 2316 1032 2335 non
1047 2308 1115 2335 bene
1129 2308 1289 2335 convenire:
1305 2307 1411 2335 Alcuini
1433 2308 1505 2335 enim
1521 2308 1627 2335 calculo
1640 2308 1768 2338 admisso,

980 2344 1029 2375 ait,
1045 2351 1097 2370 non
1122 2343 1172 2370 nisi
1186 2342 1220 2370 48
1234 2343 1297 2370 anni
1316 2343 1350 2370 ad
1364 2343 1584 2378 praedicationem
1596 2343 1684 2370 sancti
1700 2342 1768 2369 Wil—

980 2378 1091 2406 librordi
1108 2381 1226 2409 restant;
1241 2385 1304 2405 nam
1323 2378 1347 2405 si
1362 2379 1396 2405 ab
1418 2379 1497 2406 annis
1516 2378 1605 2406 aetatis
1618 2378 1648 2405 8l
1665 2378 1769 2405 subtra-

980 2414 1079 2441 hantur
1092 2414 1156 2441 anni
1170 2414 1259 2441 aetatis
1271 2421 1325 2448 qua
1336 2414 1412 2440 venit
1424 2414 1450 2440 in
1461 2413 1590 2446 Frisiam,
1605 2413 1710 2441 scilicet
1721 2411 1767 2444 33,

980 2449 1310 2496 ad‘przcdicatip‘nem‘non
1326 2453 1431 2496 restant
1444 2449 1495 2477 nisi

1015 2482 1114 2511 Verum
1131 2484 1231 2512 mdlam
1244 2484 1288 2511 hic
1308 2491 1368 2511 esse
1382 2484 1592 2519 discrepantiam
1608 2490 1717 2513 censeo.
1744 2482 1766 2509 si

978 2519 1012 2546 ad
1027 2524 1145 2546 mentem
1160 2519 1264 2546 Alcuini
1280 2526 1366 2546 annus
1382 2518 1537 2554 trigesi’mus
1554 2519 1651 2546 tertius
1666 2518 1764 2549 artatis,

977 2562 1031 2589 quo
1044 2555 1071 2581 in
1087 2554 1202 2581 Frisiam
1218 2555 1303 2585 venit,
1314 2559 1489 2589 computetur
1500 2562 1561 2582 cum
1576 2555 1655 2582 annis
1670 2554 1751 2589 praedi
1764 2572 1768 2575 ~

976 2590 1105 2622 cationis;
1118 2594 1145 2616 et
1158 2597 1244 2617 annus
1265 2589 1356 2617 obitus
1368 2593 1503 2617 statuatur
1516 2598 1603 2617 annus
1615 2590 1751 2624 octuagcsi

977 2632 1037 2652 mus
1051 2625 1185 2652 secundus
1202 2625 1325 2659 inceptus
1341 2629 1388 2652 aut
1400 2625 1518 2652 nondum
1533 2625 1692 2659 completus.
1706 2624 1762 2652 Sin'

976 2667 1041 2695 ergo
1061 2660 1123 2687 anni
1145 2660 1245 2691 :etatis,
1266 2660 1375 2694 quando
1397 2665 1508 2688 sanctus
1532 2661 1721 2688 Willihrordus
1739 2660 1763 2686 in

976 2695 1062 2731 Frisia
1075 2695 1222 2730 prmdicare
1237 2695 1319 2729 carpit
1330 2695 1442 2729 triginta
1457 2696 1510 2723 duo
1520 2696 1645 2731 completi
1659 2705 1665 2721 :
1679 2702 1765 2731 annus

975 2730 1073 2763 artatis,
1085 2738 1138 2764 quo
1156 2730 1296 2765 completis
1320 2731 1432 2758 omnino
1455 2730 1592 2766 octoginta
1607 2738 1662 2758 uno
1687 2730 1765 2766 anuis

975 2765 1053 2797 obiit,
1079 2764 1280 2806 octuagnesimus
1300 2764 1625 2806 sepundus._§ulitractis
1642 2773 1708 2806 ergo
1731 2764 1765 2791 ab

974 2808 1045 2827 anno
1066 2801 1156 2828 obitus
1169 2801 1204 2828 82
1213 2801 1291 2827 annis
1303 2801 1435 2828 adventus
1447 2801 1497 2833 δὴ
1507 2806 1611 2829 restant
1620 2801 1683 2828 uni
1697 2807 1762 2835 pm

974 2835 1115 2862 dicationis
1140 2836 1184 2862 50.
1209 2835 1315 2870 Optime
1330 2843 1395 2870 ergo
1416 2837 1564 2863 concordat
1578 2836 1699 2864 calculus
1715 2835 1761 2861 Al-

973 2871 1044 2896 cuini
1056 2878 1117 2896 cum
1128 2871 1276 2897 assertione
1291 2873 1377 2898 sancti
1391 2871 1532 2898 Bonifacii.
