3894 6182
293 296 423 359 ‘709

1018 300 1593 359 HAGIOGRAPHICA.
1632 332 1703 344 ——
1741 303 1901 359 VITA
1941 302 2002 359 S.
2039 303 2516 365 WILLIBRORDI.
2544 337 2615 348 -—
2648 305 2777 364 LIB.
2814 310 2857 364 ι.

3460 311 3563 365 710

292 416 509 484 Ἰιωῡ..
546 427 607 471 ut
631 421 815 469 un'rna
840 414 891 470 ei
920 412 1305 486 sutiragaretur
1339 413 1644 486 clementia]
1677 433 1689 468 :
1723 423 1884 485 atque
1912 419 1958 477 A
1986 428 2307 491 przesentem
2333 434 2455 475 esse
2488 420 2779 487 credimus,
2807 420 3049 489 quotidie
3083 436 3279 478 sanare
3313 438 3420 479 non
3451 439 3565 481 ces-

305 524 341 564 a
366 508 604 585 Domino
627 507 736 562 Deo
764 508 1039 573 exaudita,
1066 523 1299 578 moxque
1348 509 1418 564 ab
1470 508 1617 571 omni
1660 507 1889 562 inﬁrmi-

288 606 419 655 ‘tate
453 598 702 663 liberata,
727 612 916 669 sospes
939 614 1063 654 cum
1089 600 1282 669 gaudio
1311 600 1513 671 gratias
1551 613 1717 669 agens
1755 594 1887 663 Deo,

283 693 542 764 ‘propriis
604 693 864 762 pedibus,
915 709 1037 765 quae
1086 696 1237 764 prius
1288 696 1357 749 ab
1399 695 1591 751 alienis
1636 692 1889 764 portaba-

285 791 413 847 ‘tur.
452 785 694 841 cucurrit
727 786 795 842 ad
818 786 1057 842 domum.

371 873 506 931 CAP.
538 873 705 929 XXVI
736 873 906 945 [Μαι.
941 875 1117 947 xxxx].
1143 876 1395 944 Inﬁrmus
1421 878 1639 935 sanitati
1660 877 1890 933 restitui-

279 974 412 1018 :tur.
441 993 514 1004 --
540 963 672 1020 item
715 964 1032 1021 adolescens
1061 966 1281 1035 quidam
1311 965 1557 1023 infirmus
1584 967 1652 1022 ad
1689 982 1888 1035 corpus

284 1054 447 1110 dicati
476 1052 753 1125 pontiﬁcis
781 1055 1307 1111 manibusdeductus
1335 1064 1421 1110 est
1448 1057 1771 1119 amicorum,
1794 1056 1886 1124 qui

284 1147 434 1202 totis
477 1145 761 1201 intremuit
796 1145 1072 1206 membris.
1098 1145 1210 1200 Nec
1232 1146 1374 1199 enim
1404 1156 1571 1215 caput
1602 1162 1700 1214 per
1726 1161 1785 1202 se
1810 1146 1886 1201 le-

291 1253 432 1293 vare
454 1239 662 1307 potuit,
689 1236 784 1293 sed
823 1238 979 1305 quasi
1016 1236 1155 1292 collo
1210 1236 1374 1293 fixum
1419 1252 1526 1291 non
1574 1245 1739 1300 esset,
1780 1237 1887 1293 huc

298 1339 466 1398 atque
505 1327 634 1385 illuc
669 1326 873 1382 cadens
922 1327 1255 1382 volvebatur.
1293 1326 1428 1382 Nam
1473 1328 1759 1398 aliquoties
1808 1329 1884 1384 ita

281 1423 572 1478 exanimis
608 1421 793 1477 factus
824 1431 935 1486 est,
960 1430 1022 1477 ut
1059 1422 1279 1477 omnino
1308 1431 1555 1478 mortuus
1590 1422 1880 1478 videretur.

298 1512 497 1581 Quem,
531 1521 597 1569 ut
622 1512 993 1583 prtediximus,
1025 1514 1108 1569 sui
1125 1528 1306 1584 .propc
1334 1529 1531 1584 corpus
1569 1515 1741 1569 sancti
1783 1515 1884 1571 viri

276 1615 616 1678 posuerunt.
646 1606 760 1664 Sed
793 1606 1161 1663 misericordia
1199 1606 1295 1661 Dei
1344 1607 1609 1671 donante,
1632 1606 1883 1669 omnibus

280 1699 391 1767 qui
417 1698 649 1755 aderant
673 1698 1042 1761 cernentibus,
1077 1697 1152 1755 ita
1206 1697 1386 1754 subito
1439 1713 1606 1753 sanus
1657 1696 1882 1753 effectus

1989 518 2100 576 sat,
2132 511 2177 565 si
2203 509 2357 565 firma
2385 509 2508 577 fide,
2533 518 2587 565 et
2610 511 2949 567 confessione
2974 527 3099 567 vera
3141 528 3265 568 cum
3310 513 3564 586 lacrymis

1988 597 2311 656 cd‘undimus
2354 601 2407 655 in
2452 601 2573 659 loco
2627 602 2733 657 isto
2774 613 2900 659 ante
2947 611 3296 674 conspectum
3345 606 3561 676 pietatis

1990 687 2130 743 illius
2160 690 2324 745 corda
2352 701 2556 757 nostra,
2581 692 2672 761 qui
2690 709 2789 762 pro
2817 708 2913 747 sua
2939 693 3120 749 divina
3156 696 3439 751 clementia
3468 713 3562 768 pa-

1989 792 2138 833 ratus
2179 790 2262 835 est
2304 779 2840 852 [Mab.,pra:stabilis
2873 783 2979 857 est]
3035 786 3102 839 ad
3152 786 3558 857 ignoscendum,

1987 869 2032 924 si
2069 886 2167 925 nos
2193 872 2330 926 tardi
2356 887 2463 926 non
2494 871 2754 928 fuerimus
2779 875 2845 929 ad
2875 876 3287 946 deprecandum.
3315 878 3413 934 Cui
3444 878 3561 935 laus

1986 963 2058 1016 sit
2087 970 2141 1015 et
2162 962 2328 1033 gloria
2352 964 2405 1017 in
2440 965 2762 1035 sempiterna
2789 968 3004 1023 smcula.

2057 1050 2184 1107 Car.
2237 1050 2465 1107 XXVIII.
2515 1053 2776 1111 Miracqu
2807 1059 2985 1113 vinum
3030 1072 3254 1131 augetur
3301 1064 3437 1117 inter
3484 1065 3561 1118 bi-

1986 1140 2228 1195 bendum.
2253 1172 2324 1181 —
2355 1141 2546 1198 Restat
2578 1160 2721 1200 nunc
2765 1148 2831 1204 de
2867 1150 3026 1206 beato
3055 1150 3299 1223 Wilgiso,
3326 1155 3417 1224 qui
3460 1154 3562 1210 fuit

1986 1228 2145 1301 hujus
2171 1233 2341 1287 sancti
2383 1233 2501 1299 viri,
2532 1243 2592 1288 ut
2628 1247 2753 1293 ante
2787 1237 3043 1306 diximus,
3065 1252 3239 1313 pater,
3262 1252 3322 1297 ut
3367 1260 3399 1297 a
3452 1260 3561 1307 quo

1985 1320 2144 1392 hujus
2179 1321 2419 1380 historiae
2446 1324 2679 1396 primum
2708 1330 3001 1401 capitulum
3029 1332 3244 1403 incipit,
3273 1334 3338 1389 dc
3364 1347 3430 1389 eo
3468 1350 3562 1388 no-

1984 1404 2262 1471 vissimum
2293 1416 2528 1475 finiatur.
2562 1420 2739 1477 Rediit
2781 1424 2947 1494 igitur
2974 1427 3373 1483 anniversarius
3420 1429 3560 1499 ejus-

1984 1503 2105 1561 dem
2132 1505 2275 1561 beati
2302 1508 2512 1582 Wiigisi
2542 1520 2743 1567 sancta:
2772 1514 3111 1584 migrationis
3159 1518 3305 1581 dies,
3352 1519 3404 1572 in
3454 1535 3559 1589 qua

1981 1593 2102 1664 pius
2130 1597 2268 1652 abba
2303 1599 2555 1657 Aibertus
2585 1603 2612 1641 ιι
2641 1618 2927 1660 successor
2966 1610 3257 1664 venerandi
3298 1610 3563 1683 archiepi-

1983 1688 2151 1756 scopi,
2175 1700 2298 1759 post
2327 1693 2694 1749 sacratissima
2720 1696 3007 1753 missarum
3051 1701 3309 1758 solemnia
3329 1744 3345 1769 ,
3373 1712 3430 1760 et
3467 1706 3562 1761 ho-

294 1765 405 1853 est,
436 1799 499 1844 ut
525 1788 657 1844 nihil
682 1789 756 1843 .in
809 1802 879 1843 eo
920 1784 1165 1858 pristina:
1196 1786 1528 1843 infirmitatis
1562 1778 1649 1843 vei
1682 1787 1884 1851 doloris

1991 1790 2173 1831 norem
2217 1776 2328 1835 Deo
2372 1781 2635 1850 debitum,
2667 1802 2790 1840 cum
2838 1787 3096 1845 fratribus
3126 1765 3410 1861 epulariet
3435 1808 3564 1863 gau-

295 1879 508 1948 antiqui
532 1879 671 1934 ultra
698 1880 1038 1936 remanserit.

367 1967 500 2022 Car.
524 1967 721 2023 XXVII.
740 1966 758 2040 [
777 1967 922 2023 Μαι).
949 1967 1110 2041 xxx].
1156 1967 1582 2039 Furaacrilegus
1600 1969 1879 2040 detegitur.

301 2088 367 2099 -
391 2059 621 2127 Quidam
651 2061 817 2116 etiam
846 2057 1022 2119 cilicio
1038 2060 1326 2133 diaconus,
1349 2069 1407 2117 et
1434 2078 1544 2119 non
1568 2062 1765 2118 merito
1780 2103 1796 2128 ,
1827 2062 1880 2118 in

278 2150 531 2207 ecclesia
559 2153 731 2209 sancti
761 2153 866 2209 viri
888 2169 1125 2210 «crucem
1170 2169 1422 2221 auream,
1454 2170 1617 2226 quam
1649 2155 1734 2210 vir
1764 2171 1884 2212 san—

282 2250 416 2297 ctus
442 2257 627 2297 secum
664 2243 720 2297 in
745 2244 940 2300 itinere
968 2253 1185 2317 portare
1217 2246 1455 2313 solebat,
1481 2261 1604 2302 cum
1640 2246 1761 2302 aliis
1790 2247 1882 2305 de-

297 2335 461 2389 nariis
485 2334 756 2401 ecclesia),
782 2335 1152 2392 infelicissimo
1183 2352 1293 2392 non
1321 2338 1536 2393 horruit
1561 2338 1881 2395 subtrahere

242 2436 255 2445 °
288 2422 487 2495 ιιιιηόη
518 2423 732 2497 rapere]
765 2424 925 2480 furto.
958 2424 1184 2482 Turbati
1233 2434 1363 2482 sunt
1411 2426 1516 2482 hac
1563 2440 1624 2482 re
1683 2425 1881 2480 fratres

294 2512 495 2586 [Hab.,
523 2515 757 2570 turbatis
779 2515 883 2571 bac
904 2515 974 2572 de
995 2531 1055 2572 re
1080 2516 1382 2588 fratribus],
1410 2524 1596 2588 utpote
1617 2516 1880 2572 faetorem

282 2606 441 2676 impii
465 2605 695 2661 sceleris
724 2605 1057 2676 ignorantes,
1084 2614 1213 2661 tunc
1231 2607 1486 2677 precibus
1512 2606 1730 2676 quidem
1756 2621 1881 2662 san-

276 2695 363 2749 :cti
394 2695 492 2750 Dei
520 2694 876 2761 confidentes,
908 2695 1039 2751 illud
1070 2703 1181 2752 tam
1209 2696 1478 2752 nefarium
1507 2696 1683 2752 scelus
1706 2697 1884 2751 occul-

294 2786 396 2840 tari
423 2801 532 2841 non
556 2801 752 2857 posse;
790 2784 1032 2843 fraterna
1067 2796 1248 2844 tamen
1275 2789 1476 2858 pietate
1502 2787 1777 2847 hominem
1812 2788 1878 2845 ad

290 2879 674 2948 penitentiam
694 2895 955 2937 revocare
984 2881 1090 2936 nisi
1112 2888 1384 2947 sunt,non
1398 2880 1638 2949 perdere
1664 2880 1880 2950 cupien-

273 2981 393 3029 tes.
449 2972 545 3029 ille
575 2988 724 3033 vero
773 2972 866 3043 qui
921 2974 1026 3028 hoc
1054 2973 1263 3028 crimen
1297 2971 1591 3036 commisit,
1615 2971 1879 3026 obdurato

274 3061 483 3127 corde,
514 3061 748 3119 salutem
792 3077 949 3117 suam
999 3062 1344 3131 contempsit,
1372 3061 1514 3117 sicut
1564 3060 1778 3131 impius,
1806 3060 1880 3115 di-

272 3159 452 3207 cente
486 3149 943 3218 Salomone,-cum
979 3152 1036 3206 in
1071 3151 1479 3223 profunditatem
1512 3149 1769 3205 malorum
1798 3168 1880 3206 ue-

274 3244 454 3309 tuerit,
488 3244 774 3299 contemnit
825 3240 1020 3314 (Prov.
1056 3257 1224 3308 xvm,
1250 3240 1339 3312 '5).
1387 3239 1655 3313 Cogitavit
1691 3240 1877 3297 infelix

274 3332 465 3390 latere
496 3332 711 3405 [posse,.
727 3335 872 3404 quod
894 3334 1035 3389 clam
1072 3334 1276 3404 absque
1326 3331 1499 3393 oculis
1543 3332 1773 3387 aliorum
1819 3346 1879 3387 se

276 3424 493 3482 fecisse
536 3426 788 3483 sciebat:
816 3427 910 3483 sed
943 3426 1039 3483 Dei
1066 3425 1307 3491 oculum,
1347 3425 1434 3482 cui
1474 3424 1665 3485 omnia
1692 3431 1879 3494 aperta

295 3526 445 3582 sunt,
476 3516 671 3590 latere]
701 3533 807 3577 non
832 3519 1026 3590 potuit,
1045 3518 1137 3587 qni
1166 3532 1449 3574 servorum
1494 3532 1716 3573 suorum
1742 3513 1882 3585 inju-

279 3609 406 3663 rias
452 3610 652 3680 saepius
676 3608 958 3666 vindicare
984 3624 1094 3665 non
1125 3609 1323 3666 tardat.
1374 3607 1510 3665 Nam
1558 3609 1726 3665 miser
1766 3608 1878 3674 ille,

276 3701 385 3767 [qui
411 3698 516 3753 hoc
534 3707 849 3770 perpetrare
877 3699 1085 3753 crimen
1116 3714 1224 3753 non
1247 3698 1546 3764 abhorruit,
1565 3700 1766 3754 misera
1797 3714 1884 3755 su-

295 3788 408 3844 bito
430 3797 609 3846 morte
636 3796 886 3857 arreptus
908 3786 1139 3852 interﬁt,
1162 3794 1219 3840 et
1243 3786 1296 3840 in
1330 3786 1449 3856 ipso
1470 3786 1592 3841 vitae
1618 3788 1766 3841 exitu
1791 3786 1881 3842 ali-

278 3880 755 3948 quibusfratrum
793 3888 977 3935 reatus
1020 3878 1105 3933 sui
1146 3877 1353 3933 crimen
1379 3875 1661 3940 ‘ostcndit;
1711 3883 1767 3930 et
1791 3876 1883 3932 ubi

290 3972 644 4037 ostendisset,
676 3970 820 4041 quod
873 3969 1018 4026 furto
1067 3968 1276 4041 rapuit,
1319 3966 1595 4023 indicavit.
1647 3964 1880 4031 Videtis,

282 4062 518 4130 fratres,
569 4078 733 4134 quam
779 4062 1013 4120 terribili
1072 4062 1359 4117 damnatus
1399 4057 1603 4127 judicio
1651 4064 1764 4122 est,
1791 4058 1884 4128 qui

296 4154 469 4210 sancti
482 4152 590 4209 .Dei
612 4153 919 4213 Ecclesiam
939 4153 1083 4209 furto
1101 4152 1303 4208 violare
1322 4166 1431 4206 non
1456 4148 1653 4207 timuit.
1675 4148 1886 4204 Idcirco

288 4246 527 4302 obsecro
561 4254 622 4302 ut
658 4254 871 4302 castam
892 4246 956 4301 in
983 4247 1086 4302 hac
1126 4244 1371 4300 habeatis
1397 4242 1882 4305 conversationem,

291 4343 568 4405 quatenus
587 4335 768 4392 divina
797 4335 1079 4392 clementia
1106 4349 1205 4404 per
1251 4332 1425 4389 sancti
1461 4330 1756 4388 Clementis
1782 4330 1885 4386 viri

1904 3109 1952 3173 C

1985 1869 2111 1923 dere
2139 1885 2427 1942 aggressus
2452 1883 2555 1929 est.
2589 1875 2697 1933 Sed
2747 1879 2797 1933 in
2832 1895 2897 1935 eo
2937 1883 3269 1938 monasterio
3318 1883 3393 1937 nil
3443 1883 3564 1956 plus

1982 1960 2093 2017 vini
2141 1962 2420 2018 inventum
2468 1974 2571 2033 est,
2602 1968 2761 2041 195.
2813 1987 2977 2040 quam
3032 1973 3139 2029 duo
3193 1976 3564 2031 tantummodo

1983 2048 2270 2118 ﬂascones,
2296 2070 2525 2124 quorum
2569 2073 2709 2113 unus
2738 2062 2949 2129 prandii
2976 2062 3112 2116 hora
3142 2064 3436 2119 exhaustus
3482 2074 3569 2122 est
3640 2109 3649 2115 .

1985 2141 2181 2216 [Mab.,
2208 2138 2461 2215 epotatus
2483 2147 2620 2220 est],
2644 2149 2781 2205 alter
2814 2151 2868 2205 in
2899 2152 3089 2209 horam
3114 2170 3287 2211 ccentc
3321 2173 3567 2213 reserva-

1983 2240 2089 2286 tus.
2117 2232 2288 2304 igitur
2308 2242 2433 2305 post
2456 2240 2820 2308 vespertinam
2850 2242 3158 2309 melodiam,
3190 2261 3290 2315 pro
3317 2264 3568 2305 reveren-

1983 2323 2054 2378 tia
2083 2322 2199 2392 ejus
2224 2325 2353 2392 diei,
2378 2325 2576 2383 fratres
2601 2328 2667 2385 ad
2696 2330 3041 2388 refectorium
3091 2338 3295 2394 reversi
3337 2350 3484 2406 sunt,
3510 2350 3566 2396 et

1981 2410 2103 2484 post
2122 2431 2304 2473 sacras
2337 2416 2599 2475 lectiones
2620 2420 2876 2491 prchatus
2892 2422 3059 2483 abbas
3083 2425 3277 2483 fratres
3298 2424 3564 2486 allocutus

1980 2513 2084 2571 est,
2115 2505 2301 2562 dicens
2348 2524 2362 2562 τ
2414 2508 2581 2565 Decet
2632 2527 2753 2578 nos,
2782 2529 2816 2569 ο
2861 2517 3152 2573 venerandi
3194 2517 3406 2586 Patres,
3439 2536 3563 2576 cum

1981 2597 2175 2666 gaudio
2200 2598 2426 2668 spiritali
2449 2602 2839 2658 venerabilium
2874 2604 3096 2661 Patrum
3136 2617 3447 2666 nostrorum
3495 2612 3569 2666 fe-

1981 2685 2151 2741 stivos
2196 2687 2313 2743 dies
2365 2688 2663 2757 celebrare,
2714 2700 2769 2748 et
2825 2694 3099 2765 aliquanto
3153 2696 3352 2765 laxius,
3406 2700 3566 2756 solito

1978 2775 2158 2848 Vorte,
2187 2777 2384 2852 soluto]
2436 2780 2647 2850 rigore,
2676 2784 2878 2841 nostris
2898 2785 3182 2858 indulgere
3225 2790 3564 2859 corporibus,
3612 2828 3627 2837 ς

1979 2881 2087 2921 non
2116 2864 2366 2933 Ιιιιιιιδίεε,
2398 2869 2494 2924 sed
2517 2869 2802 2929 charitatis
2835 2890 3019 2930 causa.
3053 2874 3404 2947 Nequaquam
3435 2894 3566 2934 vero

1979 2972 2076 3012 vos
2115 2956 2307 3029 [Mab.,
2340 2959 2516 3033 vobis]
2547 2961 2830 3029 ceiassem,
2862 2966 2909 3020 si
2951 2965 3155 3037 aliquid
3195 2968 3318 3039 plus
3354 2969 3573 3044 habuis-

1982 3063 2097 3103 sem
2117 3049 2172 3103 in
2203 3048 2307 3104 hoc
2331 3053 2680 3118 monasterio,
2707 3068 2865 3123 quam
2883 3055 3030 3111 hunc
3052 3057 3226 3112 solum
3252 3058 3564 3124 ﬂasconem,

1982 3138 2075 3208 qui
2110 3139 2268 3195 nobis
2293 3141 2427 3196 hora
2469 3142 2679 3212 prandii
2708 3145 2964 3199 restabat.
3011 3147 3210 3202 Potens
3253 3156 3343 3203 est
3385 3157 3566 3204 tamen

1980 3227 2122 3282 Deus
2147 3244 2243 3298 per
2267 3242 2460 3299 preces
2504 3238 2814 3286 sanctorum
2858 3244 3081 3288 suorum
3121 3235 3268 3290 hunc
3319 3236 3567 3292 eumdem

1980 3316 2134 3372 nobis
2192 3318 2468 3374 abundare
2528 3318 2739 3386 facere,
2773 3320 2894 3377 ifios
2946 3321 3342 3388 honorificam,
3370 3333 3424 3380 et
3468 3341 3569 3381 nos

1979 3405 2274 3473 iaetiticare,
2328 3416 2383 3467 et
2434 3409 2721 3467 ostendere
2766 3412 2944 3479 nobis,
2984 3413 3111 3469 licet
3153 3413 3417 3484 indignis,
3457 3429 3571 3471 sua:

1979 3493 2197 3563 pietatis
2227 3495 2521 3564 miracula;
2579 3499 2671 3570 qui
2697 3514 2796 3571 per
2828 3501 3263 3558 benedictionem
3297 3505 3571 3574 quondam

1981 3585 2155 3640 sancti
2182 3585 2514 3644 Wiilibrordi
2539 3587 2719 3647 Patris
2750 3593 2945 3660 nostri,
2974 3607 3041 3648 ex
3069 3600 3306 3666 quatuor
3327 3592 3576 3652 tiasconi—

1980 3675 2082 3731 bus
2126 3676 2483 3751 quadraginta
2511 3683 2658 3739 viros
2688 3685 2889 3739 satiare
2922 3686 3174 3756 dignatus
3201 3693 3305 3743 est.
3336 3687 3569 3743 Tantum

1982 3780 2107 3823 cum
2136 3771 2431 3838 gratiarum
2477 3773 2688 3829 actione
2725 3774 2930 3846 [Hab.,
2952 3792 3074 3831 cum
3099 3778 3481 3849 gratulatione]
3517 3781 3570 3835 in

1982 3875 2080 3929 spe
2106 3860 2355 3917 bibamus
2389 3863 2531 3933 quod
2555 3865 2836 3920 habemus.
2892 3862 3075 3921 Primo
3122 3877 3184 3923 et
3227 3872 3466 3925 secundo
3503 3870 3572 3926 de

1985 3950 2174 4006 eodem
2194 3950 2431 4007 fiascone
2461 3968 2652 4008 omnes
2678 3955 2933 4009 biberunt
2983 3956 3201 4023 fratres,
3228 3968 3284 4014 et
3322 3960 3571 4015 inventus

1984 4050 2066 4095 est
2095 4057 2125 4095 a
2155 4043 2400 4098 ministro
2428 4043 2500 4098 ita
2529 4044 2721 4115 plenus
2752 4053 2813 4099 ut
2836 4054 2982 4101 ante.
3016 4046 3131 4103 Hoc
3166 4050 3371 4115 audito,
3402 4051 3570 4107 abbas

1985 4153 2108 4191 cum
2148 4135 2401 4190 fratribus
2438 4132 2551 4188 Deo
2597 4148 2760 4205 agere
2803 4136 3004 4206 gratias
3048 4138 3328 4210 satagebat
3375 4156 3389 4193 :
3428 4139 3571 4196 bibe

1985 4235 2237 4297 rumque,
2261 4225 2542 4280 laudantes
2574 4225 2809 4281 divinam
2833 4227 3175 4283 clementiam
3213 4228 3385 4303 [Μαὺ.
3404 4272 3419 4296 ,
3449 4245 3573 4286 con-

1987 4316 2321 4390 gratulantes
2352 4315 2549 4372 divinae
2571 4316 2893 4392 clementizc]
2926 4318 3013 4374 illa
3036 4328 3198 4377 nocte
3221 4336 3344 4376 eum
3374 4321 3573 4377 sobrie-

294 4425 581 4496 apostolici
601 4441 795 4498 preces
813 4425 867 4481 in
889 4425 1035 4481 omni
1056 4424 1317 4496 petitione
1330 4423 1573 4523 .bonesta
1592 4437 1690 4523 vos
1723 4437 1885 4478 exau-
1912 4460 1969 4523 Β
2119 4405 2408 4523 ξιξ)ᾟῖ
2418 4408 3322 4523 filiiﬁlii::ﬂWTIEl-‘gfeliffinj
3331 4411 3571 4523 ξ’θ-ιτξὶτξιί

295 4515 416 4571 dire
436 4515 708 4587 dignetur,
739 4518 880 4571 sicut
901 4523 1029 4571 ante
1056 4514 1291 4571 diximus
1310 4513 1457 4569 illam
1479 4513 1741 4569 exaudire
1760 4527 1884 4583 pre-

297 4623 392 4663 ces
438 4608 813 4666 inﬁrmantum
864 4609 919 4664 in
966 4607 1156 4664 eadem
1207 4606 1356 4682 [hac]
1405 4608 1654 4675 ecclesia,
1685 4621 1886 4679 eosque

300 4717 425 4758 cum
447 4701 541 4757 diu
577 4701 880 4757 desidente
915 4700 1148 4758 sanitate
1183 4700 1406 4759 domum
1435 4701 1613 4759 redire
1640 4700 1889 4773 [conces-

301 4792 414 4867 sit].
452 4792 567 4850 Nec
593 4793 801 4859 scilicet
827 4793 1183 4851 dubitandum
1204 4802 1310 4860 est,
1340 4795 1485 4865 quod
1508 4794 1673 4850 veluti
1701 4792 1890 4848 visibi—

302 4883 427 4939 liter
453 4892 748 4953 corporeae
775 4882 995 4941 illorum
1032 4884 1283 4955 dignatus
1309 4891 1395 4939 est
1421 4882 1668 4939 Christus
1697 4897 1891 4937 sanare

304 4972 685 5038 inﬁmitates,
733 4974 891 5029 itaet
937 4973 1184 5033 occultas
1230 4973 1539 5027 animarum
1584 4980 1890 5027 nostrarum

302 5063 704 5135 aegrotationes,
732 5065 1101 5135 intercedente
1128 5079 1233 5135 pro
1253 5062 1411 5119 nobis
1441 5070 1633 5118 sancto
1664 5050 1782 5129 suo,
1800 5064 1892 5134 qui

302 5153 392 5210 hic
434 5155 795 5227 corporaliter
844 5155 1139 5228 requiescit
1175 5167 1234 5221 α,
1268 5162 1326 5210 et
1371 5169 1533 5225 quem
1582 5154 1895 5225 spiritaliter

373 5297 402 5327 ι
439 5286 544 5353 Qui
566 5289 656 5344 llic
675 5288 1017 5360 carpo.'aliter
1035 5287 1326 5361 requiescit.
1362 5287 1581 5361 Diceres
1609 5285 1895 5361 Alcu'mum

310 5357 362 5411 in
418 5357 773 5415 monasterio
798 5357 1179 5416 Esternacensi
1223 5368 1337 5415 tum
1378 5359 1582 5415 vixisse
1611 5360 1766 5427 quasi
1802 5361 1898 5414 do-

308 5428 614 5484 mesticum.
648 5429 720 5484 At
741 5430 857 5485 hzec
894 5430 1201 5499 similiaque
1245 5430 1408 5484 verba
1450 5429 1639 5499 scribit
1678 5430 1898 5485 nomine

310 5499 700 5569 umnacborum
737 5498 1251 5564 Esternacensium,
1279 5500 1371 5569 qui
1400 5514 1466 5556 ea
1493 5498 1552 5553 in
1570 5498 1793 5569 divinis
1818 5499 1899 5554 of-

310 5566 447 5624 ficiis
467 5570 751 5627 recitaturi
775 5580 950 5626 erant.
1001 5570 1150 5626 Idem
1198 5566 1483 5627 dicendum
1548 5568 1617 5625 de
1666 5567 1897 5624 Homiiia

408 5636 574 5709 hujus
602 5640 778 5696 sancti
819 5639 1018 5709 natali,
1050 5647 1272 5697 auctore
1300 5639 1551 5707 Alauiuo,
1596 5640 1894 5696 recitanda.

372 5726 549 5761 ABILL.

372 5726 549 5768 ABILL.

1988 4498 2080 4569 qui
2119 4497 2281 4553 talem
2312 4498 2590 4571 generavit
2627 4498 2826 4565 tilium,
2864 4501 2954 4570 qui
3004 4502 3097 4556 tali
3143 4502 3357 4557 brerede
3392 4517 3423 4557 a
3461 4501 3573 4555 Deo

1987 4590 2182 4658 dignus
2214 4588 2432 4643 habitus
2475 4598 2580 4645 est.
2614 4589 2672 4643 in
2706 4605 2815 4660 quo
2844 4591 3149 4646 benedictio
3177 4592 3266 4645 illa
3298 4591 3570 4662 impletur,

1986 4697 2109 4752 qua:
2139 4681 2195 4735 in
2244 4680 2665 4737 Deuteronomio
2703 4681 2901 4751 legitur
2933 4699 2945 4734 :
2981 4682 3292 4739 Benedictus
3317 4693 3398 4751 tu,
3418 4693 3467 4739 et
3490 4686 3577 4739 be-

1992 4773 2227 4827 nedictus
2259 4771 2461 4841 fructus
2496 4772 2688 4825 ventris
2715 4771 2791 4824 tui
2822 4770 3002 4843 (Deut.
3031 4789 3188 4840 xvm,
3207 4774 3354 4846 ΞΑ).
3378 4773 3573 4830 Amen.

2208 4884 2562 4945 EIUSDEM
2621 4882 2943 4947 ALCUINI
2988 4885 3336 4950 HOMILIA
3368 4932 3385 4961 ,

2034 4996 2059 5023 (⁵
2096 5002 2178 5043 ΒΕ
2222 5000 2451 5045 ΝΑΤΑιι
2494 4999 2716 5045 εΑΝαΤι
2776 5001 3200 5047 “’ILLIBRORDI
3267 5005 3538 5049 ARCBIE‘

2653 5080 2916 5127 PISCO?I.

2062 5162 2102 5217 l.
2142 5161 2439 5217 Celebn’ora
2466 5173 2765 5218 sanctorum
2789 5166 3085 5236 patrocinia
3109 5175 3576 5221 enumerantur.—

2066 5305 2093 5343 b
2118 5301 2291 5378 dirigas
2342 5302 2604 5378 Albanus.
2646 5300 2780 5375 [Ai.,
2831 5304 3152 5378 Afcgertus],
3178 5306 3353 5378 sancti
3399 5306 3575 5365 Willi-

1995 5374 2191 5429 brordi
2213 5373 2266 5427 in
2288 5373 2554 5444 regimine
2577 5373 2899 5444 monasterii
2922 5373 3329 5433 Esternacensis
3354 5381 3574 5439 succes-

1997 5460 2106 5506 sor,
2134 5444 2200 5497 ad
2226 5443 2847 5520 quiem_e§stat_dipioma
2874 5443 3088 5520 Pippini
3115 5448 3252 5520 'egis
3284 5448 3422 5517 apud
3447 5446 3573 5503 Bro-

1998 5461 2106 5506 εον,
2134 5461 2200 5497 au
2266 5461 2386 5498 nem
2416 5461 2597 5497 exsuli.
2615 5461 2847 5512 diploma
2874 5461 2971 5515 l’ip
3013 5463 3088 5502 im
3115 5461 3129 5474 “

1998 5529 2203 5568 \verum
2226 5461 2426 5567 anna].
2452 5510 2661 5567 Trevir.
2684 5513 2808 5569 libr.
2842 5529 2936 5571 vn.
3124 5572 3129 5579 ,

2069 5595 2092 5622 ε
2126 5582 2280 5658 Apud
2307 5581 2512 5658 illabill.
2536 5596 2551 5635 :
2578 5581 2771 5658 Incipit
2800 5600 2975 5658 seruit
3029 5587 3085 5644 iu
3120 5587 3287 5643 natali
3315 5587 3565 5658 ejusdem,

2000 5652 2321 5707 convenienti
2349 5652 2544 5726 populo
2576 5652 2895 5710 recitandae.
