3890 6160
318 257 415 311 7ll

1170 264 1230 318 Β.
1271 263 1334 319 r.
1366 257 1589 317 ALBINI
1630 255 1761 311 seu
1802 254 2075 312 ALCUINl
2115 252 2396 310 omum
2426 230 2602 309 eius
2639 251 2702 307 v.

2459 153 2487 177 δ

3461 252 3570 307 7i!

318 370 470 424 Licet
508 383 605 439 per
637 369 801 424 totius
830 371 976 428 orbis
1010 371 1278 428 Ecclesias
1309 368 1595 427 conveniat
1629 370 1776 423 omni
1802 384 1892 439 po-
1919 374 1967 433 Ᾱ
1996 376 2198 438 quanto
2227 368 2528 423 ﬁducialius
2553 370 2925 436 deprecamur,
2952 373 3100 422 tanto
3127 367 3287 422 cTtius
3312 372 3573 425 exaudis-

317 461 442 533 pulo
464 458 774 515 Christiano
802 470 1111 518 sanctorum
1142 459 1278 517 festa
1306 460 1607 524 celebrare,
1634 459 1889 514 victorias

317 552 537 607 iaudare
586 549 776 622 [vitam
822 550 1046 624 imitari]
1077 569 1089 605 :
1128 559 1184 606 et
1206 550 1330 621 quia
1358 550 1411 604 in
1443 564 1657 605 omnem
1690 556 1889 604 terram

316 642 484 697 exivit
533 656 699 697 sonus
744 656 950 708 eorum,
979 649 1035 697 et
1066 642 1121 696 in
1174 640 1309 695 ﬁnes
1347 639 1493 694 orbis
1536 648 1695 694 terra:
1722 639 1891 694 verba

318 749 526 799 eorum,
554 733 607 787 in
631 733 778 788 omni
801 742 946 788 terra
968 746 1200 789 consona
1230 739 1547 787 cunctorum
1593 732 1889 787 viventium

319 837 450 877 voce
484 822 733 876 laudandi
764 831 916 887 sunt;
960 830 1137 875 tamen
1164 820 1296 875 locis
1331 821 1385 875 in
1416 820 1639 891 singulis
1669 829 1892 891 propter

319 911 745 967 familiaritatem
791 909 1204 965 cobabitationis
1240 908 1525 977 cujuslibet
1568 909 1804 976 illorum,
1837 918 1893 966 et

318 1013 535 1076 propter
559 1001 898 1073 praesentiam
929 1009 1240 1056 sanctarum
1291 1001 1667 1071 reliquiarum,
1691 1017 1810 1072 qua:
1835 1002 1890 1057 in

318 1096 571 1150 solatium
597 1093 702 1149 illis
727 1093 814 1149 vel
843 1092 947 1148 illis
973 1093 1290 1148 condonata:
1325 1102 1451 1148 sunt
1474 1093 1889 1160 habitatoribus,

318 1184 538 1255 speciali
563 1183 794 1255 quadam
821 1183 1169 1239 veneratione
1203 1181 1357 1261 apud
1385 1183 1531 1238 cives
1574 1199 1701 1239 suos
1735 1181 1893 1238 fami-

318 1276 506 1329 liarius
558 1272 913 1327 honorantur.
944 1272 1114 1345 Igitur
1153 1262 1321 1327 Roma
1351 1274 1499 1339 urbs,
1531 1273 1679 1329 orbis
1707 1281 1889 1344 caput,

318 1367 597 1419 beatorum
629 1361 996 1432 apostolorum
1019 1358 1167 1417 Petri
1193 1372 1247 1417 et
1277 1360 1424 1417 Pauli
1445 1363 1733 1435 specialius
1759 1378 1894 1433 quo-

317 1456 603 1512 dammodo
633 1452 1036 1525 gloriosissimis
1069 1454 1284 1509 laetatur
1313 1454 1620 1524 triumphis.
1648 1453 1801 1509 Unde
1825 1453 1891 1509 ad

315 1548 561 1603 eamdem
600 1556 661 1603 et
704 1554 890 1617 gentes
939 1554 995 1600 et
1028 1545 1234 1616 populi,
1270 1561 1394 1601 cum
1428 1544 1622 1602 devoto
1655 1545 1892 1616 pectoris

316 1637 509 1705 nliicio,
540 1637 777 1708 quotidie
818 1644 1172 1702 concurrunt,
1203 1642 1263 1691 ut
1304 1637 1496 1708 majori
1523 1636 1723 1705 quique
1749 1635 1891 1706 apud

1993 473 2133 514 mur.
2198 457 2329 514 Fide
2367 460 2510 514 enim
2560 458 2741 514 omnia
2794 457 3180 530 impetrantur,
3211 461 3373 516 sicuti
3410 461 3579 532 hujus

1992 547 2096 601 viri
2141 547 2490 611 sanctissimi,
2519 544 2672 615 cujus
2713 546 2874 603 hodie
2923 547 3176 604 festivum
3235 549 3576 610 celebramus

1990 638 2154 704 diem,
2185 637 2490 693 certissima
2517 638 2860 693 ante'oculos
2891 638 3153 695 habemus
3183 642 3455 712 exempla,
3476 645 3579 713 qui

1994 742 2119 781 mox
2144 726 2215 781 ab
2241 724 2466 780 infantia
2493 741 2608 790 sua,
2638 742 2736 797 per
2761 726 2923 782 ﬁdem
2954 728 3065 783 Deo
3099 729 3314 799 placere
3341 740 3570 787 conten-

1993 815 2092 870 dit.
2121 814 2257 870 Nam
2292 816 2545 886 patriam,
2576 818 2952 887 cognationem
2977 828 3032 874 et
3070 821 3293 886 amicos,
3324 819 3575 880 fervente

1992 904 2099 960 ﬁde
2119 945 2134 971 ,
2157 919 2258 975 pro
2302 920 2488 961 amore
2515 905 2609 960 Dei
2639 908 2945 978 dereliquit,
2976 917 3193 964 terrena
3223 913 3572 982 contempsit,

1992 1001 2053 1047 ut
2098 993 2336 1049 celestis
2380 996 2702 1064 arquireret.
2723 994 2931 1052 Idcirco
2960 1012 3216 1069 magnum
3246 999 3451 1056 laboris
3486 1002 3575 1056 sui

1993 1081 2225 1137 fructum
2282 1083 2510 1151 invenit,
2555 1092 2611 1139 et
2665 1085 2863 1141 multas
2906 1089 3230 1158 populorum
3274 1092 3465 1147 turbas
3494 1093 3568 1147 ad

1992 1173 2267 1231 Christum
2311 1176 2581 1231 convertit
2627 1196 2639 1231 :
2701 1184 2753 1231 et
2813 1177 3078 1247 plurimos
3124 1195 3462 1252 paganorum
3497 1183 3572 1237 ab

1991 1268 2197 1327 erroris
2217 1269 2499 1338 iniquitate
2517 1270 2733 1333 avertit,
2749 1283 2806 1323 et
2825 1269 3005 1324 divina
3027 1282 3352 1341 cooperante
3371 1274 3569 1343 gratia,

1995 1359 2133 1414 lilios
2154 1359 2271 1425 ira,
2295 1358 2435 1416 ﬁlios
2465 1357 2593 1413 fecit
2618 1372 2738 1414 esse
2764 1359 3167 1432 misericordiae.
3199 1359 3413 1417 inferna
3440 1375 3579 1419 oon-

1993 1450 2173 1508 clusit.
2204 1450 2402 1506 caelum
2428 1450 2627 1520 aperit,
2649 1449 2911 1520 plurimas
2932 1453 3241 1522 peragravit
3268 1463 3488 1525 gentes,
3511 1462 3580 1511 ut

1992 1554 2181 1596 omnes
2201 1541 2257 1596 in
2282 1540 2426 1594 viam
2453 1540 2697 1595 veritatis
2721 1541 3014 1598 adduceret
3042 1561 3055 1597 :
3088 1559 3190 1600 nee
3214 1546 3318 1601 sibi
3350 1546 3452 1616 ipsi
3476 1562 3576 1618 pe-

1991 1633 2199 1704 percit;
2244 1632 2469 1704 populos
2496 1632 2664 1687 adivit
2716 1631 2946 1699 feroces,
2991 1634 3038 1688 si
3087 1633 3227 1689 forte
3267 1647 3577 1710 purpureas

318 1735 506 1787 beatos
531 1732 799 1800 apostolos
829 1729 953 1786 ﬁdei
983 1728 1417 1799 compunctione,
1438 1729 1520 1783 vel
1543 1743 1639 1782 sua
1664 1725 1895 1783 defleant
1928 1719 1970 1777 Β
2000 1724 2243 1794 martyrii
2278 1737 2510 1779 coronas
2543 1722 2815 1778 inveniret
2837 1742 2851 1778 ;
2876 1737 3038 1794 quem
3086 1723 3231 1780 Deus
3267 1727 3339 1781 ob
3374 1727 3577 1781 milito-

316 1823 565 1889 crimina,
602 1822 684 1877 vel
735 1821 971 1878 caelestis
1018 1822 1144 1877 vitae
1198 1821 1579 1879 abundantiori
1637 1834 1761 1890 spe,
1791 1814 1893 1873 sibi

318 1915 523 1969 aditum
557 1914 758 1985 aperiri
798 1916 1110 1985 deposcant.
1168 1914 1469 1969 Mediolana
1525 1914 1653 1969 olim
1702 1914 1894 1969 civitas

316 2007 611 2078 imperialis
649 2016 838 2063 sancto
890 2008 1178 2063 Ambrosio
1224 2008 1423 2077 gaudet
1467 2005 1769 2062 defensore.
1800 2006 1895 2061 Al-

315 2115 411 2168 pes
438 2099 754 2154 Acunumia:
777 2096 1209 2172 [Al.,Agauni-.e]
1239 2111 1264 2139 ει
1289 2107 1603 2153 sanctorum
1634 2097 1893 2153 Thebmo-

312 2205 432 2245 rum
485 2189 696 2246 felicius
743 2190 1038 2263 sanguine,
1090 2205 1253 2260 quam
1310 2187 1521 2262 [nivali]
1568 2189 1895 2260 proceritate

311 2281 638 2337 enitantur.
675 2281 893 2337 Beatius
932 2281 1162 2337 fecunda
1217 2280 1459 2336 Pictavia
1506 2281 1650 2335 beati
1700 2279 1891 2335 Hilarii

311 2375 582 2445 pontiﬁcis
627 2375 871 2445 reliquiis
916 2375 1176 2442 exsultat,
1210 2391 1371 2445 quam
1423 2374 1792 2430 venditionum
1837 2382 1893 2429 et

310 2464 644 2536 emptionum
673 2464 1010 2529 alterations,
1043 2464 1095 2519 in
1121 2465 1319 2536 quibus
1343 2460 1485 2532 saepe
1512 2473 1760 2519 versatur
1788 2464 1892 2519 ini-

311 2557 513 2623 quitas.
577 2554 719 2623 Quid
770 2564 852 2619 te,
892 2555 1161 2610 Turonica
1210 2555 1434 2622 civitas,
1468 2556 1685 2624 loquar,
1720 2555 1891 2610 muris

313 2650 529 2720 quidem
568 2648 791 2719 parvula
838 2657 894 2702 et
942 2648 1328 2718 despectibilis,
1351 2649 1443 2703 sed
1471 2651 1644 2704 sancti
1672 2648 1887 2705 Martini

309 2737 625 2807 patrociniis
671 2752 867 2808 magna
911 2746 968 2792 et
1024 2736 1340 2792 laudabilis?
1393 2737 1524 2806 Quis
1572 2747 1791 2809 propter
1834 2744 1909 2797 te’

307 2828 503 2884 adierit
533 2828 618 2883 te?
644 2826 832 2884 Nonne
859 2837 1080 2903 propter
1107 2828 1252 2884 illius
1282 2829 1587 2886 certissima
1633 2830 1887 2905 suffragia

309 2921 480 2976 turba:
511 2919 579 2975 ad
617 2926 668 2974 te
705 2918 981 2976 conﬂuunt
1006 2920 1465 2992 christianorum?
1514 2921 1706 2979 Omnia
1735 2923 1888 2979 Pari-

305 3017 466 3071 siacae
515 3012 754 3069 civitatis
807 3014 1152 3078 suburbana,
1182 3015 1357 3069 sancti
1414 3013 1655 3085 Dionysii
1701 3015 1751 3081 δ,
1799 3015 1883 3071 vel

305 3104 477 3159 sancti
503 3102 756 3158 Germani
804 3100 1106 3177 magniﬁcis
1150 3100 1520 3170 jucundantur
1566 3104 1800 3173 auxiliis,
1828 3115 1883 3160 et

306 3196 527 3251 festivos
572 3196 783 3250 illorum
833 3195 949 3249 dies
998 3195 1194 3264 majori
1242 3194 1558 3264 pupulorum
1607 3196 1883 3253 celebrant

306 3285 627 3354 frequentia.
657 3283 791 3338 Tota
822 3283 1114 3354 Campania
1141 3301 1262 3339 cum
1292 3287 1502 3367 populis
1526 3288 1638 3343 suis
1659 3297 1883 3359 propter

254 3396 258 3399 ν
305 3374 609 3445 Remigium
653 3373 1016 3428 venerabilem
1061 3376 1587 3444 praedicatorem,.ad
1613 3379 1882 3435 Ithemon-

305 3479 420 3519 sem
448 3464 673 3519 festinat
706 3464 915 3539 urbem,
949 3464 1090 3533 apud
1120 3479 1257 3535 eam
1287 3467 1441 3534 quasi
1491 3469 1744 3536 praesenti
1792 3485 1882 3540 pa-

307 3566 465 3610 trono
498 3569 596 3609 sua
625 3560 749 3608 vota
790 3552 1047 3613 ferentes.
1089 3552 1180 3608 Sic
1230 3554 1408 3608 divina
1455 3556 1738 3612 clementia
1783 3560 1882 3614 toti

306 3645 577 3702 consuluit
603 3644 826 3717 mundo,
857 3642 993 3698 dans
1019 3643 1242 3713 singulis
1268 3644 1559 3715 provinciis
1592 3647 1673 3703 vel
1710 3662 1880 3718 popu-

303 3738 392 3803 lis,
417 3752 524 3807 quo
550 3735 769 3806 speciali
790 3736 1084 3806 gauderent
1109 3747 1356 3806 patrono.
1494 3806 1500 3817 ‘

372 3829 437 3885 ll.
478 3827 658 3883 Sancti
691 3827 1021 3885 Willibrordi
1051 3827 1254 3883 labores
1282 3829 1572 3905 apostolici.
1607 3862 1680 3873 —
1714 3832 1879 3888 Nobis

303 3935 432 3976 vero
456 3918 782 3975 sanctissimi
834 3917 1166 3975 Willibrordi
1196 3936 1302 3975 non
1343 3921 1522 3976 inﬁma
1561 3923 1879 3992 perdonavit

305 4013 528 4077 auxilia,
556 4012 650 4067 sed
676 4009 934 4083 prteclara
965 4020 1021 4067 et
1047 4010 1279 4081 gloriosa
1323 4012 1551 4067 contulit
1601 4012 1874 4085 suﬁ'ragia.

299 4103 680 4170 Gaudeamus,
737 4102 1072 4157 dilectissimi
1123 4101 1341 4166 fratres,
1397 4103 1452 4157 in
1509 4101 1736 4160 Domino
1761 4146 1775 4171 ,
1822 4114 1877 4160 et

298 4194 562 4265 spirituali
582 4194 921 4265 iucunditate
949 4192 1216 4258 lmtemur,
1249 4193 1339 4262 qui
1373 4193 1528 4248 nobis
1561 4194 1721 4248 talem
1755 4195 1876 4249 vitae

294 4287 613 4358 .pe-rdonavit
654 4286 953 4357 doctorem,
996 4283 1154 4357 195
1194 4285 1419 4354 iustitia:
1461 4295 1870 4356 prazccptorem,

1994 1829 2115 1869 rum
2150 1813 2384 1868 servavit
2421 1812 2674 1880 salutem,
2702 1822 2970 1884 quatenus
3010 1814 3202 1885 majori
3220 1815 3578 1885 .praadicatio-

1992 1906 2080 1959 nis
2130 1904 2297 1975 gloria
2356 1905 2738 1971 honoraretur,
2791 1920 2953 1974 quam
3012 1906 3059 1961 si
3112 1905 3262 1961 scius
3307 1909 3577 1979 martyrio

1993 2005 2368 2051 coronaretur.
2398 1997 2451 2050 ln
2474 2012 2610 2066 pace
2645 1997 2870 2066 quievit,
2904 1997 3029 2067 quia
3060 1997 3114 2052 in
3143 2012 3237 2070 spe
3279 1998 3573 2055 laboravit.

1994 2089 2171 2144 Vitam
2198 2089 2403 2144 invenit
2443 2097 2723 2155 aeternam,
2750 2088 2879 2158 quia
2918 2089 3266 2159 temporalem
3319 2091 3575 2161 reliquit;

1993 2184 2151 2238 nobis
2174 2183 2406 2249 ablatus,
2436 2182 2639 2254 angelis
2663 2184 2920 2238 sociatus.
3246 2198 3253 2205 ί

2064 2272 2146 2328 Il.
2196 2272 2560 2327 Patrocinium
2600 2275 2768 2327 sancti
2809 2273 3159 2330 Willibrordi.
3191 2272 3391 2329 Gloria.
3428 2307 3497 2317 ---
3527 2276 3577 2332 Ο

1992 2366 2301 2433 beatissime
2330 2363 2532 2420 Christi
2560 2365 2837 2429 sacerdos,
2865 2380 2933 2420 ne
2982 2381 3082 2421 nos
3123 2366 3466 2438 derelinquas
3488 2368 3574 2421 la-
3666 2423 3687 2447 ‘

1990 2455 2248 2511 borantes
2274 2458 2327 2510 in
2360 2457 2541 2521 terris,
2573 2457 2667 2511 sed
2700 2457 2953 2526 precibus
2980 2458 3088 2513 tuis
3112 2458 3180 2513 de
3221 2459 3377 2514 costis
3417 2458 3573 2529 adju-

1989 2560 2117 2602 vare
2143 2546 2248 2601 nbn
2284 2562 2327 2602 cz
2348 2563 2481 2603 eses.
2508 2548 2630 2603 Vita
2653 2554 2746 2602 tua
2767 2549 2908 2619 apud
2939 2549 3183 2605 homines
3211 2564 3429 2622 semper
3444 2568 3572 2622 pro-

1988 2636 2112 2692 bata
2172 2636 2273 2692 fuit
2322 2654 2424 2708 pro
2480 2639 2589 2693 Deo
2626 2657 2642 2692 :
2679 2640 2790 2694 sint
2839 2654 3029 2710 preces
3082 2650 3187 2696 tute
3222 2643 3364 2713 apud
3396 2642 3571 2698 Deum

1987 2741 2202 2799 semper
2235 2729 2453 2784 intentae
2473 2744 2574 2799 pro
2597 2730 2929 2786 hominibus.
2958 2730 3237 2787 Meditatio
3274 2741 3362 2787 tua
3386 2731 3489 2787 fuit
3507 2735 3567 2788 in

1986 2820 2105 2892 lege
2136 2820 2349 2876 Domini
2366 2820 2462 2875 die
2499 2835 2565 2876 ac
2596 2829 2752 2876 nocte
2776 2835 2791 2874 :
2821 2821 2942 2877 ideo
2969 2823 3109 2877 sicut
3132 2823 3314 2893 palma
3339 2822 3571 2882 ﬂoruisti

1984 2912 2042 2968 in
2063 2913 2222 2968 domo
2249 2912 2481 2968 Domini.
2511 2911 2670 2968 Sicut
2713 2915 2906 2969 cedrus
2961 2914 3152 2970 Libani
3192 2915 3569 2988 multiplicasti

1987 3002 2126 3058 ﬁlios
2148 3012 2284 3067 tuos,
2315 3004 2406 3074 qui
2432 3003 2499 3058 ad
2530 3011 2580 3057 te
2608 3011 2719 3059 tota
2742 3007 2937 3063 mentis
2961 3006 3260 3062 intentione
3283 3008 3523 3065 clamant
3550 3031 3565 3066 :

1911 3062 1956 3128 C
1986 3104 2045 3151 tu
2082 3097 2200 3181 illos
2227 3098 2315 3169 pia
2334 3062 2744 3154 intercessione
2779 3099 3034 3169 adjuvare
3064 3102 3319 3172 digneris.
3351 3100 3593 3186 Stantia:

1984 3203 2105 3243 mus
2132 3178 2296 3243 tuum
2344 3190 2500 3244 nobis
2543 3189 2966 3247 clementissime
3010 3192 3248 3266 [adesse]
3279 3178 3567 3262 auxilium,

1983 3279 2074 3348 qui
2100 3279 2206 3333 tuis
2229 3279 2572 3335 devotissime
2599 3282 2866 3337 instamus
2891 3281 3100 3339 ofﬁciis.
3134 3283 3178 3339 0
3206 3284 3330 3340 felix
3359 3286 3564 3350 anima,

1982 3381 2104 3438 quae
2130 3369 2313 3423 ποι]ιὶ
2360 3369 2579 3427 labores
2623 3372 2980 3443 dercliquisti,
3011 3382 3068 3429 et
3119 3375 3394 3431 cmiestem
3438 3390 3565 3432 eum

1981 3457 2296 3527 multiplicis
2326 3461 2542 3516 sudoris
2577 3462 2653 3517 tui
2686 3462 2863 3520 fructu
2900 3465 3141 3534 requiem
3188 3465 3433 3532 intrasti;
3480 3476 3567 3521 ta-

1982 3549 2125 3603 lenta
2156 3550 2252 3606 tibi
2284 3553 2574 3607 commissa
2607 3552 3004 3625 multipliCasti,
3030 3558 3253 3626 praemia
3292 3558 3563 3627 promissa

1980 3641 2267 3713 accepisti!
2320 3641 2377 3696 in
2426 3658 2595 3713 pauca
2648 3645 2835 3700 ﬁdelis
2864 3645 3011 3701 fuisti
3057 3648 3135 3702 in
3166 3640 3363 3713 tZ-rris,
3399 3663 3562 3719 supra

1979 3734 2149 3789 multa
2180 3736 2509 3791 constitutus
2534 3737 2783 3807 gloriaris
2820 3737 2874 3793 in
2910 3738 3083 3796 cmlis.
3112 3738 3318 3795 Gaudia
3348 3742 3563 3797 Domini

1977 3822 2077 3880 Dei
2104 3826 2205 3891 tui,
2230 3839 2349 3895 quae
2370 3841 2587 3897 semper
2605 3828 2828 3897 optasti,
2855 3843 3072 3898 semper
3094 3831 3295 3885 habere
3320 3831 3563 3900 cmpisti.

1977 3914 2055 3969 Te
2110 3916 2407 3980 continuis,
2450 3929 2487 3970 ο
2520 3916 2706 3982 Pater,
2746 3920 3135 3987 prosequimur
3178 3920 3459 3986 laudibus,
3500 3931 3560 3976 tu

1978 4012 2134 4067 nobis
2185 4011 2418 4068 assiduis
2453 4012 2717 4066 auxiliare
2764 4016 3049 4083 precibus;
3078 4015 3362 4072 Credimus
3410 4026 3467 4074 te
3503 4020 3558 4073 in

1976 4102 2265 4172 prtescntia
2308 4098 2524 4157 Domini
2571 4100 2666 4157 Dei
2712 4103 2789 4157 tui
2835 4106 3017 4160 omnia
3057 4122 3214 4176 posse
3241 4110 3556 4177 inipetrare,

1976 4209 2095 4265 quae
2123 4194 2336 4272 poscis;
2377 4195 2503 4249 dum
2533 4204 2681 4250 tanta
2707 4197 2931 4268 potuisti
2955 4200 3007 4253 in
3034 4204 3320 4270 praesentia
3370 4212 3557 4258 nostra

1976 4304 2072 4359 per
2100 4286 2220 4357 ejus
2247 4288 2475 4357 gratiam
2505 4287 2717 4343 efﬁcere
2762 4288 3043 4344 miracula.
3084 4290 3164 4346 Tu
3215 4295 3375 4349 modo
3420 4295 3554 4349 civis

298 4376 669 4434 unanimitatis
694 4383 892 4431 nostrte
920 4383 1229 4440 auctorem;
1276 4376 1368 4445 qui
1414 4391 1515 4431 nos
1559 4376 1614 4430 in
1641 4377 1744 4431 hoc
1778 4392 1869 4432 sa-
1897 4410 1946 4474 Β
1974 4380 2313 4449 angelorum,
2344 4387 2401 4433 tu
2454 4380 2633 4435 socius
2671 4388 2998 4446 sanctorum,
3028 4391 3087 4437 tu
3117 4383 3272 4440 ltetus
3297 4400 3421 4441 cum
3448 4385 3555 4441 illis

293 4470 660 4526 cratissimum
685 4467 825 4523 ovile
848 4466 1195 4537 congregavit
1218 4473 1273 4519 et
1303 4466 1521 4535 pietatis
1558 4467 1867 4538 magisterio
1899 4466 1938 4474 "
1971 4473 2240 4529 canticum
2277 4486 2474 4525 nomm
2524 4475 2771 4530 cantabis
2800 4489 2816 4529 :
2856 4473 3008 4531 Sicut
3039 4477 3351 4541 audiuimus,
3380 4477 3455 4531 ita
3504 4488 3552 4533 et

291 4561 549 4629 erudivit-
585 4559 830 4616 Gaudeat
865 4566 921 4613 et
967 4556 1251 4612 nobiscum
1284 4558 1462 4613 omnis
1488 4556 1867 4628 populus,qui
1971 4562 2197 4617 vidimus
2244 4560 2435 4635 (Psal.
2488 4576 2663 4627 atvn,
2715 4564 2805 4635 9).
2862 4564 3013 4619 Beati
3068 4567 3160 4637 qui
3209 4567 3447 4622 habitant
3496 4569 3553 4622 in

294 4652 363 4706 ad
410 4649 659 4707 natalitia
708 4647 1031 4704 sanctissimi
1074 4638 1252 4705 Patris
1295 4647 1467 4725 hodie
1495 4650 1786 4715 concurrit,
1814 4661 1871 4705 et
1971 4655 2127 4709 domo
2155 4665 2267 4718 tua,
2302 4652 2542 4721 Domine,
2569 4657 2622 4710 in
2659 4657 2910 4711 stt-culum
2936 4658 3119 4713 seculi
3160 4659 3456 4716 laudabunt
3503 4669 3553 4717 te

292 4740 491 4812 vigiliis
538 4739 824 4811 apostolici
878 4741 980 4796 viri
1023 4740 1111 4810 pia
1140 4741 1429 4797 devotione
1457 4740 1726 4799 interesse
1754 4751 1867 4797 stu-
1971 4742 2145 4816 (Psal.
2199 4759 2443 4811 Lxxxm,
2482 4745 2559 4818 5).
2600 4746 2695 4812 Et,
2741 4744 3011 4803 Videbitur
3051 4749 3194 4805 Deus
3234 4750 3451 4806 deorum
3494 4753 3550 4807 in

291 4831 437 4894 duit,
468 4838 524 4884 et
553 4826 607 4884 in
657 4829 941 4901 pmsentia
990 4828 1203 4884 Domini
1247 4829 1415 4885 nostri
1462 4829 1591 4885 .lcsu
1641 4829 1864 4896 Christi,
1973 4836 2105 4891 Sion
2135 4834 2298 4910 (Ibid.
2328 4836 2405 4909 8).
2437 4838 2604 4908 Cujus
2627 4838 2785 4893 beata
2815 4840 2954 4897 visio
2976 4840 3132 4910 plena
3166 4848 3253 4896 est
3296 4839 3545 4907 felicitas.

291 4930 344 4976 et
395 4927 705 4976 sanctorum
762 4918 1112 4990 angelorum,
1144 4927 1201 4974 et
1245 4921 1543 4977 beatissimi
1594 4921 1867 4992 pontiﬁcis
1966 4927 2107 4982 sicut
2131 4927 2245 4997 ipsa
2271 4926 2488 4983 Veritas
2515 4927 2567 4982 in
2606 4928 2898 5001 Evangelia
2924 4939 3155 4987 testatur
3177 4930 3365 4988 dicens
3395 4951 3411 4986 :
3443 4929 3547 4998 Qui

291 5019 436 5066 stare
475 5010 813 5080 satagebant.
858 5007 1070 5073 Nullus,
1098 5008 1356 5075 obsecro,
1379 5011 1586 5068 dubitet
1631 5013 1686 5067 in
1734 5012 1861 5077 ﬁde,
1965 5027 2140 5071 autem
2166 5017 2337 5089 diligit
2371 5018 2747 5090 inm-diligetur
2784 5038 2818 5075 a
2864 5019 3029 5078 Patre
3060 5038 3200 5089 meo,
3225 5033 3275 5078 et
3303 5039 3397 5094 ego
3424 5023 3549 5078 diii-

293 5118 393 5159 nec
418 5105 483 5160 de
508 5102 678 5158 veniae
705 5101 991 5173 largitione
1018 5100 1255 5167 haesitet,
1284 5116 1385 5157 nec
1418 5104 1483 5159 de
1521 5106 1623 5176 pia:
1646 5106 1863 5175 petitio-
1960 5125 2084 5181 gum
2113 5125 2254 5175 eum,
2278 5120 2327 5166 et
2352 5110 2700 5188 manifestabo
2722 5114 2773 5167 ei
2796 5114 3050 5186 incipiunt
3085 5114 3267 5188 (lacn.
3291 5130 3401 5181 xtv,
3429 5114 3544 5187 Si).

289 5198 375 5251 nis
410 5195 590 5252 fructu
625 5204 682 5250 et
716 5193 932 5261 eli‘ectu,
954 5195 1046 5266 qui
1082 5195 1239 5252 nobis
1271 5197 1431 5253 talem
1475 5200 1745 5255 concessit
1768 5215 1864 5269 pa-
1963 5198 2021 5253 lu
2049 5197 2204 5268 cujus
2231 5185 2545 5258 dulcissima
2577 5203 2865 5263 dilectione
2898 5185 3003 5264 iste.
3043 5185 3266 5265 sanctus
3309 5210 3448 5264 vixit
3490 5185 3546 5264 iu

290 5294 525 5343 tronum.
556 5287 705 5342 illius
728 5301 828 5342 nos
867 5286 1121 5357 precibus
1154 5288 1404 5343 concedit
1441 5289 1708 5355 exaudiri,
1732 5290 1861 5359 quia
1969 5291 2185 5353 mundo.
2212 5292 2334 5347 ideo
2367 5294 2423 5347 in
2448 5292 2567 5363 ejus
2594 5304 2819 5364 aspectu
2842 5296 3057 5353 texatur
3083 5299 3139 5354 in
3163 5299 3325 5356 nmio.

360 5453 383 5481 ι
406 5441 574 5520 Ἀἵρεε
602 5442 927 5520 Acnttumia,
958 5444 1012 5500 id
1040 5453 1124 5502 est
1160 5446 1442 5511 Penninze,
1480 5446 1866 5520 proxgimmSe-

291 5510 557 5586 dt_ini_s,'in
601 5511 799 5586 quibus
836 5514 1118 5586 Agaunum
1167 5510 1554 5573 monasterium
1598 5517 1697 5573 SS.
1738 5519 1860 5574 MM.

290 5580 642 5651 Thebgcorum
666 5580 910 5651 reliquiis
925 5586 1256 5642 decoratum.
1282 5588 1508 5643 Risum.

362 5652 387 5691 δ
420 5649 567 5704 Hunc
600 5649 1011 5707 locum—notavit
1050 5655 1317 5711 Adrianus
1363 5658 1618 5721 Valesius,
1654 5659 1707 5711 in
1762 5658 1867 5713 dis-

1969 5451 2276 5533 ceptatione
2294 5452 2630 5512 Debasilicis
2835 5457 2878 5513 8‘
2915 5456 3175 5516 adversus
3209 5456 3362 5513 .loau.
3401 5457 3546 5517 Lau-

1972 5534 2178 5583 nomm,
2210 5525 2302 5583 qui
2339 5526 2618 5581 basilicam
2647 5525 2703 5582 8.
2804 5528 2979 5583 onvsii
3030 5528 3236 5583 tumulo
3275 5528 3542 5583 illustrem

1972 5525 2305 5611 poium3_qui
2338 5525 2703 5611 basilicam
2737 5525 2987 5611 Dionysii
3030 5528 3253 5611 tumqu
3275 5528 3542 5611 illustrem

1975 5595 2112 5715 itaita
2134 5597 2488 5718 mgrpslurbis
2505 5595 2793 5653 Parisiacae
2809 5595 3062 5667 primitus
3077 5600 3349 5655 conditam
3375 5600 3545 5657 fuisse

1975 5678 2001 5713 a
2046 5678 2201 5717 mna.
2226 5678 2253 5717 a
2287 5703 2297 5717 .
2350 5680 2400 5717 υ.
