  <div class='ocr_page' id='page_1' title='image "/cluster/home/n/w/nwhite01/storage/ocr_20150623/101/hvd.32044054759683/363.png"; bbox 0 0 1933 3085; ppageno 0'>
   <div class='ocr_carea' id='block_1_1' title="bbox 169 154 219 181">
    <p class='ocr_par' dir='ltr' id='par_1_1' title="bbox 169 154 219 181">
     <span class='ocr_line' id='line_1_1' title="bbox 169 154 219 181; baseline 0.04 -2"><span class='ocrx_word' id='word_1_1' title='bbox 169 154 219 181; x_wconf 77' lang='grc'><strong>715</strong></span> 
     </span>
    </p>
   </div>
   <div class='ocr_carea' id='block_1_2' title="bbox 477 198 636 235">
    <p class='ocr_par' dir='ltr' id='par_1_2' title="bbox 477 198 636 235">
     <span class='ocr_line' id='line_1_2' title="bbox 477 198 636 235; baseline -0.025 0"><span class='ocrx_word' id='word_1_2' title='bbox 477 198 590 235; x_wconf 63' lang='lat' dir='ltr'><strong>caper</strong></span> <span class='ocrx_word' id='word_1_3' title='bbox 604 205 636 231; x_wconf 88' lang='lat' dir='ltr'><strong>v.</strong></span> 
     </span>
    </p>
   </div>
   <div class='ocr_carea' id='block_1_3' title="bbox 170 251 952 290">
    <p class='ocr_par' dir='ltr' id='par_1_3' title="bbox 170 251 952 290">
     <span class='ocr_line' id='line_1_3' title="bbox 170 251 952 290; baseline -0.008 -7"><span class='ocrx_word' id='word_1_4' title='bbox 170 257 306 290; x_wconf 82' lang='lat' dir='ltr'><strong>Quomodo</strong></span> <span class='ocrx_word' id='word_1_5' title='bbox 330 255 403 282; x_wconf 82' lang='lat' dir='ltr'><strong>illum</strong></span> <span class='ocrx_word' id='word_1_6' title='bbox 420 254 487 281; x_wconf 81' lang='lat' dir='ltr'><strong>idem</strong></span> <span class='ocrx_word' id='word_1_7' title='bbox 509 254 598 290; x_wconf 80' lang='lat' dir='ltr'><strong>beatus</strong></span> <span class='ocrx_word' id='word_1_8' title='bbox 609 261 676 290; x_wconf 66' lang='lat' dir='ltr'><strong>pop}:</strong></span> <span class='ocrx_word' id='word_1_9' title='bbox 690 251 831 290; x_wconf 61' lang='lat' dir='ltr'><strong>honoriﬁce</strong></span> <span class='ocrx_word' id='word_1_10' title='bbox 854 255 952 290; x_wconf 72' lang='lat' dir='ltr'><strong>tracta-</strong></span> 
     </span>
    </p>
   </div>
   <div class='ocr_carea' id='block_1_4' title="bbox 204 286 953 323">
    <p class='ocr_par' dir='ltr' id='par_1_4' title="bbox 204 286 953 323">
     <span class='ocr_line' id='line_1_4' title="bbox 204 286 953 323; baseline -0.008 -5"><span class='ocrx_word' id='word_1_11' title='bbox 204 292 250 323; x_wconf 80' lang='lat' dir='ltr'><strong>t-it,</strong></span> <span class='ocrx_word' id='word_1_12' title='bbox 270 295 294 317; x_wconf 84' lang='lat' dir='ltr'><strong>et</strong></span> <span class='ocrx_word' id='word_1_13' title='bbox 309 291 428 317; x_wconf 82' lang='lat' dir='ltr'><strong>ordinato</strong></span> <span class='ocrx_word' id='word_1_14' title='bbox 448 297 540 315; x_wconf 86' lang='lat' dir='ltr'><strong>nomen</strong></span> <span class='ocrx_word' id='word_1_15' title='bbox 554 286 675 323; x_wconf 82' lang='lat' dir='ltr'><strong>imposuit</strong></span> <span class='ocrx_word' id='word_1_16' title='bbox 697 286 826 318; x_wconf 77' lang='lat' dir='ltr'><strong>Clemens,</strong></span> <span class='ocrx_word' id='word_1_17' title='bbox 840 290 864 313; x_wconf 88' lang='lat' dir='ltr'><strong>et</strong></span> <span class='ocrx_word' id='word_1_18' title='bbox 876 286 953 313; x_wconf 80' lang='lat' dir='ltr'><strong>donis</strong></span> 
     </span>
    </p>
   </div>
   <div class='ocr_carea' id='block_1_5' title="bbox 205 327 323 352">
    <p class='ocr_par' dir='ltr' id='par_1_5' title="bbox 205 327 323 352">
     <span class='ocr_line' id='line_1_5' title="bbox 205 327 323 352; baseline -0.008 0"><span class='ocrx_word' id='word_1_19' title='bbox 205 327 323 352; x_wconf 81' lang='lat' dir='ltr'><strong>dilasset.</strong></span> 
     </span>
    </p>
   </div>
   <div class='ocr_carea' id='block_1_6' title="bbox 205 378 842 416">
    <p class='ocr_par' dir='ltr' id='par_1_6' title="bbox 205 378 842 416">
     <span class='ocr_line' id='line_1_6' title="bbox 205 378 842 416; baseline -0.008 -7"><span class='ocrx_word' id='word_1_20' title='bbox 205 382 307 409; x_wconf 80' lang='lat' dir='ltr'><strong>Annuit</strong></span> <span class='ocrx_word' id='word_1_21' title='bbox 317 382 446 416; x_wconf 80' lang='lat' dir='ltr'><strong>angelicis</strong></span> <span class='ocrx_word' id='word_1_22' title='bbox 460 380 569 407; x_wconf 91' lang='lat' dir='ltr'><strong>monitis</strong></span> <span class='ocrx_word' id='word_1_23' title='bbox 583 386 643 406; x_wconf 78' lang='lat' dir='ltr'><strong>mox</strong></span> <span class='ocrx_word' id='word_1_24' title='bbox 655 386 723 413; x_wconf 91' lang='lat' dir='ltr'><strong>papa</strong></span> <span class='ocrx_word' id='word_1_25' title='bbox 735 378 842 410; x_wconf 86' lang='lat' dir='ltr'><strong>beatus,</strong></span> 
     </span>
    </p>
   </div>
   <div class='ocr_carea' id='block_1_7' title="bbox 169 422 836 461">
    <p class='ocr_par' dir='ltr' id='par_1_7' title="bbox 169 422 836 461">
     <span class='ocr_line' id='line_1_7' title="bbox 169 422 836 461; baseline -0.009 -7"><span class='ocrx_word' id='word_1_26' title='bbox 169 427 257 461; x_wconf 88' lang='lat' dir='ltr'><strong>Atque</strong></span> <span class='ocrx_word' id='word_1_27' title='bbox 269 427 317 453; x_wconf 84' lang='lat' dir='ltr'><strong>Dei</strong></span> <span class='ocrx_word' id='word_1_28' title='bbox 330 426 457 453; x_wconf 83' lang='lat' dir='ltr'><strong>famulum</strong></span> <span class='ocrx_word' id='word_1_29' title='bbox 472 423 597 451; x_wconf 74' lang='lat' dir='ltr'><strong>tractavit</strong></span> <span class='ocrx_word' id='word_1_30' title='bbox 610 426 700 450; x_wconf 85' lang='lat' dir='ltr'><strong>mente</strong></span> <span class='ocrx_word' id='word_1_31' title='bbox 711 422 836 457; x_wconf 86' lang='lat' dir='ltr'><strong>benigna.</strong></span> 
     </span>
    </p>
   </div>
   <div class='ocr_carea' id='block_1_8' title="bbox 170 468 875 506">
    <p class='ocr_par' dir='ltr' id='par_1_8' title="bbox 170 468 875 506">
     <span class='ocr_line' id='line_1_8' title="bbox 170 468 875 506; baseline -0.009 -7"><span class='ocrx_word' id='word_1_32' title='bbox 170 471 205 499; x_wconf 91' lang='lat' dir='ltr'><strong>Ut</strong></span> <span class='ocrx_word' id='word_1_33' title='bbox 217 471 306 499; x_wconf 75' lang='lat' dir='ltr'><strong>fuerat</strong></span> <span class='ocrx_word' id='word_1_34' title='bbox 315 471 417 506; x_wconf 82' lang='lat' dir='ltr'><strong>jussus,</strong></span> <span class='ocrx_word' id='word_1_35' title='bbox 429 468 608 503; x_wconf 75' lang='lat' dir='ltr'><strong>compleverat</strong></span> <span class='ocrx_word' id='word_1_36' title='bbox 620 468 711 495; x_wconf 85' lang='lat' dir='ltr'><strong>omnia</strong></span> <span class='ocrx_word' id='word_1_37' title='bbox 724 470 875 502; x_wconf 87' lang='lat' dir='ltr'><strong>promptus,</strong></span> 
     </span>
    </p>
   </div>
   <div class='ocr_carea' id='block_1_9' title="bbox 169 512 833 549">
    <p class='ocr_par' dir='ltr' id='par_1_9' title="bbox 169 512 833 549">
     <span class='ocr_line' id='line_1_9' title="bbox 169 512 833 549; baseline -0.009 -6"><span class='ocrx_word' id='word_1_38' title='bbox 169 515 381 549; x_wconf 88' lang='lat' dir='ltr'><strong>Pontiﬁeemque</strong></span> <span class='ocrx_word' id='word_1_39' title='bbox 395 514 468 540; x_wconf 90' lang='lat' dir='ltr'><strong>illum</strong></span> <span class='ocrx_word' id='word_1_40' title='bbox 482 520 579 547; x_wconf 88' lang='lat' dir='ltr'><strong>magno</strong></span> <span class='ocrx_word' id='word_1_41' title='bbox 591 512 708 539; x_wconf 79' lang='lat' dir='ltr'><strong>sacravit</strong></span> <span class='ocrx_word' id='word_1_42' title='bbox 717 512 833 542; x_wconf 82' lang='lat' dir='ltr'><strong>honore,</strong></span> 
     </span>
    </p>
   </div>
   <div class='ocr_carea' id='block_1_10' title="bbox 169 555 956 593">
    <p class='ocr_par' dir='ltr' id='par_1_10' title="bbox 169 555 956 593">
     <span class='ocr_line' id='line_1_10' title="bbox 169 555 956 593; baseline -0.009 -4"><span class='ocrx_word' id='word_1_43' title='bbox 169 561 283 589; x_wconf 84' lang='lat' dir='ltr'><strong>Nomine</strong></span> <span class='ocrx_word' id='word_1_44' title='bbox 298 560 461 587; x_wconf 83' lang='lat' dir='ltr'><strong>Clementem</strong></span> <span class='ocrx_word' id='word_1_45' title='bbox 487 558 573 593; x_wconf 88' lang='lat' dir='ltr'><strong>patria</strong></span> <span class='ocrx_word' id='word_1_46' title='bbox 597 557 693 592; x_wconf 84' lang='lat' dir='ltr'><strong>[Mab.,</strong></span> <span class='ocrx_word' id='word_1_47' title='bbox 707 556 806 592; x_wconf 85' lang='lat' dir='ltr'><strong>patrio]</strong></span> <span class='ocrx_word' id='word_1_48' title='bbox 821 555 956 590; x_wconf 82' lang='lat' dir='ltr'><strong>iussitque</strong></span> 
     </span>
    </p>
   </div>
   <div class='ocr_carea' id='block_1_11' title="bbox 802 601 918 637">
    <p class='ocr_par' dir='ltr' id='par_1_11' title="bbox 802 601 918 637">
     <span class='ocr_line' id='line_1_11' title="bbox 802 601 918 637; baseline -0.009 -9"><span class='ocrx_word' id='word_1_49' title='bbox 802 601 918 637; x_wconf 86' lang='lat' dir='ltr'><strong>[vocari,</strong></span> 
     </span>
    </p>
   </div>
   <div class='ocr_carea' id='block_1_12' title="bbox 169 646 847 686">
    <p class='ocr_par' dir='ltr' id='par_1_12' title="bbox 169 646 847 686">
     <span class='ocr_line' id='line_1_12' title="bbox 169 646 847 686; baseline -0.009 -7"><span class='ocrx_word' id='word_1_50' title='bbox 169 653 202 680; x_wconf 84' lang='lat' dir='ltr'><strong>Et</strong></span> <span class='ocrx_word' id='word_1_51' title='bbox 214 658 380 686; x_wconf 70' lang='lat' dir='ltr'><strong>qucccunque</strong></span> <span class='ocrx_word' id='word_1_52' title='bbox 393 650 459 684; x_wconf 84' lang='lat' dir='ltr'><strong>petit</strong></span> <span class='ocrx_word' id='word_1_53' title='bbox 470 653 580 676; x_wconf 88' lang='lat' dir='ltr'><strong>sanctus</strong></span> <span class='ocrx_word' id='word_1_54' title='bbox 590 648 653 680; x_wconf 84' lang='lat' dir='ltr'><strong>sibi,</strong></span> <span class='ocrx_word' id='word_1_55' title='bbox 669 647 781 674; x_wconf 81' lang='lat' dir='ltr'><strong>tradidit</strong></span> <span class='ocrx_word' id='word_1_56' title='bbox 796 646 847 679; x_wconf 82' lang='lat' dir='ltr'><strong>illi,</strong></span> 
     </span>
    </p>
   </div>
   <div class='ocr_carea' id='block_1_13' title="bbox 169 692 859 728">
    <p class='ocr_par' dir='ltr' id='par_1_13' title="bbox 169 692 859 728">
     <span class='ocr_line' id='line_1_13' title="bbox 169 692 859 728; baseline -0.009 -5"><span class='ocrx_word' id='word_1_57' title='bbox 169 696 288 723; x_wconf 79' lang='lat' dir='ltr'><strong>Plurima</strong></span> <span class='ocrx_word' id='word_1_58' title='bbox 307 699 465 722; x_wconf 90' lang='lat' dir='ltr'><strong>sanctorum</strong></span> <span class='ocrx_word' id='word_1_59' title='bbox 482 697 614 728; x_wconf 67' lang='lat' dir='ltr'><strong>prscstans</strong></span> <span class='ocrx_word' id='word_1_60' title='bbox 628 692 651 720; x_wconf 91' lang='lat' dir='ltr'><strong>ei</strong></span> <span class='ocrx_word' id='word_1_61' title='bbox 663 693 731 720; x_wconf 90' lang='lat' dir='ltr'><strong>dona</strong></span> <span class='ocrx_word' id='word_1_62' title='bbox 743 692 859 726; x_wconf 89' lang='lat' dir='ltr'><strong>piorum.</strong></span> 
     </span>
    </p>
   </div>
   <div class='ocr_carea' id='block_1_14' title="bbox 474 746 648 775">
    <p class='ocr_par' dir='ltr' id='par_1_14' title="bbox 474 746 648 775">
     <span class='ocr_line' id='line_1_14' title="bbox 474 746 648 775; baseline -0.011 0"><span class='ocrx_word' id='word_1_63' title='bbox 474 747 588 775; x_wconf 86' lang='lat' dir='ltr'><strong>CAPUT</strong></span> <span class='ocrx_word' id='word_1_64' title='bbox 604 746 648 774; x_wconf 82' lang='lat' dir='ltr'><strong>Vl.</strong></span> 
     </span>
    </p>
   </div>
   <div class='ocr_carea' id='block_1_15' title="bbox 171 792 958 828">
    <p class='ocr_par' dir='ltr' id='par_1_15' title="bbox 171 792 958 828">
     <span class='ocr_line' id='line_1_15' title="bbox 171 792 958 828; baseline -0.006 -6"><span class='ocrx_word' id='word_1_65' title='bbox 171 795 245 828; x_wconf 89' lang='lat' dir='ltr'><strong>Quod</strong></span> <span class='ocrx_word' id='word_1_66' title='bbox 260 795 298 822; x_wconf 75' lang='lat' dir='ltr'><strong>vir</strong></span> <span class='ocrx_word' id='word_1_67' title='bbox 308 794 356 820; x_wconf 78' lang='lat' dir='ltr'><strong>Dei</strong></span> <span class='ocrx_word' id='word_1_68' title='bbox 373 793 493 820; x_wconf 76' lang='lat' dir='ltr'><strong>remeavit</strong></span> <span class='ocrx_word' id='word_1_69' title='bbox 505 793 532 818; x_wconf 84' lang='lat' dir='ltr'><strong>in</strong></span> <span class='ocrx_word' id='word_1_70' title='bbox 544 792 697 828; x_wconf 64' lang='lat' dir='ltr'><strong>Eroneinm,</strong></span> <span class='ocrx_word' id='word_1_71' title='bbox 712 797 735 828; x_wconf 80' lang='lat' dir='ltr'><strong>et</strong></span> <span class='ocrx_word' id='word_1_72' title='bbox 752 793 880 819; x_wconf 83' lang='lat' dir='ltr'><strong>instanter</strong></span> <span class='ocrx_word' id='word_1_73' title='bbox 896 799 958 818; x_wconf 80' lang='lat' dir='ltr'><strong>run-</strong></span> 
     </span>
    </p>
   </div>
   <div class='ocr_carea' id='block_1_16' title="bbox 301 826 818 862">
    <p class='ocr_par' dir='ltr' id='par_1_16' title="bbox 301 826 818 862">
     <span class='ocr_line' id='line_1_16' title="bbox 301 826 818 862; baseline -0.004 -7"><span class='ocrx_word' id='word_1_74' title='bbox 301 829 348 855; x_wconf 81' lang='lat' dir='ltr'><strong>etis</strong></span> <span class='ocrx_word' id='word_1_75' title='bbox 363 827 532 862; x_wconf 78' lang='lat' dir='ltr'><strong>Evangelium</strong></span> <span class='ocrx_word' id='word_1_76' title='bbox 550 826 645 854; x_wconf 81' lang='lat' dir='ltr'><strong>Christi</strong></span> <span class='ocrx_word' id='word_1_77' title='bbox 657 827 818 861; x_wconf 73' lang='lat' dir='ltr'><strong>praedicavit.</strong></span> 
     </span>
    </p>
   </div>
   <div class='ocr_carea' id='block_1_17' title="bbox 204 881 889 913">
    <p class='ocr_par' dir='ltr' id='par_1_17' title="bbox 204 881 889 913">
     <span class='ocr_line' id='line_1_17' title="bbox 204 881 889 913; baseline -0.009 0"><span class='ocrx_word' id='word_1_78' title='bbox 204 885 252 913; x_wconf 80' lang='lat' dir='ltr'><strong>His</strong></span> <span class='ocrx_word' id='word_1_79' title='bbox 267 884 335 911; x_wconf 85' lang='lat' dir='ltr'><strong>actis</strong></span> <span class='ocrx_word' id='word_1_80' title='bbox 349 882 456 911; x_wconf 91' lang='lat' dir='ltr'><strong>Domini</strong></span> <span class='ocrx_word' id='word_1_81' title='bbox 472 882 586 909; x_wconf 81' lang='lat' dir='ltr'><strong>famulus</strong></span> <span class='ocrx_word' id='word_1_82' title='bbox 599 881 731 908; x_wconf 84' lang='lat' dir='ltr'><strong>remeavit</strong></span> <span class='ocrx_word' id='word_1_83' title='bbox 744 881 778 907; x_wconf 91' lang='lat' dir='ltr'><strong>ad</strong></span> <span class='ocrx_word' id='word_1_84' title='bbox 796 881 889 908; x_wconf 90' lang='lat' dir='ltr'><strong>orbem</strong></span> 
     </span>
    </p>
   </div>
   <div class='ocr_carea' id='block_1_18' title="bbox 168 928 844 961">
    <p class='ocr_par' dir='ltr' id='par_1_18' title="bbox 168 928 844 961">
     <span class='ocr_line' id='line_1_18' title="bbox 168 928 844 961; baseline -0.006 -4"><span class='ocrx_word' id='word_1_85' title='bbox 168 930 345 961; x_wconf 83' lang='lat' dir='ltr'><strong>Francorum,</strong></span> <span class='ocrx_word' id='word_1_86' title='bbox 357 928 469 956; x_wconf 79' lang='lat' dir='ltr'><strong>veniens</strong></span> <span class='ocrx_word' id='word_1_87' title='bbox 481 928 603 954; x_wconf 86' lang='lat' dir='ltr'><strong>ﬁrmatus</strong></span> <span class='ocrx_word' id='word_1_88' title='bbox 617 935 727 954; x_wconf 90' lang='lat' dir='ltr'><strong>munere</strong></span> <span class='ocrx_word' id='word_1_89' title='bbox 739 934 844 954; x_wconf 91' lang='lat' dir='ltr'><strong>summo</strong></span> 
     </span>
    </p>
   </div>
   <div class='ocr_carea' id='block_1_19' title="bbox 170 972 847 1010">
    <p class='ocr_par' dir='ltr' id='par_1_19' title="bbox 170 972 847 1010">
     <span class='ocr_line' id='line_1_19' title="bbox 170 972 847 1010; baseline -0.006 -7"><span class='ocrx_word' id='word_1_90' title='bbox 170 977 202 1003; x_wconf 89' lang='lat' dir='ltr'><strong>Et</strong></span> <span class='ocrx_word' id='word_1_91' title='bbox 217 980 288 1003; x_wconf 88' lang='lat' dir='ltr'><strong>totus</strong></span> <span class='ocrx_word' id='word_1_92' title='bbox 303 975 433 1010; x_wconf 78' lang='lat' dir='ltr'><strong>gaudens,</strong></span> <span class='ocrx_word' id='word_1_93' title='bbox 447 973 560 1008; x_wconf 86' lang='lat' dir='ltr'><strong>populus</strong></span> <span class='ocrx_word' id='word_1_94' title='bbox 577 977 640 1000; x_wconf 92' lang='lat' dir='ltr'><strong>tunc</strong></span> <span class='ocrx_word' id='word_1_95' title='bbox 653 973 750 1007; x_wconf 87' lang='lat' dir='ltr'><strong>accipit</strong></span> <span class='ocrx_word' id='word_1_96' title='bbox 764 972 847 1004; x_wconf 89' lang='lat' dir='ltr'><strong>illum,</strong></span> 
     </span>
    </p>
   </div>
   <div class='ocr_carea' id='block_1_20' title="bbox 169 1018 799 1053">
    <p class='ocr_par' dir='ltr' id='par_1_20' title="bbox 169 1018 799 1053">
     <span class='ocr_line' id='line_1_20' title="bbox 169 1018 799 1053; baseline -0.006 -5"><span class='ocrx_word' id='word_1_97' title='bbox 169 1020 292 1048; x_wconf 86' lang='lat' dir='ltr'><strong>Flumina</strong></span> <span class='ocrx_word' id='word_1_98' title='bbox 307 1018 432 1046; x_wconf 88' lang='lat' dir='ltr'><strong>melliﬁua</strong></span> <span class='ocrx_word' id='word_1_99' title='bbox 440 1018 551 1053; x_wconf 87' lang='lat' dir='ltr'><strong>cupiens</strong></span> <span class='ocrx_word' id='word_1_100' title='bbox 561 1018 671 1045; x_wconf 83' lang='lat' dir='ltr'><strong>haurire</strong></span> <span class='ocrx_word' id='word_1_101' title='bbox 685 1018 780 1045; x_wconf 87' lang='lat' dir='ltr'><strong>salutis</strong></span> <span class='ocrx_word' id='word_1_102' title='bbox 793 1027 799 1044; x_wconf 90' lang='lat'><strong>:</strong></span> 
     </span>
    </p>
   </div>
   <div class='ocr_carea' id='block_1_21' title="bbox 171 1062 849 1099">
    <p class='ocr_par' dir='ltr' id='par_1_21' title="bbox 171 1062 849 1099">
     <span class='ocr_line' id='line_1_21' title="bbox 171 1062 849 1099; baseline -0.007 -6"><span class='ocrx_word' id='word_1_103' title='bbox 171 1066 236 1099; x_wconf 62' lang='lat' dir='ltr'><strong>Quae</strong></span> <span class='ocrx_word' id='word_1_104' title='bbox 248 1065 328 1093; x_wconf 86' lang='lat' dir='ltr'><strong>Pater</strong></span> <span class='ocrx_word' id='word_1_105' title='bbox 335 1064 459 1099; x_wconf 82' lang='lat' dir='ltr'><strong>egregius</strong></span> <span class='ocrx_word' id='word_1_106' title='bbox 470 1063 576 1090; x_wconf 87' lang='lat' dir='ltr'><strong>cunctis</strong></span> <span class='ocrx_word' id='word_1_107' title='bbox 589 1062 757 1097; x_wconf 85' lang='lat' dir='ltr'><strong>impenderat</strong></span> <span class='ocrx_word' id='word_1_108' title='bbox 769 1062 849 1092; x_wconf 84' lang='lat' dir='ltr'><strong>ultro,</strong></span> 
     </span>
    </p>
   </div>
   <div class='ocr_carea' id='block_1_22' title="bbox 169 1107 875 1148">
    <p class='ocr_par' dir='ltr' id='par_1_22' title="bbox 169 1107 875 1148">
     <span class='ocr_line' id='line_1_22' title="bbox 169 1107 875 1148; baseline -0.008 -9"><span class='ocrx_word' id='word_1_109' title='bbox 169 1111 242 1139; x_wconf 79' lang='lat' dir='ltr'><strong>Rore</strong></span> <span class='ocrx_word' id='word_1_110' title='bbox 257 1111 347 1148; x_wconf 81' lang='lat' dir='ltr'><strong>rigans</strong></span> <span class='ocrx_word' id='word_1_111' title='bbox 360 1116 457 1145; x_wconf 87' lang='lat' dir='ltr'><strong>supero</strong></span> <span class='ocrx_word' id='word_1_112' title='bbox 470 1113 629 1135; x_wconf 87' lang='lat' dir='ltr'><strong>cunctorum</strong></span> <span class='ocrx_word' id='word_1_113' title='bbox 642 1111 752 1142; x_wconf 90' lang='lat' dir='ltr'><strong>pectora</strong></span> <span class='ocrx_word' id='word_1_114' title='bbox 765 1107 875 1140; x_wconf 89' lang='lat' dir='ltr'><strong>Christi,</strong></span> 
     </span>
    </p>
   </div>
   <div class='ocr_carea' id='block_1_23' title="bbox 169 1152 833 1190">
    <p class='ocr_par' dir='ltr' id='par_1_23' title="bbox 169 1152 833 1190">
     <span class='ocr_line' id='line_1_23' title="bbox 169 1152 833 1190; baseline -0.005 -8"><span class='ocrx_word' id='word_1_115' title='bbox 169 1155 203 1182; x_wconf 86' lang='lat' dir='ltr'><strong>Et</strong></span> <span class='ocrx_word' id='word_1_116' title='bbox 217 1162 378 1190; x_wconf 85' lang='lat' dir='ltr'><strong>quocunque</strong></span> <span class='ocrx_word' id='word_1_117' title='bbox 395 1154 456 1189; x_wconf 87' lang='lat' dir='ltr'><strong>pius</strong></span> <span class='ocrx_word' id='word_1_118' title='bbox 468 1153 594 1180; x_wconf 83' lang='lat' dir='ltr'><strong>veniebat</strong></span> <span class='ocrx_word' id='word_1_119' title='bbox 612 1152 682 1180; x_wconf 81' lang='lat' dir='ltr'><strong>forte</strong></span> <span class='ocrx_word' id='word_1_120' title='bbox 697 1152 833 1185; x_wconf 88' lang='lat' dir='ltr'><strong>sacerdos,</strong></span> 
     </span>
    </p>
   </div>
   <div class='ocr_carea' id='block_1_24' title="bbox 169 1199 795 1234">
    <p class='ocr_par' dir='ltr' id='par_1_24' title="bbox 169 1199 795 1234">
     <span class='ocr_line' id='line_1_24' title="bbox 169 1199 795 1234; baseline -0.003 -7"><span class='ocrx_word' id='word_1_121' title='bbox 169 1200 326 1228; x_wconf 84' lang='lat' dir='ltr'><strong>Auxiliante</strong></span> <span class='ocrx_word' id='word_1_122' title='bbox 338 1200 393 1227; x_wconf 92' lang='lat' dir='ltr'><strong>Deo</strong></span> <span class='ocrx_word' id='word_1_123' title='bbox 407 1199 509 1227; x_wconf 83' lang='lat' dir='ltr'><strong>fructus</strong></span> <span class='ocrx_word' id='word_1_124' title='bbox 523 1199 653 1234; x_wconf 84' lang='lat' dir='ltr'><strong>carpebat</strong></span> <span class='ocrx_word' id='word_1_125' title='bbox 664 1206 795 1226; x_wconf 71' lang='lat' dir='ltr'><strong>ammnos.</strong></span> 
     </span>
    </p>
   </div>
   <div class='ocr_carea' id='block_1_25' title="bbox 172 1244 778 1280">
    <p class='ocr_par' dir='ltr' id='par_1_25' title="bbox 172 1244 778 1280">
     <span class='ocr_line' id='line_1_25' title="bbox 172 1244 778 1280; baseline -0.005 -8"><span class='ocrx_word' id='word_1_126' title='bbox 172 1245 182 1280; x_wconf 93' lang='lat'>[</span> <span class='ocrx_word' id='word_1_127' title='bbox 193 1245 338 1273; x_wconf 67' lang='lat' dir='ltr'><strong>Catholicae</strong></span> <span class='ocrx_word' id='word_1_128' title='bbox 350 1244 411 1272; x_wconf 89' lang='lat' dir='ltr'><strong>ﬁdei</strong></span> <span class='ocrx_word' id='word_1_129' title='bbox 424 1245 513 1272; x_wconf 80' lang='lat' dir='ltr'><strong>donec</strong></span> <span class='ocrx_word' id='word_1_130' title='bbox 526 1244 684 1278; x_wconf 81' lang='lat' dir='ltr'><strong>impleverat</strong></span> <span class='ocrx_word' id='word_1_131' title='bbox 695 1244 778 1270; x_wconf 85' lang='lat' dir='ltr'><strong>urbes</strong></span> 
     </span>
    </p>
   </div>
   <div class='ocr_carea' id='block_1_26' title="bbox 171 1286 822 1326">
    <p class='ocr_par' dir='ltr' id='par_1_26' title="bbox 171 1286 822 1326">
     <span class='ocr_line' id='line_1_26' title="bbox 171 1286 822 1326; baseline -0.008 -8"><span class='ocrx_word' id='word_1_132' title='bbox 171 1290 313 1326; x_wconf 83' lang='lat' dir='ltr'><strong>Agnitione</strong></span> <span class='ocrx_word' id='word_1_133' title='bbox 328 1289 387 1322; x_wconf 87' lang='lat' dir='ltr'><strong>Dei,</strong></span> <span class='ocrx_word' id='word_1_134' title='bbox 402 1289 489 1322; x_wconf 79' lang='lat' dir='ltr'><strong>villas,</strong></span> <span class='ocrx_word' id='word_1_135' title='bbox 510 1292 590 1323; x_wconf 87' lang='lat' dir='ltr'><strong>atque</strong></span> <span class='ocrx_word' id='word_1_136' title='bbox 602 1287 711 1322; x_wconf 84' lang='lat' dir='ltr'><strong>oppida,</strong></span> <span class='ocrx_word' id='word_1_137' title='bbox 728 1294 799 1313; x_wconf 87' lang='lat' dir='ltr'><strong>rura.</strong></span> <span class='ocrx_word' id='word_1_138' title='bbox 812 1286 822 1322; x_wconf 89' lang='lat'>]</span> 
     </span>
    </p>
   </div>
   <div class='ocr_carea' id='block_1_27' title="bbox 471 1342 660 1370">
    <p class='ocr_par' dir='ltr' id='par_1_27' title="bbox 471 1342 660 1370">
     <span class='ocr_line' id='line_1_27' title="bbox 471 1342 660 1370; baseline -0.011 0"><span class='ocrx_word' id='word_1_139' title='bbox 471 1342 585 1370; x_wconf 93' lang='lat' dir='ltr'><strong>CAPUT</strong></span> <span class='ocrx_word' id='word_1_140' title='bbox 605 1342 660 1370; x_wconf 64' lang='grc' dir='ltr'><strong>ΥΠ.</strong></span> 
     </span>
    </p>
   </div>
   <div class='ocr_carea' id='block_1_28' title="bbox 226 1386 897 1423">
    <p class='ocr_par' dir='ltr' id='par_1_28' title="bbox 226 1386 897 1423">
     <span class='ocr_line' id='line_1_28' title="bbox 226 1386 897 1423; baseline -0.006 -6"><span class='ocrx_word' id='word_1_141' title='bbox 226 1389 303 1423; x_wconf 82' lang='lat' dir='ltr'><strong>Quod</strong></span> <span class='ocrx_word' id='word_1_142' title='bbox 322 1388 482 1416; x_wconf 84' lang='lat' dir='ltr'><strong>Fresonibus</strong></span> <span class='ocrx_word' id='word_1_143' title='bbox 493 1393 516 1415; x_wconf 85' lang='lat' dir='ltr'><strong>et</strong></span> <span class='ocrx_word' id='word_1_144' title='bbox 527 1388 610 1414; x_wconf 84' lang='lat' dir='ltr'><strong>Danis</strong></span> <span class='ocrx_word' id='word_1_145' title='bbox 627 1388 771 1423; x_wconf 64' lang='lat' dir='ltr'><strong>pradicare</strong></span> <span class='ocrx_word' id='word_1_146' title='bbox 782 1386 897 1414; x_wconf 83' lang='lat' dir='ltr'><strong>tentabat</strong></span> 
     </span>
    </p>
   </div>
   <div class='ocr_carea' id='block_1_29' title="bbox 206 1444 855 1476">
    <p class='ocr_par' dir='ltr' id='par_1_29' title="bbox 206 1444 855 1476">
     <span class='ocr_line' id='line_1_29' title="bbox 206 1444 855 1476; baseline -0.006 -2"><span class='ocrx_word' id='word_1_147' title='bbox 206 1444 262 1473; x_wconf 86' lang='lat' dir='ltr'><strong>Nec</strong></span> <span class='ocrx_word' id='word_1_148' title='bbox 274 1445 315 1474; x_wconf 89' lang='lat' dir='ltr'><strong>his</strong></span> <span class='ocrx_word' id='word_1_149' title='bbox 327 1450 471 1473; x_wconf 88' lang='lat' dir='ltr'><strong>contentus</strong></span> <span class='ocrx_word' id='word_1_150' title='bbox 482 1445 647 1473; x_wconf 87' lang='lat' dir='ltr'><strong>Francorum</strong></span> <span class='ocrx_word' id='word_1_151' title='bbox 663 1444 772 1476; x_wconf 89' lang='lat' dir='ltr'><strong>ﬁnibus,</strong></span> <span class='ocrx_word' id='word_1_152' title='bbox 786 1444 855 1471; x_wconf 89' lang='lat' dir='ltr'><strong>ultra</strong></span> 
     </span>
    </p>
   </div>
   <div class='ocr_carea' id='block_1_30' title="bbox 179 1489 806 1527">
    <p class='ocr_par' dir='ltr' id='par_1_30' title="bbox 179 1489 806 1527">
     <span class='ocr_line' id='line_1_30' title="bbox 179 1489 806 1527; baseline -0.006 -8"><span class='ocrx_word' id='word_1_153' title='bbox 179 1491 312 1527; x_wconf 79' lang='lat' dir='ltr'><strong>Spargere</strong></span> <span class='ocrx_word' id='word_1_154' title='bbox 330 1491 377 1519; x_wconf 86' lang='lat' dir='ltr'><strong>sed</strong></span> <span class='ocrx_word' id='word_1_155' title='bbox 389 1495 498 1518; x_wconf 85' lang='lat' dir='ltr'><strong>tentaus</strong></span> <span class='ocrx_word' id='word_1_156' title='bbox 511 1491 592 1518; x_wconf 82' lang='lat' dir='ltr'><strong>divini</strong></span> <span class='ocrx_word' id='word_1_157' title='bbox 606 1490 708 1518; x_wconf 85' lang='lat' dir='ltr'><strong>semina</strong></span> <span class='ocrx_word' id='word_1_158' title='bbox 720 1489 806 1522; x_wconf 83' lang='lat' dir='ltr'><strong>verbi,</strong></span> 
     </span>
    </p>
   </div>
   <div class='ocr_carea' id='block_1_31' title="bbox 173 1534 806 1571">
    <p class='ocr_par' dir='ltr' id='par_1_31' title="bbox 173 1534 806 1571">
     <span class='ocr_line' id='line_1_31' title="bbox 173 1534 806 1571; baseline -0.008 -6"><span class='ocrx_word' id='word_1_159' title='bbox 173 1538 306 1565; x_wconf 83' lang='lat' dir='ltr'><strong>Gentibus</strong></span> <span class='ocrx_word' id='word_1_160' title='bbox 317 1536 429 1571; x_wconf 87' lang='lat' dir='ltr'><strong>antiquo</strong></span> <span class='ocrx_word' id='word_1_161' title='bbox 444 1536 529 1571; x_wconf 88' lang='lat' dir='ltr'><strong>captis</strong></span> <span class='ocrx_word' id='word_1_162' title='bbox 543 1543 635 1563; x_wconf 87' lang='lat' dir='ltr'><strong>errore</strong></span> <span class='ocrx_word' id='word_1_163' title='bbox 645 1534 806 1566; x_wconf 84' lang='lat' dir='ltr'><strong>Fresonum,</strong></span> 
     </span>
    </p>
   </div>
   <div class='ocr_carea' id='block_1_32' title="bbox 172 1578 834 1615">
    <p class='ocr_par' dir='ltr' id='par_1_32' title="bbox 172 1578 834 1615">
     <span class='ocr_line' id='line_1_32' title="bbox 172 1578 834 1615; baseline -0.008 -6"><span class='ocrx_word' id='word_1_164' title='bbox 172 1582 222 1610; x_wconf 79' lang='lat' dir='ltr'><strong>Vel</strong></span> <span class='ocrx_word' id='word_1_165' title='bbox 235 1581 327 1614; x_wconf 85' lang='lat' dir='ltr'><strong>Danis,</strong></span> <span class='ocrx_word' id='word_1_166' title='bbox 343 1581 458 1608; x_wconf 88' lang='lat' dir='ltr'><strong>multum</strong></span> <span class='ocrx_word' id='word_1_167' title='bbox 469 1580 568 1615; x_wconf 88' lang='lat' dir='ltr'><strong>populo</strong></span> <span class='ocrx_word' id='word_1_168' title='bbox 579 1587 627 1615; x_wconf 90' lang='lat' dir='ltr'><strong>per</strong></span> <span class='ocrx_word' id='word_1_169' title='bbox 642 1578 719 1606; x_wconf 81' lang='lat' dir='ltr'><strong>saecla</strong></span> <span class='ocrx_word' id='word_1_170' title='bbox 740 1578 834 1611; x_wconf 84' lang='lat' dir='ltr'><strong>feroci,</strong></span> 
     </span>
    </p>
   </div>
   <div class='ocr_carea' id='block_1_33' title="bbox 173 1622 926 1661">
    <p class='ocr_par' dir='ltr' id='par_1_33' title="bbox 173 1622 926 1661">
     <span class='ocr_line' id='line_1_33' title="bbox 173 1622 926 1661; baseline -0.008 -7"><span class='ocrx_word' id='word_1_171' title='bbox 173 1627 246 1660; x_wconf 88' lang='lat' dir='ltr'><strong>Quos</strong></span> <span class='ocrx_word' id='word_1_172' title='bbox 260 1631 326 1654; x_wconf 88' lang='lat' dir='ltr'><strong>tunc</strong></span> <span class='ocrx_word' id='word_1_173' title='bbox 340 1626 411 1653; x_wconf 84' lang='lat' dir='ltr'><strong>haud</strong></span> <span class='ocrx_word' id='word_1_174' title='bbox 424 1625 511 1660; x_wconf 88' lang='lat' dir='ltr'><strong>potuit</strong></span> <span class='ocrx_word' id='word_1_175' title='bbox 524 1624 614 1661; x_wconf 85' lang='lat' dir='ltr'><strong>(reges</strong></span> <span class='ocrx_word' id='word_1_176' title='bbox 633 1624 695 1659; x_wconf 89' lang='lat' dir='ltr'><strong>quia</strong></span> <span class='ocrx_word' id='word_1_177' title='bbox 709 1622 778 1650; x_wconf 83' lang='lat' dir='ltr'><strong>forte</strong></span> <span class='ocrx_word' id='word_1_178' title='bbox 795 1622 926 1650; x_wconf 87' lang='lat' dir='ltr'><strong>scelestos</strong></span> 
     </span>
    </p>
   </div>
   <div class='ocr_carea' id='block_1_34' title="bbox 172 1662 905 1706">
    <p class='ocr_par' dir='ltr' id='par_1_34' title="bbox 172 1662 905 1706">
     <span class='ocr_line' id='line_1_34' title="bbox 172 1662 905 1706; baseline -0.008 -8"><span class='ocrx_word' id='word_1_179' title='bbox 172 1671 212 1699; x_wconf 87' lang='lat' dir='ltr'><strong>Illi</strong></span> <span class='ocrx_word' id='word_1_180' title='bbox 225 1671 343 1698; x_wconf 88' lang='lat' dir='ltr'><strong>habuere</strong></span> <span class='ocrx_word' id='word_1_181' title='bbox 358 1669 475 1706; x_wconf 87' lang='lat' dir='ltr'><strong>quidem)</strong></span> <span class='ocrx_word' id='word_1_182' title='bbox 495 1669 530 1696; x_wconf 87' lang='lat' dir='ltr'><strong>ad</strong></span> <span class='ocrx_word' id='word_1_183' title='bbox 548 1668 609 1696; x_wconf 82' lang='lat' dir='ltr'><strong>ﬁdei</strong></span> <span class='ocrx_word' id='word_1_184' title='bbox 623 1662 783 1695; x_wconf 71' lang='lat' dir='ltr'><strong>convertere</strong></span> <span class='ocrx_word' id='word_1_185' title='bbox 796 1666 905 1694; x_wconf 87' lang='lat' dir='ltr'><strong>donum.</strong></span> 
     </span>
    </p>
   </div>
   <div class='ocr_carea' id='block_1_35' title="bbox 466 1723 664 1751">
    <p class='ocr_par' dir='ltr' id='par_1_35' title="bbox 466 1723 664 1751">
     <span class='ocr_line' id='line_1_35' title="bbox 466 1723 664 1751; baseline -0.005 -1"><span class='ocrx_word' id='word_1_186' title='bbox 466 1723 579 1751; x_wconf 88' lang='lat' dir='ltr'><strong>CAPUT</strong></span> <span class='ocrx_word' id='word_1_187' title='bbox 599 1723 664 1750; x_wconf 80' lang='lat' dir='ltr'><strong>Vlll.</strong></span> 
     </span>
    </p>
   </div>
   <div class='ocr_carea' id='block_1_36' title="bbox 176 1778 962 1816">
    <p class='ocr_par' dir='ltr' id='par_1_36' title="bbox 176 1778 962 1816">
     <span class='ocr_line' id='line_1_36' title="bbox 176 1778 962 1816; baseline -0.004 -8"><span class='ocrx_word' id='word_1_188' title='bbox 176 1781 252 1814; x_wconf 85' lang='lat' dir='ltr'><strong>Quod</strong></span> <span class='ocrx_word' id='word_1_189' title='bbox 272 1780 373 1816; x_wconf 81' lang='lat' dir='ltr'><strong>aliquos</strong></span> <span class='ocrx_word' id='word_1_190' title='bbox 398 1780 536 1816; x_wconf 76' lang='lat' dir='ltr'><strong>baptizavit</strong></span> <span class='ocrx_word' id='word_1_191' title='bbox 551 1787 583 1806; x_wconf 73' lang='lat' dir='ltr'><strong>ea;</strong></span> <span class='ocrx_word' id='word_1_192' title='bbox 595 1778 646 1805; x_wconf 84' lang='lat' dir='ltr'><strong>illis</strong></span> <span class='ocrx_word' id='word_1_193' title='bbox 663 1779 690 1805; x_wconf 88' lang='lat' dir='ltr'><strong>in</strong></span> <span class='ocrx_word' id='word_1_194' title='bbox 707 1787 760 1816; x_wconf 50' lang='lat' dir='ltr'><strong>om,</strong></span> <span class='ocrx_word' id='word_1_195' title='bbox 773 1783 801 1816; x_wconf 23' lang='lat' dir='ltr'><strong>et»</strong></span> <span class='ocrx_word' id='word_1_196' title='bbox 810 1778 910 1814; x_wconf 86' lang='lat' dir='ltr'><strong>aliquid</strong></span> <span class='ocrx_word' id='word_1_197' title='bbox 927 1787 962 1805; x_wconf 80' lang='lat' dir='ltr'><strong>si-</strong></span> 
     </span>
    </p>
   </div>
   <div class='ocr_carea' id='block_1_37' title="bbox 284 1813 854 1851">
    <p class='ocr_par' dir='ltr' id='par_1_37' title="bbox 284 1813 854 1851">
     <span class='ocr_line' id='line_1_37' title="bbox 284 1813 854 1851; baseline -0.005 -9"><span class='ocrx_word' id='word_1_198' title='bbox 284 1813 394 1851; x_wconf 79' lang='lat' dir='ltr'><strong>griorum</strong></span> <span class='ocrx_word' id='word_1_199' title='bbox 410 1813 508 1849; x_wconf 70' lang='lat' dir='ltr'><strong>faciens</strong></span> <span class='ocrx_word' id='word_1_200' title='bbox 524 1822 639 1841; x_wconf 76' lang='lat' dir='ltr'><strong>reversus</strong></span> <span class='ocrx_word' id='word_1_201' title='bbox 649 1818 686 1840; x_wconf 83' lang='lat' dir='ltr'><strong>est</strong></span> <span class='ocrx_word' id='word_1_202' title='bbox 702 1813 854 1840; x_wconf 80' lang='lat' dir='ltr'><strong>Franciam.</strong></span> 
     </span>
    </p>
   </div>
   <div class='ocr_carea' id='block_1_38' title="bbox 209 1868 876 1904">
    <p class='ocr_par' dir='ltr' id='par_1_38' title="bbox 209 1868 876 1904">
     <span class='ocr_line' id='line_1_38' title="bbox 209 1868 876 1904; baseline -0.006 -5"><span class='ocrx_word' id='word_1_203' title='bbox 209 1871 263 1899; x_wconf 89' lang='lat' dir='ltr'><strong>Sed</strong></span> <span class='ocrx_word' id='word_1_204' title='bbox 278 1871 348 1898; x_wconf 88' lang='lat' dir='ltr'><strong>Deus</strong></span> <span class='ocrx_word' id='word_1_205' title='bbox 363 1870 533 1904; x_wconf 89' lang='lat' dir='ltr'><strong>omnipotens</strong></span> <span class='ocrx_word' id='word_1_206' title='bbox 549 1869 654 1896; x_wconf 90' lang='lat' dir='ltr'><strong>animas</strong></span> <span class='ocrx_word' id='word_1_207' title='bbox 668 1868 815 1896; x_wconf 85' lang='lat' dir='ltr'><strong>donaverat</strong></span> <span class='ocrx_word' id='word_1_208' title='bbox 825 1868 876 1898; x_wconf 77' lang='lat' dir='ltr'><strong>illi</strong></span> 
     </span>
    </p>
   </div>
   <div class='ocr_carea' id='block_1_39' title="bbox 173 1912 790 1950">
    <p class='ocr_par' dir='ltr' id='par_1_39' title="bbox 173 1912 790 1950">
     <span class='ocr_line' id='line_1_39' title="bbox 173 1912 790 1950; baseline -0.008 -5"><span class='ocrx_word' id='word_1_209' title='bbox 173 1912 305 1945; x_wconf 61' lang='lat' dir='ltr'><strong>Gentibus</strong></span> <span class='ocrx_word' id='word_1_210' title='bbox 316 1923 349 1943; x_wconf 82' lang='lat' dir='ltr'><strong>ex</strong></span> <span class='ocrx_word' id='word_1_211' title='bbox 364 1915 429 1950; x_wconf 90' lang='lat' dir='ltr'><strong>ipsis</strong></span> <span class='ocrx_word' id='word_1_212' title='bbox 441 1915 555 1949; x_wconf 82' lang='lat' dir='ltr'><strong>aliquas,</strong></span> <span class='ocrx_word' id='word_1_213' title='bbox 568 1918 595 1941; x_wconf 91' lang='lat' dir='ltr'><strong>et</strong></span> <span class='ocrx_word' id='word_1_214' title='bbox 608 1915 675 1941; x_wconf 91' lang='lat' dir='ltr'><strong>mira</strong></span> <span class='ocrx_word' id='word_1_215' title='bbox 686 1914 790 1949; x_wconf 83' lang='lat' dir='ltr'><strong>peregit</strong></span> 
     </span>
    </p>
   </div>
   <div class='ocr_carea' id='block_1_40' title="bbox 174 1960 962 1997">
    <p class='ocr_par' dir='ltr' id='par_1_40' title="bbox 174 1960 962 1997">
     <span class='ocr_line' id='line_1_40' title="bbox 174 1960 962 1997; baseline -0.006 -6"><span class='ocrx_word' id='word_1_216' title='bbox 174 1963 281 1997; x_wconf 83' lang='lat' dir='ltr'><strong>Perque</strong></span> <span class='ocrx_word' id='word_1_217' title='bbox 291 1968 369 1989; x_wconf 88' lang='lat' dir='ltr'><strong>suum</strong></span> <span class='ocrx_word' id='word_1_218' title='bbox 386 1967 493 1987; x_wconf 86' lang='lat' dir='ltr'><strong>servum</strong></span> <span class='ocrx_word' id='word_1_219' title='bbox 504 1960 626 1995; x_wconf 62' lang='lat' dir='ltr'><strong>quaedam</strong></span> <span class='ocrx_word' id='word_1_220' title='bbox 640 1968 645 1986; x_wconf 90' lang='lat'>:</span> <span class='ocrx_word' id='word_1_221' title='bbox 661 1960 707 1994; x_wconf 90' lang='lat' dir='ltr'><strong>qui</strong></span> <span class='ocrx_word' id='word_1_222' title='bbox 719 1960 745 1986; x_wconf 92' lang='lat' dir='ltr'><strong>in</strong></span> <span class='ocrx_word' id='word_1_223' title='bbox 758 1967 822 1995; x_wconf 90' lang='lat' dir='ltr'><strong>pace</strong></span> <span class='ocrx_word' id='word_1_224' title='bbox 836 1967 962 1987; x_wconf 85' lang='lat' dir='ltr'><strong>reversus</strong></span> 
     </span>
    </p>
   </div>
   <div class='ocr_carea' id='block_1_41' title="bbox 173 2003 855 2041">
    <p class='ocr_par' dir='ltr' id='par_1_41' title="bbox 173 2003 855 2041">
     <span class='ocr_line' id='line_1_41' title="bbox 173 2003 855 2041; baseline -0.006 -7"><span class='ocrx_word' id='word_1_225' title='bbox 173 2007 215 2035; x_wconf 86' lang='lat' dir='ltr'><strong>Ad</strong></span> <span class='ocrx_word' id='word_1_226' title='bbox 225 2005 354 2041; x_wconf 91' lang='lat' dir='ltr'><strong>populum</strong></span> <span class='ocrx_word' id='word_1_227' title='bbox 366 2004 473 2032; x_wconf 88' lang='lat' dir='ltr'><strong>Domini</strong></span> <span class='ocrx_word' id='word_1_228' title='bbox 489 2007 615 2038; x_wconf 86' lang='lat' dir='ltr'><strong>spectans</strong></span> <span class='ocrx_word' id='word_1_229' title='bbox 630 2003 785 2038; x_wconf 80' lang='lat' dir='ltr'><strong>regionibus</strong></span> <span class='ocrx_word' id='word_1_230' title='bbox 795 2003 855 2030; x_wconf 89' lang='lat' dir='ltr'><strong>istis</strong></span> 
     </span>
    </p>
   </div>
   <div class='ocr_carea' id='block_1_42' title="bbox 173 2048 805 2086">
    <p class='ocr_par' dir='ltr' id='par_1_42' title="bbox 173 2048 805 2086">
     <span class='ocr_line' id='line_1_42' title="bbox 173 2048 805 2086; baseline -0.003 -8"><span class='ocrx_word' id='word_1_231' title='bbox 173 2051 260 2078; x_wconf 74' lang='lat' dir='ltr'><strong>Janus</strong></span> <span class='ocrx_word' id='word_1_232' title='bbox 270 2054 418 2086; x_wconf 62' lang='lat' dir='ltr'><strong>perpetuae,</strong></span> <span class='ocrx_word' id='word_1_233' title='bbox 434 2048 543 2076; x_wconf 80' lang='lat' dir='ltr'><strong>Christo</strong></span> <span class='ocrx_word' id='word_1_234' title='bbox 554 2048 700 2083; x_wconf 88' lang='lat' dir='ltr'><strong>pandente,</strong></span> <span class='ocrx_word' id='word_1_235' title='bbox 711 2048 805 2076; x_wconf 88' lang='lat' dir='ltr'><strong>salutis</strong></span> 
     </span>
    </p>
   </div>
   <div class='ocr_carea' id='block_1_43' title="bbox 173 2094 928 2131">
    <p class='ocr_par' dir='ltr' id='par_1_43' title="bbox 173 2094 928 2131">
     <span class='ocr_line' id='line_1_43' title="bbox 173 2094 928 2131; baseline -0.001 -7"><span class='ocrx_word' id='word_1_236' title='bbox 173 2097 243 2124; x_wconf 91' lang='lat' dir='ltr'><strong>Dum</strong></span> <span class='ocrx_word' id='word_1_237' title='bbox 254 2100 326 2125; x_wconf 84' lang='lat' dir='ltr'><strong>esset</strong></span> <span class='ocrx_word' id='word_1_238' title='bbox 335 2099 428 2131; x_wconf 86' lang='lat' dir='ltr'><strong>aperta</strong></span> <span class='ocrx_word' id='word_1_239' title='bbox 439 2095 492 2130; x_wconf 85' lang='lat' dir='ltr'><strong>piis</strong></span> <span class='ocrx_word' id='word_1_240' title='bbox 505 2095 625 2127; x_wconf 86' lang='lat' dir='ltr'><strong>monitis,</strong></span> <span class='ocrx_word' id='word_1_241' title='bbox 640 2095 687 2122; x_wconf 90' lang='lat' dir='ltr'><strong>sed</strong></span> <span class='ocrx_word' id='word_1_242' title='bbox 708 2102 815 2129; x_wconf 87' lang='lat' dir='ltr'><strong>semper</strong></span> <span class='ocrx_word' id='word_1_243' title='bbox 828 2094 928 2130; x_wconf 87' lang='lat' dir='ltr'><strong>ubique</strong></span> 
     </span>
    </p>
   </div>
   <div class='ocr_carea' id='block_1_44' title="bbox 173 2138 805 2174">
    <p class='ocr_par' dir='ltr' id='par_1_44' title="bbox 173 2138 805 2174">
     <span class='ocr_line' id='line_1_44' title="bbox 173 2138 805 2174; baseline -0.003 -6"><span class='ocrx_word' id='word_1_244' title='bbox 173 2141 314 2168; x_wconf 84' lang='lat' dir='ltr'><strong>Firmabat</strong></span> <span class='ocrx_word' id='word_1_245' title='bbox 323 2143 455 2172; x_wconf 82' lang='lat' dir='ltr'><strong>cunctos;</strong></span> <span class='ocrx_word' id='word_1_246' title='bbox 470 2138 601 2174; x_wconf 89' lang='lat' dir='ltr'><strong>Pippinus</strong></span> <span class='ocrx_word' id='word_1_247' title='bbox 612 2143 733 2174; x_wconf 88' lang='lat' dir='ltr'><strong>tempora</strong></span> <span class='ocrx_word' id='word_1_248' title='bbox 745 2139 805 2166; x_wconf 64' lang='lat' dir='ltr'><strong>vita</strong></span> 
     </span>
    </p>
   </div>
   <div class='ocr_carea' id='block_1_45' title="bbox 173 2181 898 2220">
    <p class='ocr_par' dir='ltr' id='par_1_45' title="bbox 173 2181 898 2220">
     <span class='ocr_line' id='line_1_45' title="bbox 173 2181 898 2220; baseline -0.003 -6"><span class='ocrx_word' id='word_1_249' title='bbox 173 2184 480 2220; x_wconf 69' lang='lat' dir='ltr'><strong>Prmsentis-complens,</strong></span> <span class='ocrx_word' id='word_1_250' title='bbox 494 2181 589 2212; x_wconf 85' lang='lat' dir='ltr'><strong>Carolo</strong></span> <span class='ocrx_word' id='word_1_251' title='bbox 602 2192 649 2211; x_wconf 91' lang='lat' dir='ltr'><strong>sua</strong></span> <span class='ocrx_word' id='word_1_252' title='bbox 663 2192 747 2220; x_wconf 77' lang='lat' dir='ltr'><strong>regna</strong></span> <span class='ocrx_word' id='word_1_253' title='bbox 758 2184 898 2220; x_wconf 87' lang='lat' dir='ltr'><strong>relinquit.</strong></span> 
     </span>
    </p>
   </div>
   <div class='ocr_carea' id='block_1_46' title="bbox 484 2239 649 2268">
    <p class='ocr_par' dir='ltr' id='par_1_46' title="bbox 484 2239 649 2268">
     <span class='ocr_line' id='line_1_46' title="bbox 484 2239 649 2268; baseline -0.006 0"><span class='ocrx_word' id='word_1_254' title='bbox 484 2239 597 2268; x_wconf 81' lang='lat' dir='ltr'><strong>CAPUT</strong></span> <span class='ocrx_word' id='word_1_255' title='bbox 615 2240 649 2267; x_wconf 77' lang='lat' dir='ltr'><strong>IX</strong></span> 
     </span>
    </p>
   </div>
   <div class='ocr_carea' id='block_1_47' title="bbox 175 2298 962 2334">
    <p class='ocr_par' dir='ltr' id='par_1_47' title="bbox 175 2298 962 2334">
     <span class='ocr_line' id='line_1_47' title="bbox 175 2298 962 2334; baseline 0.003 -7"><span class='ocrx_word' id='word_1_256' title='bbox 175 2300 253 2333; x_wconf 83' lang='lat' dir='ltr'><strong>Quod</strong></span> <span class='ocrx_word' id='word_1_257' title='bbox 263 2299 383 2334; x_wconf 74' lang='lat' dir='ltr'><strong>Carolus,</strong></span> <span class='ocrx_word' id='word_1_258' title='bbox 394 2299 559 2327; x_wconf 84' lang='lat' dir='ltr'><strong>Francorum</strong></span> <span class='ocrx_word' id='word_1_259' title='bbox 571 2298 636 2331; x_wconf 80' lang='lat' dir='ltr'><strong>dux,</strong></span> <span class='ocrx_word' id='word_1_260' title='bbox 647 2303 747 2334; x_wconf 80' lang='lat' dir='ltr'><strong>gentem</strong></span> <span class='ocrx_word' id='word_1_261' title='bbox 757 2299 901 2327; x_wconf 77' lang='lat' dir='ltr'><strong>Fresonum</strong></span> <span class='ocrx_word' id='word_1_262' title='bbox 913 2301 962 2329; x_wconf 88' lang='lat' dir='ltr'><strong>sibi</strong></span> 
     </span>
    </p>
   </div>
   <div class='ocr_carea' id='block_1_48' title="bbox 510 2334 629 2369">
    <p class='ocr_par' dir='ltr' id='par_1_48' title="bbox 510 2334 629 2369">
     <span class='ocr_line' id='line_1_48' title="bbox 510 2334 629 2369; baseline 0.008 -9"><span class='ocrx_word' id='word_1_263' title='bbox 510 2334 629 2369; x_wconf 75' lang='lat' dir='ltr'><strong>subjecit.</strong></span> 
     </span>
    </p>
   </div>
   <div class='ocr_carea' id='block_1_49' title="bbox 210 2389 823 2424">
    <p class='ocr_par' dir='ltr' id='par_1_49' title="bbox 210 2389 823 2424">
     <span class='ocr_line' id='line_1_49' title="bbox 210 2389 823 2424; baseline 0.002 -8"><span class='ocrx_word' id='word_1_264' title='bbox 210 2389 261 2422; x_wconf 88' lang='lat' dir='ltr'><strong>Qui</strong></span> <span class='ocrx_word' id='word_1_265' title='bbox 279 2397 341 2417; x_wconf 83' lang='lat' dir='ltr'><strong>mox</strong></span> <span class='ocrx_word' id='word_1_266' title='bbox 356 2389 483 2417; x_wconf 84' lang='lat' dir='ltr'><strong>nobiliter</strong></span> <span class='ocrx_word' id='word_1_267' title='bbox 496 2389 600 2424; x_wconf 76' lang='lat' dir='ltr'><strong>regales</strong></span> <span class='ocrx_word' id='word_1_268' title='bbox 613 2389 823 2423; x_wconf 78' lang='lat' dir='ltr'><strong>rexithabenas,</strong></span> 
     </span>
    </p>
   </div>
   <div class='ocr_carea' id='block_1_50' title="bbox 173 2434 876 2470">
    <p class='ocr_par' dir='ltr' id='par_1_50' title="bbox 173 2434 876 2470">
     <span class='ocr_line' id='line_1_50' title="bbox 173 2434 876 2470; baseline 0 -8"><span class='ocrx_word' id='word_1_269' title='bbox 173 2434 350 2470; x_wconf 84' lang='lat' dir='ltr'><strong>Ampliﬁcans</strong></span> <span class='ocrx_word' id='word_1_270' title='bbox 364 2435 444 2467; x_wconf 89' lang='lat' dir='ltr'><strong>ﬁnes,</strong></span> <span class='ocrx_word' id='word_1_271' title='bbox 459 2439 554 2470; x_wconf 79' lang='lat' dir='ltr'><strong>gentes</strong></span> <span class='ocrx_word' id='word_1_272' title='bbox 567 2435 719 2470; x_wconf 89' lang='lat' dir='ltr'><strong>superando</strong></span> <span class='ocrx_word' id='word_1_273' title='bbox 733 2435 876 2470; x_wconf 87' lang='lat' dir='ltr'><strong>triumphis</strong></span> 
     </span>
    </p>
   </div>
   <div class='ocr_carea' id='block_1_51' title="bbox 173 2479 786 2515">
    <p class='ocr_par' dir='ltr' id='par_1_51' title="bbox 173 2479 786 2515">
     <span class='ocr_line' id='line_1_51' title="bbox 173 2479 786 2515; baseline 0.002 -8"><span class='ocrx_word' id='word_1_274' title='bbox 173 2479 320 2513; x_wconf 72' lang='lat' dir='ltr'><strong>Externas,</strong></span> <span class='ocrx_word' id='word_1_275' title='bbox 336 2480 418 2507; x_wconf 86' lang='lat' dir='ltr'><strong>etiam</strong></span> <span class='ocrx_word' id='word_1_276' title='bbox 429 2480 499 2507; x_wconf 90' lang='lat' dir='ltr'><strong>bello</strong></span> <span class='ocrx_word' id='word_1_277' title='bbox 511 2480 630 2515; x_wconf 87' lang='lat' dir='ltr'><strong>vicitque</strong></span> <span class='ocrx_word' id='word_1_278' title='bbox 641 2480 786 2513; x_wconf 86' lang='lat' dir='ltr'><strong>Fresones,</strong></span> 
     </span>
    </p>
   </div>
   <div class='ocr_carea' id='block_1_52' title="bbox 175 2526 775 2561">
    <p class='ocr_par' dir='ltr' id='par_1_52' title="bbox 175 2526 775 2561">
     <span class='ocr_line' id='line_1_52' title="bbox 175 2526 775 2561; baseline -0.002 -7"><span class='ocrx_word' id='word_1_279' title='bbox 175 2527 210 2554; x_wconf 83' lang='lat' dir='ltr'><strong>Et</strong></span> <span class='ocrx_word' id='word_1_280' title='bbox 223 2527 323 2555; x_wconf 82' lang='lat' dir='ltr'><strong>ferrata</strong></span> <span class='ocrx_word' id='word_1_281' title='bbox 341 2534 422 2560; x_wconf 86' lang='lat' dir='ltr'><strong>super</strong></span> <span class='ocrx_word' id='word_1_282' title='bbox 436 2526 495 2553; x_wconf 90' lang='lat' dir='ltr'><strong>illos</strong></span> <span class='ocrx_word' id='word_1_283' title='bbox 514 2531 643 2561; x_wconf 87' lang='lat' dir='ltr'><strong>carpenta</strong></span> <span class='ocrx_word' id='word_1_284' title='bbox 659 2527 775 2561; x_wconf 84' lang='lat' dir='ltr'><strong>subegit,</strong></span> 
     </span>
    </p>
   </div>
   <div class='ocr_carea' id='block_1_53' title="bbox 175 2571 904 2606">
    <p class='ocr_par' dir='ltr' id='par_1_53' title="bbox 175 2571 904 2606">
     <span class='ocr_line' id='line_1_53' title="bbox 175 2571 904 2606; baseline -0.003 -6"><span class='ocrx_word' id='word_1_285' title='bbox 175 2573 213 2600; x_wconf 89' lang='lat' dir='ltr'><strong>De</strong></span> <span class='ocrx_word' id='word_1_286' title='bbox 224 2573 349 2600; x_wconf 87' lang='lat' dir='ltr'><strong>manibus</strong></span> <span class='ocrx_word' id='word_1_287' title='bbox 365 2571 462 2599; x_wconf 89' lang='lat' dir='ltr'><strong>tulerat</strong></span> <span class='ocrx_word' id='word_1_288' title='bbox 477 2572 572 2599; x_wconf 91' lang='lat' dir='ltr'><strong>horum</strong></span> <span class='ocrx_word' id='word_1_289' title='bbox 585 2579 691 2606; x_wconf 85' lang='lat' dir='ltr'><strong>quoque</strong></span> <span class='ocrx_word' id='word_1_290' title='bbox 705 2571 781 2598; x_wconf 78' lang='lat' dir='ltr'><strong>frena</strong></span> <span class='ocrx_word' id='word_1_291' title='bbox 800 2571 904 2599; x_wconf 90' lang='lat' dir='ltr'><strong>tributi.</strong></span> 
     </span>
    </p>
   </div>
   <div class='ocr_carea' id='block_1_54' title="bbox 175 2627 967 2690">
    <p class='ocr_par' dir='ltr' id='par_1_54' title="bbox 175 2627 967 2690">
     <span class='ocr_line' id='line_1_54' title="bbox 175 2627 967 2690; baseline 0 -34"><span class='ocrx_word' id='word_1_292' title='bbox 175 2663 192 2690; x_wconf 71' lang='lat' dir='ltr'><strong>ﬁ</strong></span> <span class='ocrx_word' id='word_1_293' title='bbox 211 2635 222 2648; x_wconf 74' lang='grc' dir='ltr'>ι</span> <span class='ocrx_word' id='word_1_294' title='bbox 237 2630 267 2690; x_wconf 67' lang='lat' dir='ltr'><strong>[Id</strong></span> <span class='ocrx_word' id='word_1_295' title='bbox 277 2633 327 2690; x_wconf 57' lang='lat' dir='ltr'><strong>qs},</strong></span> <span class='ocrx_word' id='word_1_296' title='bbox 343 2628 515 2660; x_wconf 82' lang='lat' dir='ltr'><strong>monasteria,</strong></span> <span class='ocrx_word' id='word_1_297' title='bbox 528 2627 628 2655; x_wconf 87' lang='lat' dir='ltr'><strong>Mabill.</strong></span> <span class='ocrx_word' id='word_1_298' title='bbox 641 2631 668 2654; x_wconf 87' lang='lat' dir='ltr'><strong>et</strong></span> <span class='ocrx_word' id='word_1_299' title='bbox 680 2628 805 2664; x_wconf 84' lang='lat' dir='ltr'><strong>Ducange</strong></span> <span class='ocrx_word' id='word_1_300' title='bbox 821 2627 909 2656; x_wconf 87' lang='lat' dir='ltr'><strong>Gloss.</strong></span> <span class='ocrx_word' id='word_1_301' title='bbox 927 2629 967 2656; x_wconf 81' lang='lat' dir='ltr'><strong>in-</strong></span> 
     </span>
     <span class='ocr_line' id='line_1_55' title="bbox 195 2672 336 2690; baseline 0 0"><span class='ocrx_word' id='word_1_302' title='bbox 195 2672 230 2690; x_wconf 91' lang='lat' dir='ltr'><strong>m.</strong></span> <span class='ocrx_word' id='word_1_303' title='bbox 270 2673 284 2690; x_wconf 69' lang='lat' dir='ltr'><strong>ll</strong></span> <span class='ocrx_word' id='word_1_304' title='bbox 300 2673 336 2690; x_wconf 85' lang='lat' dir='ltr'><strong>In.</strong></span> 
     </span>
    </p>
   </div>
   <div class='ocr_carea' id='block_1_55' title="bbox 195 2665 968 2732">
    <p class='ocr_par' dir='ltr' id='par_1_55' title="bbox 195 2665 968 2732">
     <span class='ocr_line' id='line_1_56' title="bbox 195 2665 968 2732; baseline -0.001 -7"><span class='ocrx_word' id='word_1_305' title='bbox 195 2665 418 2725; x_wconf 47' lang='grc' dir='ltr'><strong>Ἳῖῖίέὣηέιιδτοσ.</strong></span> <span class='ocrx_word' id='word_1_306' title='bbox 442 2697 563 2725; x_wconf 86' lang='lat' dir='ltr'><strong>Licentia</strong></span> <span class='ocrx_word' id='word_1_307' title='bbox 575 2697 681 2732; x_wconf 87' lang='lat' dir='ltr'><strong>poetica</strong></span> <span class='ocrx_word' id='word_1_308' title='bbox 703 2698 799 2725; x_wconf 66' lang='lat' dir='ltr'><strong>media:</strong></span> <span class='ocrx_word' id='word_1_309' title='bbox 825 2698 968 2725; x_wconf 87' lang='lat' dir='ltr'><strong>latinitatis</strong></span> 
     </span>
    </p>
   </div>
   <div class='ocr_carea' id='block_1_56' title="bbox 174 2732 968 2768">
    <p class='ocr_par' dir='ltr' id='par_1_56' title="bbox 174 2732 968 2768">
     <span class='ocr_line' id='line_1_57' title="bbox 174 2732 968 2768; baseline 0 -9"><span class='ocrx_word' id='word_1_310' title='bbox 174 2732 234 2760; x_wconf 82' lang='lat' dir='ltr'><strong>duae</strong></span> <span class='ocrx_word' id='word_1_311' title='bbox 248 2734 356 2768; x_wconf 70' lang='lat' dir='ltr'><strong>syllaba:</strong></span> <span class='ocrx_word' id='word_1_312' title='bbox 370 2735 476 2767; x_wconf 88' lang='lat' dir='ltr'><strong>priores</strong></span> <span class='ocrx_word' id='word_1_313' title='bbox 491 2734 518 2760; x_wconf 89' lang='lat' dir='ltr'><strong>in</strong></span> <span class='ocrx_word' id='word_1_314' title='bbox 534 2741 600 2760; x_wconf 87' lang='lat' dir='ltr'><strong>voce</strong></span> <span class='ocrx_word' id='word_1_315' title='bbox 611 2732 677 2768; x_wconf 69' lang='lat' dir='ltr'><strong>idoli</strong></span> <span class='ocrx_word' id='word_1_316' title='bbox 689 2733 872 2767; x_wconf 88' lang='lat' dir='ltr'><strong>corripiuntur</strong></span> <span class='ocrx_word' id='word_1_317' title='bbox 884 2754 891 2764; x_wconf 88' lang='lat'><strong>,</strong></span> <span class='ocrx_word' id='word_1_318' title='bbox 906 2741 968 2760; x_wconf 88' lang='lat' dir='ltr'><strong>cum</strong></span> 
     </span>
    </p>
   </div>
   <div class='ocr_carea' id='block_1_57' title="bbox 174 2767 971 2802">
    <p class='ocr_par' dir='ltr' id='par_1_57' title="bbox 174 2767 971 2802">
     <span class='ocr_line' id='line_1_58' title="bbox 174 2767 971 2802; baseline 0.001 -9"><span class='ocrx_word' id='word_1_319' title='bbox 174 2767 287 2802; x_wconf 84' lang='lat' dir='ltr'><strong>produci</strong></span> <span class='ocrx_word' id='word_1_320' title='bbox 305 2768 418 2795; x_wconf 82' lang='lat' dir='ltr'><strong>debeant</strong></span> <span class='ocrx_word' id='word_1_321' title='bbox 431 2777 437 2795; x_wconf 73' lang='grc' dir='ltr'><strong>ε</strong></span> <span class='ocrx_word' id='word_1_322' title='bbox 453 2769 523 2795; x_wconf 84' lang='lat' dir='ltr'><strong>sicut</strong></span> <span class='ocrx_word' id='word_1_323' title='bbox 532 2768 613 2794; x_wconf 86' lang='lat' dir='ltr'><strong>etiam</strong></span> <span class='ocrx_word' id='word_1_324' title='bbox 624 2767 788 2796; x_wconf 88' lang='lat' dir='ltr'><strong>Prudentius</strong></span> <span class='ocrx_word' id='word_1_325' title='bbox 801 2772 828 2795; x_wconf 90' lang='lat' dir='ltr'><strong>et</strong></span> <span class='ocrx_word' id='word_1_326' title='bbox 843 2768 971 2795; x_wconf 82' lang='lat' dir='ltr'><strong>Walal‘ri-</strong></span> 
     </span>
    </p>
   </div>
   <div class='ocr_carea' id='block_1_58' title="bbox 175 2802 970 2836">
    <p class='ocr_par' dir='ltr' id='par_1_58' title="bbox 175 2802 970 2836">
     <span class='ocr_line' id='line_1_59' title="bbox 175 2802 970 2836; baseline 0.001 -7"><span class='ocrx_word' id='word_1_327' title='bbox 175 2802 227 2829; x_wconf 89' lang='lat' dir='ltr'><strong>dus</strong></span> <span class='ocrx_word' id='word_1_328' title='bbox 243 2802 340 2829; x_wconf 87' lang='lat' dir='ltr'><strong>Strabo</strong></span> <span class='ocrx_word' id='word_1_329' title='bbox 350 2808 474 2836; x_wconf 84' lang='lat' dir='ltr'><strong>correpta</strong></span> <span class='ocrx_word' id='word_1_330' title='bbox 490 2803 609 2830; x_wconf 82' lang='lat' dir='ltr'><strong>secunda</strong></span> <span class='ocrx_word' id='word_1_331' title='bbox 622 2802 700 2829; x_wconf 70' lang='lat' dir='ltr'><strong>idiSIa</strong></span> <span class='ocrx_word' id='word_1_332' title='bbox 724 2804 860 2831; x_wconf 83' lang='lat' dir='ltr'><strong>dixerunt.</strong></span> <span class='ocrx_word' id='word_1_333' title='bbox 877 2803 929 2830; x_wconf 89' lang='lat' dir='ltr'><strong>Sed</strong></span> <span class='ocrx_word' id='word_1_334' title='bbox 943 2807 970 2830; x_wconf 80' lang='lat' dir='ltr'><strong>et</strong></span> 
     </span>
    </p>
   </div>
   <div class='ocr_carea' id='block_1_59' title="bbox 176 2836 971 2874">
    <p class='ocr_par' dir='ltr' id='par_1_59' title="bbox 176 2836 971 2874">
     <span class='ocr_line' id='line_1_60' title="bbox 176 2836 971 2874; baseline 0.001 -11"><span class='ocrx_word' id='word_1_335' title='bbox 176 2836 230 2863; x_wconf 80' lang='lat' dir='ltr'><strong>alia</strong></span> <span class='ocrx_word' id='word_1_336' title='bbox 244 2836 327 2863; x_wconf 86' lang='lat' dir='ltr'><strong>multa</strong></span> <span class='ocrx_word' id='word_1_337' title='bbox 340 2836 367 2863; x_wconf 91' lang='lat' dir='ltr'><strong>in</strong></span> <span class='ocrx_word' id='word_1_338' title='bbox 380 2836 499 2871; x_wconf 81' lang='lat' dir='ltr'><strong>Alcuini,</strong></span> <span class='ocrx_word' id='word_1_339' title='bbox 526 2837 695 2871; x_wconf 83' lang='lat' dir='ltr'><strong>aliorumque</strong></span> <span class='ocrx_word' id='word_1_340' title='bbox 715 2838 785 2866; x_wconf 90' lang='lat' dir='ltr'><strong>illius</strong></span> <span class='ocrx_word' id='word_1_341' title='bbox 814 2838 864 2865; x_wconf 71' lang='lat' dir='ltr'><strong>aevi</strong></span> <span class='ocrx_word' id='word_1_342' title='bbox 888 2838 971 2874; x_wconf 88' lang='lat' dir='ltr'><strong>scrip-</strong></span> 
     </span>
    </p>
   </div>
   <div class='ocr_carea' id='block_1_60' title="bbox 582 141 1361 176">
    <p class='ocr_par' dir='ltr' id='par_1_60' title="bbox 582 141 1361 176">
     <span class='ocr_line' id='line_1_61' title="bbox 582 141 1361 176; baseline -0.008 -1"><span class='ocrx_word' id='word_1_343' title='bbox 582 149 613 175; x_wconf 84' lang='lat' dir='ltr'><strong>B.</strong></span> <span class='ocrx_word' id='word_1_344' title='bbox 634 148 664 176; x_wconf 70' lang='grc' dir='ltr'><strong>Γ.</strong></span> <span class='ocrx_word' id='word_1_345' title='bbox 686 146 798 175; x_wconf 74' lang='lat' dir='ltr'><strong>ALBINI</strong></span> <span class='ocrx_word' id='word_1_346' title='bbox 818 146 883 175; x_wconf 87' lang='lat' dir='ltr'><strong>SEU</strong></span> <span class='ocrx_word' id='word_1_347' title='bbox 904 145 1041 174; x_wconf 83' lang='lat' dir='ltr'><strong>ALCUlNl</strong></span> <span class='ocrx_word' id='word_1_348' title='bbox 1061 143 1201 172; x_wconf 64' lang='lat' dir='ltr'><strong>OPECUM</strong></span> <span class='ocrx_word' id='word_1_349' title='bbox 1222 142 1309 171; x_wconf 84' lang='lat' dir='ltr'><strong>PARS</strong></span> <span class='ocrx_word' id='word_1_350' title='bbox 1330 141 1361 169; x_wconf 83' lang='lat' dir='ltr'><strong>V.</strong></span> 
     </span>
    </p>
   </div>
   <div class='ocr_carea' id='block_1_61' title="bbox 1736 137 1786 165">
    <p class='ocr_par' dir='ltr' id='par_1_61' title="bbox 1736 137 1786 165">
     <span class='ocr_line' id='line_1_62' title="bbox 1736 137 1786 165; baseline 0.04 -2"><span class='ocrx_word' id='word_1_351' title='bbox 1736 137 1786 165; x_wconf 70' lang='lat'><strong>716</strong></span> 
     </span>
    </p>
   </div>
   <div class='ocr_carea' id='block_1_62' title="bbox 1312 196 1477 225">
    <p class='ocr_par' dir='ltr' id='par_1_62' title="bbox 1312 196 1477 225">
     <span class='ocr_line' id='line_1_63' title="bbox 1312 196 1477 225; baseline -0.012 0"><span class='ocrx_word' id='word_1_352' title='bbox 1312 196 1425 225; x_wconf 82' lang='lat' dir='ltr'><strong>CAPUT</strong></span> <span class='ocrx_word' id='word_1_353' title='bbox 1443 197 1477 224; x_wconf 72' lang='grc' dir='ltr'><strong>Χ.</strong></span> 
     </span>
    </p>
   </div>
   <div class='ocr_carea' id='block_1_63' title="bbox 1002 240 1787 278">
    <p class='ocr_par' dir='ltr' id='par_1_63' title="bbox 1002 240 1787 278">
     <span class='ocr_line' id='line_1_64' title="bbox 1002 240 1787 278; baseline -0.009 -6"><span class='ocrx_word' id='word_1_354' title='bbox 1002 244 1079 278; x_wconf 85' lang='lat' dir='ltr'><strong>Quod</strong></span> <span class='ocrx_word' id='word_1_355' title='bbox 1090 244 1274 272; x_wconf 81' lang='lat' dir='ltr'><strong>Willibrordus</strong></span> <span class='ocrx_word' id='word_1_356' title='bbox 1286 242 1444 278; x_wconf 75' lang='lat' dir='ltr'><strong>Fresonibus</strong></span> <span class='ocrx_word' id='word_1_357' title='bbox 1456 240 1599 278; x_wconf 67' lang='lat' dir='ltr'><strong>pra&#39;dicare</strong></span> <span class='ocrx_word' id='word_1_358' title='bbox 1612 247 1729 278; x_wconf 76' lang='lat' dir='ltr'><strong>reversus</strong></span> <span class='ocrx_word' id='word_1_359' title='bbox 1739 244 1787 273; x_wconf 82' lang='lat' dir='ltr'><strong>est,</strong></span> 
     </span>
    </p>
   </div>
   <div class='ocr_carea' id='block_1_64' title="bbox 1125 276 1641 314">
    <p class='ocr_par' dir='ltr' id='par_1_64' title="bbox 1125 276 1641 314">
     <span class='ocr_line' id='line_1_65' title="bbox 1125 276 1641 314; baseline -0.01 -8"><span class='ocrx_word' id='word_1_360' title='bbox 1125 295 1128 297; x_wconf 59' lang='grc' dir='ltr'><em>η</em></span> <span class='ocrx_word' id='word_1_361' title='bbox 1145 287 1239 314; x_wconf 84' lang='lat' dir='ltr'><strong>eosque</strong></span> <span class='ocrx_word' id='word_1_362' title='bbox 1252 278 1286 304; x_wconf 85' lang='lat' dir='ltr'><strong>ad</strong></span> <span class='ocrx_word' id='word_1_363' title='bbox 1298 278 1376 311; x_wconf 84' lang='lat' dir='ltr'><strong>ﬁdem</strong></span> <span class='ocrx_word' id='word_1_364' title='bbox 1394 276 1492 303; x_wconf 82' lang='lat' dir='ltr'><strong>Christi</strong></span> <span class='ocrx_word' id='word_1_365' title='bbox 1505 276 1641 302; x_wconf 82' lang='lat' dir='ltr'><strong>convertit.</strong></span> 
     </span>
    </p>
   </div>
   <div class='ocr_carea' id='block_1_65' title="bbox 1036 320 1790 359">
    <p class='ocr_par' dir='ltr' id='par_1_65' title="bbox 1036 320 1790 359">
     <span class='ocr_line' id='line_1_66' title="bbox 1036 320 1790 359; baseline -0.007 -7"><span class='ocrx_word' id='word_1_366' title='bbox 1036 326 1112 352; x_wconf 86' lang='lat' dir='ltr'><strong>Tunc</strong></span> <span class='ocrx_word' id='word_1_367' title='bbox 1123 325 1166 351; x_wconf 91' lang='lat' dir='ltr'><strong>vir</strong></span> <span class='ocrx_word' id='word_1_368' title='bbox 1178 323 1349 359; x_wconf 66' lang='lat' dir='ltr'><strong>evan‘gelicus</strong></span> <span class='ocrx_word' id='word_1_369' title='bbox 1360 330 1484 349; x_wconf 88' lang='lat' dir='ltr'><strong>remeans</strong></span> <span class='ocrx_word' id='word_1_370' title='bbox 1495 320 1687 348; x_wconf 88' lang='lat' dir='ltr'><strong>Willibrordus</strong></span> <span class='ocrx_word' id='word_1_371' title='bbox 1700 324 1727 348; x_wconf 86' lang='lat' dir='ltr'><strong>et</strong></span> <span class='ocrx_word' id='word_1_372' title='bbox 1738 320 1790 348; x_wconf 86' lang='lat' dir='ltr'><strong>illis</strong></span> 
     </span>
    </p>
   </div>
   <div class='ocr_carea' id='block_1_66' title="bbox 1003 367 1707 402">
    <p class='ocr_par' dir='ltr' id='par_1_66' title="bbox 1003 367 1707 402">
     <span class='ocr_line' id='line_1_67' title="bbox 1003 367 1707 402; baseline -0.009 -3"><span class='ocrx_word' id='word_1_373' title='bbox 1003 372 1091 400; x_wconf 82' lang='lat' dir='ltr'><strong>Verba</strong></span> <span class='ocrx_word' id='word_1_374' title='bbox 1106 371 1194 398; x_wconf 81' lang='lat' dir='ltr'><strong>ferens</strong></span> <span class='ocrx_word' id='word_1_375' title='bbox 1203 370 1276 402; x_wconf 70' lang='lat' dir='ltr'><strong>vitae,</strong></span> <span class='ocrx_word' id='word_1_376' title='bbox 1291 377 1368 396; x_wconf 85' lang='lat' dir='ltr'><strong>sacro</strong></span> <span class='ocrx_word' id='word_1_377' title='bbox 1382 373 1410 396; x_wconf 90' lang='lat' dir='ltr'><strong>et</strong></span> <span class='ocrx_word' id='word_1_378' title='bbox 1419 367 1580 402; x_wconf 88' lang='lat' dir='ltr'><strong>baptismate</strong></span> <span class='ocrx_word' id='word_1_379' title='bbox 1590 367 1681 399; x_wconf 78' lang='lat' dir='ltr'><strong>tinxit,</strong></span> <span class='ocrx_word' id='word_1_380' title='bbox 1705 372 1707 374; x_wconf 69' lang='lat'><strong>‘</strong></span> 
     </span>
    </p>
   </div>
   <div class='ocr_carea' id='block_1_67' title="bbox 1003 414 1650 451">
    <p class='ocr_par' dir='ltr' id='par_1_67' title="bbox 1003 414 1650 451">
     <span class='ocr_line' id='line_1_68' title="bbox 1003 414 1650 451; baseline -0.008 -6"><span class='ocrx_word' id='word_1_381' title='bbox 1003 418 1076 451; x_wconf 89' lang='lat' dir='ltr'><strong>Quos</strong></span> <span class='ocrx_word' id='word_1_382' title='bbox 1088 417 1149 444; x_wconf 83' lang='lat' dir='ltr'><strong>ﬁdei</strong></span> <span class='ocrx_word' id='word_1_383' title='bbox 1163 416 1242 444; x_wconf 88' lang='lat' dir='ltr'><strong>donis</strong></span> <span class='ocrx_word' id='word_1_384' title='bbox 1258 417 1346 451; x_wconf 89' lang='lat' dir='ltr'><strong>primo</strong></span> <span class='ocrx_word' id='word_1_385' title='bbox 1361 423 1438 443; x_wconf 86' lang='lat' dir='ltr'><strong>sacer</strong></span> <span class='ocrx_word' id='word_1_386' title='bbox 1450 414 1546 442; x_wconf 89' lang='lat' dir='ltr'><strong>imbuit</strong></span> <span class='ocrx_word' id='word_1_387' title='bbox 1560 414 1650 447; x_wconf 87' lang='lat' dir='ltr'><strong>almis,</strong></span> 
     </span>
    </p>
   </div>
   <div class='ocr_carea' id='block_1_68' title="bbox 1003 459 1633 490">
    <p class='ocr_par' dir='ltr' id='par_1_68' title="bbox 1003 459 1633 490">
     <span class='ocr_line' id='line_1_69' title="bbox 1003 459 1633 490; baseline -0.005 -1"><span class='ocrx_word' id='word_1_388' title='bbox 1003 462 1038 490; x_wconf 84' lang='lat' dir='ltr'><strong>Et</strong></span> <span class='ocrx_word' id='word_1_389' title='bbox 1050 462 1095 489; x_wconf 85' lang='lat' dir='ltr'><strong>lux</strong></span> <span class='ocrx_word' id='word_1_390' title='bbox 1108 466 1165 489; x_wconf 81' lang='lat' dir='ltr'><strong>orta</strong></span> <span class='ocrx_word' id='word_1_391' title='bbox 1178 461 1228 489; x_wconf 79' lang='lat' dir='ltr'><strong>fuit</strong></span> <span class='ocrx_word' id='word_1_392' title='bbox 1241 461 1370 488; x_wconf 86' lang='lat' dir='ltr'><strong>residenti</strong></span> <span class='ocrx_word' id='word_1_393' title='bbox 1383 460 1479 487; x_wconf 87' lang='lat' dir='ltr'><strong>mortis</strong></span> <span class='ocrx_word' id='word_1_394' title='bbox 1498 460 1525 486; x_wconf 92' lang='lat' dir='ltr'><strong>in</strong></span> <span class='ocrx_word' id='word_1_395' title='bbox 1539 459 1633 486; x_wconf 88' lang='lat' dir='ltr'><strong>umbra</strong></span> 
     </span>
    </p>
   </div>
   <div class='ocr_carea' id='block_1_69' title="bbox 1004 504 1706 542">
    <p class='ocr_par' dir='ltr' id='par_1_69' title="bbox 1004 504 1706 542">
     <span class='ocr_line' id='line_1_70' title="bbox 1004 504 1706 542; baseline -0.004 -7"><span class='ocrx_word' id='word_1_396' title='bbox 1004 508 1117 542; x_wconf 75' lang='lat' dir='ltr'><strong>Jamque</strong></span> <span class='ocrx_word' id='word_1_397' title='bbox 1128 508 1172 535; x_wconf 90' lang='lat' dir='ltr'><strong>diu</strong></span> <span class='ocrx_word' id='word_1_398' title='bbox 1183 507 1299 542; x_wconf 87' lang='lat' dir='ltr'><strong>populo;</strong></span> <span class='ocrx_word' id='word_1_399' title='bbox 1316 514 1397 534; x_wconf 89' lang='lat' dir='ltr'><strong>verus</strong></span> <span class='ocrx_word' id='word_1_400' title='bbox 1412 507 1451 533; x_wconf 84' lang='lat' dir='ltr'><strong>sol</strong></span> <span class='ocrx_word' id='word_1_401' title='bbox 1469 505 1592 533; x_wconf 88' lang='lat' dir='ltr'><strong>Christus</strong></span> <span class='ocrx_word' id='word_1_402' title='bbox 1605 504 1706 540; x_wconf 79' lang='lat' dir='ltr'><strong>ubique</strong></span> 
     </span>
    </p>
   </div>
   <div class='ocr_carea' id='block_1_70' title="bbox 1005 551 1603 586">
    <p class='ocr_par' dir='ltr' id='par_1_70' title="bbox 1005 551 1603 586">
     <span class='ocr_line' id='line_1_71' title="bbox 1005 551 1603 586; baseline -0.005 -6"><span class='ocrx_word' id='word_1_403' title='bbox 1005 553 1107 586; x_wconf 88' lang='lat' dir='ltr'><strong>Eluxit,</strong></span> <span class='ocrx_word' id='word_1_404' title='bbox 1121 552 1210 580; x_wconf 87' lang='lat' dir='ltr'><strong>subito</strong></span> <span class='ocrx_word' id='word_1_405' title='bbox 1222 552 1343 580; x_wconf 89' lang='lat' dir='ltr'><strong>tenebris</strong></span> <span class='ocrx_word' id='word_1_406' title='bbox 1354 552 1513 579; x_wconf 86' lang='lat' dir='ltr'><strong>cedentibus</strong></span> <span class='ocrx_word' id='word_1_407' title='bbox 1525 551 1603 578; x_wconf 88' lang='lat' dir='ltr'><strong>atris.</strong></span> 
     </span>
    </p>
   </div>
   <div class='ocr_carea' id='block_1_71' title="bbox 1306 596 1485 624">
    <p class='ocr_par' dir='ltr' id='par_1_71' title="bbox 1306 596 1485 624">
     <span class='ocr_line' id='line_1_72' title="bbox 1306 596 1485 624; baseline -0.006 0"><span class='ocrx_word' id='word_1_408' title='bbox 1306 596 1420 624; x_wconf 79' lang='lat' dir='ltr'><strong>CAPUT</strong></span> <span class='ocrx_word' id='word_1_409' title='bbox 1440 596 1485 623; x_wconf 83' lang='lat' dir='ltr'><strong>XI.</strong></span> 
     </span>
    </p>
   </div>
   <div class='ocr_carea' id='block_1_72' title="bbox 1008 641 1792 677">
    <p class='ocr_par' dir='ltr' id='par_1_72' title="bbox 1008 641 1792 677">
     <span class='ocr_line' id='line_1_73' title="bbox 1008 641 1792 677; baseline -0.003 -8"><span class='ocrx_word' id='word_1_410' title='bbox 1008 643 1083 676; x_wconf 83' lang='lat' dir='ltr'><strong>Quod</strong></span> <span class='ocrx_word' id='word_1_411' title='bbox 1102 643 1125 669; x_wconf 74' lang='lat' dir='ltr'><strong>ei</strong></span> <span class='ocrx_word' id='word_1_412' title='bbox 1140 642 1212 669; x_wconf 80' lang='lat' dir='ltr'><strong>sedes</strong></span> <span class='ocrx_word' id='word_1_413' title='bbox 1235 641 1388 677; x_wconf 78' lang='lat' dir='ltr'><strong>episcopalis</strong></span> <span class='ocrx_word' id='word_1_414' title='bbox 1411 642 1438 668; x_wconf 80' lang='lat' dir='ltr'><strong>in</strong></span> <span class='ocrx_word' id='word_1_415' title='bbox 1458 641 1578 676; x_wconf 86' lang='lat' dir='ltr'><strong>Trajeclo</strong></span> <span class='ocrx_word' id='word_1_416' title='bbox 1604 641 1711 668; x_wconf 79' lang='lat' dir='ltr'><strong>castello</strong></span> <span class='ocrx_word' id='word_1_417' title='bbox 1730 641 1792 668; x_wconf 81' lang='lat' dir='ltr'><strong>data</strong></span> 
     </span>
    </p>
   </div>
   <div class='ocr_carea' id='block_1_73' title="bbox 1088 676 1712 713">
    <p class='ocr_par' dir='ltr' id='par_1_73' title="bbox 1088 676 1712 713">
     <span class='ocr_line' id='line_1_74' title="bbox 1088 676 1712 713; baseline -0.005 -8"><span class='ocrx_word' id='word_1_418' title='bbox 1088 683 1136 709; x_wconf 81' lang='lat' dir='ltr'><strong>est,</strong></span> <span class='ocrx_word' id='word_1_419' title='bbox 1150 676 1253 713; x_wconf 88' lang='lat' dir='ltr'><strong>etquod</strong></span> <span class='ocrx_word' id='word_1_420' title='bbox 1265 685 1311 712; x_wconf 81' lang='lat' dir='ltr'><strong>per</strong></span> <span class='ocrx_word' id='word_1_421' title='bbox 1328 676 1384 703; x_wconf 85' lang='lat' dir='ltr'><strong>loca</strong></span> <span class='ocrx_word' id='word_1_422' title='bbox 1398 677 1558 711; x_wconf 81' lang='lat' dir='ltr'><strong>presbyteros</strong></span> <span class='ocrx_word' id='word_1_423' title='bbox 1575 677 1712 711; x_wconf 81' lang='lat' dir='ltr'><strong>disposuit.</strong></span> 
     </span>
    </p>
   </div>
   <div class='ocr_carea' id='block_1_74' title="bbox 1043 722 1740 757">
    <p class='ocr_par' dir='ltr' id='par_1_74' title="bbox 1043 722 1740 757">
     <span class='ocr_line' id='line_1_75' title="bbox 1043 722 1740 757; baseline -0.001 -7"><span class='ocrx_word' id='word_1_424' title='bbox 1043 723 1119 750; x_wconf 90' lang='lat' dir='ltr'><strong>Tunc</strong></span> <span class='ocrx_word' id='word_1_425' title='bbox 1133 723 1194 750; x_wconf 91' lang='lat' dir='ltr'><strong>data</strong></span> <span class='ocrx_word' id='word_1_426' title='bbox 1205 722 1325 757; x_wconf 88' lang='lat' dir='ltr'><strong>pontiﬁci</strong></span> <span class='ocrx_word' id='word_1_427' title='bbox 1340 726 1382 749; x_wconf 91' lang='lat' dir='ltr'><strong>est</strong></span> <span class='ocrx_word' id='word_1_428' title='bbox 1397 722 1519 756; x_wconf 85' lang='lat' dir='ltr'><strong>Trajecto</strong></span> <span class='ocrx_word' id='word_1_429' title='bbox 1530 722 1610 749; x_wconf 90' lang='lat' dir='ltr'><strong>sedes</strong></span> <span class='ocrx_word' id='word_1_430' title='bbox 1624 722 1650 748; x_wconf 94' lang='lat' dir='ltr'><strong>in</strong></span> <span class='ocrx_word' id='word_1_431' title='bbox 1663 722 1740 754; x_wconf 87' lang='lat' dir='ltr'><strong>urbe,</strong></span> 
     </span>
    </p>
   </div>
   <div class='ocr_carea' id='block_1_75' title="bbox 1008 767 1644 804">
    <p class='ocr_par' dir='ltr' id='par_1_75' title="bbox 1008 767 1644 804">
     <span class='ocr_line' id='line_1_76' title="bbox 1008 767 1644 804; baseline -0.003 -8"><span class='ocrx_word' id='word_1_432' title='bbox 1008 769 1042 796; x_wconf 90' lang='lat' dir='ltr'><strong>Et</strong></span> <span class='ocrx_word' id='word_1_433' title='bbox 1057 776 1122 804; x_wconf 87' lang='lat' dir='ltr'><strong>gens</strong></span> <span class='ocrx_word' id='word_1_434' title='bbox 1134 772 1189 796; x_wconf 88' lang='lat' dir='ltr'><strong>tota</strong></span> <span class='ocrx_word' id='word_1_435' title='bbox 1204 768 1285 795; x_wconf 89' lang='lat' dir='ltr'><strong>simul</strong></span> <span class='ocrx_word' id='word_1_436' title='bbox 1296 767 1444 795; x_wconf 84' lang='lat' dir='ltr'><strong>Fresonum</strong></span> <span class='ocrx_word' id='word_1_437' title='bbox 1459 768 1584 795; x_wconf 89' lang='lat' dir='ltr'><strong>subditur</strong></span> <span class='ocrx_word' id='word_1_438' title='bbox 1595 768 1644 800; x_wconf 90' lang='lat' dir='ltr'><strong>illi,</strong></span> 
     </span>
    </p>
   </div>
   <div class='ocr_carea' id='block_1_76' title="bbox 1009 812 1683 848">
    <p class='ocr_par' dir='ltr' id='par_1_76' title="bbox 1009 812 1683 848">
     <span class='ocr_line' id='line_1_77' title="bbox 1009 812 1683 848; baseline -0.003 -7"><span class='ocrx_word' id='word_1_439' title='bbox 1009 815 1131 841; x_wconf 89' lang='lat' dir='ltr'><strong>Disceret</strong></span> <span class='ocrx_word' id='word_1_440' title='bbox 1144 817 1174 840; x_wconf 93' lang='lat' dir='ltr'><strong>ut</strong></span> <span class='ocrx_word' id='word_1_441' title='bbox 1186 820 1282 848; x_wconf 81' lang='lat' dir='ltr'><strong>magno</strong></span> <span class='ocrx_word' id='word_1_442' title='bbox 1294 812 1355 839; x_wconf 87' lang='lat' dir='ltr'><strong>ﬁdei</strong></span> <span class='ocrx_word' id='word_1_443' title='bbox 1367 813 1527 840; x_wconf 86' lang='lat' dir='ltr'><strong>documenta</strong></span> <span class='ocrx_word' id='word_1_444' title='bbox 1547 813 1683 840; x_wconf 89' lang='lat' dir='ltr'><strong>ministro.</strong></span> 
     </span>
    </p>
   </div>
   <div class='ocr_carea' id='block_1_77' title="bbox 972 855 1707 897">
    <p class='ocr_par' dir='ltr' id='par_1_77' title="bbox 972 855 1707 897">
     <span class='ocr_line' id='line_1_78' title="bbox 972 855 1707 897; baseline -0.004 -11"><span class='ocrx_word' id='word_1_445' title='bbox 972 867 995 897; x_wconf 75' lang='grc' dir='ltr'><strong>Β</strong></span> <span class='ocrx_word' id='word_1_446' title='bbox 1010 859 1070 885; x_wconf 80' lang='lat' dir='ltr'><strong>Mox</strong></span> <span class='ocrx_word' id='word_1_447' title='bbox 1082 861 1237 885; x_wconf 87' lang='lat' dir='ltr'><strong>constructa</strong></span> <span class='ocrx_word' id='word_1_448' title='bbox 1251 857 1306 884; x_wconf 88' lang='lat' dir='ltr'><strong>Deo</strong></span> <span class='ocrx_word' id='word_1_449' title='bbox 1320 857 1462 891; x_wconf 82' lang='lat' dir='ltr'><strong>viguerunt</strong></span> <span class='ocrx_word' id='word_1_450' title='bbox 1474 855 1572 891; x_wconf 80' lang='lat' dir='ltr'><strong>templa</strong></span> <span class='ocrx_word' id='word_1_451' title='bbox 1582 856 1707 891; x_wconf 87' lang='lat' dir='ltr'><strong>perenni,</strong></span> 
     </span>
    </p>
   </div>
   <div class='ocr_carea' id='block_1_78' title="bbox 1008 902 1689 937">
    <p class='ocr_par' dir='ltr' id='par_1_78' title="bbox 1008 902 1689 937">
     <span class='ocr_line' id='line_1_79' title="bbox 1008 902 1689 937; baseline 0 -7"><span class='ocrx_word' id='word_1_452' title='bbox 1008 904 1060 931; x_wconf 89' lang='lat' dir='ltr'><strong>Per</strong></span> <span class='ocrx_word' id='word_1_453' title='bbox 1074 903 1132 930; x_wconf 89' lang='lat' dir='ltr'><strong>loca</strong></span> <span class='ocrx_word' id='word_1_454' title='bbox 1147 907 1210 930; x_wconf 90' lang='lat' dir='ltr'><strong>sunt</strong></span> <span class='ocrx_word' id='word_1_455' title='bbox 1219 903 1299 937; x_wconf 82' lang='lat' dir='ltr'><strong>positi</strong></span> <span class='ocrx_word' id='word_1_456' title='bbox 1312 907 1339 930; x_wconf 90' lang='lat' dir='ltr'><strong>et</strong></span> <span class='ocrx_word' id='word_1_457' title='bbox 1353 902 1477 930; x_wconf 88' lang='lat' dir='ltr'><strong>doctores</strong></span> <span class='ocrx_word' id='word_1_458' title='bbox 1490 902 1573 930; x_wconf 87' lang='lat' dir='ltr'><strong>multa</strong></span> <span class='ocrx_word' id='word_1_459' title='bbox 1586 902 1689 935; x_wconf 89' lang='lat' dir='ltr'><strong>ﬁdeles,</strong></span> 
     </span>
    </p>
   </div>
   <div class='ocr_carea' id='block_1_79' title="bbox 1008 947 1731 984">
    <p class='ocr_par' dir='ltr' id='par_1_79' title="bbox 1008 947 1731 984">
     <span class='ocr_line' id='line_1_80' title="bbox 1008 947 1731 984; baseline -0.001 -8"><span class='ocrx_word' id='word_1_460' title='bbox 1008 949 1059 982; x_wconf 87' lang='lat' dir='ltr'><strong>Qui</strong></span> <span class='ocrx_word' id='word_1_461' title='bbox 1073 952 1196 984; x_wconf 86' lang='lat' dir='ltr'><strong>regerent</strong></span> <span class='ocrx_word' id='word_1_462' title='bbox 1209 948 1347 983; x_wconf 83' lang='lat' dir='ltr'><strong>populum,</strong></span> <span class='ocrx_word' id='word_1_463' title='bbox 1361 948 1422 974; x_wconf 64' lang='lat' dir='ltr'><strong>vitae</strong></span> <span class='ocrx_word' id='word_1_464' title='bbox 1437 948 1483 982; x_wconf 93' lang='lat' dir='ltr'><strong>qui</strong></span> <span class='ocrx_word' id='word_1_465' title='bbox 1494 947 1577 975; x_wconf 88' lang='lat' dir='ltr'><strong>verba</strong></span> <span class='ocrx_word' id='word_1_466' title='bbox 1592 947 1731 980; x_wconf 89' lang='lat' dir='ltr'><strong>docerent,</strong></span> 
     </span>
    </p>
   </div>
   <div class='ocr_carea' id='block_1_80' title="bbox 1009 993 1689 1028">
    <p class='ocr_par' dir='ltr' id='par_1_80' title="bbox 1009 993 1689 1028">
     <span class='ocr_line' id='line_1_81' title="bbox 1009 993 1689 1028; baseline -0.003 -7"><span class='ocrx_word' id='word_1_467' title='bbox 1009 994 1060 1027; x_wconf 88' lang='lat' dir='ltr'><strong>Qui</strong></span> <span class='ocrx_word' id='word_1_468' title='bbox 1072 994 1204 1028; x_wconf 88' lang='lat' dir='ltr'><strong>baptisma</strong></span> <span class='ocrx_word' id='word_1_469' title='bbox 1216 994 1322 1025; x_wconf 90' lang='lat' dir='ltr'><strong>darent,</strong></span> <span class='ocrx_word' id='word_1_470' title='bbox 1336 993 1397 1020; x_wconf 61' lang='grc' dir='ltr'><strong>εαξῐὶ</strong></span> <span class='ocrx_word' id='word_1_471' title='bbox 1408 994 1453 1028; x_wconf 92' lang='lat' dir='ltr'><strong>qui</strong></span> <span class='ocrx_word' id='word_1_472' title='bbox 1464 1000 1533 1028; x_wconf 90' lang='lat' dir='ltr'><strong>pane</strong></span> <span class='ocrx_word' id='word_1_473' title='bbox 1545 993 1667 1021; x_wconf 89' lang='lat' dir='ltr'><strong>cibarent</strong></span> <span class='ocrx_word' id='word_1_474' title='bbox 1680 1001 1689 1026; x_wconf 85' lang='lat'><strong>;</strong></span> 
     </span>
    </p>
   </div>
   <div class='ocr_carea' id='block_1_81' title="bbox 1009 1039 1584 1075">
    <p class='ocr_par' dir='ltr' id='par_1_81' title="bbox 1009 1039 1584 1075">
     <span class='ocr_line' id='line_1_82' title="bbox 1009 1039 1584 1075; baseline -0.002 -8"><span class='ocrx_word' id='word_1_475' title='bbox 1009 1040 1048 1068; x_wconf 85' lang='lat' dir='ltr'><strong>Ne</strong></span> <span class='ocrx_word' id='word_1_476' title='bbox 1061 1040 1136 1075; x_wconf 88' lang='lat' dir='ltr'><strong>plebs</strong></span> <span class='ocrx_word' id='word_1_477' title='bbox 1154 1040 1278 1067; x_wconf 82' lang='lat' dir='ltr'><strong>esuriens</strong></span> <span class='ocrx_word' id='word_1_478' title='bbox 1293 1047 1308 1066; x_wconf 88' lang='lat' dir='ltr'><strong>a</strong></span> <span class='ocrx_word' id='word_1_479' title='bbox 1324 1047 1353 1067; x_wconf 91' lang='lat' dir='ltr'><strong>se</strong></span> <span class='ocrx_word' id='word_1_480' title='bbox 1365 1039 1457 1074; x_wconf 76' lang='lat' dir='ltr'><strong>jejuna</strong></span> <span class='ocrx_word' id='word_1_481' title='bbox 1473 1040 1584 1071; x_wconf 86' lang='lat' dir='ltr'><strong>rediret,</strong></span> 
     </span>
    </p>
   </div>
   <div class='ocr_carea' id='block_1_82' title="bbox 1010 1085 1757 1120">
    <p class='ocr_par' dir='ltr' id='par_1_82' title="bbox 1010 1085 1757 1120">
     <span class='ocr_line' id='line_1_83' title="bbox 1010 1085 1757 1120; baseline -0.001 -7"><span class='ocrx_word' id='word_1_482' title='bbox 1010 1085 1063 1113; x_wconf 87' lang='lat' dir='ltr'><strong>Sed</strong></span> <span class='ocrx_word' id='word_1_483' title='bbox 1075 1085 1179 1113; x_wconf 87' lang='lat' dir='ltr'><strong>cunctis</strong></span> <span class='ocrx_word' id='word_1_484' title='bbox 1191 1085 1314 1113; x_wconf 91' lang='lat' dir='ltr'><strong>Christus</strong></span> <span class='ocrx_word' id='word_1_485' title='bbox 1327 1089 1418 1120; x_wconf 86' lang='lat' dir='ltr'><strong>potus,</strong></span> <span class='ocrx_word' id='word_1_486' title='bbox 1432 1085 1508 1112; x_wconf 87' lang='lat' dir='ltr'><strong>cibus</strong></span> <span class='ocrx_word' id='word_1_487' title='bbox 1522 1089 1594 1112; x_wconf 87' lang='lat' dir='ltr'><strong>esset</strong></span> <span class='ocrx_word' id='word_1_488' title='bbox 1608 1085 1757 1113; x_wconf 87' lang='lat' dir='ltr'><strong>abundans.</strong></span> 
     </span>
    </p>
   </div>
   <div class='ocr_carea' id='block_1_83' title="bbox 1262 1129 1544 1165">
    <p class='ocr_par' dir='ltr' id='par_1_83' title="bbox 1262 1129 1544 1165">
     <span class='ocr_line' id='line_1_84' title="bbox 1262 1129 1544 1165; baseline 0 -8"><span class='ocrx_word' id='word_1_489' title='bbox 1262 1130 1342 1165; x_wconf 79' lang='lat'><strong>198</strong></span> <span class='ocrx_word' id='word_1_490' title='bbox 1357 1129 1470 1158; x_wconf 81' lang='lat' dir='ltr'><strong>CAPUT</strong></span> <span class='ocrx_word' id='word_1_491' title='bbox 1488 1130 1544 1157; x_wconf 81' lang='lat' dir='ltr'><strong>xu.</strong></span> 
     </span>
    </p>
   </div>
   <div class='ocr_carea' id='block_1_84' title="bbox 1012 1176 1795 1212">
    <p class='ocr_par' dir='ltr' id='par_1_84' title="bbox 1012 1176 1795 1212">
     <span class='ocr_line' id='line_1_85' title="bbox 1012 1176 1795 1212; baseline -0.001 -7"><span class='ocrx_word' id='word_1_492' title='bbox 1012 1177 1088 1211; x_wconf 83' lang='lat' dir='ltr'><strong>Quod</strong></span> <span class='ocrx_word' id='word_1_493' title='bbox 1101 1178 1263 1205; x_wconf 75' lang='lat' dir='ltr'><strong>devotissime</strong></span> <span class='ocrx_word' id='word_1_494' title='bbox 1276 1177 1380 1204; x_wconf 79' lang='lat' dir='ltr'><strong>verbum</strong></span> <span class='ocrx_word' id='word_1_495' title='bbox 1398 1177 1447 1203; x_wconf 84' lang='lat' dir='ltr'><strong>Dei</strong></span> <span class='ocrx_word' id='word_1_496' title='bbox 1463 1186 1509 1212; x_wconf 84' lang='lat' dir='ltr'><strong>per</strong></span> <span class='ocrx_word' id='word_1_497' title='bbox 1525 1176 1613 1204; x_wconf 85' lang='lat' dir='ltr'><strong>omnia</strong></span> <span class='ocrx_word' id='word_1_498' title='bbox 1630 1177 1688 1205; x_wconf 85' lang='lat' dir='ltr'><strong>loca</strong></span> <span class='ocrx_word' id='word_1_499' title='bbox 1700 1178 1795 1212; x_wconf 62' lang='lat' dir='ltr'><strong>pra&#39;di-</strong></span> 
     </span>
    </p>
   </div>
   <div class='ocr_carea' id='block_1_85' title="bbox 1274 1212 1499 1247">
    <p class='ocr_par' dir='ltr' id='par_1_85' title="bbox 1274 1212 1499 1247">
     <span class='ocr_line' id='line_1_86' title="bbox 1274 1212 1499 1247; baseline 0 -8"><span class='ocrx_word' id='word_1_500' title='bbox 1274 1220 1334 1239; x_wconf 81' lang='lat' dir='ltr'><strong>care</strong></span> <span class='ocrx_word' id='word_1_501' title='bbox 1350 1212 1499 1247; x_wconf 81' lang='lat' dir='ltr'><strong>festinabat.</strong></span> 
     </span>
    </p>
   </div>
   <div class='ocr_carea' id='block_1_86' title="bbox 1047 1258 1743 1295">
    <p class='ocr_par' dir='ltr' id='par_1_86' title="bbox 1047 1258 1743 1295">
     <span class='ocr_line' id='line_1_87' title="bbox 1047 1258 1743 1295; baseline 0.004 -10"><span class='ocrx_word' id='word_1_502' title='bbox 1047 1258 1102 1286; x_wconf 82' lang='lat' dir='ltr'><strong>Hoc</strong></span> <span class='ocrx_word' id='word_1_503' title='bbox 1117 1266 1184 1293; x_wconf 89' lang='lat' dir='ltr'><strong>opus</strong></span> <span class='ocrx_word' id='word_1_504' title='bbox 1193 1259 1245 1286; x_wconf 87' lang='lat' dir='ltr'><strong>hoc</strong></span> <span class='ocrx_word' id='word_1_505' title='bbox 1260 1258 1348 1286; x_wconf 83' lang='lat' dir='ltr'><strong>fuerat</strong></span> <span class='ocrx_word' id='word_1_506' title='bbox 1357 1258 1486 1293; x_wconf 76' lang='lat' dir='ltr'><strong>praeclaro</strong></span> <span class='ocrx_word' id='word_1_507' title='bbox 1496 1259 1610 1294; x_wconf 64' lang='lat' dir='ltr'><strong>praesule</strong></span> <span class='ocrx_word' id='word_1_508' title='bbox 1625 1267 1743 1295; x_wconf 83' lang='lat' dir='ltr'><strong>semper,</strong></span> 
     </span>
    </p>
   </div>
   <div class='ocr_carea' id='block_1_87' title="bbox 1012 1304 1701 1338">
    <p class='ocr_par' dir='ltr' id='par_1_87' title="bbox 1012 1304 1701 1338">
     <span class='ocr_line' id='line_1_88' title="bbox 1012 1304 1701 1338; baseline 0.001 -7"><span class='ocrx_word' id='word_1_509' title='bbox 1012 1304 1130 1331; x_wconf 89' lang='lat' dir='ltr'><strong>Plurima</strong></span> <span class='ocrx_word' id='word_1_510' title='bbox 1141 1304 1212 1338; x_wconf 89' lang='lat' dir='ltr'><strong>quod</strong></span> <span class='ocrx_word' id='word_1_511' title='bbox 1223 1304 1306 1331; x_wconf 80' lang='lat' dir='ltr'><strong>ferret</strong></span> <span class='ocrx_word' id='word_1_512' title='bbox 1320 1305 1471 1331; x_wconf 89' lang='lat' dir='ltr'><strong>animarum</strong></span> <span class='ocrx_word' id='word_1_513' title='bbox 1485 1304 1559 1331; x_wconf 90' lang='lat' dir='ltr'><strong>lucra</strong></span> <span class='ocrx_word' id='word_1_514' title='bbox 1572 1305 1701 1338; x_wconf 85' lang='lat' dir='ltr'><strong>Tonanti,</strong></span> 
     </span>
    </p>
   </div>
   <div class='ocr_carea' id='block_1_88' title="bbox 1012 1348 1736 1382">
    <p class='ocr_par' dir='ltr' id='par_1_88' title="bbox 1012 1348 1736 1382">
     <span class='ocr_line' id='line_1_89' title="bbox 1012 1348 1736 1382; baseline 0.001 -7"><span class='ocrx_word' id='word_1_515' title='bbox 1012 1349 1046 1375; x_wconf 86' lang='lat' dir='ltr'><strong>Et</strong></span> <span class='ocrx_word' id='word_1_516' title='bbox 1059 1348 1173 1376; x_wconf 89' lang='lat' dir='ltr'><strong>Domino</strong></span> <span class='ocrx_word' id='word_1_517' title='bbox 1189 1349 1222 1376; x_wconf 91' lang='lat' dir='ltr'><strong>ad</strong></span> <span class='ocrx_word' id='word_1_518' title='bbox 1235 1355 1328 1376; x_wconf 88' lang='lat' dir='ltr'><strong>servos</strong></span> <span class='ocrx_word' id='word_1_519' title='bbox 1341 1353 1472 1376; x_wconf 80' lang='lat' dir='ltr'><strong>remeanti</strong></span> <span class='ocrx_word' id='word_1_520' title='bbox 1487 1354 1643 1377; x_wconf 84' lang='lat' dir='ltr'><strong>occurreret</strong></span> <span class='ocrx_word' id='word_1_521' title='bbox 1653 1349 1736 1382; x_wconf 90' lang='lat' dir='ltr'><strong>ultro,</strong></span> 
     </span>
    </p>
   </div>
   <div class='ocr_carea' id='block_1_89' title="bbox 1012 1393 1691 1429">
    <p class='ocr_par' dir='ltr' id='par_1_89' title="bbox 1012 1393 1691 1429">
     <span class='ocr_line' id='line_1_90' title="bbox 1012 1393 1691 1429; baseline 0 -8"><span class='ocrx_word' id='word_1_522' title='bbox 1012 1394 1187 1429; x_wconf 83' lang='lat' dir='ltr'><strong>Multiplicata</strong></span> <span class='ocrx_word' id='word_1_523' title='bbox 1203 1393 1427 1421; x_wconf 80' lang='lat' dir='ltr'><strong>ferens‘mauibus</strong></span> <span class='ocrx_word' id='word_1_524' title='bbox 1442 1394 1565 1429; x_wconf 89' lang='lat' dir='ltr'><strong>utrisque</strong></span> <span class='ocrx_word' id='word_1_525' title='bbox 1579 1394 1691 1422; x_wconf 88' lang='lat' dir='ltr'><strong>talenta.</strong></span> 
     </span>
    </p>
   </div>
   <div class='ocr_carea' id='block_1_90' title="bbox 1013 1438 1702 1474">
    <p class='ocr_par' dir='ltr' id='par_1_90' title="bbox 1013 1438 1702 1474">
     <span class='ocr_line' id='line_1_91' title="bbox 1013 1438 1702 1474; baseline 0 -9"><span class='ocrx_word' id='word_1_526' title='bbox 1013 1438 1117 1466; x_wconf 89' lang='lat' dir='ltr'><strong>Circuit</strong></span> <span class='ocrx_word' id='word_1_527' title='bbox 1131 1438 1232 1466; x_wconf 87' lang='lat' dir='ltr'><strong>idcirco</strong></span> <span class='ocrx_word' id='word_1_528' title='bbox 1246 1438 1309 1474; x_wconf 80' lang='lat' dir='ltr'><strong>vigil</strong></span> <span class='ocrx_word' id='word_1_529' title='bbox 1322 1439 1373 1465; x_wconf 88' lang='lat' dir='ltr'><strong>hoc</strong></span> <span class='ocrx_word' id='word_1_530' title='bbox 1386 1439 1517 1466; x_wconf 89' lang='lat' dir='ltr'><strong>tutamine</strong></span> <span class='ocrx_word' id='word_1_531' title='bbox 1530 1439 1658 1466; x_wconf 88' lang='lat' dir='ltr'><strong>mandras</strong></span> <span class='ocrx_word' id='word_1_532' title='bbox 1675 1445 1702 1472; x_wconf 87' lang='lat'><strong>-,</strong></span> 
     </span>
    </p>
   </div>
   <div class='ocr_carea' id='block_1_91' title="bbox 1013 1483 1658 1520">
    <p class='ocr_par' dir='ltr' id='par_1_91' title="bbox 1013 1483 1658 1520">
     <span class='ocr_line' id='line_1_92' title="bbox 1013 1483 1658 1520; baseline 0 -9"><span class='ocrx_word' id='word_1_533' title='bbox 1013 1484 1171 1512; x_wconf 88' lang='lat' dir='ltr'><strong>Nominibus</strong></span> <span class='ocrx_word' id='word_1_534' title='bbox 1182 1483 1288 1511; x_wconf 83' lang='lat' dir='ltr'><strong>meritis</strong></span> <span class='ocrx_word' id='word_1_535' title='bbox 1301 1487 1331 1511; x_wconf 93' lang='lat' dir='ltr'><strong>ut</strong></span> <span class='ocrx_word' id='word_1_536' title='bbox 1344 1484 1444 1512; x_wconf 86' lang='lat' dir='ltr'><strong>Christi</strong></span> <span class='ocrx_word' id='word_1_537' title='bbox 1456 1490 1568 1520; x_wconf 79' lang='lat' dir='ltr'><strong>augeret</strong></span> <span class='ocrx_word' id='word_1_538' title='bbox 1577 1485 1658 1517; x_wconf 86' lang='lat' dir='ltr'><strong>ovile,</strong></span> 
     </span>
    </p>
   </div>
   <div class='ocr_carea' id='block_1_92' title="bbox 974 1529 1644 1570">
    <p class='ocr_par' dir='ltr' id='par_1_92' title="bbox 974 1529 1644 1570">
     <span class='ocr_line' id='line_1_93' title="bbox 974 1529 1644 1570; baseline 0.001 -14"><span class='ocrx_word' id='word_1_539' title='bbox 974 1539 998 1570; x_wconf 67' lang='grc' dir='ltr'>ς</span> <span class='ocrx_word' id='word_1_540' title='bbox 1014 1529 1047 1556; x_wconf 87' lang='lat' dir='ltr'><strong>Et</strong></span> <span class='ocrx_word' id='word_1_541' title='bbox 1060 1536 1220 1564; x_wconf 89' lang='lat' dir='ltr'><strong>quocunque</strong></span> <span class='ocrx_word' id='word_1_542' title='bbox 1235 1529 1295 1563; x_wconf 89' lang='lat' dir='ltr'><strong>pius</strong></span> <span class='ocrx_word' id='word_1_543' title='bbox 1309 1529 1429 1563; x_wconf 80' lang='lat' dir='ltr'><strong>perrexit</strong></span> <span class='ocrx_word' id='word_1_544' title='bbox 1439 1537 1527 1564; x_wconf 64' lang='lat' dir='ltr'><strong>praeco</strong></span> <span class='ocrx_word' id='word_1_545' title='bbox 1538 1530 1644 1563; x_wconf 82' lang='lat' dir='ltr'><strong>salutis,</strong></span> 
     </span>
    </p>
   </div>
   <div class='ocr_carea' id='block_1_93' title="bbox 1014 1574 1670 1610">
    <p class='ocr_par' dir='ltr' id='par_1_93' title="bbox 1014 1574 1670 1610">
     <span class='ocr_line' id='line_1_94' title="bbox 1014 1574 1670 1610; baseline 0 -8"><span class='ocrx_word' id='word_1_546' title='bbox 1014 1574 1106 1602; x_wconf 87' lang='lat' dir='ltr'><strong>Gratia</strong></span> <span class='ocrx_word' id='word_1_547' title='bbox 1118 1574 1274 1601; x_wconf 87' lang='lat' dir='ltr'><strong>eelsithroni</strong></span> <span class='ocrx_word' id='word_1_548' title='bbox 1287 1582 1394 1609; x_wconf 83' lang='lat' dir='ltr'><strong>semper</strong></span> <span class='ocrx_word' id='word_1_549' title='bbox 1408 1576 1539 1610; x_wconf 60' lang='lat' dir='ltr'><strong>praivenit</strong></span> <span class='ocrx_word' id='word_1_550' title='bbox 1551 1580 1670 1607; x_wconf 90' lang='lat' dir='ltr'><strong>euntem,</strong></span> 
     </span>
    </p>
   </div>
   <div class='ocr_carea' id='block_1_94' title="bbox 1013 1618 1675 1656">
    <p class='ocr_par' dir='ltr' id='par_1_94' title="bbox 1013 1618 1675 1656">
     <span class='ocr_line' id='line_1_95' title="bbox 1013 1618 1675 1656; baseline 0 -9"><span class='ocrx_word' id='word_1_551' title='bbox 1013 1618 1144 1648; x_wconf 83' lang='lat' dir='ltr'><strong>Ell‘ectum</strong></span> <span class='ocrx_word' id='word_1_552' title='bbox 1155 1619 1279 1647; x_wconf 83' lang='lat' dir='ltr'><strong>tribuens</strong></span> <span class='ocrx_word' id='word_1_553' title='bbox 1294 1619 1373 1648; x_wconf 77' lang='lat' dir='ltr'><strong>factis</strong></span> <span class='ocrx_word' id='word_1_554' title='bbox 1387 1618 1530 1656; x_wconf 77' lang='lat' dir='ltr'><strong>verbisque</strong></span> <span class='ocrx_word' id='word_1_555' title='bbox 1546 1621 1675 1648; x_wconf 87' lang='lat' dir='ltr'><strong>docentis.</strong></span> 
     </span>
    </p>
   </div>
   <div class='ocr_carea' id='block_1_95' title="bbox 1306 1664 1506 1693">
    <p class='ocr_par' dir='ltr' id='par_1_95' title="bbox 1306 1664 1506 1693">
     <span class='ocr_line' id='line_1_96' title="bbox 1306 1664 1506 1693; baseline 0 -1"><span class='ocrx_word' id='word_1_556' title='bbox 1306 1664 1419 1693; x_wconf 86' lang='lat' dir='ltr'><strong>CAPUT</strong></span> <span class='ocrx_word' id='word_1_557' title='bbox 1439 1665 1506 1693; x_wconf 81' lang='lat' dir='ltr'><strong>X111.</strong></span> 
     </span>
    </p>
   </div>
   <div class='ocr_carea' id='block_1_96' title="bbox 1015 1710 1801 1772">
    <p class='ocr_par' dir='ltr' id='par_1_96' title="bbox 1015 1710 1801 1772">
     <span class='ocr_line' id='line_1_97' title="bbox 1015 1710 1801 1772; baseline 0.003 -35"><span class='ocrx_word' id='word_1_558' title='bbox 1015 1710 1092 1743; x_wconf 85' lang='lat' dir='ltr'><strong>Quod</strong></span> <span class='ocrx_word' id='word_1_559' title='bbox 1106 1718 1158 1737; x_wconf 83' lang='lat' dir='ltr'><strong>non</strong></span> <span class='ocrx_word' id='word_1_560' title='bbox 1171 1710 1259 1737; x_wconf 81' lang='lat' dir='ltr'><strong>omnia</strong></span> <span class='ocrx_word' id='word_1_561' title='bbox 1271 1719 1329 1746; x_wconf 64' lang='lat' dir='ltr'><strong>quo:</strong></span> <span class='ocrx_word' id='word_1_562' title='bbox 1340 1711 1409 1772; x_wconf 45' lang='lat' dir='ltr'><strong>uitem</strong></span> <span class='ocrx_word' id='word_1_563' title='bbox 1421 1711 1538 1746; x_wconf 68' lang='lat' dir='ltr'><strong>pontifex</strong></span> <span class='ocrx_word' id='word_1_564' title='bbox 1549 1711 1619 1746; x_wconf 77' lang='lat' dir='ltr'><strong>fecit,</strong></span> <span class='ocrx_word' id='word_1_565' title='bbox 1634 1720 1708 1739; x_wconf 80' lang='lat' dir='ltr'><strong>versu</strong></span> <span class='ocrx_word' id='word_1_566' title='bbox 1720 1721 1801 1740; x_wconf 84' lang='lat' dir='ltr'><strong>enar-</strong></span> 
     </span>
     <span class='ocr_line' id='line_1_98' title="bbox 1307 1752 1504 1772; baseline 0 0"><span class='ocrx_word' id='word_1_567' title='bbox 1307 1753 1355 1772; x_wconf 87' lang='lat' dir='ltr'><strong>ran</strong></span> <span class='ocrx_word' id='word_1_568' title='bbox 1377 1754 1393 1772; x_wconf 87' lang='lat' dir='ltr'><strong>a</strong></span> <span class='ocrx_word' id='word_1_569' title='bbox 1411 1752 1504 1772; x_wconf 87' lang='lat' dir='ltr'><strong>essent.</strong></span> 
     </span>
    </p>
   </div>
   <div class='ocr_carea' id='block_1_97' title="bbox 1307 1752 1504 1773">
    <p class='ocr_par' dir='ltr' id='par_1_97' title="bbox 1307 1752 1504 1773">
     <span class='ocr_line' id='line_1_99' title="bbox 1307 1752 1504 1773; baseline 0.005 -1"><span class='ocrx_word' id='word_1_570' title='bbox 1307 1752 1393 1773; x_wconf 88' lang='lat' dir='ltr'><strong>ranaa</strong></span> <span class='ocrx_word' id='word_1_571' title='bbox 1411 1752 1504 1773; x_wconf 87' lang='lat' dir='ltr'><strong>essent.</strong></span> 
     </span>
    </p>
   </div>
   <div class='ocr_carea' id='block_1_98' title="bbox 1047 1789 1759 1825">
    <p class='ocr_par' dir='ltr' id='par_1_98' title="bbox 1047 1789 1759 1825">
     <span class='ocr_line' id='line_1_100' title="bbox 1047 1789 1759 1825; baseline 0.003 -8"><span class='ocrx_word' id='word_1_572' title='bbox 1047 1790 1165 1817; x_wconf 81' lang='lat' dir='ltr'><strong>Plurima</strong></span> <span class='ocrx_word' id='word_1_573' title='bbox 1178 1797 1280 1825; x_wconf 88' lang='lat' dir='ltr'><strong>perque</strong></span> <span class='ocrx_word' id='word_1_574' title='bbox 1294 1798 1372 1818; x_wconf 92' lang='lat' dir='ltr'><strong>suum</strong></span> <span class='ocrx_word' id='word_1_575' title='bbox 1388 1789 1452 1819; x_wconf 80' lang='lat' dir='ltr'><strong>fecit</strong></span> <span class='ocrx_word' id='word_1_576' title='bbox 1469 1791 1597 1820; x_wconf 90' lang='lat' dir='ltr'><strong>miracula</strong></span> <span class='ocrx_word' id='word_1_577' title='bbox 1612 1799 1732 1824; x_wconf 86' lang='lat' dir='ltr'><strong>servum,</strong></span> <span class='ocrx_word' id='word_1_578' title='bbox 1756 1800 1759 1802; x_wconf 95' lang='grc'><strong>·</strong></span> 
     </span>
    </p>
   </div>
   <div class='ocr_carea' id='block_1_99' title="bbox 1013 1835 1722 1871">
    <p class='ocr_par' dir='ltr' id='par_1_99' title="bbox 1013 1835 1722 1871">
     <span class='ocr_line' id='line_1_101' title="bbox 1013 1835 1722 1871; baseline 0.006 -10"><span class='ocrx_word' id='word_1_579' title='bbox 1013 1835 1078 1869; x_wconf 70' lang='lat' dir='ltr'><strong>Quae</strong></span> <span class='ocrx_word' id='word_1_580' title='bbox 1092 1843 1164 1863; x_wconf 91' lang='lat' dir='ltr'><strong>nunc</strong></span> <span class='ocrx_word' id='word_1_581' title='bbox 1175 1843 1229 1863; x_wconf 89' lang='lat' dir='ltr'><strong>non</strong></span> <span class='ocrx_word' id='word_1_582' title='bbox 1242 1835 1320 1863; x_wconf 91' lang='lat' dir='ltr'><strong>libuit</strong></span> <span class='ocrx_word' id='word_1_583' title='bbox 1331 1844 1412 1863; x_wconf 83' lang='lat' dir='ltr'><strong>versu</strong></span> <span class='ocrx_word' id='word_1_584' title='bbox 1430 1844 1592 1871; x_wconf 83' lang='lat' dir='ltr'><strong>percurrere</strong></span> <span class='ocrx_word' id='word_1_585' title='bbox 1605 1842 1701 1865; x_wconf 86' lang='lat' dir='ltr'><strong>cuncta</strong></span> <span class='ocrx_word' id='word_1_586' title='bbox 1715 1847 1722 1865; x_wconf 75' lang='grc' dir='ltr'>ε</span> 
     </span>
    </p>
   </div>
   <div class='ocr_carea' id='block_1_100' title="bbox 1014 1880 1747 1918">
    <p class='ocr_par' dir='ltr' id='par_1_100' title="bbox 1014 1880 1747 1918">
     <span class='ocr_line' id='line_1_102' title="bbox 1014 1880 1747 1918; baseline 0.004 -11"><span class='ocrx_word' id='word_1_587' title='bbox 1014 1880 1068 1908; x_wconf 89' lang='lat' dir='ltr'><strong>Sed</strong></span> <span class='ocrx_word' id='word_1_588' title='bbox 1080 1880 1196 1907; x_wconf 89' lang='lat' dir='ltr'><strong>strictim</strong></span> <span class='ocrx_word' id='word_1_589' title='bbox 1207 1881 1330 1915; x_wconf 70' lang='lat' dir='ltr'><strong>qumdam</strong></span> <span class='ocrx_word' id='word_1_590' title='bbox 1341 1886 1496 1915; x_wconf 81' lang='lat' dir='ltr'><strong>properanti</strong></span> <span class='ocrx_word' id='word_1_591' title='bbox 1510 1886 1620 1918; x_wconf 79' lang='lat' dir='ltr'><strong>tangere</strong></span> <span class='ocrx_word' id='word_1_592' title='bbox 1634 1883 1747 1918; x_wconf 86' lang='lat' dir='ltr'><strong>plectro,</strong></span> 
     </span>
    </p>
   </div>
   <div class='ocr_carea' id='block_1_101' title="bbox 1014 1925 1619 1962">
    <p class='ocr_par' dir='ltr' id='par_1_101' title="bbox 1014 1925 1619 1962">
     <span class='ocr_line' id='line_1_103' title="bbox 1014 1925 1619 1962; baseline 0.005 -10"><span class='ocrx_word' id='word_1_593' title='bbox 1014 1925 1048 1952; x_wconf 87' lang='lat' dir='ltr'><strong>Et</strong></span> <span class='ocrx_word' id='word_1_594' title='bbox 1063 1925 1145 1960; x_wconf 77' lang='lat' dir='ltr'><strong>gestis</strong></span> <span class='ocrx_word' id='word_1_595' title='bbox 1159 1925 1249 1953; x_wconf 90' lang='lat' dir='ltr'><strong>titulos</strong></span> <span class='ocrx_word' id='word_1_596' title='bbox 1261 1926 1355 1960; x_wconf 86' lang='lat' dir='ltr'><strong>paucis</strong></span> <span class='ocrx_word' id='word_1_597' title='bbox 1370 1926 1510 1962; x_wconf 64' lang='lat' dir='ltr'><strong>praeﬁgere</strong></span> <span class='ocrx_word' id='word_1_598' title='bbox 1523 1929 1619 1961; x_wconf 87' lang='lat' dir='ltr'><strong>musis,</strong></span> 
     </span>
    </p>
   </div>
   <div class='ocr_carea' id='block_1_102' title="bbox 1014 1971 1729 2008">
    <p class='ocr_par' dir='ltr' id='par_1_102' title="bbox 1014 1971 1729 2008">
     <span class='ocr_line' id='line_1_104' title="bbox 1014 1971 1729 2008; baseline 0.006 -11"><span class='ocrx_word' id='word_1_599' title='bbox 1014 1971 1054 1997; x_wconf 86' lang='lat' dir='ltr'><strong>Ad</strong></span> <span class='ocrx_word' id='word_1_600' title='bbox 1066 1979 1230 2006; x_wconf 87' lang='lat' dir='ltr'><strong>prosamque</strong></span> <span class='ocrx_word' id='word_1_601' title='bbox 1240 1978 1330 1998; x_wconf 89' lang='lat' dir='ltr'><strong>meum</strong></span> <span class='ocrx_word' id='word_1_602' title='bbox 1340 1971 1468 1999; x_wconf 88' lang='lat' dir='ltr'><strong>lectorem</strong></span> <span class='ocrx_word' id='word_1_603' title='bbox 1482 1974 1592 2001; x_wconf 91' lang='lat' dir='ltr'><strong>mittere</strong></span> <span class='ocrx_word' id='word_1_604' title='bbox 1603 1974 1729 2008; x_wconf 88' lang='lat' dir='ltr'><strong>primam,</strong></span> 
     </span>
    </p>
   </div>
   <div class='ocr_carea' id='block_1_103' title="bbox 1014 2015 1586 2053">
    <p class='ocr_par' dir='ltr' id='par_1_103' title="bbox 1014 2015 1586 2053">
     <span class='ocr_line' id='line_1_105' title="bbox 1014 2015 1586 2053; baseline 0.005 -11"><span class='ocrx_word' id='word_1_605' title='bbox 1014 2016 1071 2044; x_wconf 87' lang='lat' dir='ltr'><strong>Illic</strong></span> <span class='ocrx_word' id='word_1_606' title='bbox 1085 2016 1268 2049; x_wconf 75' lang='lat' dir='ltr'><strong>invenietjam</strong></span> <span class='ocrx_word' id='word_1_607' title='bbox 1278 2015 1384 2051; x_wconf 91' lang='lat' dir='ltr'><strong>plenius</strong></span> <span class='ocrx_word' id='word_1_608' title='bbox 1395 2018 1486 2045; x_wconf 89' lang='lat' dir='ltr'><strong>omnia</strong></span> <span class='ocrx_word' id='word_1_609' title='bbox 1497 2023 1586 2053; x_wconf 78' lang='lat' dir='ltr'><strong>gesta,</strong></span> 
     </span>
    </p>
   </div>
   <div class='ocr_carea' id='block_1_104' title="bbox 1014 2061 1728 2100">
    <p class='ocr_par' dir='ltr' id='par_1_104' title="bbox 1014 2061 1728 2100">
     <span class='ocr_line' id='line_1_106' title="bbox 1014 2061 1728 2100; baseline 0.007 -13"><span class='ocrx_word' id='word_1_610' title='bbox 1014 2061 1156 2088; x_wconf 87' lang='lat' dir='ltr'><strong>Pontiﬁcis</strong></span> <span class='ocrx_word' id='word_1_611' title='bbox 1168 2061 1257 2096; x_wconf 83' lang='lat' dir='ltr'><strong>magni</strong></span> <span class='ocrx_word' id='word_1_612' title='bbox 1272 2061 1406 2094; x_wconf 86' lang='lat' dir='ltr'><strong>studium,</strong></span> <span class='ocrx_word' id='word_1_613' title='bbox 1422 2062 1582 2090; x_wconf 85' lang='lat' dir='ltr'><strong>documenta</strong></span> <span class='ocrx_word' id='word_1_614' title='bbox 1595 2064 1728 2100; x_wconf 80' lang='lat' dir='ltr'><strong>magistri,</strong></span> 
     </span>
    </p>
   </div>
   <div class='ocr_carea' id='block_1_105' title="bbox 1014 2105 1800 2146">
    <p class='ocr_par' dir='ltr' id='par_1_105' title="bbox 1014 2105 1800 2146">
     <span class='ocr_line' id='line_1_107' title="bbox 1014 2105 1800 2146; baseline 0.004 -12"><span class='ocrx_word' id='word_1_615' title='bbox 1014 2105 1187 2141; x_wconf 81' lang='lat' dir='ltr'><strong>Progeniem,</strong></span> <span class='ocrx_word' id='word_1_616' title='bbox 1219 2106 1301 2134; x_wconf 88' lang='lat' dir='ltr'><strong>vitam</strong></span> <span class='ocrx_word' id='word_1_617' title='bbox 1315 2126 1323 2139; x_wconf 87' lang='lat'><strong>,</strong></span> <span class='ocrx_word' id='word_1_618' title='bbox 1351 2114 1460 2141; x_wconf 88' lang='lat' dir='ltr'><strong>mores,</strong></span> <span class='ocrx_word' id='word_1_619' title='bbox 1485 2113 1644 2144; x_wconf 83' lang='lat' dir='ltr'><strong>mentesque</strong></span> <span class='ocrx_word' id='word_1_620' title='bbox 1670 2110 1800 2146; x_wconf 78' lang='lat' dir='ltr'><strong>benignas</strong></span> 
     </span>
    </p>
   </div>
   <div class='ocr_carea' id='block_1_106' title="bbox 1039 2148 1763 2191">
    <p class='ocr_par' dir='ltr' id='par_1_106' title="bbox 1039 2148 1763 2191">
     <span class='ocr_line' id='line_1_108' title="bbox 1039 2148 1763 2191; baseline 0.007 -15"><span class='ocrx_word' id='word_1_621' title='bbox 1039 2148 1044 2152; x_wconf 89' lang='grc'><strong>”</strong></span> <span class='ocrx_word' id='word_1_622' title='bbox 1300 2151 1397 2187; x_wconf 79' lang='lat' dir='ltr'><strong>[Mab.,</strong></span> <span class='ocrx_word' id='word_1_623' title='bbox 1413 2157 1586 2189; x_wconf 86' lang='lat' dir='ltr'><strong>mentemque</strong></span> <span class='ocrx_word' id='word_1_624' title='bbox 1598 2155 1763 2191; x_wconf 76' lang='lat' dir='ltr'><strong>benignam].</strong></span> 
     </span>
    </p>
   </div>
   <div class='ocr_carea' id='block_1_107' title="bbox 1016 2196 1680 2234">
    <p class='ocr_par' dir='ltr' id='par_1_107' title="bbox 1016 2196 1680 2234">
     <span class='ocr_line' id='line_1_109' title="bbox 1016 2196 1680 2234; baseline 0.006 -10"><span class='ocrx_word' id='word_1_625' title='bbox 1016 2196 1199 2233; x_wconf 87' lang='lat' dir='ltr'><strong>Devotumque</strong></span> <span class='ocrx_word' id='word_1_626' title='bbox 1212 2198 1268 2226; x_wconf 91' lang='lat' dir='ltr'><strong>Deo</strong></span> <span class='ocrx_word' id='word_1_627' title='bbox 1280 2205 1387 2233; x_wconf 85' lang='lat' dir='ltr'><strong>semper</strong></span> <span class='ocrx_word' id='word_1_628' title='bbox 1399 2206 1446 2226; x_wconf 90' lang='lat' dir='ltr'><strong>cor</strong></span> <span class='ocrx_word' id='word_1_629' title='bbox 1459 2200 1584 2228; x_wconf 87' lang='lat' dir='ltr'><strong>omnibus</strong></span> <span class='ocrx_word' id='word_1_630' title='bbox 1593 2200 1680 2234; x_wconf 89' lang='lat' dir='ltr'><strong>horis,</strong></span> 
     </span>
    </p>
   </div>
   <div class='ocr_carea' id='block_1_108' title="bbox 1015 2241 1711 2282">
    <p class='ocr_par' dir='ltr' id='par_1_108' title="bbox 1015 2241 1711 2282">
     <span class='ocr_line' id='line_1_110' title="bbox 1015 2241 1711 2282; baseline 0.007 -13"><span class='ocrx_word' id='word_1_631' title='bbox 1015 2241 1132 2278; x_wconf 76' lang='lat' dir='ltr'><strong>Legibus</strong></span> <span class='ocrx_word' id='word_1_632' title='bbox 1144 2242 1173 2269; x_wconf 91' lang='lat' dir='ltr'><strong>in</strong></span> <span class='ocrx_word' id='word_1_633' title='bbox 1183 2243 1268 2271; x_wconf 88' lang='lat' dir='ltr'><strong>sacris</strong></span> <span class='ocrx_word' id='word_1_634' title='bbox 1281 2244 1414 2271; x_wconf 83' lang='lat' dir='ltr'><strong>meditans</strong></span> <span class='ocrx_word' id='word_1_635' title='bbox 1429 2249 1577 2280; x_wconf 84' lang='lat' dir='ltr'><strong>noctesque</strong></span> <span class='ocrx_word' id='word_1_636' title='bbox 1590 2246 1711 2282; x_wconf 88' lang='lat' dir='ltr'><strong>diesque.</strong></span> 
     </span>
    </p>
   </div>
   <div class='ocr_carea' id='block_1_109' title="bbox 1304 2288 1505 2317">
    <p class='ocr_par' dir='ltr' id='par_1_109' title="bbox 1304 2288 1505 2317">
     <span class='ocr_line' id='line_1_111' title="bbox 1304 2288 1505 2317; baseline 0.005 -1"><span class='ocrx_word' id='word_1_637' title='bbox 1304 2288 1418 2317; x_wconf 82' lang='lat' dir='ltr'><strong>CAPUT</strong></span> <span class='ocrx_word' id='word_1_638' title='bbox 1437 2289 1505 2317; x_wconf 79' lang='lat' dir='ltr'><strong>XIV.</strong></span> 
     </span>
    </p>
   </div>
   <div class='ocr_carea' id='block_1_110' title="bbox 1015 2333 1798 2372">
    <p class='ocr_par' dir='ltr' id='par_1_110' title="bbox 1015 2333 1798 2372">
     <span class='ocr_line' id='line_1_112' title="bbox 1015 2333 1798 2372; baseline 0.006 -13"><span class='ocrx_word' id='word_1_639' title='bbox 1015 2333 1091 2366; x_wconf 85' lang='lat' dir='ltr'><strong>Quod</strong></span> <span class='ocrx_word' id='word_1_640' title='bbox 1105 2334 1394 2372; x_wconf 61' lang='lat' dir='ltr'><strong>confringmitifainnlo</strong></span> <span class='ocrx_word' id='word_1_641' title='bbox 1413 2336 1461 2362; x_wconf 84' lang='lat' dir='ltr'><strong>Dei</strong></span> <span class='ocrx_word' id='word_1_642' title='bbox 1478 2335 1573 2372; x_wconf 80' lang='lat' dir='ltr'><strong>[Mab.,</strong></span> <span class='ocrx_word' id='word_1_643' title='bbox 1590 2336 1667 2369; x_wconf 88' lang='lat' dir='ltr'><strong>Quod</strong></span> <span class='ocrx_word' id='word_1_644' title='bbox 1683 2338 1798 2372; x_wconf 79' lang='lat' dir='ltr'><strong>confrin-</strong></span> 
     </span>
    </p>
   </div>
   <div class='ocr_carea' id='block_1_111' title="bbox 1049 2369 1799 2406">
    <p class='ocr_par' dir='ltr' id='par_1_111' title="bbox 1049 2369 1799 2406">
     <span class='ocr_line' id='line_1_113' title="bbox 1049 2369 1799 2406; baseline 0.005 -11"><span class='ocrx_word' id='word_1_645' title='bbox 1049 2378 1111 2406; x_wconf 72' lang='lat' dir='ltr'><strong>gens</strong></span> <span class='ocrx_word' id='word_1_646' title='bbox 1120 2369 1234 2406; x_wconf 72' lang='lat' dir='ltr'><strong>[uiuidus</strong></span> <span class='ocrx_word' id='word_1_647' title='bbox 1243 2370 1301 2405; x_wconf 66' lang='lat' dir='ltr'><strong>Dei]</strong></span> <span class='ocrx_word' id='word_1_648' title='bbox 1315 2371 1403 2403; x_wconf 71' lang='lat' dir='ltr'><strong>fimum</strong></span> <span class='ocrx_word' id='word_1_649' title='bbox 1416 2369 1556 2404; x_wconf 78' lang='lat' dir='ltr'><strong>quoddam,</strong></span> <span class='ocrx_word' id='word_1_650' title='bbox 1567 2372 1655 2406; x_wconf 82' lang='lat' dir='ltr'><strong>gladio</strong></span> <span class='ocrx_word' id='word_1_651' title='bbox 1666 2381 1681 2399; x_wconf 87' lang='lat' dir='ltr'><strong>a</strong></span> <span class='ocrx_word' id='word_1_652' title='bbox 1689 2369 1799 2406; x_wconf 79' lang='lat' dir='ltr'><strong>quodam</strong></span> 
     </span>
    </p>
   </div>
   <div class='ocr_carea' id='block_1_112' title="bbox 1049 2405 1800 2464">
    <p class='ocr_par' dir='ltr' id='par_1_112' title="bbox 1049 2405 1800 2464">
     <span class='ocr_line' id='line_1_114' title="bbox 1049 2405 1800 2464; baseline 0.003 -34"><span class='ocrx_word' id='word_1_653' title='bbox 1049 2405 1143 2464; x_wconf 52' lang='lat' dir='ltr'><strong>Sardi“)</strong></span> <span class='ocrx_word' id='word_1_654' title='bbox 1157 2405 1183 2443; x_wconf 74' lang='lat' dir='ltr'><strong>in</strong></span> <span class='ocrx_word' id='word_1_655' title='bbox 1201 2410 1280 2444; x_wconf 64' lang='lat' dir='ltr'><strong>caput</strong></span> <span class='ocrx_word' id='word_1_656' title='bbox 1295 2413 1430 2444; x_wconf 66' lang='lat' dir='ltr'><strong>percussus</strong></span> <span class='ocrx_word' id='word_1_657' title='bbox 1445 2426 1452 2438; x_wconf 85' lang='lat'><strong>,</strong></span> <span class='ocrx_word' id='word_1_658' title='bbox 1466 2406 1511 2432; x_wconf 89' lang='lat' dir='ltr'><strong>sed</strong></span> <span class='ocrx_word' id='word_1_659' title='bbox 1533 2405 1587 2433; x_wconf 78' lang='lat' dir='ltr'><strong>Deo</strong></span> <span class='ocrx_word' id='word_1_660' title='bbox 1601 2405 1755 2442; x_wconf 76' lang='lat' dir='ltr'><strong>defendente</strong></span> <span class='ocrx_word' id='word_1_661' title='bbox 1766 2407 1800 2433; x_wconf 87' lang='lat' dir='ltr'><strong>nil</strong></span> 
     </span>
     <span class='ocr_line' id='line_1_115' title="bbox 1061 2441 1450 2464; baseline 0 0"><span class='ocrx_word' id='word_1_662' title='bbox 1061 2447 1151 2464; x_wconf 69' lang='lat' dir='ltr'><strong>(rsurth</strong></span> <span class='ocrx_word' id='word_1_663' title='bbox 1165 2444 1216 2464; x_wconf 72' lang='lat' dir='ltr'><strong>lClll</strong></span> <span class='ocrx_word' id='word_1_664' title='bbox 1233 2442 1347 2464; x_wconf 65' lang='grc' dir='ltr'><strong>ῙιἾἹιΞΙιΙῙδ</strong></span> <span class='ocrx_word' id='word_1_665' title='bbox 1360 2441 1450 2464; x_wconf 62' lang='grc' dir='ltr'><strong>Μἠδίζ.</strong></span> 
     </span>
    </p>
   </div>
   <div class='ocr_carea' id='block_1_113' title="bbox 1061 2442 1450 2472">
    <p class='ocr_par' dir='ltr' id='par_1_113' title="bbox 1061 2442 1450 2472">
     <span class='ocr_line' id='line_1_116' title="bbox 1061 2442 1450 2472; baseline 0.005 -8"><span class='ocrx_word' id='word_1_666' title='bbox 1061 2447 1151 2465; x_wconf 62' lang='grc' dir='ltr'><strong>(γεω-(ιε</strong></span> <span class='ocrx_word' id='word_1_667' title='bbox 1165 2442 1216 2464; x_wconf 78' lang='lat' dir='ltr'><strong>ictu</strong></span> <span class='ocrx_word' id='word_1_668' title='bbox 1232 2442 1347 2472; x_wconf 69' lang='lat' dir='ltr'><strong>ferientis</strong></span> <span class='ocrx_word' id='word_1_669' title='bbox 1360 2442 1450 2466; x_wconf 63' lang='lat' dir='ltr'><strong>sensit.</strong></span> 
     </span>
    </p>
   </div>
   <div class='ocr_carea' id='block_1_114' title="bbox 1050 2483 1743 2521">
    <p class='ocr_par' dir='ltr' id='par_1_114' title="bbox 1050 2483 1743 2521">
     <span class='ocr_line' id='line_1_117' title="bbox 1050 2483 1743 2521; baseline 0.007 -12"><span class='ocrx_word' id='word_1_670' title='bbox 1050 2483 1119 2509; x_wconf 73' lang='lat' dir='ltr'><strong>Ecce</strong></span> <span class='ocrx_word' id='word_1_671' title='bbox 1136 2483 1190 2510; x_wconf 88' lang='lat' dir='ltr'><strong>Deo</strong></span> <span class='ocrx_word' id='word_1_672' title='bbox 1203 2484 1300 2510; x_wconf 75' lang='lat' dir='ltr'><strong>Charus</strong></span> <span class='ocrx_word' id='word_1_673' title='bbox 1313 2484 1410 2518; x_wconf 62' lang='grc' dir='ltr'><strong>μικρευί</strong></span> <span class='ocrx_word' id='word_1_674' title='bbox 1419 2485 1477 2520; x_wconf 82' lang='lat' dir='ltr'><strong>jam</strong></span> <span class='ocrx_word' id='word_1_675' title='bbox 1490 2489 1611 2520; x_wconf 87' lang='lat' dir='ltr'><strong>tempore</strong></span> <span class='ocrx_word' id='word_1_676' title='bbox 1625 2486 1743 2521; x_wconf 87' lang='lat' dir='ltr'><strong>quodam</strong></span> 
     </span>
    </p>
   </div>
   <div class='ocr_carea' id='block_1_115' title="bbox 1016 2527 1697 2566">
    <p class='ocr_par' dir='ltr' id='par_1_115' title="bbox 1016 2527 1697 2566">
     <span class='ocr_line' id='line_1_118' title="bbox 1016 2527 1697 2566; baseline 0.006 -11"><span class='ocrx_word' id='word_1_677' title='bbox 1016 2527 1150 2555; x_wconf 86' lang='lat' dir='ltr'><strong>Tentabat</strong></span> <span class='ocrx_word' id='word_1_678' title='bbox 1164 2536 1212 2563; x_wconf 88' lang='lat' dir='ltr'><strong>per</strong></span> <span class='ocrx_word' id='word_1_679' title='bbox 1218 2537 1248 2556; x_wconf 86' lang='lat' dir='ltr'><strong>se</strong></span> <span class='ocrx_word' id='word_1_680' title='bbox 1261 2529 1395 2564; x_wconf 90' lang='lat' dir='ltr'><strong>quoddam</strong></span> <span class='ocrx_word' id='word_1_681' title='bbox 1407 2530 1578 2566; x_wconf 78' lang='lat' dir='ltr'><strong>confringere</strong></span> <span class='ocrx_word' id='word_1_682' title='bbox 1593 2531 1697 2564; x_wconf 79' lang='lat' dir='ltr'><strong>fanum,</strong></span> 
     </span>
    </p>
   </div>
   <div class='ocr_carea' id='block_1_116' title="bbox 1016 2572 1711 2610">
    <p class='ocr_par' dir='ltr' id='par_1_116' title="bbox 1016 2572 1711 2610">
     <span class='ocr_line' id='line_1_119' title="bbox 1016 2572 1711 2610; baseline 0.007 -10"><span class='ocrx_word' id='word_1_683' title='bbox 1016 2572 1073 2600; x_wconf 83' lang='lat' dir='ltr'><strong>Hoc</strong></span> <span class='ocrx_word' id='word_1_684' title='bbox 1087 2581 1203 2601; x_wconf 89' lang='lat' dir='ltr'><strong>cernens</strong></span> <span class='ocrx_word' id='word_1_685' title='bbox 1218 2574 1280 2601; x_wconf 90' lang='lat' dir='ltr'><strong>idoli</strong></span> <span class='ocrx_word' id='word_1_686' title='bbox 1295 2579 1387 2602; x_wconf 89' lang='lat' dir='ltr'><strong>custos</strong></span> <span class='ocrx_word' id='word_1_687' title='bbox 1403 2575 1429 2609; x_wconf 70' lang='grc' dir='ltr'><strong>ι’,</strong></span> <span class='ocrx_word' id='word_1_688' title='bbox 1447 2584 1595 2604; x_wconf 87' lang='lat' dir='ltr'><strong>succensus</strong></span> <span class='ocrx_word' id='word_1_689' title='bbox 1613 2577 1641 2604; x_wconf 93' lang='lat' dir='ltr'><strong>iu</strong></span> <span class='ocrx_word' id='word_1_690' title='bbox 1657 2578 1711 2610; x_wconf 91' lang='lat' dir='ltr'><strong>ira,</strong></span> 
     </span>
    </p>
   </div>
   <div class='ocr_carea' id='block_1_117' title="bbox 1016 2630 1801 2671">
    <p class='ocr_par' dir='ltr' id='par_1_117' title="bbox 1016 2630 1801 2671">
     <span class='ocr_line' id='line_1_120' title="bbox 1016 2630 1801 2671; baseline 0.008 -15"><span class='ocrx_word' id='word_1_691' title='bbox 1016 2633 1106 2671; x_wconf 81' lang='lat' dir='ltr'><strong>torum</strong></span> <span class='ocrx_word' id='word_1_692' title='bbox 1134 2630 1298 2671; x_wconf 75' lang='lat' dir='ltr'><strong>carminibus</strong></span> <span class='ocrx_word' id='word_1_693' title='bbox 1326 2637 1472 2671; x_wconf 63' lang='lat' dir='ltr'><strong>occurrunt</strong></span> <span class='ocrx_word' id='word_1_694' title='bbox 1496 2634 1674 2669; x_wconf 84' lang='lat' dir='ltr'><strong>castigatione</strong></span> <span class='ocrx_word' id='word_1_695' title='bbox 1700 2635 1801 2670; x_wconf 76' lang='lat' dir='ltr'><strong>digna.</strong></span> 
     </span>
    </p>
   </div>
   <div class='ocr_carea' id='block_1_118' title="bbox 1018 2665 1802 2704">
    <p class='ocr_par' dir='ltr' id='par_1_118' title="bbox 1018 2665 1802 2704">
     <span class='ocr_line' id='line_1_121' title="bbox 1018 2665 1802 2704; baseline 0.001 -10"><span class='ocrx_word' id='word_1_696' title='bbox 1018 2665 1098 2704; x_wconf 51' lang='lat' dir='ltr'><strong>sinad</strong></span> <span class='ocrx_word' id='word_1_697' title='bbox 1124 2665 1270 2704; x_wconf 70' lang='lat' dir='ltr'><strong>severioris</strong></span> <span class='ocrx_word' id='word_1_698' title='bbox 1299 2667 1430 2704; x_wconf 79' lang='lat' dir='ltr'><strong>pro_sodi;c</strong></span> <span class='ocrx_word' id='word_1_699' title='bbox 1461 2668 1532 2703; x_wconf 76' lang='lat' dir='ltr'><strong>leges</strong></span> <span class='ocrx_word' id='word_1_700' title='bbox 1563 2665 1651 2695; x_wconf 55' lang='lat' dir='ltr'><strong>omnia</strong></span> <span class='ocrx_word' id='word_1_701' title='bbox 1679 2665 1802 2696; x_wconf 57' lang='lat' dir='ltr'><strong>mam</strong></span> 
     </span>
    </p>
   </div>
   <div class='ocr_carea' id='block_1_119' title="bbox 1018 2699 1800 2738">
    <p class='ocr_par' dir='ltr' id='par_1_119' title="bbox 1018 2699 1800 2738">
     <span class='ocr_line' id='line_1_122' title="bbox 1018 2699 1800 2738; baseline 0.006 -13"><span class='ocrx_word' id='word_1_702' title='bbox 1018 2699 1094 2738; x_wconf 77' lang='lat' dir='ltr'><strong>velis.</strong></span> <span class='ocrx_word' id='word_1_703' title='bbox 1113 2700 1181 2738; x_wconf 85' lang='lat' dir='ltr'><strong>__lIuc</strong></span> <span class='ocrx_word' id='word_1_704' title='bbox 1203 2699 1308 2738; x_wconf 74' lang='lat' dir='ltr'><strong>spectat</strong></span> <span class='ocrx_word' id='word_1_705' title='bbox 1330 2699 1495 2738; x_wconf 54' lang='lat' dir='ltr'><strong>obserxatitf</strong></span> <span class='ocrx_word' id='word_1_706' title='bbox 1509 2704 1639 2738; x_wconf 64' lang='lat' dir='ltr'><strong>Svaligori</strong></span> <span class='ocrx_word' id='word_1_707' title='bbox 1667 2705 1693 2730; x_wconf 89' lang='lat' dir='ltr'><strong>in</strong></span> <span class='ocrx_word' id='word_1_708' title='bbox 1719 2706 1763 2731; x_wconf 83' lang='lat' dir='ltr'><strong>lib.</strong></span> <span class='ocrx_word' id='word_1_709' title='bbox 1782 2713 1800 2730; x_wconf 85' lang='lat' dir='ltr'><strong>ll</strong></span> 
     </span>
    </p>
   </div>
   <div class='ocr_carea' id='block_1_120' title="bbox 1018 2734 1801 2775">
    <p class='ocr_par' dir='ltr' id='par_1_120' title="bbox 1018 2734 1801 2775">
     <span class='ocr_line' id='line_1_123' title="bbox 1018 2734 1801 2775; baseline 0.006 -15"><span class='ocrx_word' id='word_1_710' title='bbox 1018 2734 1142 2775; x_wconf 58' lang='lat' dir='ltr'><strong>Ausonii,</strong></span> <span class='ocrx_word' id='word_1_711' title='bbox 1158 2734 1223 2769; x_wconf 26' lang='lat' dir='ltr'><strong>cap.’</strong></span> <span class='ocrx_word' id='word_1_712' title='bbox 1237 2736 1268 2762; x_wconf 78' lang='grc'><strong>21</strong></span> <span class='ocrx_word' id='word_1_713' title='bbox 1286 2745 1292 2762; x_wconf 90' lang='lat'><strong>:</strong></span> <span class='ocrx_word' id='word_1_714' title='bbox 1310 2745 1320 2761; x_wconf 77' lang='grc' dir='ltr'><strong>Ι</strong></span> <span class='ocrx_word' id='word_1_715' title='bbox 1345 2736 1507 2775; x_wconf 36' lang='lat' dir='ltr'><strong>Habebunt)</strong></span> <span class='ocrx_word' id='word_1_716' title='bbox 1536 2734 1622 2772; x_wconf 67' lang='lat' dir='ltr'><strong>inquit</strong></span> <span class='ocrx_word' id='word_1_717' title='bbox 1636 2760 1643 2768; x_wconf 84' lang='lat'><strong>.</strong></span> <span class='ocrx_word' id='word_1_718' title='bbox 1668 2740 1801 2774; x_wconf 68' lang='lat' dir='ltr'><strong>peculiare</strong></span> 
     </span>
    </p>
   </div>
   <div class='ocr_carea' id='block_1_121' title="bbox 1019 2768 1802 2803">
    <p class='ocr_par' dir='ltr' id='par_1_121' title="bbox 1019 2768 1802 2803">
     <span class='ocr_line' id='line_1_124' title="bbox 1019 2768 1802 2803; baseline 0.005 -8"><span class='ocrx_word' id='word_1_719' title='bbox 1019 2768 1108 2796; x_wconf 84' lang='lat' dir='ltr'><strong>Latini</strong></span> <span class='ocrx_word' id='word_1_720' title='bbox 1123 2768 1219 2803; x_wconf 55' lang='lat' dir='ltr'><strong>poetae,</strong></span> <span class='ocrx_word' id='word_1_721' title='bbox 1246 2776 1275 2797; x_wconf 86' lang='lat' dir='ltr'><strong>ut</strong></span> <span class='ocrx_word' id='word_1_722' title='bbox 1300 2779 1353 2798; x_wconf 90' lang='lat' dir='ltr'><strong>non</strong></span> <span class='ocrx_word' id='word_1_723' title='bbox 1368 2772 1453 2798; x_wconf 86' lang='lat' dir='ltr'><strong>solum</strong></span> <span class='ocrx_word' id='word_1_724' title='bbox 1479 2768 1584 2800; x_wconf 72' lang='lat' dir='ltr'><strong>Cra-eas</strong></span> <span class='ocrx_word' id='word_1_725' title='bbox 1612 2768 1802 2801; x_wconf 72' lang='lat' dir='ltr'><strong>declinationes</strong></span> 
     </span>
    </p>
   </div>
   <div class='ocr_carea' id='block_1_122' title="bbox 1020 2804 1802 2842">
    <p class='ocr_par' dir='ltr' id='par_1_122' title="bbox 1020 2804 1802 2842">
     <span class='ocr_line' id='line_1_125' title="bbox 1020 2804 1802 2842; baseline 0.006 -12"><span class='ocrx_word' id='word_1_726' title='bbox 1020 2804 1048 2830; x_wconf 93' lang='lat' dir='ltr'><strong>in</strong></span> <span class='ocrx_word' id='word_1_727' title='bbox 1060 2804 1160 2831; x_wconf 58' lang='lat' dir='ltr'><strong>Graecis</strong></span> <span class='ocrx_word' id='word_1_728' title='bbox 1178 2805 1351 2842; x_wconf 79' lang='lat' dir='ltr'><strong>negligerent,</strong></span> <span class='ocrx_word' id='word_1_729' title='bbox 1380 2807 1425 2833; x_wconf 78' lang='lat' dir='ltr'><strong>sed</strong></span> <span class='ocrx_word' id='word_1_730' title='bbox 1440 2812 1466 2833; x_wconf 81' lang='lat' dir='ltr'><strong>ct</strong></span> <span class='ocrx_word' id='word_1_731' title='bbox 1487 2810 1663 2842; x_wconf 77' lang='lat' dir='ltr'><strong>quantitatem</strong></span> <span class='ocrx_word' id='word_1_732' title='bbox 1681 2811 1717 2836; x_wconf 80' lang='lat' dir='ltr'><strong>ita</strong></span> <span class='ocrx_word' id='word_1_733' title='bbox 1733 2818 1802 2837; x_wconf 77' lang='lat' dir='ltr'><strong>ever-</strong></span> 
     </span>
    </p>
   </div>
   <div class='ocr_carea' id='block_1_123' title="bbox 999 2841 1730 2878">
    <p class='ocr_par' dir='ltr' id='par_1_123' title="bbox 999 2841 1730 2878">
     <span class='ocr_line' id='line_1_126' title="bbox 999 2841 1730 2878; baseline 0.007 -13"><span class='ocrx_word' id='word_1_734' title='bbox 999 2876 1005 2878; x_wconf 23' lang='lat'><strong><em>»</em></strong></span> <span class='ocrx_word' id='word_1_735' title='bbox 1021 2843 1119 2874; x_wconf 85' lang='lat' dir='ltr'><strong>terent,</strong></span> <span class='ocrx_word' id='word_1_736' title='bbox 1137 2844 1167 2867; x_wconf 88' lang='lat' dir='ltr'><strong>ut</strong></span> <span class='ocrx_word' id='word_1_737' title='bbox 1180 2845 1293 2869; x_wconf 82' lang='lat' dir='ltr'><strong>accentu</strong></span> <span class='ocrx_word' id='word_1_738' title='bbox 1315 2841 1388 2869; x_wconf 85' lang='lat' dir='ltr'><strong>illam</strong></span> <span class='ocrx_word' id='word_1_739' title='bbox 1404 2841 1505 2870; x_wconf 83' lang='lat' dir='ltr'><strong>tantum</strong></span> <span class='ocrx_word' id='word_1_740' title='bbox 1518 2845 1678 2872; x_wconf 69' lang='lat' dir='ltr'><strong>molirentur</strong></span> <span class='ocrx_word' id='word_1_741' title='bbox 1695 2866 1699 2871; x_wconf 95' lang='lat'><strong>.</strong></span> <span class='ocrx_word' id='word_1_742' title='bbox 1721 2855 1730 2870; x_wconf 72' lang='grc' dir='ltr'><strong><em>ι</em></strong></span> 
     </span>
    </p>
   </div>
  </div>
