3866 6170
297 309 400 363 7ίῖ

292 421 688 489 Pontilicisque
712 423 874 486 caput
895 417 1071 487 gladio
1096 416 1366 486 percussit
1395 424 1574 470 acuto.

295 515 403 570 Sed
425 513 511 567 vir
531 509 836 580 praecipuus
859 523 961 562 nec
983 507 1175 570 sensit,
1209 521 1310 561 nec
1335 506 1452 561 leve
1483 505 1693 560 vulnus.

293 605 469 672 Quem
497 601 719 656 voluere
741 597 825 653 sui
847 597 1074 652 comites
1093 596 1342 651 occidere
1361 596 1545 651 statim
1577 614 1610 648 :.

295 696 454 752 Ilunc
478 702 661 746 tamen
685 689 886 758 eripuit
916 687 1063 740 milis
1090 687 1157 742 de
1182 695 1355 740 morte
1383 686 1658 740 sacerdos.

295 787 400 856 Qui
420 786 523 839 luit
551 790 801 855 arreptus
829 780 1060 834 miseras
1087 793 1214 832 mox
1245 788 1408 833 tenue
1441 793 1656 847 poenas,

294 880 534 947 Postque
563 875 681 930 dies
703 881 886 927 ternas
907 869 1076 922 vitam
1106 867 1280 922 finivit
1309 883 1570 922 amaram.

298 971 500 1040 Sicque
517 981 645 1022 suos
673 970 891 1020 sanctos
919 960 1172 1019 Christus
1198 958 1477 1014 ulciscitur
1502 957 1662 1013 ultro.

907 1090 1134 1147 CAPUT
1159 1088 1276 1143 XV.

300 1215 416 1283 Qad
451 1212 687 1280 quidam,
719 1207 808 1277 qui
853 1221 997 1261 servo
1029 1189 1531 1285 Deirnalediterat,
1562 1201 1647 1256 die
1673 1209 1880 1272 postera

990 1284 1164 1346 perm.

266 1361 276 1470 ἱ
370 1399 494 1470 Egit
515 1396 622 1450 iter
645 1391 918 1464 quondam
945 1389 1282 1444 venerandus
1309 1369 1446 1444 forte
1473 1386 1664 1444 viator.

269 1467 276 1536 ῗ
300 1467 440 1561 Quia
457 1504 517 1544 se
544 1501 640 1557 per
671 1492 881 1554 segetes
906 1483 1124 1552 propior
1147 1481 1260 1551 jam
1295 1481 1489 1535 semita
1521 1478 1673 1534 duxit

301 1587 436 1641 Cum
464 1581 628 1637 sociis
651 1580 836 1643 etiam,
860 1576 1036 1632 tenuit
1053 1590 1189 1645 quas
1216 1575 1370 1629 dives
1396 1588 1594 1627 avarus
1633 1589 1646 1624 :

303 1676 400 1730 Cui
424 1681 670 1745 segetum
691 1676 872 1724 custos
898 1666 1089 1722 callem
1116 1665 1405 1735 prohibere
1431 1663 1667 1726 volebat,

302 1767 540 1821 Plurima
567 1761 914 1819 conclamans
947 1765 1138 1812 sancto
1166 1754 1403 1810 convitia
1429 1752 1630 1816 verbis,

302 1856 418 1912 Nec
443 1869 552 1910 non
575 1851 805 1922 augebat
833 1846 992 1903 factis
1019 1844 1306 1916 opprobria
1337 1843 1490 1898 diris.

305 1947 409 2017 Qui
445 1945 663 2002 divertit
689 1945 814 2007 iter,
843 1955 949 2010 qua
979 1955 1038 1994 se
1070 1938 1156 1991 via
1180 1936 1392 2007 publica
1421 1940 1722 1989 monstrat:

304 2043 427 2098 Mox
447 2040 589 2113 perit
615 2036 800 2092 infelix
826 2037 1006 2091 elusor
1033 2032 1152 2087 luce
1172 2030 1430 2094 secunda,

303 2135 437 2190 Tam
466 2133 591 2203 quia
611 2145 718 2185 non
741 2127 922 2183 timuit
945 2139 1102 2180 servo
1131 2123 1453 2178 maledicere
1475 2119 1695 2176 Christi.

893 2259 1122 2318 CAPUT
1162 2257 1300 2315 XVI.

305 2378 547 2445 Qualiter
581 2376 773 2446 fontem
811 2371 1013 2428 orando
1036 2370 1100 2424 de
1134 2368 1288 2424 arida
1324 2366 1508 2422 tellure
1550 2366 1878 2437 produxerit.

373 2489 512 2543 Dum
535 2487 719 2542 divina
733 2486 855 2556 pius
881 2483 1122 2540 caelestis
1152 2481 1360 2537 semina
1381 2482 1506 2536 vitae

304 2579 572 2650 Spargere
590 2593 689 2647 per
709 2576 906 2631 multas
930 2582 1317 2644 properaverat
1335 2573 1517 2627 accola
1544 2580 1751 2637 terras,

302 2671 558 2726 Pervenit
582 2683 684 2738 qua
710 2668 787 2722 nil
826 2666 1042 2722 steriles
1072 2666 1180 2720 nisi
1213 2665 1384 2736 gignit
1413 2679 1627 2718 arenas.

300 2763 596 2820 Infecunda
625 2761 722 2816 soli
751 2759 964 2830 species
983 2771 1156 2830 prope
1183 2757 1362 2812 littora
1393 2757 1568 2826 ponti,

301 2855 420 2923 Qua
457 2868 560 2908 nec
581 2851 752 2908 dulcis
769 2828 922 2919 aqua:
952 2828 1170 2903 inventa
1194 2855 1279 2902 est
1305 2847 1613 2902 sitientibus
1643 2846 1806 2900 unda.

300 2944 399 2998 Vir
418 2942 644 3012 cupiens
672 2945 890 2995 sanctus
915 2936 1077 2992 sociis
1108 2949 1426 2990 succurrere
1448 2935 1630 3000 fessis,

300 3034 547 3092 Jusserat
571 3042 630 3088 ut
671 3031 915 3086 facerent
951 3029 1094 3083 intra
1119 3028 1341 3084 tectoria
1371 3026 1566 3099 [Mab.,
1621 3025 1880 3098 tentoria]

1565 3117 1807 3190 [fosSam.

303 3221 421 3289 Quo
447 3221 616 3284 facto,
642 3216 839 3289 praesul
869 3215 1044 3272 solum
1070 3230 1129 3270 se
1151 3212 1420 3269 clauserat
1449 3212 1619 3277 intus,

304 3313 371 3368 Et
388 3312 617 3384 genibus
643 3309 767 3364 lixis
791 3308 1058 3378 laerymas
1083 3305 1339 3384 fundebat
1365 3320 1581 3360 amaras

306 3405 445 3459 Ante
480 3403 674 3465 Deum,
714 3399 925 3454 dulcem
964 3414 1070 3467 quo
1107 3413 1232 3452 mox
1262 3379 1509 3452 meruere
1535 3397 1630 3452 sed
1658 3396 1882 3463 undam,

306 3495 569 3552 Produxit
590 3493 771 3549 subito
791 3490 999 3546 fontem
1030 3489 1185 3559 prius
1211 3490 1364 3545 arida
1388 3488 1568 3555 tellus,

308 3590 383 3645 De
409 3603 518 3658 quo
538 3585 796 3656 potabant
823 3583 956 3638 socii
981 3597 1272 3653 secumque
1294 3581 1560 3644 ferebant,

309 3679 542 3751 lndiguit
568 3684 829 3748 quantum
849 3673 1061 3730 steriles
1077 3673 1163 3726 via
1186 3680 1361 3741 empta
1380 3686 1478 3741 per
1506 3686 1680 3742 agros.

875 3809 1105 3868 CAPUT
1143 3807 1307 3865 XVII.

311 3929 584 3996 Quomodo
619 3942 684 3981 ex
704 3927 818 3993 eius
844 3923 1196 3978 benedictione
1215 3922 1448 3996 ﬂgscona
1472 3919 1578 3973 vini
1609 3920 1663 3973 in
1685 3919 1885 3973 duode-

760 3995 860 4048 cim
884 4009 1137 4064 pauperes
1170 3991 1442 4061 suﬂiceret.

376 4111 681 4168 Occurrere
697 4107 794 4162 Dei
827 4103 1028 4159 famulo
1059 4111 1142 4158 ter
1167 4101 1307 4157 forte
1334 4101 1584 4169 quaterni

307 4201 624 4258 Panniculis
653 4198 835 4253 miseri
864 4195 1070 4259 vestiti,
1094 4203 1151 4248 et
1174 4192 1330 4263 panis
1356 4191 1538 4262 egeni,

309 4293 456 4360 Quos
485 4292 606 4362 pius
635 4297 695 4343 ut
714 4288 871 4352 vidit,
891 4293 1073 4340 motus
1091 4285 1294 4354 pietate
1325 4281 1615 4345 sacerdos;

308 4385 470 4438 Ferte
495 4395 697 4444 meam,
719 4378 877 4442 dixit,
902 4376 1216 4438 llasconem,
1249 4373 1385 4428 ferte
1413 4371 1674 4437 ministri,

310 4475 374 4528 Et
403 4473 631 4527 miscete
660 4469 791 4522 viris
821 4467 1001 4520 illam:
1033 4465 1337 4521 benedictio
1365 4463 1567 4518 Christi

310 4563 573 4620 Sullicere
595 4562 651 4616 in
675 4569 816 4615 totos
840 4558 1002 4613 faciat
1023 4557 1327 4628 largissime
1350 4553 1538 4629 [Mab.,
1558 4549 1886 4625 largissima]

1608 4646 1813 4720 [credo.

309 4751 489 4806 Turba
513 4747 732 4803 bibebat
756 4760 923 4800 ovans
951 4750 1211 4815 quantum
1241 4741 1343 4798 sibi
1380 4741 1611 4810 quisque
1653 4737 1887 4802 volebat,

309 4840 502 4896 Flasco
524 4849 704 4895 tamen
729 4835 906 4891 fuerat
925 4834 1133 4890 meliori
1163 4833 1322 4904 plena
1343 4831 1569 4887 falerno.

875 4963 1102 5020 CAPUT
1141 4962 1324 5018 XVIII.

313 5082 448 5139 Item
477 5067 708 5155 qualiter
737 5092 802 5131 ea:
824 5074 938 5146 ejus
968 5072 1320 5155 benedictione
1345 5072 1520 5126 vinum
1542 5072 1598 5126 in
1627 5087 1759 5142 cupa
1781 5086 1892 5125 cre-

1011 5153 1194 5198 sceret.

383 5270 623 5326 Venerat
635 5264 703 5320 ad
723 5261 1011 5332 quamdam
1035 5258 1226 5314 cellam
1245 5256 1573 5312 venerabilis
1600 5256 1816 5326 hospes.

317 5361 580 5417 Omnibus
604 5355 861 5411 Ecclesiae
891 5352 1050 5407 rebus
1073 5349 1186 5418 jam
1208 5350 1312 5404 rite
1336 5348 1591 5418 peractis.

317 5450 597 5506 Fratribus
621 5454 678 5502 et
703 5444 862 5500 solito
887 5443 1140 5497 mandata
1173 5455 1325 5495 more
1350 5438 1544 5503 salute,

320 5543 511 5598 Omnia
539 5537 872 5611 perspiciens
901 5548 1070 5588 sacra:
1097 5532 1286 5586 sedilia
1312 5531 1477 5586 cellae.

320 5635 632 5707 Ingrediens
657 5629 823 5685 etiam
853 5627 1015 5681 sociis
1045 5625 1266 5681 cellaria
1285 5624 1493 5693 paucis,

321 5726 376 5781 In
402 5741 504 5798 qua
536 5722 647 5780 sola
675 5732 864 5791 parum
889 5717 1000 5772 vini
1032 5717 1117 5772 vix
1144 5724 1312 5771 tunna
1343 5715 1585 5780 tenebat,

965 301 1542 359 IIACIOGRAPHICA.
1585 331 1652 341 -—
1693 301 1852 356 VI'I'A
1894 302 1948 356 S.
1994 296 2473 354 WILLIBRORDI.
2513 326 2582 336 -—
2623 296 2753 351 LIB.
2790 295 2855 351 II.

1900 415 1954 474 Δ
1981 411 2152 480 Quam
2175 411 2376 466 Christi
2401 409 2632 464 famulus
2662 407 2852 464 baculo
2873 406 3152 462 benedixit
3176 407 3425 472 honesto,

3451 295 3554 348 713

1977 502 2148 568 Quem
2175 501 2424 555 manibus
2453 513 2666 567 semper
2695 505 2914 552 sanctus
2938 505 3157 566 portare
3183 495 3407 550 solebat.

1977 594 2144 648 Nocte
2166 600 2426 661 sequente
2446 605 2657 659 merum
2681 589 2777 643 sed
2807 605 2952 653 mox,
2981 587 3232 642 mirabile
3261 588 3407 643 dictu
3432 589 3446 640 !

1981 684 2139 739 Solus
2170 685 2226 738 in
2245 683 2359 736 sede
2387 695 2615 734 manens
2638 689 2884 734 servator
2908 693 3157 733 crescere
3176 678 3333 743 vidit,

1979 776 2160 830 Donec
2180 772 2430 828 mellilluo
2446 770 2711 840 completa
2733 778 2816 825 est
2834 776 3054 824 nectare
3077 777 3264 822 tunna.

1981 867 2093 923 Hoc
2122 867 2272 921 lactus
2301 864 2486 921 retulit
2511 862 2820 918 venerando
2859 861 3018 916 Patre
3043 859 3237 916 silente
3261 857 3458 930 [Mab.,
3487 859 3560 913 si-

3241 949 3480 1022 [lenter].

1981 1047 2079 1102 Cui
2110 1048 2227 1117 pius
2256 1047 2481 1100 antistes
2507 1045 2726 1100 dederat
2753 1053 3020 1113 praecepta
3042 1042 3280 1106 tacendi,

1984 1141 2167 1210 Usque
2204 1139 2346 1194 diem
2366 1138 2576 1227 mortis,
2609 1137 2800 1192 nolens
2825 1137 2927 1191 sibi
2957 1148 3201 1206 quaerere
3228 1132 3463 1188 laudem.

2568 1273 2794 1330 CAPUT
2826 1272 2942 1326 XIX
2955 1312 2968 1324 .

1985 1391 2118 1462 Item
2157 1387 2384 1462 qualiter
2412 1402 2476 1462 ea:
2518 1385 2867 1462 benediction_e
2916 1381 3148 1462 ejusdem
3178 1380 3556 1462 virilia-glria-

2055 1451 2304 1529 dragiuta
2336 1456 2432 1510 viri
2452 1472 2519 1529 ea:
2552 1465 2779 1529 quatuor
2813 1451 3129 1522 ﬂasc'om'bus
3154 1451 3373 1506 modicis
3397 1451 3555 1504 bibis-

2057 1527 2171 1583 sent
2193 1543 2354 1597 usque
2392 1527 2459 1579 ad
2490 1527 2806 1580 satietatem.

2057 1661 2153 1715 Vir
2169 1661 2271 1716 fuit
2298 1662 2352 1714 in
2379 1659 2577 1729 populo
2602 1658 2780 1728 largus
2803 1672 2902 1726 pro
2930 1656 3178 1726 gentibus
3199 1655 3419 1722 hospes,

1910 1756 1958 1816 B
1987 1755 2197 1824 Saepius
2231 1751 2524 1821 hospitium
2554 1751 2708 1818 cujus
2729 1750 2932 1804 intrare
2949 1748 3157 1802 solebat

1984 1845 2244 1917 Egregius
2273 1842 2488 1912 praesul,
2513 1849 2697 1909 partes
2717 1841 2843 1894 dum
2873 1838 3025 1894 venit
3051 1838 3108 1890 in
3134 1837 3272 1891 illas.

1983 1935 2122 1990 Ecce
2147 1933 2235 1988 die
2262 1931 2495 2003 quadam
2524 1929 2773 1994 veniens,
2804 1929 2879 1983 nil
2903 1927 3162 1998 praescius
3191 1925 3311 1995 ejus

1983 2023 2080 2078 Vir
2100 2024 2200 2079 fuit
2225 2023 2490 2078 adventus
2515 2037 2529 2085 ;
2561 2034 2666 2090 qua
2687 2026 2909 2088 propter
2929 2016 3122 2087 pocula
3149 2016 3265 2070 vini

1983 2114 2099 2170 Non
2130 2114 2319 2169 habuit
2343 2113 2510 2167 charo
2537 2111 3042 2187 venientecrepente
3068 2107 3346 2178 magistro.

1983 2207 2096 2261 Hoc
2114 2205 2277 2259 Pater
2304 2217 2626 2274 agnoscens,
2648 2200 2812 2270 jussit
2837 2199 2941 2252 sibi
2970 2197 3113 2253 ferre
3139 2204 3454 2266 quaternas,

1983 2297 2088 2352 Per
2111 2296 2224 2350 loca
2245 2310 2380 2365 quas
2406 2292 2561 2363 pueri
2591 2306 2776 2347 secum
2802 2298 3022 2360 portare
3045 2287 3313 2352 solebant,

1983 2387 2273 2441 Flascones
2299 2385 2505 2454 pariter
2527 2381 2788 2446 modicas,
2811 2377 3090 2434 benedixit
3113 2385 3168 2433 et
3187 2377 3396 2446 inquit:

1983 2475 2137 2531 Nunc
2158 2476 2382 2530 miscete
2402 2472 2623 2543 quidem
2652 2471 2834 2534 nobis,
2853 2467 3156 2543 benedictio
3181 2467 3384 2522 Christi

1984 2565 2214 2636 Augebit
2234 2564 2446 2626 vinum,
2467 2562 2651 2626 credo,
2672 2560 2871 2630 pietate
2891 2559 3143 2630 benigna.

1986 2652 2079 2708 Sic
2106 2652 2210 2707 fuit
2231 2659 2287 2707 et
2313 2651 2536 2714 factum,
2551 2649 2664 2717 jam
2691 2649 2776 2703 bis
2796 2647 2959 2702 simul
2987 2662 3115 2702 ecce
3144 2645 3326 2701 viceni

1986 2745 2230 2814 Namque
2258 2742 2412 2796 fuere
2431 2741 2533 2796 viri
2555 2737 2818 2803 convivae,
2845 2737 2973 2791 vina
3000 2736 3272 2792 bibentes.

1987 2834 2197 2890 Sufﬁcit
2214 2833 2300 2888 his
2329 2830 2532 2887 Christi
2546 2844 2642 2900 per
2669 2829 2869 2883 donum
2891 2826 3040 2896 potio
3059 2825 3291 2880 cunctis.

2569 2958 2796 3015 CAPUT
2862 2957 2981 3012 XX.

1990 3074 2066 3129 De
2095 3075 2320 3146 quodam
2358 3082 2596 3144 protervo
2628 3071 2804 3146 divite,
2830 3070 2921 3139 qui
2946 3085 3064 3122 cum
3088 3064 3287 3146 {omit-Io
3310 3064 3406 3119 Dei
3428 3066 3569 3146 blibe-

2060 3135 2118 3198 re
2158 3135 2421 3208 renuit,'et
2454 3152 2568 3212 post
2594 3140 2769 3194 volens
2794 3181 2809 3206 ,
2843 3135 2948 3192 non
2978 3139 3170 3211 potuit,
3204 3136 3366 3189 donec
3410 3135 3475 3188 ab
3501 3149 3564 3190 eo

2058 3214 2330 3268 absolutus
2353 3221 2506 3268 esset.

2057 3352 2256 3406 Lassus
2281 3350 2384 3404 iter
2411 3349 2626 3404 Domini
2649 3347 2881 3403 famulus
2904 3345 3138 3402 faciebat
3161 3353 3427 3410 amatum,

1986 3442 2252 3497 Imbribus
2273 3440 2528 3497 :ethereis
2555 3440 2780 3508 cupiens
2809 3446 2923 3493 sata
2963 3438 3072 3491 lata
3095 3437 3293 3508 rigare.

1986 3533 2150 3587 Prata
2171 3531 2295 3600 pius
2313 3529 2508 3600 praesul
2529 3528 2808 3600 cujusdam
2831 3527 3016 3582 divitis
3035 3526 3205 3582 intrat

1987 3621 2122 3677 Cum
2150 3620 2313 3675 sociis
2334 3619 2606 3674 modicum
2627 3617 2787 3672 lassis
2808 3617 3155 3687 requiescere
3177 3625 3409 3686 tempus.

1987 3711 2204 3768 Caedere
2229 3710 2394 3779 coepit
2423 3724 2592 3779 equos
2621 3709 2811 3779 virgis,
2839 3717 2894 3763 et
2917 3707 3134 3779 abigere
3162 3709 3354 3778 pratis.

1988 3802 2158 3869 Quem
2177 3802 2298 3870 pius
2324 3799 2611 3869 alloquitur
2637 3798 2834 3852 blando
2854 3811 3104 3853 sermone
3131 3796 3383 3850 sacerdos
3407 3811 3422 3846 :

1987 3892 2211 3955 Desine,
2233 3903 2436 3958 quaeso,
2466 3888 2572 3942 tuis
2593 3902 2690 3941 nos
2713 3902 2858 3940 nunc
2882 3886 3152 3956 depellere
3185 3886 3377 3953 pratis,

1990 3985 2100 4040 Sed
2122 3981 2292 4052 magis
2313 3979 2380 4034 ad
2408 3988 2624 4032 nostras
2648 3977 2833 4047 epulas
2859 3977 3084 4030 conviva
3109 3976 3316 4040 venito,

1989 4078 2058 4132 Et
2082 4075 2208 4130 bibe
2237 4071 2540 4134 nobiscum,
2571 4069 2741 4123 simus
2771 4083 2985 4138 quoque
3004 4082 3222 4137 semper
3249 4067 3430 4123 amici.

1989 4164 2291 4235 Respondit
2317 4161 2467 4216 dives
2483 4159 2685 4214 furiosa
2715 4165 2896 4212 mente
2925 4157 3230 4227 superbus:

1989 4257 2122 4312 Nolo
2144 4264 2265 4310 tuas
2292 4251 2500 4323 epulas,
2527 4258 2707 4306 tecum
2736 4255 2925 4318 potare
2952 4262 3164 4302 recuso.

1989 4350 2110 4404 Mox
2137 4347 2317 4416 rapuit
2341 4343 2536 4416 praesul
2560 4342 2781 4398 verbum
2810 4340 2878 4396 de
2902 4355 3034 4395 voce
3060 4339 3328 4409 loquentis
3353 4357 3367 4391 :

1917 4452 1970 4512 ι)
1994 4441 2052 4496 Si
2090 4447 2278 4510 potare
2301 4451 2466 4507 negas
2491 4450 2703 4490 mecum
2727 4433 2906 4500 modo,
2930 4448 3039 4487 non
3066 4431 3214 4494 bibe,
3239 4445 3442 4500 quaeso.

1993 4530 2088 4586 [Iis
2115 4529 2278 4584 dictis
2301 4527 2514 4583 Domini
2544 4525 2776 4581 famulus
2803 4533 3121 4595 perrexerat
3145 4523 3312 4587 ultro,

1990 4623 2167 4693 Atque
2183 4623 2400 4678 domum
2431 4620 2582 4676 dives
2605 4619 2880 4690 propriam
2908 4613 3187 4687 repedavit
3215 4616 3432 4686 iniquus
3453 4631 3466 4668 :

1993 4714 2162 4782 Quem
2185 4713 2305 4768 sitis
2323 4710 2619 4765 inﬂammat
2638 4709 2806 4762 nimio
2829 4708 3042 4763 fervore
3063 4715 3286 4778 repente
3309 4724 3324 4772 ;

1990 4804 2094 4871 Qui
2122 4803 2351 4859 miscere
2379 4801 2564 4855 furens
2590 4797 2818 4853 famulos
2845 4797 2948 4852 sibi
2974 4797 3100 4858 vina
3124 4798 3382 4871 rogabat,

1990 4896 2279 4965 Accipiens
2304 4891 2552 4957 calicem,
2583 4890 2678 4946 sed
2703 4889 2780 4945 nil
2809 4890 3029 4946 sorbere
3050 4889 3282 4950 valebat.

1991 4985 2228 5041 Ardebat
2254 4983 2449 5038 sitiens
2468 4981 2802 5047 stomachus,
2827 4982 2921 5037 sed
2947 4981 3137 5052 pocula
3161 4979 3358 5038 Bacchi

1992 5073 2245 5145 Respuit,
2269 5081 2324 5127 et
2345 5080 2488 5127 totus
2514 5070 2746 5129 ﬂammis
2769 5071 2994 5127 ardebat
3021 5070 3248 5127 anhelis.

1992 5167 2103 5222 Nec
2130 5165 2300 5220 valuit
2318 5165 2602 5234 quisquam
2624 5163 2868 5219 medicus
2890 5163 3135 5218 relevare
3162 5161 3424 5225 laborem,

1993 5256 2174 5310 Donec
2195 5255 2313 5323 ipse
2333 5253 2500 5308 miser
2526 5252 2740 5321 culpam
2768 5251 3024 5322 cognovit
3044 5251 3302 5320 iniquam,

1991 5345 2166 5414 Atque
2193 5343 2288 5398 Dei
2311 5341 2497 5396 famuli
2528 5356 2596 5395 ex
2617 5341 2760 5395 dicto
2789 5345 3056 5393 tormenta
3082 5337 3289 5392 luisset.

1994 5438 2227 5510 Optabat
2252 5437 2486 5492 reditum
2515 5442 2847 5504 quapropter
2870 5432 3119 5503 praesulis
3143 5432 3288 5486 almi.

1993 5529 2232 5584 Venerat
2257 5529 2372 5596 ipse
2398 5540 2584 5589 senex,
2609 5524 2746 5579 alter
2771 5525 2899 5578 dum
2929 5532 3153 5579 venerat
3175 5540 3369 5580 annus.

1993 5619 2090 5674 Cui
2117 5619 2284 5672 miser
2309 5615 2566 5680 occurrit,
2583 5628 2801 5685 penam
2823 5614 3103 5671 confessus
3123 5631 3386 5682 amaram,

1994 5711 2090 5770 Cui
2115 5710 2236 5786 pius
2268 5707 2489 5766 indulsit
2515 5706 2777 5781 quidquid
2793 5706 3142 5765 commiserat
3161 5706 3218 5762 in
3245 5722 3330 5775 se,
