3866 6170
253 278 357 335 7I9

256 394 417 465 199
441 390 615 461 Atque
642 403 803 443 manu
832 382 1051 458 propria
1077 392 1262 455 potum
1287 389 1599 454 porrexerat
1628 381 1759 450 ipse.

252 485 356 553 Qui
386 498 513 540 mox
542 489 793 543 sanatus,
825 476 1041 533 fastidia
1074 476 1231 547 longa
1257 474 1583 543 relinquens,

250 575 536 646 Accipiens
563 572 786 630 calicem
816 570 976 642 pleno
1004 584 1062 624 se
1084 566 1285 639 proluit
1312 579 1426 620 ore.

841 681 1066 738 CAPUT
1104 679 1244 735 XXI.

257 779 530 847 Quomodo
551 780 610 832 in
638 776 872 847 Treveris
900 775 1103 847 ciuittye
1124 771 1323 847 orando
1347 780 1539 847 pestem
1563 768 1839 824 imminen-

554 858 655 903 tem
684 846 748 900 ab
783 844 989 900 ancillis
1024 841 1218 896 Christi
1253 844 1544 895 amouisset.

327 964 425 1018 Est
447 962 687 1031 antiqua,
718 967 908 1030 potens
934 956 1104 1012 muris
1131 962 1187 1010 et
1213 955 1453 1011 turribus
1481 955 1660 1024 ampla

258 1055 400 1109 Urbs
430 1053 701 1115 Treveris,
730 1065 832 1105 nec
857 1065 964 1104 non
989 1062 1163 1104 sacris
1186 1047 1514 1102 circumdata
1542 1045 1713 1110 cellis,

256 1149 314 1203 In
345 1147 541 1215 quibus
569 1144 776 1199 unatim
813 1140 1134 1211 populorum
1165 1140 1322 1194 turba
1348 1139 1560 1209 piorum

257 1236 530 1290 Laudibus
562 1233 843 1304 invigilant
871 1230 1105 1297 Domini,
1137 1238 1401 1298 nocteque
1426 1229 1640 1298 dieque.

259 1328 366 1381 llas
391 1326 534 1379 inter
564 1322 742 1378 fuerat
765 1336 1045 1378 sacrarum
1070 1320 1209 1375 cella
1234 1334 1504 1387 sororum,

258 1416 404 1483 Quas
434 1414 612 1469 subito
642 1412 869 1467 nimium
899 1411 1178 1481 quassavit
1206 1411 1374 1480 pestis
1409 1410 1624 1474 acerba,

258 1505 340 1561 Ex
364 1506 474 1558 vita
502 1505 605 1558 hac
633 1503 812 1571 rapuit
840 1517 938 1571 per
964 1517 1124 1571 quam
1161 1516 1305 1556 mors
1333 1501 1517 1555 ultima
1542 1500 1770 1565 multas;

261 1597 573 1650 Semineces
603 1594 847 1663 quaedam
872 1594 1032 1663 longo
1052 1592 1273 1661 iacuere
1308 1594 1526 1659 dolore;

262 1685 462 1741 Terror
483 1686 673 1740 mortis
696 1692 814 1739 erat
838 1685 1054 1748 nimius,
1083 1686 1179 1741 sed
1206 1694 1261 1740 et
1287 1687 1537 1742 omnibus
1571 1686 1735 1743 idem.

263 1778 399 1846 Spes
429 1776 530 1829 fuit
552 1776 604 1829 in
633 1774 836 1829 famulo
863 1773 1088 1840 Christi,
1114 1782 1342 1830 vocatus
1370 1784 1427 1831 et
1452 1775 1543 1831 ille

262 1869 395 1923 Cum
424 1866 677 1935 Iacrymis
697 1865 858 1919 citius
885 1863 1042 1919 fessis
1072 1879 1392 1920 succurrere
1421 1866 1604 1921 rebus.

263 1959 334 2013 At
359 1957 482 2027 pius
517 1955 605 2010 ille
629 1954 792 2009 Pater
813 1955 1103 2024 complevit
1129 1963 1254 2010 vota
1283 1971 1529 2011 sororum

259 2048 587 2113 Adveniens,
616 2045 738 2101 illas
757 2044 1008 2115 jam.nec
1036 2060 1159 2116 spes
1187 2046 1327 2101 alma
1353 2046 1564 2112 fefellit,

265 2139 369 2194 Sed
398 2137 650 2207 precibus
672 2137 843 2192 sancti
871 2151 997 2191 mox
1023 2137 1191 2206 pestis
1219 2138 1413 2192 acerba
1436 2137 1687 2204 recessit,

262 2228 329 2282 Et
360 2226 587 2288 Domino
614 2225 827 2280 Iaudem
855 2225 1089 2280 reddunt
1109 2240 1208 2295 pro
1234 2227 1438 2295 sospite
1459 2227 1592 2281 vita.

848 2335 1075 2392 CAPUT
1112 2336 1276 2390 XXII.

265 2431 418 2497 Quod
466 2440 625 2484 totam
672 2428 883 2481 domum
932 2427 1164 2496 ejusdem
1221 2426 1620 2497 patrisfamilias
1668 2442 1699 2479 a
1736 2427 1852 2497 Adru-

335 2502 545 2555 rissima
585 2499 838 2552 dtemonis
885 2495 1169 2551 tentatione
1213 2495 1453 2551 liberaret
1497 2496 1684 2567 [Mab.,
1727 2495 1854 2550 libe-

343 2570 554 2642 rasset].

340 2683 505 2737 Tecta
533 2682 724 2735 domus
755 2678 926 2748 patris
962 2676 1244 2745 cujusdam
1274 2685 1514 2746 tempore
1545 2676 1715 2731 multo

273 2773 482 2841 Saepius
516 2771 733 2824 incursu
769 2775 1035 2823 vexantur
1061 2766 1471 2833 diemonisatri,

272 2863 509 2933 Spiritus
535 2869 591 2916 et
624 2860 790 2914 variis
819 2860 967 2914 dirus
996 2858 1292 2912 terroribus
1323 2858 1467 2912 illam

268 2954 598 3025 Torquebat,
630 2967 770 3006 vano
795 2967 895 3007 nec
914 2950 1026 3021 jam
1056 2951 1436 3020 phantasmate
1468 2958 1709 3012 tantum;

270 3043 379 3100 Sed
403 3043 590 3099 nocuit
627 3042 855 3097 multum
884 3039 1189 3096 manifestis
1221 3040 1435 3110 publice
1459 3040 1643 3110 gestis,

267 3137 538 3193 Multoties
564 3136 810 3191 manibus
838 3128 1018 3205 raptas
1045 3142 1353 3204 vestesque,
1378 3134 1634 3203 cibosque

267 3225 523 3294 Injiciens
547 3224 809 3291 ï¬‚ammis;
844 3224 1105 3279 infantem
1136 3233 1293 3278 nocte
1314 3223 1586 3293 jacentem

268 3317 565 3387 Amplexus
594 3318 738 3371 inter
766 3317 960 3370 tulerat
985 3316 1065 3369 vis
1091 3315 1207 3369 dira
1233 3322 1543 3383 parentum,

272 3408 436 3463 Visus
468 3408 525 3460 in
556 3407 837 3461 ardentem
860 3406 1163 3475 plorantem
1193 3407 1408 3458 mittere
1443 3419 1654 3473 pyram,

273 3495 385 3551 Sed
407 3495 499 3548 vix
524 3501 742 3563 ereptus
768 3492 1014 3546 manibus
1043 3493 1108 3547 de
1134 3500 1305 3546 morte
1332 3508 1570 3545 suorum.

272 3586 426 3643 Hanc
455 3593 661 3656 pestem
688 3583 867 3638 nullus
892 3584 1066 3653 potuit
1093 3598 1289 3637 sanare
1318 3583 1589 3648 sacerdos,

272 3679 458 3734 Donec
484 3677 601 3746 ipse
633 3676 731 3731 Dei
756 3674 990 3730 famulus
1020 3690 1050 3729 a
1078 3683 1234 3745 patre
1261 3683 1481 3745 rogatus

274 3769 427 3825 Hanc
457 3769 709 3839 precibus
735 3777 945 3839 pestem
969 3768 1172 3823 sanctis
1201 3770 1468 3839 purgavit,
1497 3776 1551 3824 et
1578 3769 1650 3823 illi

274 3859 504 3915 Nomine
534 3860 633 3914 sub
657 3858 857 3913 Christi
889 3858 1229 3913 benedictam
1259 3858 1484 3913 miserat
1515 3860 1732 3914 undam.

275 3952 543 4008 Praescius
574 3959 629 4007 et
655 3965 837 4006 rerum
862 3950 1058 4020 praesul
1085 3950 1411 4020 przedixerat
1438 3950 1535 4014 illi,

275 4043 427 4111 Quod
457 4044 649 4099 domus
678 4041 769 4097 illa
796 4050 953 4098 vetus
974 4041 1205 4096 flammis
1233 4043 1301 4096 ab
1327 4043 1482 4098 hoste
1511 4042 1704 4099 fuisset

272 4135 655 4193 Consumenda
677 4135 829 4205 prius
860 4153 875 4188 :
905 4149 975 4190 ne
1004 4143 1080 4199 te,
1106 4148 1257 4205 rogo,
1290 4142 1492 4189 terreat
1520 4136 1682 4205 ignis,

274 4226 560 4282 Construis
586 4233 783 4296 optata:
807 4225 1002 4279 melius
1030 4224 1129 4278 tibi
1153 4234 1293 4280 tecta
1324 4226 1535 4291 salutis,

274 4317 406 4385 Qua:
435 4318 650 4373 munire
672 4316 783 4372 cito
805 4314 1093 4370 benedicta
1121 4314 1270 4371 fonte
1297 4326 1587 4372 memento.

271 4405 403 4462 Post
424 4407 659 4480 donante
684 4404 798 4460 Deo
826 4405 1097 4474 serpentis
1126 4414 1280 4474 peste
1305 4407 1543 4472 carebis,

271 4502 343 4557 Et
370 4508 462 4555 tua
486 4505 599 4553 tota
623 4496 816 4566 domus
847 4502 1023 4549 tecum
1060 4496 1313 4568 gaudebit
1337 4506 1534 4551 amata.

273 4591 467 4650 Omnia
493 4603 620 4643 mox
645 4586 817 4657 patris
845 4586 1185 4657 complentur
1210 4588 1266 4642 in
1284 4579 1472 4644 ordine
1500 4589 1669 4657 dicta,

273 4682 357 4740 Ex
375 4683 502 4739 hinc
527 4684 671 4739 nulla
702 4686 916 4740 domum
945 4685 1121 4757 tetigit
1147 4686 1375 4741 tentatio
1401 4685 1541 4753 talis,

276 4772 384 4831 Sed
409 4775 549 4831 bene
579 4789 804 4831 securus
834 4778 1036 4832 mansit
1063 4778 1334 4833 habitator
1362 4778 1416 4832 in
1446 4777 1555 4832 illa.

849 4891 1075 4949 CAPUT
1112 4892 1297 4947 XXIII.

279 5005 432 5073 Quod
460 5006 538 5079 uir
566 5004 664 5079 Dei
688 4986 869 5079 Caroli
907 5004 1060 5079 ducis
1094 5003 1426 5079 Francorum
1468 5006 1639 5077 ï¬lium
1684 5007 1865 5079 Pippi-

349 5092 473 5131 num
499 5076 796 5147 baptizavit,
822 5085 869 5129 et
893 5074 1130 5144 futurum
1151 5076 1199 5130 ei
1216 5074 1533 5146 praedixerat
1556 5074 1789 5150 regnum.

346 5186 456 5243 Iste
483 5188 579 5243 Dei
604 5195 825 5244 sanctus
849 5186 1175 5258 praedixerat
1204 5196 1327 5243 ante
1355 5186 1555 5257 futura,

281 5277 412 5345 Quae
429 5289 553 5350 post
580 5288 808 5335 eventus
833 5294 1014 5335 rerum
1041 5279 1201 5335 modo
1229 5294 1355 5335 vera
1381 5282 1666 5351 probabat.

280 5368 526 5440 Namque
553 5372 706 5427 ducis
737 5370 915 5428 Caroli
941 5370 1227 5442 Pippinum
1255 5372 1474 5429 nomine
1500 5382 1687 5431 natum

281 5461 353 5517 Ut
379 5462 540 5517 Pater
566 5465 775 5534 optavit
805 5479 963 5521 sacro
992 5464 1313 5535 baptismate
1338 5465 1519 5534 tinxit,

244 5586 247 5597 Î¹
282 5551 360 5607 De
388 5556 496 5623 quo
526 5555 803 5624 discipulis
828 5556 1081 5625 praedixit
1111 5556 1239 5611 talia
1276 5565 1429 5612 vates
1459 5576 1473 5612 :

287 5640 552 5696 Omnibus
579 5644 683 5697 iste
711 5644 832 5699 aliis
853 5644 1014 5700 fuerit
1041 5645 1323 5701 sublimior
1350 5646 1528 5703 infans

1078 266 1142 321 Î’.
1182 263 1248 323 F.
1289 264 1519 322 ALBINI
1557 262 1691 321 SEU
1732 260 2004 319 ALCUINI
2043 258 2327 317 OPERUM
2367 254 2545 312 PARS
2584 254 2647 311 Î½.

1860 381 1908 442 Î‘
1936 376 2268 432 Francorum
2291 372 2539 437 ducibus,
2561 382 2696 441 quos
2722 367 2919 423 saecula
2941 365 3099 439 longa
3134 366 3393 422 tulerunt.

3412 253 3519 307 79.0

1937 465 2036 520 IIie
2058 472 2207 536 reget
2229 463 2514 533 imperium
2544 461 2672 516 felix
2698 458 2931 515 feliciter
2948 458 3117 524 istud,

1935 556 2178 611 Dilatans
2207 554 2344 610 fines
2374 553 2584 621 magnis
2611 550 2742 605 hinc
2770 550 2897 605 inde
2927 549 3240 618 triumphis.

1935 643 2053 701 Non
2079 659 2213 714 opus
2241 651 2327 699 est
2352 641 2553 697 nostris
2585 640 2713 695 illud
2745 647 3057 695 monstrare
3082 638 3381 704 Camenis,

1937 735 2090 804 Quod
2114 742 2226 791 toto
2253 733 2401 789 veris
2430 732 2734 788 celebratur
2759 732 2815 786 in
2840 732 2973 787 orbe
2996 730 3244 802 loquelis.

2498 841 2725 899 CAPUT
2764 841 2954 899 XXIV.

2172 935 2253 989 De
2281 933 2512 989 moribus
2543 942 2590 988 et
2616 932 2681 986 de
2706 932 2848 986 obitu
2876 932 3048 987 sancti
3078 930 3278 986 Patris.

2009 1046 2107 1103 Vir
2134 1044 2236 1100 fuit
2263 1045 2366 1100 iste
2389 1044 2507 1110 Dei,
2534 1044 2771 1114 patiens,
2798 1044 3129 1109 moderatus,
3168 1043 3457 1109 honestus,

1940 1137 2178 1193 Moribus
2202 1136 2476 1207 egregius,
2504 1144 2561 1191 et
2592 1136 2649 1190 in
2674 1135 2824 1191 omni
2851 1143 3108 1190 strenuus
3135 1142 3278 1201 actu,

1940 1231 2116 1286 Corde
2142 1230 2286 1299 pius,
2313 1229 2505 1284 humili
2525 1229 2697 1295 mitis,
2725 1229 3037 1301 rigidusque
3062 1229 3315 1299 superbo,

1943 1321 2160 1378 Solator
2184 1322 2423 1388 miseris,
2454 1330 2511 1377 et
2533 1322 2690 1392 inops
2719 1322 2845 1387 sibi,
2874 1320 3028 1377 dives
3055 1321 3264 1393 egenis.

1943 1412 2046 1480 Qui
2072 1419 2359 1482 postquam
2388 1412 2513 1467 vita:
2538 1412 2750 1466 meritis
2783 1410 3058 1481 perfectus
3086 1412 3141 1465 in
3171 1411 3354 1476 annis,

1941 1505 2036 1560 Bis
2064 1512 2258 1560 octena
2283 1504 2407 1573 pius
2430 1503 2722 1573 complevit
2749 1504 2923 1558 lustra
2949 1503 3224 1569 sacerdos,

1945 1596 2056 1651 Ter
2081 1603 2275 1665 quater
2311 1602 2368 1650 et
2394 1610 2645 1662 menses,
2674 1594 2881 1650 mensis
2901 1593 3018 1664 jam
3040 1598 3263 1666 jamque
3303 1592 3529 1648 Novem-

1872 1725 2040 1788 Î’Ï‰-
2309 1778 2322 1788 _
2488 1777 2520 1788 á¿ƒ
2611 1778 2623 1788 .
2764 1778 2797 1788 á¼ˆ
2882 1778 2896 1788 .
2998 1777 3013 1788 Î¸
3305 1684 3463 1757 [bris.

1947 1777 2125 1834 Idibus
2145 1778 2375 1844 octenis,
2400 1777 2524 1833 coeli
2552 1778 2805 1849 migravit
2829 1778 2898 1832 ad
2926 1777 3128 1842 aulam,

1947 1867 2191 1925 Coetibus
2217 1868 2477 1939 angelicis
2497 1867 2743 1938 junctus,
2772 1867 3087 1924 ctelestibus
3106 1866 3323 1938 hymnis

1947 1959 2269 2016 Collaudans
2302 1959 2580 2016 Christum
2608 1974 2823 2029 semper
2848 1959 2968 2014 sine
2998 1961 3104 2014 line
3130 1959 3344 2014 beatus.

2519 2071 2747 2128 CAPUT
2784 2070 2951 2126 XXV.

1951 2161 2106 2229 Quod
2134 2163 2324 2233 fratres
2340 2162 2554 2218 Patrem
2580 2161 2879 2233 sepelientes
2907 2163 2964 2233 in
2988 2163 3541 2233 sareOphagum,quod

2021 2231 2224 2287 brevius
2250 2234 2420 2304 fuerat
2448 2231 2655 2304 corpori
2677 2232 2808 2302 ejus,
2838 2232 3009 2287 subito
3031 2231 3102 2285 ad
3125 2231 3303 2303 aptam
3326 2231 3539 2287 mensu-

2022 2320 2139 2358 ram
2164 2303 2474 2373 protelatur.

2021 2415 2191 2483 Quem
2223 2415 2418 2472 fratres
2447 2418 2627 2473 studio
2656 2426 2921 2474 curarunt
2948 2418 3181 2474 condere
3206 2426 3397 2473 sancto

1949 2506 2296 2573 Psalmodiis,
2325 2509 2560 2579 hymnis,
2588 2525 2782 2580 magno
2809 2524 2931 2564 cum
2962 2510 3139 2565 laudis
3168 2510 3395 2566 honore.

1954 2597 2357 2669 Sarcophagum
2382 2599 2599 2655 brevius
2627 2600 2805 2655 fuerat
2832 2601 2926 2655 sed
2949 2615 3176 2671 corpore
3198 2600 3396 2663 Patris,

1953 2687 2009 2742 In
2039 2702 2145 2756 quo
2176 2697 2301 2744 tunc
2326 2687 2527 2745 fratres
2554 2690 2844 2745 voluerunt
2866 2690 3099 2746 condere
3122 2705 3338 2759 corpus.

1953 2778 2144 2834 Eilecti
2172 2779 2401 2834 nimium
2431 2781 2635 2847 tristes,
2660 2781 2911 2836 mirabile
2933 2782 3115 2837 dictu!

1954 2868 2094 2925 Ecce
2116 2878 2339 2940 repente
2359 2870 2497 2941 lapis
2525 2887 2585 2929 se
2612 2874 2882 2941 protelare
2911 2873 3087 2929 locelli

1955 2960 2151 3032 Cmpit,
2177 2973 2232 3018 et
2260 2964 2327 3019 ad
2357 2963 2589 3023 formam
2611 2980 2670 3020 se
2699 2958 2904 3035 aptavit
2927 2966 3173 3037 corporis
3192 2965 3336 3020 almi.

2524 3074 2751 3136 CAPUT
2795 3080 2979 3137 XXVI.

1957 3180 2026 3233 Et
2050 3179 2186 3251 quod
2212 3180 2332 3233 miti
2362 3180 2539 3235 odoris
2568 3180 2862 3264 fragrantia
2891 3191 3053 3236 totam
3080 3181 3356 3252 asperserit
3384 3179 3545 3234 eccle-

2665 3269 2822 3306 stam.

1883 3070 1929 3132 C

2027 3365 2171 3419 Inter
2207 3373 2261 3419 et
2287 3365 2573 3434 exsequias
2601 3365 2725 3420 miri
2756 3365 3054 3435 fragrantia
3079 3366 3259 3421 odoris

1957 3455 2245 3510 Ambrosio
2271 3454 2557 3510 ecclesiam
2587 3456 2861 3524 perfundit
2886 3464 3101 3512 nectare
3130 3464 3316 3520 totam,

1958 3544 2250 3614 PerSpicue
2273 3544 2571 3613 angelicam
2594 3554 2901 3601 monstrans
2929 3547 3141 3601 venisse
3161 3552 3437 3601 catervam

1960 3638 2040 3691 Ad
2071 3636 2248 3692 Patris
2268 3635 2501 3692 ofï¬cium
2526 3637 2661 3692 laetis
2690 3638 3041 3693 concentibus
3070 3637 3214 3692 almi.

2510 3750 2737 3807 CAPUT
2781 3750 2989 3805 XXVII.

1966 3860 2118 3926 Quod
2150 3861 2257 3916 Deo
2286 3873 2529 3932 operante
2566 3864 2714 3935 signa
2755 3864 3025 3935 hucusque
3054 3864 3254 3919 soleant
3286 3864 3425 3933 ï¬eri,
3464 3865 3550 3918 ubi

2315 3943 2526 3987 sanctus
2554 3934 2633 3987 uir
2659 3950 2875 4005 corpore
2903 3934 3193 4006 requiescit.

2033 4044 2138 4099 Iste
2173 4044 2337 4100 Pater
2375 4053 2618 4110 sanctus,
2655 4056 2867 4115 pastor,
2891 4047 3227 4116 patriarcha,
3271 4046 3547 4110 sacerdos,

1963 4135 2020 4190 In
2049 4136 2262 4206 propria
2291 4144 2485 4206 pausat
2507 4136 2634 4191 felix
2662 4137 2966 4193 Asternaco
2992 4136 3151 4203 cella,

1964 4228 2023 4282 In
2050 4228 2265 4283 Iaudem
2294 4230 2540 4296 Domini,
2569 4246 2732 4301 quam
2756 4228 2871 4299 jam
2901 4236 3285 4286 construxerat
3307 4230 3421 4300 ipse

1966 4319 2023 4374 In
2052 4336 2157 4390 qua
2186 4320 2341 4392 signa
2362 4322 2505 4377 Deus
2531 4320 2696 4377 faciet
2725 4336 2868 4376 nunc
2895 4336 3072 4391 usque
3094 4320 3302 4376 salutis.

1894 4418 1944 4479 Î¹)
1968 4409 2048 4464 Ex
2075 4411 2180 4465 olei
2203 4419 2345 4466 tactu
2369 4412 2524 4466 multi
2552 4421 2817 4467 sanantur
2836 4412 3051 4483 aegroti,

1967 4501 2120 4568 Quod
2150 4501 2289 4557 solet
2315 4500 2383 4555 ad
2408 4517 2606 4572 corpus
2630 4503 2813 4574 magni
2838 4502 3019 4557 lucere
3047 4501 3281 4571 patroni.

1968 4594 2195 4650 Vincula
2220 4603 2546 4664 rumpuntur
2572 4610 2668 4665 per
2699 4611 2759 4651 se
2783 4594 3199 4666 properantibus
3228 4593 3376 4658 illuc,

1969 4685 2071 4753 Qui
2101 4702 2197 4741 sua
2223 4700 2344 4739 cum
2371 4683 2625 4757 lacrymis
2653 4687 2879 4742 veniunt
2905 4685 3046 4741 mala
3073 4686 3304 4740 crimina
3329 4684 3461 4739 ï¬‚ere

1970 4777 2039 4833 Et
2060 4777 2167 4832 laeti
2196 4774 2443 4842 redeunt,
2467 4776 2684 4834 Christo
2712 4778 2969 4843 donante,
2999 4777 3178 4832 soluti.

2505 4890 2731 4950 CAPUT
2770 4891 3000 4948 XXVIII.

1969 5005 2122 5073 Quod
2147 5004 2325 5062 lumen
2344 5006 2736 5078 sa-peeernitur
2759 5024 2936 5078 supra;
2959 5003 3205 5078 lectulum
3228 5003 3316 5058 ubi
3340 5012 3547 5058 sanctus

2479 5076 2853 5132 Willibrordus
2888 5076 3032 5130 obiit.

2035 5191 2202 5262 Inque
2230 5190 2349 5246 loco
2375 5190 2570 5256 sancti,
2605 5205 2712 5260 quo
2740 5197 2889 5246 stant
2919 5206 3074 5246 sacra
3104 5186 3321 5254 lectuls,
3352 5185 3544 5251 Patris,

1971 5281 2177 5352 Saepius
2201 5282 2485 5338 aetherium
2509 5282 2689 5338 lumen
2714 5282 2931 5339 venisse
2957 5283 3195 5349 videtur,

1970 5372 2070 5428 Hic
2089 5374 2214 5443 quia
2238 5373 2511 5444 pontificis
2536 5374 2787 5446 linquens
2811 5376 3082 5447 ergastula
3111 5379 3294 5435 carnis

1971 5467 2204 5539 Spiritus
2234 5478 2378 5523 astra
2403 5469 2537 5539 petit
2555 5469 2768 5524 meritis
2795 5470 3073 5525 vivacibus
3094 5470 3225 5539 alta,

1970 5560 2104 5614 Cum
2133 5558 2348 5614 Christo
2377 5567 2432 5614 et
2460 5560 2665 5615 sanctis
2692 5560 2955 5616 fruiturus
2982 5561 3101 5616 luce
3127 5563 3376 5633 perenni,

1972 5648 2124 5716 Quod
2159 5647 2251 5703 lux
2280 5648 2639 5716 demonstrat,
2668 5651 2862 5708 crebro
2891 5667 3106 5723 quoque
3132 5653 3376 5709 cernitur
3410 5651 3545 5709 istic.
