3866 6170
308 373 408 432 ’ῖὲι
979 370 1553 430 HAGIOGRAPHICA.
1594 403 1663 411 —
1703 371 1861 428 VITA
1901 372 1958 427 S.
2002 369 2480 427 WILLIBRORDI.
2523 400 2591 409 -—
2625 371 2751 425 LIB.
2792 370 2855 424 II.
3466 367 3573 422 792

873 505 1101 561 CAPUT
1140 507 1330 562 xxrx.
1601 521 1622 534 κ
1909 487 1965 546 Δ
2535 500 2759 556 CAPL‘T
2800 498 3012 554 xxx".

1991 590 2068 645 De
2095 591 2320 662 quodam
2361 592 2613 662 diacono,
2637 592 2723 660 qui
2755 592 2943 662 misera
2984 599 3147 662 morte
3176 589 3571 662 periitrpropter

301 625 462 695 Quod
593 637 795 693 quoque
824 621 944 674 miri
980 620 1154 674 odoris
1180 619 1472 691 fragrantia
1499 635 1590 688 per
1613 619 1742 671 vices
1769 632 1888 669 ⁸8η,
1991 619 2068 645 uc
2095 619 2320 662 quuuum
2361 619 2604 654 utucuuu,
2637 619 2722 660 ψη
2755 619 2943 671 "trama
2986 619 3146 670 mth
3167 619 3324 671 .pe'uu
3345 619 3375 672 ,ι

1026 693 1170 732 mm,
2197 661 2396 730 furtum
2423 661 2560 732 quod
2589 661 2778 728 fecerat
2803 679 2856 714 ιη
2885 660 3100 714 ecclesia
3131 677 3227 713 viri
3261 659 3375 713 Det.

1026 693 1173 744 titur.

2057 771 2256 825 Altaris
2274 769 2490 839 juvenis
2516 779 2768 840 corrupta
2794 780 2977 827 mente
3008 771 3276 837 minister,

1987 859 2138 915 Clam
2169 861 2346 930 rapuit
2369 861 2612 929 quaedam
2636 861 2809 916 sancti
2839 862 3061 916 donaria
3090 862 3294 931 templi.

1989 950 2217 1006 Tollitur
2240 968 2300 1007 ac
2325 968 2466 1008 saevo
2494 954 2738 1022 qumdam
2769 970 2903 1008 crux
2932 969 3094 1009 aurea
3122 954 3283 1018 furto,

1989 1045 2158 1113 Quam
2188 1047 2386 1102 Christi
2413 1047 2643 1101 famulus
2679 1063 2860 1103 secum
2887 1057 3106 1117 portare
3129 1049 3360 1114 solebat,

1985 1140 2121 1193 Dum
2149 1140 2272 1209 pius
2301 1141 2410 1210 egit
2436 1141 2557 1207 iter,
2590 1140 2806 1195 Christo
2834 1141 3150 1205 comitante,
3181 1141 3377 1205 viator,

1989 1227 2262 1302 Reliquias
2291 1241 2507 1302 propter
2533 1233 2730 1287 multas
2757 1249 2891 1302 quas
2918 1233 3101 1287 condit
3125 1232 3177 1286 in
3209 1232 3317 1286 illa.

1985 1319 2104 1374 Mox
2135 1331 2399 1378 tormenta
2425 1323 2524 1378 luit
2551 1324 2771 1379 sceleris
2799 1333 3159 1394 praesumptor
3189 1323 3407 1393 iniquus
3438 1341 3453 1377 :

1987 1410 2128 1465 Ultio
2151 1413 2500 1480 consequitur
2527 1421 2809 1482 peccatum
2832 1413 2976 1480 justa
3005 1411 3319 1476 nefandum,

1983 1499 2049 1554 Et
2072 1503 2211 1570 perit
2239 1502 2422 1558 infelix
2449 1504 2650 1557 crudeli
2674 1512 2832 1573 peste
2855 1511 3189 1572 peremptus.

1986 1588 2169 1644 Mortis
2205 1593 2258 1645 in
2287 1593 2514 1647 articulo
2540 1595 2723 1663 pandit
2754 1603 2931 1649 tamen
2961 1595 3123 1664 impia
3147 1592 3311 1656 furta,

1983 1677 2050 1731 Et
2071 1695 2197 1748 quo,
2220 1696 2337 1749 qua:
2361 1681 2576 1748 tulerat,
2604 1683 2887 1738 latuissent
2912 1685 3092 1738 omnia
3114 1692 3400 1738 monstrat.

376 827 435 880 In
467 840 574 896 quo
603 823 878 878 multoties
904 822 1113 877 caelesti
1142 830 1358 878 nectare
1386 821 1555 875 dulcis

307 919 538 984 Fragrat
565 917 720 981 odor,
743 930 871 970 vere
892 917 1166 984 pigmento
1193 913 1400 968 dulcior
1419 913 1586 966 omni.

309 1006 558 1062 Testibus
581 1021 610 1059 a
640 1005 822 1060 multis
849 1004 965 1060 ﬁeri
987 1021 1106 1074 quae
1129 1020 1257 1058 vera
1281 1004 1597 1073 probantur,

308 1098 547 1164 Quorum
578 1096 686 1149 vita
716 1094 874 1149 ﬁdem
907 1093 1147 1148 certabat
1170 1102 1317 1148 casta
1345 1093 1536 1146 relatu.

309 1193 480 1257 Quam
505 1188 745 1258 requiem
771 1201 958 1255 speras
980 1186 1218 1239 animam
1243 1183 1497 1238 habuisse
1525 1181 1766 1245 beatam,

310 1280 459 1333 Talia
485 1280 611 1334 dum
640 1277 799 1332 terris
820 1291 916 1346 per
937 1284 1153 1330 sanctas
1183 1276 1332 1345 signa
1361 1279 1624 1345 geruntur

310 1369 604 1438 Reliquias,
631 1367 766 1422 tanti
791 1366 1002 1422 meritis
1027 1366 1339 1437 dignissima
1363 1363 1570 1434 patris?

307 1459 407 1526 Qui
435 1459 636 1512 nostris
665 1457 865 1528 poterit
891 1456 1142 1526 precibus
1174 1454 1414 1509 relevare
1441 1452 1672 1517 dolores,

308 1549 363 1604 Si
383 1548 498 1617 jam
527 1549 688 1604 corde
714 1550 802 1619 pio
825 1548 1092 1618 lacrymas
1118 1545 1442 1602 effundimus
1464 1545 1596 1609 illic,

306 1644 422 1710 Quo
450 1642 612 1697 Pater
639 1641 888 1714 egregius
909 1649 1123 1697 sacrato
1148 1653 1374 1707 corpore
1393 1644 1604 1706 pausat.

881 1775 1108 1832 CAPUT
1143 1773 1310 1830 XXX.
1913 1832 1956 1844 _
1985 1767 2100 1834 Quo
2123 1780 2382 1839 pereunte
2412 1781 2614 1828 tremor
2643 1775 2814 1829 crevit
2842 1789 2964 1829 cum
2999 1775 3248 1829 laudibus
3270 1775 3461 1844 ingens

305 1892 462 1958 Quod
485 1890 722 1962 quaedam
749 1889 934 1944 mulier
961 1887 1252 1962 paralytica
1285 1886 1354 1942 ad
1379 1885 1546 1941 sancti
1573 1901 1668 1939 rm
1697 1901 1882 1954 corpus
1913 1832 1960 1892 Β
1985 1858 2264 1962 {mribus
2295 1873 2351 1962 9}
2376 1865 2591 1962 ΡθΡΨξᾺ
2617 1875 2901 1920 cementes
2925 1866 3130 1931 omnia:
3156 1865 3398 1931 (Ἂπίδίον

749 1976 906 2014 orans
931 1951 1315 2014 subito-sanata
1341 1966 1438 2012 est.
1788 1951 1795 1954 ”
1984 1951 2220 2024 Ουίείιυθ
2251 1956 2334 2010 sui
2365 1958 2506 2012 servi
2535 1957 2764 2023 fuerant,
2798 1968 3048 2014 servante
3077 1961 3236 2013 tueri.

370 2098 586 2153 interea
613 2097 809 2153 mulier
841 2097 971 2152 totis
998 2095 1293 2166 paralytica
1321 2091 1600 2157 membris,
2222 2078 2576 2138 EJUSDEM
2613 2078 2932 2140 ALCUINI
2980 2079 3274 2138 ELEGIA
3304 2125 3319 2151 ,

299 2188 583 2244 Continuis
610 2204 826 2259 semper
848 2188 1090 2258 septenis
1116 2185 1322 2255 languit
1343 2183 1518 2246 annis,
2063 2193 2143 2233 ne
2182 2191 2233 2234 s.
2286 2192 2547 2238 WILGISO
2595 2195 2884 2235 mnsam:
2930 2193 2981 2235 s.
3034 2193 3476 2237 \vILunnonm.

300 2279 454 2333 Talia
485 2294 585 2334 nec
613 2278 782 2332 valuit
811 2279 1102 2348 quidquam
1128 2276 1230 2331 sibi
1256 2275 1495 2330 membra
1518 2289 1754 2330 movere.
2509 2273 2734 2328 CAPUT
2781 2274 3016 2328 XXXIII.

303 2372 498 2427 Ultima
519 2372 606 2426 vix
632 2371 871 2425 moriens
893 2369 1122 2439 suspiria
1147 2368 1307 2424 corde
1329 2365 1602 2430 trahebat,
1981 2365 2058 2420 De
2080 2365 2298 2437 Witgiso
2324 2376 2471 2439 patre
2493 2366 2823 2439 Willibrordi
2851 2367 3094 2439 episcopi,
3127 2375 3172 2420 et
3207 2368 3319 2436 ejus
3346 2369 3560 2423 honesta

2421 2438 2522 2490 vita
2552 2438 2607 2490 in
2635 2436 2879 2490 srrculari
2912 2437 3112 2490 habitu.

1981 2525 2186 2582 Nobilis
2216 2528 2316 2581 iste
2342 2527 2442 2580 fuit
2471 2542 2663 2596 magna
2687 2527 2750 2581 de
2781 2535 2940 2596 gente
2969 2529 3242 2592 sacerdos,

2051 2617 2157 2673 Sed
2187 2617 2396 2687 magnis
2422 2617 2590 2671 multo
2619 2617 2851 2672 nobilior
2872 2620 3103 2672 meritis.

1981 2707 2051 2763 Ut
2080 2709 2276 2763 dudum
2299 2708 2496 2771 cecini,
2525 2708 2751 2763 fecunda
2778 2709 3055 2763 Britannia
3085 2719 3278 2774 mater,

2048 2801 2229 2855 Patria
2257 2800 2588 2866 Scottorum,
2618 2801 2765 2856 clara
2794 2802 3050 2872 magistra
3088 2800 3205 2855 fuit.

1979 2893 2205 2948 Francia
2235 2894 2328 2949 sed
2351 2892 2479 2948 felix
2509 2895 2707 2964 rapuit,
2744 2903 3056 2959 veneratur,
3083 2894 3342 2960 habebat,

2048 2984 2195 3039 Illius
2215 2995 2377 3054 atque
2396 2985 2556 3039 hodie
2577 2985 2817 3039 membra
2841 2986 3047 3056 sepulta
3074 2993 3239 3040 tenet.

1980 3076 2133 3131 Ilunc
2158 3076 2367 3147 Wilgils
2397 3077 2582 3146 genuit
2603 3077 2821 3146 proprio
2847 3085 3002 3145 pater
3031 3077 3261 3146 inclytus
3282 3092 3396 3132 azvo
3421 3095 3434 3130 :

1901 3177 1948 3238 ο
2049 3168 2146 3221 Vir
2171 3174 2408 3238 sanctus,
2438 3167 2673 3236 sapiens,
2705 3182 2767 3221 ac
2796 3167 3000 3235 pietate
3026 3166 3224 3236 probus

1977 3257 2052 3313 De
2078 3274 2185 3328 quo
2204 3236 2462 3313 'versitico
2482 3258 2645 3313 liceat
2671 3273 2758 3312 me
2779 3257 2963 3312 ludere
2981 3257 3210 3328 plectro,

299 2465 438 2518 Ante
463 2465 559 2519 Dei
584 2464 758 2518 sancti
787 2478 981 2533 corpus
1007 2469 1216 2532 portata
1239 2458 1480 2527 jacebat,
1635 2521 1638 2524 ,

300 2555 592 2610 Ell‘undens
617 2556 883 2626 lacrymas
916 2555 1057 2610 fessa
1083 2568 1205 2607 cum
1233 2567 1365 2606 voce
1397 2558 1659 2620 tepentes.

301 2645 425 2702 Sola
458 2647 590 2702 fides
615 2647 809 2718 viguit,
840 2662 997 2715 posse
1022 2659 1243 2714 sperare
1267 2643 1493 2698 salutem

300 2739 406 2794 Per
433 2738 690 2793 famulum
719 2739 918 2794 Christi
952 2757 964 2792 :
990 2753 1090 2793 nec
1113 2753 1171 2792 se
1200 2752 1325 2806 spes
1352 2736 1467 2805 ipsa
1493 2734 1699 2790 fefellit.

300 2829 440 2885 Ecce
477 2841 700 2901 repente
725 2831 870 2886 salus
895 2830 1088 2886 leviter
1115 2845 1212 2899 per
1241 2829 1484 2883 membra
1512 2827 1772 2891 cucurrit,

300 2923 494 2995 Igneus
523 2935 685 2996 atque
715 2925 862 2981 color
893 2941 1056 2981 venas
1082 2923 1284 2978 alIlavit
1310 2931 1545 2990 apertas,

299 3015 527 3072 Ossibus
549 3024 604 3070 et
632 3016 813 3071 nervis
846 3016 1015 3071 virtus
1046 3015 1184 3070 redit
1209 3014 1406 3084 inclyta
1441 3012 1667 3067 cunctis.

301 3108 549 3163 Surrexit
569 3108 759 3162 mulier
789 3115 902 3162 toto
929 3123 1054 3161 mox
1084 3121 1311 3176 corpore
1336 3119 1542 3174 sospes,

298 3199 475 3269 Atque
506 3198 724 3252 domum
756 3199 990 3268 propriis
1030 3197 1271 3269 gaudens
1307 3211 1367 3250 se
1408 3209 1628 3250 currere
1659 3191 1872 3262 plantis,

300 3291 427 3358 Qum
453 3289 603 3360 prius
624 3289 846 3345 alterius
872 3290 1130 3360 languens
1154 3295 1400 3358 portatur
1426 3285 1493 3340 ab
1519 3284 1678 3340 ulnis.
1977 3284 2185 3360 υε-ΨΨ
2215 3284 2462 3360 ὐνδξηυυ
2485 3284 2645 3313 υκαι
2671 3284 2758 3312 ¹¹¹υ
2780 3284 3174 3360 ξξ¹υε¹ςυ⁸ν¹ευξ¹⁷ξ

2045 3348 2259 3414 Lector,
2293 3357 2353 3403 ut
2380 3364 2642 3420 agnoscas
2669 3349 2844 3418 qualis
2876 3357 2932 3403 et
2961 3349 3074 3418 ipse
3102 3348 3229 3413 fuit;

852 3445 1078 3502 CAPUT
1109 3447 1307 3501 XXXI.
1978 3438 2043 3492 Et
2066 3441 2130 3494 de
2155 3456 2258 3510 qua
2285 3449 2470 3495 sancta
2503 3442 2717 3510 generis
2748 3440 2928 3495 radice
2952 3450 3238 3510 parentum

302 3561 450 3627 Quod
474 3562 687 3634 quidam
718 3560 928 3634 juvenis
967 3577 1010 3634 a_
1033 3562 1252 3631 pessimo
1282 3560 1532 3631 languore
1554 3566 1770 3613 sanatus
1799 3564 1874 3610 est
1975 3530 2272 3634 ".ISECPFi
2310 3532 2885 3634 Γ³¹¹¹¹ξ¹¹¹⁵ῃβτθὲθηίί¹¹δ
2913 3531 3092 3634 {mirit-

857 3633 925 3685 ad
962 3620 1076 3700 ejus
1105 3647 1309 3700 corpus.
1373 3620 1396 3631 ⁷
1975 3620 2070 3674 Vir
2098 3620 2197 3675 fuit
2222 3623 2274 3675 in
2305 3623 2499 3691 populo
2522 3623 2717 3693 dignus
2755 3624 3076 3691 cognomine
3104 3625 3315 3696 Wilgils

2043 3711 2100 3764 In
2127 3712 2613 3766 trans-Ilumbrana
2645 3713 2824 3765 nobile
2852 3722 3011 3778 gente
3036 3713 3238 3782 degens
3265 3728 3289 3753 ι

1976 3800 2213 3854 Moribus
2243 3801 2471 3869 egregiis
2497 3800 2689 3869 populo
2717 3799 3066 3868 peramabilis
3091 3801 3260 3865 omni,

2046 3888 2165 3943 Vita
2190 3889 2289 3942 fuit
2317 3889 2401 3941 cui
2433 3903 2557 3941 cum
2587 3886 2811 3956 conjuge
2840 3895 2990 3940 casta
3013 3887 3173 3951 satis;

1975 3980 2103 4047 Quae
2122 3977 2236 4046 jam
2260 3987 2440 4032 mente
2470 3978 2556 4048 pia
2583 3976 2758 4030 fuerat
2784 3973 3023 4042 subjecta
3054 3978 3272 4043 marito,

2047 4069 2116 4124 Ut
2149 4069 2417 4137 quondam
2445 4067 2663 4136 proprio
2693 4065 2827 4120 Sara
2854 4064 2968 4118 viro
3005 4063 3197 4120 fuerat.

2506 4177 2733 4234 CAPUT
2769 4177 3010 4236 XXXIV.

1975 4270 2042 4324 Et
2069 4271 2326 4345 quomodo
2348 4272 2621 4345 uxorejus
2649 4273 2862 4345 somnia
2887 4272 3115 4345 vidisset,
3147 4283 3193 4328 et
3221 4273 3447 4345 qualiter
3466 4274 3556 4328 ille

2042 4340 2291 4395 saeculum
2327 4340 2624 4405 dimisisset,
2657 4353 2704 4396 et
2725 4343 2862 4412 quod
2894 4345 2949 4398 in
2976 4343 3215 4398 solitaria
3233 4340 3346 4398 'vita
3377 4361 3554 4399 conse-

365 3766 433 3820 Et
459 3767 676 3836 quidam
697 3765 913 3834 juvenis
941 3765 1117 3820 valido
1153 3765 1410 3834 languore
1435 3781 1532 3834 per
1561 3780 1731 3818 annos

299 3856 440 3913 Ileu!
470 3859 668 3914 multos
697 3856 868 3913 doluit
899 3875 913 3912 :
945 3858 1097 3912 nervi
1128 3857 1218 3911 vix
1245 3857 1457 3912 ossibus
1478 3857 1704 3922 haerent,

298 3947 627 4004 Intremuere
651 3949 811 4005 simul
837 3949 1014 4004 vexati
1045 3949 1286 4017 corporis
1315 3954 1481 4001 artus.

299 4039 405 4093 Ceu
430 4047 593 4108 caput
620 4039 862 4094 avulsum
893 4039 1122 4094 vidisses
1152 4037 1353 4092 vertice
1374 4051 1605 4101 summo,

301 4126 388 4182 Sic
416 4129 544 4193 huc,
575 4129 653 4184 sic
677 4129 803 4185 illuc
831 4131 1021 4185 dextra
1052 4129 1289 4197 Izevaque
1319 4135 1552 4181 rotatum
1579 4145 1592 4180 :

301 4219 453 4290 Saipe
481 4221 644 4276 etiam
667 4220 837 4290 jacuit
864 4222 1085 4276 multam
1114 4222 1406 4276 moriturus
1431 4220 1486 4273 in
1506 4217 1716 4274 horam.

297 4308 400 4365 Iste
433 4312 601 4366 miser
625 4311 749 4367 talis
773 4311 897 4368 ﬁdei
920 4328 1042 4368 cum
1071 4321 1290 4383 pectore
1319 4311 1474 4364 firmo

303 4401 458 4458 Venit
479 4405 534 4458 in
563 4404 868 4469 ecclesiam,
900 4406 1149 4460 manibus
1177 4405 1438 4460 deductus
1467 4405 1679 4469 amicis,
2045 4412 2258 4475 nuisset,
2284 4421 2330 4465 et
2361 4412 2447 4464 ubi
2477 4401 2690 4482 corpore
2719 4401 3026 4486 requiescat.

295 4492 352 4548 In
381 4511 488 4564 qua
517 4495 788 4564 pontiﬁcis
815 4498 995 4568 magni
1018 4499 1105 4568 pia
1133 4498 1372 4552 membra
1404 4499 1710 4568 quiescunt,
1896 4525 1950 4585 Ι)
1978 4499 2124 4567 Haec,
2155 4502 2431 4557 revelante
2459 4503 2486 4542 ι’
2515 4502 2648 4568 Deo,
2674 4504 2931 4558 cernebat
2956 4510 3138 4558 mente
3166 4503 3344 4558 futura

294 4585 506 4658 Proque
535 4588 706 4643 salute
729 4604 823 4644 sua
851 4589 1118 4660 lacrymas
1146 4590 1402 4656 fundebat
1427 4605 1659 4644 amaras.
2044 4593 2101 4647 In
2131 4594 2318 4650 stratis
2347 4593 2613 4649 recubans
2631 4634 2645 4659 ,
2672 4595 2881 4648 somnia
2905 4609 3034 4647 vera
3057 4593 3264 4648 videns.

295 4679 464 4746 Quem
496 4694 623 4732 mox
650 4681 853 4734 audivit
880 4681 1186 4737 miserantis
1206 4683 1376 4751 gratia
1404 4681 1624 4744 Christi,
1977 4682 2218 4753 Namque
2242 4700 2435 4738 novam
2464 4699 2582 4738 sese
2610 4683 2790 4736 lunam
2815 4679 3012 4737 vidisse
3038 4683 3286 4752 putabat,

292 4768 358 4824 Et
384 4771 631 4826 rediviva
656 4772 801 4827 salus
828 4787 926 4841 per
951 4776 1193 4829 membra
1220 4775 1453 4829 recurrit
1477 4775 1694 4842 ubique.
2045 4773 2308 4828 Cornibus
2337 4773 2551 4837 erectis,
2579 4782 2639 4826 ut
2665 4772 2800 4827 solet
2823 4787 2946 4828 esse
2975 4788 3132 4828 nova.

293 4859 686 4931 Convaluitque
712 4864 830 4918 viro
856 4879 1143 4920 nervorum
1172 4865 1366 4922 ﬂexilis
1389 4867 1554 4930 ordo,
1976 4865 2256 4931 Crescere,
2286 4865 2648 4935 paulatimque
2676 4865 2897 4936 implere
2924 4874 2977 4921 et
3003 4881 3204 4922 cornua
3227 4868 3412 4938 coepit,

294 4952 456 5022 200
497 4950 691 5024 Irrepit
723 4951 853 5026 [Al.,
900 4953 1060 5027 repit]
1100 4971 1222 5012 ossa
1260 4957 1412 5027 vigor
1441 4954 1568 5010 totis
1597 4955 1874 5026 virtusque
2046 4955 2226 5012 Donec
2250 4957 2301 5010 ei
2329 4956 2485 5026 pleno
2513 4956 2693 5012 lumen
2721 4958 2777 5012 in
2805 4958 2938 5015 orbe
2964 4959 3147 5014 micat.

1510 5046 1799 5119 [medullis.
1974 5045 2118 5101 Illius
2147 5048 2261 5102 haec
2290 5047 2466 5101 subito
2493 5047 2762 5104 sorbentis
2784 5050 2838 5104 in
2861 5064 2956 5105 ore
2983 5051 3196 5116 ruebat,

294 5137 504 5192 Astauti
532 5137 732 5208 popqu
758 5138 966 5194 cunctis
992 5139 1338 5194 cernentibus
1359 5137 1447 5193 ille
1474 5146 1559 5192 est
2045 5137 2263 5192 Viscera
2291 5138 2609 5207 perradians
2639 5138 2756 5193 luce
2785 5140 3018 5194 micante
3047 5140 3149 5195 sibi

294 5226 585 5286 Incolumis
613 5229 792 5286 subito
816 5229 1012 5296 factus,
1045 5246 1107 5285 ac
1131 5230 1322 5285 robore
1349 5229 1502 5284 fortis
1975 5227 2247 5298 Evigilans
2269 5243 2458 5283 somno
2485 5229 2679 5283 mulier
2706 5230 2821 5284 brec
2850 5239 3030 5285 mente
3054 5237 3332 5296 retractat,

296 5318 543 5376 Perrexit
571 5336 757 5386 sanus,
782 5337 890 5392 quo
917 5337 975 5377 se
997 5338 1091 5376 sua
1118 5330 1240 5377 vota
1266 5320 1512 5376 ferebant
1540 5338 1554 5374 :
2044 5319 2183 5386 Quid
2207 5319 2310 5374 sibi
2338 5319 2479 5386 quod
2501 5319 2676 5374 cernit
2706 5319 3012 5388 significare
3039 5329 3202 5390 queat
3229 5340 3240 5373 :

297 5411 664 5483 Omnipotenti
693 5414 804 5470 Deo
831 5422 1008 5486 grates
1035 5416 1105 5469 ob
1133 5415 1270 5469 dona
1299 5413 1485 5469 salutis
1973 5413 2147 5482 Atque
2175 5411 2441 5466 sacerdoti
2470 5410 2681 5466 cuidam
2712 5411 2828 5464 haec
2853 5413 3035 5465 omnia
3063 5415 3268 5482 pandit,

299 5502 524 5576 Semper
551 5521 716 5577 agens
741 5506 987 5573 Christo,
1021 5505 1234 5560 Christo
1260 5506 1397 5570 laus,
1429 5505 1598 5576 gloria
1638 5520 1866 5574 semper.
2042 5501 2206 5570 Cujus
2229 5503 2284 5557 in
2309 5501 2548 5556 Ecclesia
2573 5501 2683 5555 vita
2710 5502 2936 5572 probata
2966 5501 3088 5556 fuit.

369 5672 394 5700 α
436 5658 527 5715 Sic
553 5659 778 5731 corrigit
802 5659 998 5714 Mabill.
1032 5658 1240 5731 priores
1273 5660 1557 5724 editiones,
1587 5662 1640 5716 in
1678 5663 1872 5731 quibus
1973 5658 2036 5731 de
2070 5665 2218 5727 gente
2256 5657 2462 5731 degens.
2504 5655 2773 5731 Uticensis
2808 5657 2973 5715 codex
3011 5677 3022 5712 :
3068 5659 3133 5715 In
3177 5659 3217 5714 Τ
3220 5661 3548 5716 rans-Ilum-

303 5728 1059 5801 curruptissimelegebatur}
1105 5729 1316 5788 latrans
1369 5728 1803 5787 lfumbrana'rwl

1994 5745 2136 5780 'l'tlnll
2159 5741 2305 5796 gente
2327 5728 2514 5797 degens
2540 5728 2736 5782 valida.

2049 5800 2074 5839 ι)
2116 5798 2276 5855 Μιώ..
2316 5808 2593 5855 reseruate.

2116 5831 2276 5865 tuque,
2317 5831 2329 5851 1
2343 5831 2442 5853 ισςι
2454 5831 2593 5855 “uoco
