  <div class='ocr_page' id='page_1' title='image "/cluster/home/n/w/nwhite01/storage/ocr_20150623/101/hvd.32044054759683/367.png"; bbox 0 0 3890 6160; ppageno 0'>
   <div class='ocr_carea' id='block_1_1' title="bbox 343 337 3599 404">
    <p class='ocr_par' dir='ltr' id='par_1_1' title="bbox 343 337 3599 404">
     <span class='ocr_line' id='line_1_1' title="bbox 343 337 3599 404; baseline 0.001 -8"><span class='ocrx_word' id='word_1_1' title='bbox 343 337 448 399; x_wconf 76' lang='lat'><strong>79.3</strong></span> <span class='ocrx_word' id='word_1_2' title='bbox 1151 345 1212 401; x_wconf 87' lang='grc' dir='ltr'><strong>Β.</strong></span> <span class='ocrx_word' id='word_1_3' title='bbox 1252 346 1314 401; x_wconf 86' lang='lat' dir='ltr'><strong>F.</strong></span> <span class='ocrx_word' id='word_1_4' title='bbox 1355 344 1580 402; x_wconf 76' lang='lat' dir='ltr'><strong>ALBINI</strong></span> <span class='ocrx_word' id='word_1_5' title='bbox 1617 346 1748 404; x_wconf 85' lang='lat' dir='ltr'><strong>SEU</strong></span> <span class='ocrx_word' id='word_1_6' title='bbox 1787 345 2061 404; x_wconf 77' lang='lat' dir='ltr'><strong>ALCUI-NI</strong></span> <span class='ocrx_word' id='word_1_7' title='bbox 2100 345 2382 403; x_wconf 78' lang='lat' dir='ltr'><strong>OI‘ERUM</strong></span> <span class='ocrx_word' id='word_1_8' title='bbox 2418 343 2594 402; x_wconf 79' lang='lat' dir='ltr'><strong>PARS</strong></span> <span class='ocrx_word' id='word_1_9' title='bbox 2633 343 2717 400; x_wconf 75' lang='lat' dir='ltr'><strong>VI.</strong></span> <span class='ocrx_word' id='word_1_10' title='bbox 3493 345 3599 398; x_wconf 64' lang='lat'><strong>72$</strong></span> 
     </span>
    </p>
   </div>
   <div class='ocr_carea' id='block_1_2' title="bbox 341 453 3524 532">
    <p class='ocr_par' dir='ltr' id='par_1_2' title="bbox 341 453 3524 532">
     <span class='ocr_line' id='line_1_2' title="bbox 341 453 3524 532; baseline -0 -19"><span class='ocrx_word' id='word_1_11' title='bbox 341 461 466 514; x_wconf 71' lang='lat' dir='ltr'><strong>Haec</strong></span> <span class='ocrx_word' id='word_1_12' title='bbox 493 461 582 515; x_wconf 87' lang='lat' dir='ltr'><strong>ubi</strong></span> <span class='ocrx_word' id='word_1_13' title='bbox 609 461 868 530; x_wconf 76' lang='lat' dir='ltr'><strong>pensabat</strong></span> <span class='ocrx_word' id='word_1_14' title='bbox 894 461 1182 532; x_wconf 70' lang='lat' dir='ltr'><strong>praedictus</strong></span> <span class='ocrx_word' id='word_1_15' title='bbox 1207 463 1367 517; x_wconf 89' lang='lat' dir='ltr'><strong>corde</strong></span> <span class='ocrx_word' id='word_1_16' title='bbox 1396 462 1668 527; x_wconf 85' lang='lat' dir='ltr'><strong>sacerdos,</strong></span> <span class='ocrx_word' id='word_1_17' title='bbox 1938 467 1986 522; x_wconf 80' lang='grc' dir='ltr'><strong>Λ</strong></span> <span class='ocrx_word' id='word_1_18' title='bbox 2017 460 2124 516; x_wconf 87' lang='lat' dir='ltr'><strong>Sed</strong></span> <span class='ocrx_word' id='word_1_19' title='bbox 2153 461 2292 517; x_wconf 90' lang='lat' dir='ltr'><strong>Deus</strong></span> <span class='ocrx_word' id='word_1_20' title='bbox 2318 462 2658 530; x_wconf 90' lang='lat' dir='ltr'><strong>omnipotens</strong></span> <span class='ocrx_word' id='word_1_21' title='bbox 2684 465 2898 512; x_wconf 82' lang='lat' dir='ltr'><strong>sanctos</strong></span> <span class='ocrx_word' id='word_1_22' title='bbox 2927 459 3019 527; x_wconf 87' lang='lat' dir='ltr'><strong>qui</strong></span> <span class='ocrx_word' id='word_1_23' title='bbox 3050 453 3174 524; x_wconf 85' lang='lat' dir='ltr'><strong>jure</strong></span> <span class='ocrx_word' id='word_1_24' title='bbox 3203 457 3524 529; x_wconf 72' lang='lat' dir='ltr'><strong>triumphat,</strong></span> 
     </span>
    </p>
   </div>
   <div class='ocr_carea' id='block_1_3' title="bbox 409 546 3214 624">
    <p class='ocr_par' dir='ltr' id='par_1_3' title="bbox 409 546 3214 624">
     <span class='ocr_line' id='line_1_3' title="bbox 409 546 3214 624; baseline -0.001 -18"><span class='ocrx_word' id='word_1_25' title='bbox 409 549 640 620; x_wconf 88' lang='lat' dir='ltr'><strong>Conjicit</strong></span> <span class='ocrx_word' id='word_1_26' title='bbox 665 567 730 607; x_wconf 86' lang='lat' dir='ltr'><strong>ex</strong></span> <span class='ocrx_word' id='word_1_27' title='bbox 760 554 921 608; x_wconf 82' lang='lat' dir='ltr'><strong>rebus</strong></span> <span class='ocrx_word' id='word_1_28' title='bbox 944 555 1058 608; x_wconf 90' lang='lat' dir='ltr'><strong>visa</strong></span> <span class='ocrx_word' id='word_1_29' title='bbox 1089 569 1318 624; x_wconf 89' lang='lat' dir='ltr'><strong>superna</strong></span> <span class='ocrx_word' id='word_1_30' title='bbox 1350 553 1522 608; x_wconf 89' lang='lat' dir='ltr'><strong>novis.</strong></span> <span class='ocrx_word' id='word_1_31' title='bbox 2086 552 2330 620; x_wconf 88' lang='lat' dir='ltr'><strong>Trophea</strong></span> <span class='ocrx_word' id='word_1_32' title='bbox 2359 547 2626 605; x_wconf 80' lang='lat' dir='ltr'><strong>concessit</strong></span> <span class='ocrx_word' id='word_1_33' title='bbox 2652 547 2797 602; x_wconf 92' lang='lat' dir='ltr'><strong>clara</strong></span> <span class='ocrx_word' id='word_1_34' title='bbox 2821 561 2919 604; x_wconf 91' lang='lat' dir='ltr'><strong>suo</strong></span> <span class='ocrx_word' id='word_1_35' title='bbox 2945 546 3145 603; x_wconf 92' lang='lat' dir='ltr'><strong>famulo</strong></span> <span class='ocrx_word' id='word_1_36' title='bbox 3167 560 3214 602; x_wconf 75' lang='grc' dir='ltr'><strong>α.</strong></span> 
     </span>
    </p>
   </div>
   <div class='ocr_carea' id='block_1_4' title="bbox 338 638 3313 713">
    <p class='ocr_par' dir='ltr' id='par_1_4' title="bbox 338 638 3313 713">
     <span class='ocr_line' id='line_1_4' title="bbox 338 638 3313 713; baseline -0.001 -17"><span class='ocrx_word' id='word_1_37' title='bbox 338 642 635 713; x_wconf 81' lang='lat' dir='ltr'><strong>Respondit</strong></span> <span class='ocrx_word' id='word_1_38' title='bbox 663 646 880 700; x_wconf 82' lang='lat' dir='ltr'><strong>tandem</strong></span> <span class='ocrx_word' id='word_1_39' title='bbox 903 645 1113 700; x_wconf 86' lang='lat' dir='ltr'><strong>mulieri</strong></span> <span class='ocrx_word' id='word_1_40' title='bbox 1145 646 1269 700; x_wconf 86' lang='lat' dir='ltr'><strong>talia</strong></span> <span class='ocrx_word' id='word_1_41' title='bbox 1291 652 1466 709; x_wconf 89' lang='lat' dir='ltr'><strong>vates,</strong></span> <span class='ocrx_word' id='word_1_42' title='bbox 2014 642 2185 699; x_wconf 87' lang='lat' dir='ltr'><strong>Eflicit</strong></span> <span class='ocrx_word' id='word_1_43' title='bbox 2211 651 2266 699; x_wconf 92' lang='lat' dir='ltr'><strong>et</strong></span> <span class='ocrx_word' id='word_1_44' title='bbox 2291 643 2532 712; x_wconf 85' lang='lat' dir='ltr'><strong>quaedam</strong></span> <span class='ocrx_word' id='word_1_45' title='bbox 2557 640 2864 696; x_wconf 84' lang='lat' dir='ltr'><strong>miserantis</strong></span> <span class='ocrx_word' id='word_1_46' title='bbox 2889 639 3061 710; x_wconf 87' lang='lat' dir='ltr'><strong>gratia</strong></span> <span class='ocrx_word' id='word_1_47' title='bbox 3089 638 3313 702; x_wconf 87' lang='lat' dir='ltr'><strong>Christi.</strong></span> 
     </span>
    </p>
   </div>
   <div class='ocr_carea' id='block_1_5' title="bbox 409 732 3314 802">
    <p class='ocr_par' dir='ltr' id='par_1_5' title="bbox 409 732 3314 802">
     <span class='ocr_line' id='line_1_5' title="bbox 409 732 3314 802; baseline -0.001 -16"><span class='ocrx_word' id='word_1_48' title='bbox 409 732 709 802; x_wconf 86' lang='lat' dir='ltr'><strong>Inspirante</strong></span> <span class='ocrx_word' id='word_1_49' title='bbox 733 733 867 799; x_wconf 92' lang='lat' dir='ltr'><strong>Deo,</strong></span> <span class='ocrx_word' id='word_1_50' title='bbox 901 733 1101 789; x_wconf 90' lang='lat' dir='ltr'><strong>famine</strong></span> <span class='ocrx_word' id='word_1_51' title='bbox 1123 735 1360 789; x_wconf 88' lang='lat' dir='ltr'><strong>veridico</strong></span> <span class='ocrx_word' id='word_1_52' title='bbox 1389 752 1400 787; x_wconf 95' lang='lat'><strong>:</strong></span> <span class='ocrx_word' id='word_1_53' title='bbox 2082 735 2186 790; x_wconf 89' lang='lat' dir='ltr'><strong>Per</strong></span> <span class='ocrx_word' id='word_1_54' title='bbox 2211 734 2469 789; x_wconf 85' lang='lat' dir='ltr'><strong>famulum</strong></span> <span class='ocrx_word' id='word_1_55' title='bbox 2503 748 2630 788; x_wconf 83' lang='lat' dir='ltr'><strong>vere</strong></span> <span class='ocrx_word' id='word_1_56' title='bbox 2665 733 2816 802; x_wconf 90' lang='lat' dir='ltr'><strong>signa</strong></span> <span class='ocrx_word' id='word_1_57' title='bbox 2847 732 3107 800; x_wconf 88' lang='lat' dir='ltr'><strong>stupenda</strong></span> <span class='ocrx_word' id='word_1_58' title='bbox 3139 746 3314 786; x_wconf 61' lang='lat' dir='ltr'><strong>suum.</strong></span> 
     </span>
    </p>
   </div>
   <div class='ocr_carea' id='block_1_6' title="bbox 338 820 3406 895">
    <p class='ocr_par' dir='ltr' id='par_1_6' title="bbox 338 820 3406 895">
     <span class='ocr_line' id='line_1_6' title="bbox 338 820 3406 895; baseline 0 -20"><span class='ocrx_word' id='word_1_59' title='bbox 338 820 416 876; x_wconf 84' lang='lat' dir='ltr'><strong>&#39;l‘u</strong></span> <span class='ocrx_word' id='word_1_60' title='bbox 447 823 642 879; x_wconf 91' lang='lat' dir='ltr'><strong>mulier</strong></span> <span class='ocrx_word' id='word_1_61' title='bbox 667 824 848 878; x_wconf 90' lang='lat' dir='ltr'><strong>lunam</strong></span> <span class='ocrx_word' id='word_1_62' title='bbox 874 824 1049 878; x_wconf 85' lang='lat' dir='ltr'><strong>vidisti</strong></span> <span class='ocrx_word' id='word_1_63' title='bbox 1077 840 1322 880; x_wconf 88' lang='lat' dir='ltr'><strong>crescere</strong></span> <span class='ocrx_word' id='word_1_64' title='bbox 1351 841 1590 895; x_wconf 83' lang='lat' dir='ltr'><strong>parvam,</strong></span> <span class='ocrx_word' id='word_1_65' title='bbox 2012 823 2122 878; x_wconf 85' lang='lat' dir='ltr'><strong>Nec</strong></span> <span class='ocrx_word' id='word_1_66' title='bbox 2151 824 2332 880; x_wconf 83' lang='lat' dir='ltr'><strong>decuit</strong></span> <span class='ocrx_word' id='word_1_67' title='bbox 2359 823 2537 879; x_wconf 83' lang='lat' dir='ltr'><strong>modio</strong></span> <span class='ocrx_word' id='word_1_68' title='bbox 2563 820 2818 877; x_wconf 88' lang='lat' dir='ltr'><strong>abscondi</strong></span> <span class='ocrx_word' id='word_1_69' title='bbox 2848 830 2956 876; x_wconf 93' lang='lat' dir='ltr'><strong>tam</strong></span> <span class='ocrx_word' id='word_1_70' title='bbox 2987 822 3131 875; x_wconf 84' lang='lat' dir='ltr'><strong>clara</strong></span> <span class='ocrx_word' id='word_1_71' title='bbox 3161 821 3406 886; x_wconf 82' lang='lat' dir='ltr'><strong>lucerna,</strong></span> 
     </span>
    </p>
   </div>
   <div class='ocr_carea' id='block_1_7' title="bbox 405 913 3195 983">
    <p class='ocr_par' dir='ltr' id='par_1_7' title="bbox 405 913 3195 983">
     <span class='ocr_line' id='line_1_7' title="bbox 405 913 3195 983; baseline -0.001 -15"><span class='ocrx_word' id='word_1_72' title='bbox 405 915 472 968; x_wconf 86' lang='lat' dir='ltr'><strong>Et</strong></span> <span class='ocrx_word' id='word_1_73' title='bbox 495 923 606 969; x_wconf 91' lang='lat' dir='ltr'><strong>tota</strong></span> <span class='ocrx_word' id='word_1_74' title='bbox 628 915 838 983; x_wconf 90' lang='lat' dir='ltr'><strong>impleri</strong></span> <span class='ocrx_word' id='word_1_75' title='bbox 868 929 1069 969; x_wconf 83' lang='lat' dir='ltr'><strong>cornua</strong></span> <span class='ocrx_word' id='word_1_76' title='bbox 1094 915 1212 970; x_wconf 89' lang='lat' dir='ltr'><strong>luce</strong></span> <span class='ocrx_word' id='word_1_77' title='bbox 1239 932 1396 971; x_wconf 87' lang='lat' dir='ltr'><strong>nova.</strong></span> <span class='ocrx_word' id='word_1_78' title='bbox 2083 915 2192 970; x_wconf 89' lang='lat' dir='ltr'><strong>Nec</strong></span> <span class='ocrx_word' id='word_1_79' title='bbox 2218 916 2482 970; x_wconf 84' lang='lat' dir='ltr'><strong>thalamos</strong></span> <span class='ocrx_word' id='word_1_80' title='bbox 2512 915 2695 970; x_wconf 88' lang='lat' dir='ltr'><strong>subter</strong></span> <span class='ocrx_word' id='word_1_81' title='bbox 2719 913 3046 983; x_wconf 81' lang='lat' dir='ltr'><strong>subjicienda</strong></span> <span class='ocrx_word' id='word_1_82' title='bbox 3078 913 3195 968; x_wconf 83' lang='lat' dir='ltr'><strong>fuit.</strong></span> 
     </span>
    </p>
   </div>
   <div class='ocr_carea' id='block_1_8' title="bbox 334 1003 3210 1076">
    <p class='ocr_par' dir='ltr' id='par_1_8' title="bbox 334 1003 3210 1076">
     <span class='ocr_line' id='line_1_8' title="bbox 334 1003 3210 1076; baseline 0 -20"><span class='ocrx_word' id='word_1_83' title='bbox 334 1003 426 1057; x_wconf 88' lang='lat' dir='ltr'><strong>Illa</strong></span> <span class='ocrx_word' id='word_1_84' title='bbox 455 1013 614 1059; x_wconf 87' lang='lat' dir='ltr'><strong>nocte</strong></span> <span class='ocrx_word' id='word_1_85' title='bbox 642 1005 760 1058; x_wconf 90' lang='lat' dir='ltr'><strong>viro</strong></span> <span class='ocrx_word' id='word_1_86' title='bbox 794 1003 978 1058; x_wconf 83' lang='lat' dir='ltr'><strong>forsan</strong></span> <span class='ocrx_word' id='word_1_87' title='bbox 1006 1006 1295 1059; x_wconf 87' lang='lat' dir='ltr'><strong>commixta</strong></span> <span class='ocrx_word' id='word_1_88' title='bbox 1327 1005 1496 1072; x_wconf 82' lang='lat' dir='ltr'><strong>fuisti,</strong></span> <span class='ocrx_word' id='word_1_89' title='bbox 2012 1006 2118 1062; x_wconf 87' lang='lat' dir='ltr'><strong>Sed</strong></span> <span class='ocrx_word' id='word_1_90' title='bbox 2150 1006 2395 1076; x_wconf 88' lang='lat' dir='ltr'><strong>ponenda</strong></span> <span class='ocrx_word' id='word_1_91' title='bbox 2423 1006 2592 1076; x_wconf 83' lang='lat' dir='ltr'><strong>magis</strong></span> <span class='ocrx_word' id='word_1_92' title='bbox 2619 1020 2781 1074; x_wconf 91' lang='lat' dir='ltr'><strong>super</strong></span> <span class='ocrx_word' id='word_1_93' title='bbox 2807 1004 3034 1074; x_wconf 83' lang='lat' dir='ltr'><strong>vestigia</strong></span> <span class='ocrx_word' id='word_1_94' title='bbox 3061 1004 3210 1069; x_wconf 87' lang='lat' dir='ltr'><strong>tecti,</strong></span> 
     </span>
    </p>
   </div>
   <div class='ocr_carea' id='block_1_9' title="bbox 404 1094 3146 1168">
    <p class='ocr_par' dir='ltr' id='par_1_9' title="bbox 404 1094 3146 1168">
     <span class='ocr_line' id='line_1_9' title="bbox 404 1094 3146 1168; baseline -0.001 -20"><span class='ocrx_word' id='word_1_95' title='bbox 404 1095 534 1162; x_wconf 67' lang='lat' dir='ltr'><strong>Quae</strong></span> <span class='ocrx_word' id='word_1_96' title='bbox 563 1109 791 1165; x_wconf 87' lang='lat' dir='ltr'><strong>generas</strong></span> <span class='ocrx_word' id='word_1_97' title='bbox 819 1103 934 1150; x_wconf 87' lang='lat' dir='ltr'><strong>toto</strong></span> <span class='ocrx_word' id='word_1_98' title='bbox 961 1095 1138 1149; x_wconf 89' lang='lat' dir='ltr'><strong>lumen</strong></span> <span class='ocrx_word' id='word_1_99' title='bbox 1168 1096 1221 1150; x_wconf 91' lang='lat' dir='ltr'><strong>in</strong></span> <span class='ocrx_word' id='word_1_100' title='bbox 1249 1097 1380 1151; x_wconf 86' lang='lat' dir='ltr'><strong>orbe</strong></span> <span class='ocrx_word' id='word_1_101' title='bbox 1406 1113 1625 1152; x_wconf 91' lang='lat' dir='ltr'><strong>novum.</strong></span> <span class='ocrx_word' id='word_1_102' title='bbox 2083 1096 2371 1168; x_wconf 86' lang='lat' dir='ltr'><strong>Spargeret</strong></span> <span class='ocrx_word' id='word_1_103' title='bbox 2398 1106 2457 1150; x_wconf 91' lang='lat' dir='ltr'><strong>ut</strong></span> <span class='ocrx_word' id='word_1_104' title='bbox 2482 1095 2652 1150; x_wconf 91' lang='lat' dir='ltr'><strong>lucem</strong></span> <span class='ocrx_word' id='word_1_105' title='bbox 2682 1095 2840 1148; x_wconf 83' lang='lat' dir='ltr'><strong>altius</strong></span> <span class='ocrx_word' id='word_1_106' title='bbox 2866 1094 2954 1148; x_wconf 91' lang='lat' dir='ltr'><strong>illa</strong></span> <span class='ocrx_word' id='word_1_107' title='bbox 2985 1095 3146 1163; x_wconf 87' lang='lat' dir='ltr'><strong>piam.</strong></span> 
     </span>
    </p>
   </div>
   <div class='ocr_carea' id='block_1_10' title="bbox 331 1183 3458 1255">
    <p class='ocr_par' dir='ltr' id='par_1_10' title="bbox 331 1183 3458 1255">
     <span class='ocr_line' id='line_1_10' title="bbox 331 1183 3458 1255; baseline 0 -17"><span class='ocrx_word' id='word_1_108' title='bbox 331 1185 593 1240; x_wconf 84' lang='lat' dir='ltr'><strong>Parvulos</strong></span> <span class='ocrx_word' id='word_1_109' title='bbox 619 1201 686 1240; x_wconf 79' lang='lat' dir='ltr'><strong>ex</strong></span> <span class='ocrx_word' id='word_1_110' title='bbox 713 1195 888 1249; x_wconf 86' lang='lat' dir='ltr'><strong>utero,</strong></span> <span class='ocrx_word' id='word_1_111' title='bbox 915 1185 1126 1251; x_wconf 85' lang='lat' dir='ltr'><strong>mulier,</strong></span> <span class='ocrx_word' id='word_1_112' title='bbox 1155 1188 1250 1242; x_wconf 88' lang='lat' dir='ltr'><strong>tibi</strong></span> <span class='ocrx_word' id='word_1_113' title='bbox 1279 1189 1518 1243; x_wconf 87' lang='lat' dir='ltr'><strong>nascitur</strong></span> <span class='ocrx_word' id='word_1_114' title='bbox 1546 1188 1744 1255; x_wconf 80' lang='lat' dir='ltr'><strong>infans,</strong></span> <span class='ocrx_word' id='word_1_115' title='bbox 2009 1188 2139 1255; x_wconf 65' lang='lat' dir='ltr'><strong>Quae</strong></span> <span class='ocrx_word' id='word_1_116' title='bbox 2167 1196 2346 1242; x_wconf 90' lang='lat' dir='ltr'><strong>tamen</strong></span> <span class='ocrx_word' id='word_1_117' title='bbox 2375 1186 2518 1241; x_wconf 88' lang='lat' dir='ltr'><strong>haud</strong></span> <span class='ocrx_word' id='word_1_118' title='bbox 2545 1186 2698 1240; x_wconf 89' lang='lat' dir='ltr'><strong>libuit</strong></span> <span class='ocrx_word' id='word_1_119' title='bbox 2721 1184 2958 1240; x_wconf 90' lang='lat' dir='ltr'><strong>currenti</strong></span> <span class='ocrx_word' id='word_1_120' title='bbox 2989 1192 3210 1253; x_wconf 82' lang='lat' dir='ltr'><strong>tangere</strong></span> <span class='ocrx_word' id='word_1_121' title='bbox 3236 1183 3458 1253; x_wconf 89' lang='lat' dir='ltr'><strong>plectro,</strong></span> 
     </span>
    </p>
   </div>
   <div class='ocr_carea' id='block_1_11' title="bbox 401 1274 3196 1350">
    <p class='ocr_par' dir='ltr' id='par_1_11' title="bbox 401 1274 3196 1350">
     <span class='ocr_line' id='line_1_11' title="bbox 401 1274 3196 1350; baseline 0 -22"><span class='ocrx_word' id='word_1_122' title='bbox 401 1274 501 1342; x_wconf 87' lang='lat' dir='ltr'><strong>Qui</strong></span> <span class='ocrx_word' id='word_1_123' title='bbox 532 1277 739 1330; x_wconf 90' lang='lat' dir='ltr'><strong>meritis</strong></span> <span class='ocrx_word' id='word_1_124' title='bbox 767 1290 995 1345; x_wconf 85' lang='lat' dir='ltr'><strong>magnus</strong></span> <span class='ocrx_word' id='word_1_125' title='bbox 1029 1280 1226 1332; x_wconf 87' lang='lat' dir='ltr'><strong>crescit</strong></span> <span class='ocrx_word' id='word_1_126' title='bbox 1255 1278 1587 1334; x_wconf 89' lang='lat' dir='ltr'><strong>honorificis.</strong></span> <span class='ocrx_word' id='word_1_127' title='bbox 2079 1279 2278 1350; x_wconf 86' lang='lat' dir='ltr'><strong>Inclyta</strong></span> <span class='ocrx_word' id='word_1_128' title='bbox 2309 1278 2393 1334; x_wconf 88' lang='lat' dir='ltr'><strong>vel</strong></span> <span class='ocrx_word' id='word_1_129' title='bbox 2427 1278 2598 1332; x_wconf 86' lang='lat' dir='ltr'><strong>musis</strong></span> <span class='ocrx_word' id='word_1_130' title='bbox 2623 1279 2772 1348; x_wconf 88' lang='lat' dir='ltr'><strong>signa</strong></span> <span class='ocrx_word' id='word_1_131' title='bbox 2801 1276 3013 1345; x_wconf 88' lang='lat' dir='ltr'><strong>aperire</strong></span> <span class='ocrx_word' id='word_1_132' title='bbox 3040 1275 3196 1332; x_wconf 89' lang='lat' dir='ltr'><strong>meis.</strong></span> 
     </span>
    </p>
   </div>
   <div class='ocr_carea' id='block_1_12' title="bbox 329 1363 3476 1439">
    <p class='ocr_par' dir='ltr' id='par_1_12' title="bbox 329 1363 3476 1439">
     <span class='ocr_line' id='line_1_12' title="bbox 329 1363 3476 1439; baseline 0.001 -21"><span class='ocrx_word' id='word_1_133' title='bbox 329 1363 434 1419; x_wconf 90' lang='lat' dir='ltr'><strong>Iste</strong></span> <span class='ocrx_word' id='word_1_134' title='bbox 462 1365 564 1419; x_wconf 90' lang='lat' dir='ltr'><strong>erit</strong></span> <span class='ocrx_word' id='word_1_135' title='bbox 591 1365 823 1421; x_wconf 87' lang='lat' dir='ltr'><strong>eximius</strong></span> <span class='ocrx_word' id='word_1_136' title='bbox 847 1365 1057 1434; x_wconf 90' lang='lat' dir='ltr'><strong>doctor,</strong></span> <span class='ocrx_word' id='word_1_137' title='bbox 1088 1368 1391 1439; x_wconf 68' lang='lat' dir='ltr'><strong>praesulque</strong></span> <span class='ocrx_word' id='word_1_138' title='bbox 1420 1369 1654 1437; x_wconf 88' lang='lat' dir='ltr'><strong>futurus,</strong></span> <span class='ocrx_word' id='word_1_139' title='bbox 2011 1367 2217 1425; x_wconf 81' lang='lat' dir='ltr'><strong>Sufficit</strong></span> <span class='ocrx_word' id='word_1_140' title='bbox 2243 1369 2452 1438; x_wconf 89' lang='lat' dir='ltr'><strong>hocque</strong></span> <span class='ocrx_word' id='word_1_141' title='bbox 2481 1377 2662 1421; x_wconf 85' lang='lat' dir='ltr'><strong>tamen</strong></span> <span class='ocrx_word' id='word_1_142' title='bbox 2693 1365 2905 1438; x_wconf 86' lang='lat' dir='ltr'><strong>[vitam]</strong></span> <span class='ocrx_word' id='word_1_143' title='bbox 2935 1381 3260 1437; x_wconf 78' lang='lat' dir='ltr'><strong>cognoscere</strong></span> <span class='ocrx_word' id='word_1_144' title='bbox 3287 1367 3476 1436; x_wconf 88' lang='lat' dir='ltr'><strong>patris,</strong></span> 
     </span>
    </p>
   </div>
   <div class='ocr_carea' id='block_1_13' title="bbox 400 1455 3434 1529">
    <p class='ocr_par' dir='ltr' id='par_1_13' title="bbox 400 1455 3434 1529">
     <span class='ocr_line' id='line_1_13' title="bbox 400 1455 3434 1529; baseline 0 -20"><span class='ocrx_word' id='word_1_145' title='bbox 400 1455 751 1524; x_wconf 88' lang='lat' dir='ltr'><strong>Splendescet</strong></span> <span class='ocrx_word' id='word_1_146' title='bbox 772 1465 959 1512; x_wconf 90' lang='lat' dir='ltr'><strong>nostro</strong></span> <span class='ocrx_word' id='word_1_147' title='bbox 991 1457 1184 1512; x_wconf 84' lang='lat' dir='ltr'><strong>lucifer</strong></span> <span class='ocrx_word' id='word_1_148' title='bbox 1207 1460 1338 1513; x_wconf 87' lang='lat' dir='ltr'><strong>orbe</strong></span> <span class='ocrx_word' id='word_1_149' title='bbox 1360 1475 1550 1516; x_wconf 86' lang='lat' dir='ltr'><strong>novus.</strong></span> <span class='ocrx_word' id='word_1_150' title='bbox 2079 1458 2230 1526; x_wconf 85' lang='lat' dir='ltr'><strong>Quod</strong></span> <span class='ocrx_word' id='word_1_151' title='bbox 2258 1459 2433 1529; x_wconf 86' lang='lat' dir='ltr'><strong>placet</strong></span> <span class='ocrx_word' id='word_1_152' title='bbox 2456 1457 2745 1522; x_wconf 85' lang='lat' dir='ltr'><strong>altithrouo</strong></span> <span class='ocrx_word' id='word_1_153' title='bbox 2777 1472 2991 1526; x_wconf 86' lang='lat' dir='ltr'><strong>semper</strong></span> <span class='ocrx_word' id='word_1_154' title='bbox 3017 1457 3216 1526; x_wconf 90' lang='lat' dir='ltr'><strong>ubique</strong></span> <span class='ocrx_word' id='word_1_155' title='bbox 3246 1457 3434 1527; x_wconf 89' lang='lat' dir='ltr'><strong>magis.</strong></span> 
     </span>
    </p>
   </div>
   <div class='ocr_carea' id='block_1_14' title="bbox 327 1545 3154 1622">
    <p class='ocr_par' dir='ltr' id='par_1_14' title="bbox 327 1545 3154 1622">
     <span class='ocr_line' id='line_1_14' title="bbox 327 1545 3154 1622; baseline 0.001 -24"><span class='ocrx_word' id='word_1_156' title='bbox 327 1545 394 1598; x_wconf 87' lang='lat' dir='ltr'><strong>Et</strong></span> <span class='ocrx_word' id='word_1_157' title='bbox 420 1561 554 1613; x_wconf 89' lang='lat' dir='ltr'><strong>quos</strong></span> <span class='ocrx_word' id='word_1_158' title='bbox 589 1560 727 1601; x_wconf 65' lang='lat' dir='ltr'><strong>cmca</strong></span> <span class='ocrx_word' id='word_1_159' title='bbox 759 1548 910 1617; x_wconf 91' lang='lat' dir='ltr'><strong>prius</strong></span> <span class='ocrx_word' id='word_1_160' title='bbox 939 1549 1164 1618; x_wconf 91' lang='lat' dir='ltr'><strong>populos</strong></span> <span class='ocrx_word' id='word_1_161' title='bbox 1193 1549 1364 1622; x_wconf 86' lang='lat' dir='ltr'><strong>caligo</strong></span> <span class='ocrx_word' id='word_1_162' title='bbox 1393 1551 1633 1618; x_wconf 86' lang='lat' dir='ltr'><strong>tenebat,</strong></span> <span class='ocrx_word' id='word_1_163' title='bbox 2000 1546 2128 1602; x_wconf 75' lang='lat' dir='ltr'><strong>Vita</strong></span> <span class='ocrx_word' id='word_1_164' title='bbox 2156 1547 2250 1602; x_wconf 90' lang='lat' dir='ltr'><strong>Dei</strong></span> <span class='ocrx_word' id='word_1_165' title='bbox 2278 1547 2463 1602; x_wconf 88' lang='lat' dir='ltr'><strong>famuli</strong></span> <span class='ocrx_word' id='word_1_166' title='bbox 2486 1546 2670 1601; x_wconf 88' lang='lat' dir='ltr'><strong>multis</strong></span> <span class='ocrx_word' id='word_1_167' title='bbox 2695 1546 2936 1617; x_wconf 79' lang='lat' dir='ltr'><strong>exempla</strong></span> <span class='ocrx_word' id='word_1_168' title='bbox 2963 1547 3154 1602; x_wconf 86' lang='lat' dir='ltr'><strong>salutis</strong></span> 
     </span>
    </p>
   </div>
   <div class='ocr_carea' id='block_1_15' title="bbox 399 1637 3226 1720">
    <p class='ocr_par' dir='ltr' id='par_1_15' title="bbox 399 1637 3226 1720">
     <span class='ocr_line' id='line_1_15' title="bbox 399 1637 3226 1720; baseline 0 -29"><span class='ocrx_word' id='word_1_169' title='bbox 399 1637 629 1693; x_wconf 88' lang='lat' dir='ltr'><strong>lrradiat</strong></span> <span class='ocrx_word' id='word_1_170' title='bbox 657 1642 850 1695; x_wconf 89' lang='lat' dir='ltr'><strong>summi</strong></span> <span class='ocrx_word' id='word_1_171' title='bbox 880 1642 995 1696; x_wconf 86' lang='lat' dir='ltr'><strong>luce</strong></span> <span class='ocrx_word' id='word_1_172' title='bbox 1022 1643 1130 1711; x_wconf 87' lang='lat' dir='ltr'><strong>poli</strong></span> <span class='ocrx_word' id='word_1_173' title='bbox 1157 1658 1370 1714; x_wconf 81' lang='lat' dir='ltr'><strong>supera.</strong></span> <span class='ocrx_word' id='word_1_174' title='bbox 2075 1638 2332 1720; x_wconf 65' lang='lat' dir='ltr'><strong>Prtebuit,</strong></span> <span class='ocrx_word' id='word_1_175' title='bbox 2358 1645 2414 1691; x_wconf 93' lang='lat' dir='ltr'><strong>ct</strong></span> <span class='ocrx_word' id='word_1_176' title='bbox 2441 1637 2594 1691; x_wconf 88' lang='lat' dir='ltr'><strong>testis</strong></span> <span class='ocrx_word' id='word_1_177' title='bbox 2623 1638 2859 1706; x_wconf 91' lang='lat' dir='ltr'><strong>pectoris</strong></span> <span class='ocrx_word' id='word_1_178' title='bbox 2883 1638 3057 1692; x_wconf 91' lang='lat' dir='ltr'><strong>omnis</strong></span> <span class='ocrx_word' id='word_1_179' title='bbox 3089 1647 3226 1694; x_wconf 90' lang='lat' dir='ltr'><strong>erat.</strong></span> 
     </span>
    </p>
   </div>
   <div class='ocr_carea' id='block_1_16' title="bbox 325 1725 3410 1803">
    <p class='ocr_par' dir='ltr' id='par_1_16' title="bbox 325 1725 3410 1803">
     <span class='ocr_line' id='line_1_16' title="bbox 325 1725 3410 1803; baseline 0 -19"><span class='ocrx_word' id='word_1_180' title='bbox 325 1725 517 1782; x_wconf 87' lang='lat' dir='ltr'><strong>Omnia</strong></span> <span class='ocrx_word' id='word_1_181' title='bbox 543 1730 756 1786; x_wconf 83' lang='lat' dir='ltr'><strong>vatidici</strong></span> <span class='ocrx_word' id='word_1_182' title='bbox 786 1733 1122 1803; x_wconf 84' lang='lat' dir='ltr'><strong>complentur</strong></span> <span class='ocrx_word' id='word_1_183' title='bbox 1150 1735 1204 1788; x_wconf 88' lang='lat' dir='ltr'><strong>in</strong></span> <span class='ocrx_word' id='word_1_184' title='bbox 1233 1735 1426 1790; x_wconf 82' lang='lat' dir='ltr'><strong>ordine</strong></span> <span class='ocrx_word' id='word_1_185' title='bbox 1452 1735 1620 1801; x_wconf 82' lang='lat' dir='ltr'><strong>dicta,</strong></span> <span class='ocrx_word' id='word_1_186' title='bbox 2005 1729 2144 1784; x_wconf 82' lang='lat' dir='ltr'><strong>Huic</strong></span> <span class='ocrx_word' id='word_1_187' title='bbox 2170 1728 2368 1784; x_wconf 90' lang='lat' dir='ltr'><strong>famulo</strong></span> <span class='ocrx_word' id='word_1_188' title='bbox 2396 1727 2598 1783; x_wconf 89' lang='lat' dir='ltr'><strong>Christi</strong></span> <span class='ocrx_word' id='word_1_189' title='bbox 2626 1743 2779 1798; x_wconf 89' lang='lat' dir='ltr'><strong>reges</strong></span> <span class='ocrx_word' id='word_1_190' title='bbox 2807 1727 3152 1794; x_wconf 90' lang='lat' dir='ltr'><strong>famulantur,</strong></span> <span class='ocrx_word' id='word_1_191' title='bbox 3179 1741 3232 1785; x_wconf 90' lang='lat' dir='ltr'><strong>et</strong></span> <span class='ocrx_word' id='word_1_192' title='bbox 3262 1729 3410 1785; x_wconf 90' lang='lat' dir='ltr'><strong>illum</strong></span> 
     </span>
    </p>
   </div>
   <div class='ocr_carea' id='block_1_17' title="bbox 393 1804 3222 1896">
    <p class='ocr_par' dir='ltr' id='par_1_17' title="bbox 393 1804 3222 1896">
     <span class='ocr_line' id='line_1_17' title="bbox 393 1804 3222 1896; baseline 0.001 -25"><span class='ocrx_word' id='word_1_193' title='bbox 393 1816 462 1871; x_wconf 88' lang='lat' dir='ltr'><strong>Et</strong></span> <span class='ocrx_word' id='word_1_194' title='bbox 487 1833 667 1874; x_wconf 91' lang='lat' dir='ltr'><strong>rerum</strong></span> <span class='ocrx_word' id='word_1_195' title='bbox 697 1832 920 1878; x_wconf 87' lang='lat' dir='ltr'><strong>eventus</strong></span> <span class='ocrx_word' id='word_1_196' title='bbox 945 1825 1154 1879; x_wconf 89' lang='lat' dir='ltr'><strong>somnia</strong></span> <span class='ocrx_word' id='word_1_197' title='bbox 1183 1841 1310 1880; x_wconf 90' lang='lat' dir='ltr'><strong>vera</strong></span> <span class='ocrx_word' id='word_1_198' title='bbox 1339 1827 1550 1896; x_wconf 89' lang='lat' dir='ltr'><strong>probat.</strong></span> <span class='ocrx_word' id='word_1_199' title='bbox 1931 1804 1980 1864; x_wconf 84' lang='grc' dir='ltr'><strong>Β</strong></span> <span class='ocrx_word' id='word_1_200' title='bbox 2071 1819 2175 1876; x_wconf 89' lang='lat' dir='ltr'><strong>Per</strong></span> <span class='ocrx_word' id='word_1_201' title='bbox 2197 1821 2428 1890; x_wconf 90' lang='lat' dir='ltr'><strong>patriam</strong></span> <span class='ocrx_word' id='word_1_202' title='bbox 2455 1819 2682 1890; x_wconf 87' lang='lat' dir='ltr'><strong>populus</strong></span> <span class='ocrx_word' id='word_1_203' title='bbox 2707 1827 2848 1873; x_wconf 91' lang='lat' dir='ltr'><strong>totus</strong></span> <span class='ocrx_word' id='word_1_204' title='bbox 2869 1834 3051 1874; x_wconf 88' lang='lat' dir='ltr'><strong>amore</strong></span> <span class='ocrx_word' id='word_1_205' title='bbox 3076 1819 3222 1875; x_wconf 89' lang='lat' dir='ltr'><strong>colit.</strong></span> 
     </span>
    </p>
   </div>
   <div class='ocr_carea' id='block_1_18' title="bbox 321 1904 3435 1985">
    <p class='ocr_par' dir='ltr' id='par_1_18' title="bbox 321 1904 3435 1985">
     <span class='ocr_line' id='line_1_18' title="bbox 321 1904 3435 1985; baseline 0 -18"><span class='ocrx_word' id='word_1_206' title='bbox 321 1904 576 1962; x_wconf 79' lang='lat' dir='ltr'><strong>Nascitur</strong></span> <span class='ocrx_word' id='word_1_207' title='bbox 597 1919 758 1980; x_wconf 87' lang='lat' dir='ltr'><strong>atque</strong></span> <span class='ocrx_word' id='word_1_208' title='bbox 783 1927 917 1981; x_wconf 89' lang='lat' dir='ltr'><strong>puer</strong></span> <span class='ocrx_word' id='word_1_209' title='bbox 942 1914 1126 1979; x_wconf 89' lang='lat' dir='ltr'><strong>matri,</strong></span> <span class='ocrx_word' id='word_1_210' title='bbox 1158 1924 1213 1970; x_wconf 91' lang='lat' dir='ltr'><strong>et</strong></span> <span class='ocrx_word' id='word_1_211' title='bbox 1241 1915 1560 1985; x_wconf 81' lang='lat' dir='ltr'><strong>baptismate</strong></span> <span class='ocrx_word' id='word_1_212' title='bbox 1581 1916 1691 1972; x_wconf 91' lang='lat' dir='ltr'><strong>loto</strong></span> <span class='ocrx_word' id='word_1_213' title='bbox 2001 1912 2095 1968; x_wconf 78' lang='lat' dir='ltr'><strong>Vir</strong></span> <span class='ocrx_word' id='word_1_214' title='bbox 2125 1909 2353 1967; x_wconf 83' lang='lat' dir='ltr'><strong>fuiListe</strong></span> <span class='ocrx_word' id='word_1_215' title='bbox 2381 1911 2476 1966; x_wconf 89' lang='lat' dir='ltr'><strong>Dei</strong></span> <span class='ocrx_word' id='word_1_216' title='bbox 2505 1912 2745 1984; x_wconf 85' lang='lat' dir='ltr'><strong>patiens,</strong></span> <span class='ocrx_word' id='word_1_217' title='bbox 2777 1912 3085 1968; x_wconf 89' lang='lat' dir='ltr'><strong>moderatus</strong></span> <span class='ocrx_word' id='word_1_218' title='bbox 3103 1953 3118 1977; x_wconf 89' lang='lat'><strong>,</strong></span> <span class='ocrx_word' id='word_1_219' title='bbox 3149 1912 3435 1978; x_wconf 89' lang='lat' dir='ltr'><strong>honestus,</strong></span> 
     </span>
    </p>
   </div>
   <div class='ocr_carea' id='block_1_19' title="bbox 391 2000 3157 2078">
    <p class='ocr_par' dir='ltr' id='par_1_19' title="bbox 391 2000 3157 2078">
     <span class='ocr_line' id='line_1_19' title="bbox 391 2000 3157 2078; baseline 0.001 -24"><span class='ocrx_word' id='word_1_220' title='bbox 391 2000 650 2071; x_wconf 89' lang='lat' dir='ltr'><strong>Imposuit</strong></span> <span class='ocrx_word' id='word_1_221' title='bbox 676 2003 965 2060; x_wconf 89' lang='lat' dir='ltr'><strong>Willbrord</strong></span> <span class='ocrx_word' id='word_1_222' title='bbox 993 2022 1189 2062; x_wconf 91' lang='lat' dir='ltr'><strong>nomen</strong></span> <span class='ocrx_word' id='word_1_223' title='bbox 1219 2007 1422 2063; x_wconf 90' lang='lat' dir='ltr'><strong>habere</strong></span> <span class='ocrx_word' id='word_1_224' title='bbox 1449 2016 1621 2078; x_wconf 88' lang='lat' dir='ltr'><strong>pater.</strong></span> <span class='ocrx_word' id='word_1_225' title='bbox 2071 2005 2307 2061; x_wconf 80' lang='lat' dir='ltr'><strong>Moribus</strong></span> <span class='ocrx_word' id='word_1_226' title='bbox 2334 2004 2582 2074; x_wconf 83' lang='lat' dir='ltr'><strong>egregius</strong></span> <span class='ocrx_word' id='word_1_227' title='bbox 2599 2043 2613 2068; x_wconf 94' lang='lat'><strong>,</strong></span> <span class='ocrx_word' id='word_1_228' title='bbox 2644 2003 2791 2057; x_wconf 90' lang='lat' dir='ltr'><strong>mitis</strong></span> <span class='ocrx_word' id='word_1_229' title='bbox 2817 2011 2869 2057; x_wconf 89' lang='lat' dir='ltr'><strong>et</strong></span> <span class='ocrx_word' id='word_1_230' title='bbox 2897 2017 2991 2057; x_wconf 92' lang='lat' dir='ltr'><strong>ore</strong></span> <span class='ocrx_word' id='word_1_231' title='bbox 3017 2003 3157 2074; x_wconf 90' lang='lat' dir='ltr'><strong>pius.</strong></span> 
     </span>
    </p>
   </div>
   <div class='ocr_carea' id='block_1_20' title="bbox 321 2090 3311 2164">
    <p class='ocr_par' dir='ltr' id='par_1_20' title="bbox 321 2090 3311 2164">
     <span class='ocr_line' id='line_1_20' title="bbox 321 2090 3311 2164; baseline 0.001 -19"><span class='ocrx_word' id='word_1_232' title='bbox 321 2090 483 2159; x_wconf 87' lang='lat' dir='ltr'><strong>Cujus</strong></span> <span class='ocrx_word' id='word_1_233' title='bbox 509 2094 641 2159; x_wconf 87' lang='lat' dir='ltr'><strong>vita,</strong></span> <span class='ocrx_word' id='word_1_234' title='bbox 673 2093 827 2161; x_wconf 88' lang='lat' dir='ltr'><strong>fides,</strong></span> <span class='ocrx_word' id='word_1_235' title='bbox 856 2112 1053 2162; x_wconf 90' lang='lat' dir='ltr'><strong>mores,</strong></span> <span class='ocrx_word' id='word_1_236' title='bbox 1085 2097 1348 2164; x_wconf 89' lang='lat' dir='ltr'><strong>doctrina,</strong></span> <span class='ocrx_word' id='word_1_237' title='bbox 1375 2096 1646 2154; x_wconf 69' lang='lat' dir='ltr'><strong>Camaznis</strong></span> <span class='ocrx_word' id='word_1_238' title='bbox 1998 2097 2232 2152; x_wconf 84' lang='lat' dir='ltr'><strong>Plurima</strong></span> <span class='ocrx_word' id='word_1_239' title='bbox 2259 2097 2351 2164; x_wconf 90' lang='lat' dir='ltr'><strong>qui</strong></span> <span class='ocrx_word' id='word_1_240' title='bbox 2379 2103 2663 2164; x_wconf 90' lang='lat' dir='ltr'><strong>postquam</strong></span> <span class='ocrx_word' id='word_1_241' title='bbox 2692 2092 2931 2161; x_wconf 88' lang='lat' dir='ltr'><strong>perfecto</strong></span> <span class='ocrx_word' id='word_1_242' title='bbox 2956 2093 3093 2147; x_wconf 90' lang='lat' dir='ltr'><strong>dona</strong></span> <span class='ocrx_word' id='word_1_243' title='bbox 3129 2092 3311 2148; x_wconf 87' lang='lat' dir='ltr'><strong>labore</strong></span> 
     </span>
    </p>
   </div>
   <div class='ocr_carea' id='block_1_21' title="bbox 391 2180 3193 2256">
    <p class='ocr_par' dir='ltr' id='par_1_21' title="bbox 391 2180 3193 2256">
     <span class='ocr_line' id='line_1_21' title="bbox 391 2180 3193 2256; baseline 0.001 -20"><span class='ocrx_word' id='word_1_244' title='bbox 391 2180 529 2236; x_wconf 91' lang='lat' dir='ltr'><strong>Olim</strong></span> <span class='ocrx_word' id='word_1_245' title='bbox 559 2184 753 2254; x_wconf 92' lang='lat' dir='ltr'><strong>quippe</strong></span> <span class='ocrx_word' id='word_1_246' title='bbox 776 2184 878 2240; x_wconf 88' lang='lat' dir='ltr'><strong>fuit</strong></span> <span class='ocrx_word' id='word_1_247' title='bbox 903 2187 1260 2256; x_wconf 82' lang='lat' dir='ltr'><strong>praetitulatus</strong></span> <span class='ocrx_word' id='word_1_248' title='bbox 1289 2188 1388 2242; x_wconf 90' lang='lat' dir='ltr'><strong>eis.</strong></span> <span class='ocrx_word' id='word_1_249' title='bbox 2068 2187 2431 2252; x_wconf 87' lang='lat' dir='ltr'><strong>Commeruit,</strong></span> <span class='ocrx_word' id='word_1_250' title='bbox 2467 2186 2682 2241; x_wconf 85' lang='lat' dir='ltr'><strong>Christo</strong></span> <span class='ocrx_word' id='word_1_251' title='bbox 2707 2185 3019 2255; x_wconf 79' lang='lat' dir='ltr'><strong>perﬁciente</strong></span> <span class='ocrx_word' id='word_1_252' title='bbox 3049 2185 3151 2240; x_wconf 91' lang='lat' dir='ltr'><strong>sibi</strong></span> <span class='ocrx_word' id='word_1_253' title='bbox 3180 2202 3193 2238; x_wconf 91' lang='lat'>:</span> 
     </span>
    </p>
   </div>
   <div class='ocr_carea' id='block_1_22' title="bbox 318 2268 3345 2348">
    <p class='ocr_par' dir='ltr' id='par_1_22' title="bbox 318 2268 3345 2348">
     <span class='ocr_line' id='line_1_22' title="bbox 318 2268 3345 2348; baseline 0.003 -25"><span class='ocrx_word' id='word_1_254' title='bbox 318 2268 438 2325; x_wconf 83' lang='lat' dir='ltr'><strong>Mox</strong></span> <span class='ocrx_word' id='word_1_255' title='bbox 465 2282 620 2341; x_wconf 90' lang='lat' dir='ltr'><strong>pater</strong></span> <span class='ocrx_word' id='word_1_256' title='bbox 646 2275 894 2346; x_wconf 83' lang='lat' dir='ltr'><strong>egregius</strong></span> <span class='ocrx_word' id='word_1_257' title='bbox 921 2276 1171 2346; x_wconf 88' lang='lat' dir='ltr'><strong>linquens</strong></span> <span class='ocrx_word' id='word_1_258' title='bbox 1199 2279 1337 2332; x_wconf 90' lang='lat' dir='ltr'><strong>mala</strong></span> <span class='ocrx_word' id='word_1_259' title='bbox 1365 2279 1558 2348; x_wconf 87' lang='lat' dir='ltr'><strong>gaudia</strong></span> <span class='ocrx_word' id='word_1_260' title='bbox 1585 2280 1791 2346; x_wconf 90' lang='lat' dir='ltr'><strong>mundi,</strong></span> <span class='ocrx_word' id='word_1_261' title='bbox 1999 2278 2117 2334; x_wconf 83' lang='lat' dir='ltr'><strong>Mox</strong></span> <span class='ocrx_word' id='word_1_262' title='bbox 2146 2278 2353 2333; x_wconf 89' lang='lat' dir='ltr'><strong>meritis</strong></span> <span class='ocrx_word' id='word_1_263' title='bbox 2373 2318 2387 2342; x_wconf 97' lang='lat'><strong>,</strong></span> <span class='ocrx_word' id='word_1_264' title='bbox 2416 2277 2570 2331; x_wconf 90' lang='lat' dir='ltr'><strong>annis</strong></span> <span class='ocrx_word' id='word_1_265' title='bbox 2588 2316 2603 2343; x_wconf 93' lang='lat'><strong>,</strong></span> <span class='ocrx_word' id='word_1_266' title='bbox 2634 2285 2744 2330; x_wconf 90' lang='lat' dir='ltr'><strong>tota</strong></span> <span class='ocrx_word' id='word_1_267' title='bbox 2768 2285 2821 2330; x_wconf 92' lang='lat' dir='ltr'><strong>et</strong></span> <span class='ocrx_word' id='word_1_268' title='bbox 2848 2277 3048 2347; x_wconf 89' lang='lat' dir='ltr'><strong>pietate</strong></span> <span class='ocrx_word' id='word_1_269' title='bbox 3078 2277 3345 2346; x_wconf 90' lang='lat' dir='ltr'><strong>repletus,</strong></span> 
     </span>
    </p>
   </div>
   <div class='ocr_carea' id='block_1_23' title="bbox 388 2363 3310 2440">
    <p class='ocr_par' dir='ltr' id='par_1_23' title="bbox 388 2363 3310 2440">
     <span class='ocr_line' id='line_1_23' title="bbox 388 2363 3310 2440; baseline 0.002 -24"><span class='ocrx_word' id='word_1_270' title='bbox 388 2363 454 2416; x_wconf 90' lang='lat' dir='ltr'><strong>Et</strong></span> <span class='ocrx_word' id='word_1_271' title='bbox 482 2365 687 2420; x_wconf 89' lang='lat' dir='ltr'><strong>servire</strong></span> <span class='ocrx_word' id='word_1_272' title='bbox 713 2365 845 2433; x_wconf 90' lang='lat' dir='ltr'><strong>Deo,</strong></span> <span class='ocrx_word' id='word_1_273' title='bbox 871 2378 1074 2434; x_wconf 86' lang='lat' dir='ltr'><strong>mente,</strong></span> <span class='ocrx_word' id='word_1_274' title='bbox 1100 2386 1283 2435; x_wconf 90' lang='lat' dir='ltr'><strong>manu,</strong></span> <span class='ocrx_word' id='word_1_275' title='bbox 1313 2371 1536 2439; x_wconf 91' lang='lat' dir='ltr'><strong>cupiens</strong></span> <span class='ocrx_word' id='word_1_276' title='bbox 1565 2391 1576 2424; x_wconf 92' lang='lat'>:</span> <span class='ocrx_word' id='word_1_277' title='bbox 2068 2369 2380 2440; x_wconf 85' lang='lat' dir='ltr'><strong>Trauquilla</strong></span> <span class='ocrx_word' id='word_1_278' title='bbox 2411 2369 2621 2423; x_wconf 91' lang='lat' dir='ltr'><strong>tandem</strong></span> <span class='ocrx_word' id='word_1_279' title='bbox 2649 2369 2702 2421; x_wconf 92' lang='lat' dir='ltr'><strong>in</strong></span> <span class='ocrx_word' id='word_1_280' title='bbox 2732 2384 2865 2438; x_wconf 88' lang='lat' dir='ltr'><strong>pace</strong></span> <span class='ocrx_word' id='word_1_281' title='bbox 2892 2369 3098 2438; x_wconf 90' lang='lat' dir='ltr'><strong>quievit</strong></span> <span class='ocrx_word' id='word_1_282' title='bbox 3124 2384 3310 2424; x_wconf 87' lang='lat' dir='ltr'><strong>ovans.</strong></span> 
     </span>
    </p>
   </div>
   <div class='ocr_carea' id='block_1_24' title="bbox 317 2449 3326 2533">
    <p class='ocr_par' dir='ltr' id='par_1_24' title="bbox 317 2449 3326 2533">
     <span class='ocr_line' id='line_1_24' title="bbox 317 2449 3326 2533; baseline 0.002 -28"><span class='ocrx_word' id='word_1_283' title='bbox 317 2449 602 2508; x_wconf 85' lang='lat' dir='ltr'><strong>Coelestem</strong></span> <span class='ocrx_word' id='word_1_284' title='bbox 623 2455 849 2524; x_wconf 84' lang='lat' dir='ltr'><strong>rapiens</strong></span> <span class='ocrx_word' id='word_1_285' title='bbox 879 2465 991 2512; x_wconf 89' lang='lat' dir='ltr'><strong>tota</strong></span> <span class='ocrx_word' id='word_1_286' title='bbox 1015 2458 1294 2513; x_wconf 88' lang='lat' dir='ltr'><strong>dulcedine</strong></span> <span class='ocrx_word' id='word_1_287' title='bbox 1324 2458 1510 2524; x_wconf 87' lang='lat' dir='ltr'><strong>vitam,</strong></span> <span class='ocrx_word' id='word_1_288' title='bbox 1999 2462 2233 2533; x_wconf 87' lang='lat' dir='ltr'><strong>Spiritus</strong></span> <span class='ocrx_word' id='word_1_289' title='bbox 2258 2460 2535 2516; x_wconf 74' lang='lat' dir='ltr'><strong>aetheriam</strong></span> <span class='ocrx_word' id='word_1_290' title='bbox 2564 2458 2718 2514; x_wconf 68' lang='lat' dir='ltr'><strong>laatus</strong></span> <span class='ocrx_word' id='word_1_291' title='bbox 2747 2459 2996 2530; x_wconf 83' lang='lat' dir='ltr'><strong>migravit</strong></span> <span class='ocrx_word' id='word_1_292' title='bbox 3023 2461 3088 2515; x_wconf 90' lang='lat' dir='ltr'><strong>ad</strong></span> <span class='ocrx_word' id='word_1_293' title='bbox 3117 2459 3326 2525; x_wconf 88' lang='lat' dir='ltr'><strong>aulam,</strong></span> 
     </span>
    </p>
   </div>
   <div class='ocr_carea' id='block_1_25' title="bbox 390 2542 3300 2619">
    <p class='ocr_par' dir='ltr' id='par_1_25' title="bbox 390 2542 3300 2619">
     <span class='ocr_line' id='line_1_25' title="bbox 390 2542 3300 2619; baseline 0.002 -23"><span class='ocrx_word' id='word_1_294' title='bbox 390 2542 455 2596; x_wconf 88' lang='lat' dir='ltr'><strong>Et</strong></span> <span class='ocrx_word' id='word_1_295' title='bbox 477 2559 536 2598; x_wconf 93' lang='lat' dir='ltr'><strong>se</strong></span> <span class='ocrx_word' id='word_1_296' title='bbox 558 2546 806 2600; x_wconf 83' lang='lat' dir='ltr'><strong>coenobio</strong></span> <span class='ocrx_word' id='word_1_297' title='bbox 835 2547 1054 2602; x_wconf 86' lang='lat' dir='ltr'><strong>tradidit</strong></span> <span class='ocrx_word' id='word_1_298' title='bbox 1080 2550 1194 2619; x_wconf 89' lang='lat' dir='ltr'><strong>ipse</strong></span> <span class='ocrx_word' id='word_1_299' title='bbox 1217 2563 1391 2603; x_wconf 89' lang='lat' dir='ltr'><strong>sacro.</strong></span> <span class='ocrx_word' id='word_1_300' title='bbox 2065 2551 2272 2608; x_wconf 87' lang='lat' dir='ltr'><strong>Gaudia</strong></span> <span class='ocrx_word' id='word_1_301' title='bbox 2301 2566 2421 2605; x_wconf 93' lang='lat' dir='ltr'><strong>cum</strong></span> <span class='ocrx_word' id='word_1_302' title='bbox 2449 2550 2652 2605; x_wconf 86' lang='lat' dir='ltr'><strong>sanctis</strong></span> <span class='ocrx_word' id='word_1_303' title='bbox 2673 2547 2787 2616; x_wconf 92' lang='lat' dir='ltr'><strong>jam</strong></span> <span class='ocrx_word' id='word_1_304' title='bbox 2818 2551 2932 2604; x_wconf 91' lang='lat' dir='ltr'><strong>sine</strong></span> <span class='ocrx_word' id='word_1_305' title='bbox 2959 2549 3064 2604; x_wconf 85' lang='lat' dir='ltr'><strong>line</strong></span> <span class='ocrx_word' id='word_1_306' title='bbox 3095 2559 3300 2606; x_wconf 89' lang='lat' dir='ltr'><strong>tenens.</strong></span> 
     </span>
    </p>
   </div>
   <div class='ocr_carea' id='block_1_26' title="bbox 315 2630 3336 2715">
    <p class='ocr_par' dir='ltr' id='par_1_26' title="bbox 315 2630 3336 2715">
     <span class='ocr_line' id='line_1_26' title="bbox 315 2630 3336 2715; baseline 0.004 -31"><span class='ocrx_word' id='word_1_307' title='bbox 315 2630 598 2688; x_wconf 87' lang='lat' dir='ltr'><strong>Fratribus</strong></span> <span class='ocrx_word' id='word_1_308' title='bbox 629 2634 913 2703; x_wconf 88' lang='lat' dir='ltr'><strong>adjunctus</strong></span> <span class='ocrx_word' id='word_1_309' title='bbox 941 2637 1077 2690; x_wconf 72' lang='lat' dir='ltr'><strong>vixit</strong></span> <span class='ocrx_word' id='word_1_310' title='bbox 1105 2638 1223 2692; x_wconf 86' lang='lat' dir='ltr'><strong>sine</strong></span> <span class='ocrx_word' id='word_1_311' title='bbox 1250 2638 1480 2694; x_wconf 90' lang='lat' dir='ltr'><strong>crimine</strong></span> <span class='ocrx_word' id='word_1_312' title='bbox 1507 2638 1697 2706; x_wconf 88' lang='lat' dir='ltr'><strong>frater,</strong></span> <span class='ocrx_word' id='word_1_313' title='bbox 1997 2645 2202 2714; x_wconf 90' lang='lat' dir='ltr'><strong>Corpus</strong></span> <span class='ocrx_word' id='word_1_314' title='bbox 2228 2644 2282 2698; x_wconf 91' lang='lat' dir='ltr'><strong>in</strong></span> <span class='ocrx_word' id='word_1_315' title='bbox 2308 2643 2536 2698; x_wconf 89' lang='lat' dir='ltr'><strong>ecclesia</strong></span> <span class='ocrx_word' id='word_1_316' title='bbox 2561 2649 2822 2715; x_wconf 82' lang='lat' dir='ltr'><strong>curarunt</strong></span> <span class='ocrx_word' id='word_1_317' title='bbox 2850 2642 3081 2712; x_wconf 77' lang='lat' dir='ltr'><strong>condere</strong></span> <span class='ocrx_word' id='word_1_318' title='bbox 3107 2642 3303 2697; x_wconf 86' lang='lat' dir='ltr'><strong>fratres</strong></span> <span class='ocrx_word' id='word_1_319' title='bbox 3321 2684 3336 2707; x_wconf 91' lang='lat'><strong>,</strong></span> 
     </span>
    </p>
   </div>
   <div class='ocr_carea' id='block_1_27' title="bbox 384 2719 3383 2802">
    <p class='ocr_par' dir='ltr' id='par_1_27' title="bbox 384 2719 3383 2802">
     <span class='ocr_line' id='line_1_27' title="bbox 384 2719 3383 2802; baseline 0.004 -28"><span class='ocrx_word' id='word_1_320' title='bbox 384 2719 504 2776; x_wconf 83' lang='lat' dir='ltr'><strong>Jam</strong></span> <span class='ocrx_word' id='word_1_321' title='bbox 530 2723 743 2791; x_wconf 88' lang='lat' dir='ltr'><strong>patiens</strong></span> <span class='ocrx_word' id='word_1_322' title='bbox 761 2765 774 2789; x_wconf 95' lang='lat'><strong>,</strong></span> <span class='ocrx_word' id='word_1_323' title='bbox 805 2724 1055 2792; x_wconf 85' lang='lat' dir='ltr'><strong>humilis,</strong></span> <span class='ocrx_word' id='word_1_324' title='bbox 1084 2736 1366 2798; x_wconf 89' lang='lat' dir='ltr'><strong>promptus</strong></span> <span class='ocrx_word' id='word_1_325' title='bbox 1393 2730 1446 2783; x_wconf 90' lang='lat' dir='ltr'><strong>in</strong></span> <span class='ocrx_word' id='word_1_326' title='bbox 1488 2745 1646 2786; x_wconf 89' lang='lat' dir='ltr'><strong>omne</strong></span> <span class='ocrx_word' id='word_1_327' title='bbox 1672 2733 1890 2788; x_wconf 25' lang='lat' dir='ltr'><strong>bonum.</strong></span> <span class='ocrx_word' id='word_1_328' title='bbox 2065 2734 2195 2802; x_wconf 70' lang='lat' dir='ltr'><strong>Quae</strong></span> <span class='ocrx_word' id='word_1_329' title='bbox 2225 2741 2534 2789; x_wconf 88' lang='lat' dir='ltr'><strong>constructa</strong></span> <span class='ocrx_word' id='word_1_330' title='bbox 2560 2733 2726 2788; x_wconf 90' lang='lat' dir='ltr'><strong>maris</strong></span> <span class='ocrx_word' id='word_1_331' title='bbox 2755 2741 2861 2788; x_wconf 85' lang='lat' dir='ltr'><strong>stat</strong></span> <span class='ocrx_word' id='word_1_332' title='bbox 2886 2747 3053 2802; x_wconf 88' lang='lat' dir='ltr'><strong>prope</strong></span> <span class='ocrx_word' id='word_1_333' title='bbox 3079 2732 3383 2794; x_wconf 86' lang='lat' dir='ltr'><strong>littoribus;</strong></span> 
     </span>
    </p>
   </div>
   <div class='ocr_carea' id='block_1_28' title="bbox 314 2809 3353 2895">
    <p class='ocr_par' dir='ltr' id='par_1_28' title="bbox 314 2809 3353 2895">
     <span class='ocr_line' id='line_1_28' title="bbox 314 2809 3353 2895; baseline 0.005 -31"><span class='ocrx_word' id='word_1_334' title='bbox 314 2809 561 2868; x_wconf 69' lang='lat' dir='ltr'><strong>Posthaac</strong></span> <span class='ocrx_word' id='word_1_335' title='bbox 591 2823 770 2869; x_wconf 88' lang='lat' dir='ltr'><strong>mente</strong></span> <span class='ocrx_word' id='word_1_336' title='bbox 797 2830 951 2870; x_wconf 89' lang='lat' dir='ltr'><strong>sacer</strong></span> <span class='ocrx_word' id='word_1_337' title='bbox 978 2815 1209 2872; x_wconf 87' lang='lat' dir='ltr'><strong>famulus</strong></span> <span class='ocrx_word' id='word_1_338' title='bbox 1238 2819 1442 2888; x_wconf 86' lang='lat' dir='ltr'><strong>majora</strong></span> <span class='ocrx_word' id='word_1_339' title='bbox 1479 2831 1716 2888; x_wconf 91' lang='lat' dir='ltr'><strong>secutus,</strong></span> <span class='ocrx_word' id='word_1_340' title='bbox 1995 2824 2169 2895; x_wconf 84' lang='lat' dir='ltr'><strong>Atque</strong></span> <span class='ocrx_word' id='word_1_341' title='bbox 2197 2833 2407 2880; x_wconf 85' lang='lat' dir='ltr'><strong>sacrata</strong></span> <span class='ocrx_word' id='word_1_342' title='bbox 2438 2824 2533 2879; x_wconf 89' lang='lat' dir='ltr'><strong>Dei</strong></span> <span class='ocrx_word' id='word_1_343' title='bbox 2562 2824 2794 2894; x_wconf 82' lang='lat' dir='ltr'><strong>genitrix</strong></span> <span class='ocrx_word' id='word_1_344' title='bbox 2825 2823 3124 2878; x_wconf 84' lang='lat' dir='ltr'><strong>clarissima</strong></span> <span class='ocrx_word' id='word_1_345' title='bbox 3151 2822 3353 2879; x_wconf 89' lang='lat' dir='ltr'><strong>Christi</strong></span> 
     </span>
    </p>
   </div>
   <div class='ocr_carea' id='block_1_29' title="bbox 387 2901 3186 2985">
    <p class='ocr_par' dir='ltr' id='par_1_29' title="bbox 387 2901 3186 2985">
     <span class='ocr_line' id='line_1_29' title="bbox 387 2901 3186 2985; baseline 0.005 -30"><span class='ocrx_word' id='word_1_346' title='bbox 387 2901 708 2959; x_wconf 89' lang='lat' dir='ltr'><strong>Theoricam</strong></span> <span class='ocrx_word' id='word_1_347' title='bbox 739 2907 963 2976; x_wconf 90' lang='lat' dir='ltr'><strong>cupiens</strong></span> <span class='ocrx_word' id='word_1_348' title='bbox 991 2908 1137 2963; x_wconf 92' lang='lat' dir='ltr'><strong>solus</strong></span> <span class='ocrx_word' id='word_1_349' title='bbox 1165 2911 1314 2965; x_wconf 89' lang='lat' dir='ltr'><strong>adire</strong></span> <span class='ocrx_word' id='word_1_350' title='bbox 1342 2911 1484 2965; x_wconf 89' lang='lat' dir='ltr'><strong>viam</strong></span> <span class='ocrx_word' id='word_1_351' title='bbox 2066 2915 2289 2971; x_wconf 85' lang='lat' dir='ltr'><strong>Nomine</strong></span> <span class='ocrx_word' id='word_1_352' title='bbox 2314 2915 2560 2985; x_wconf 87' lang='lat' dir='ltr'><strong>fulgescit</strong></span> <span class='ocrx_word' id='word_1_353' title='bbox 2579 2955 2594 2980; x_wconf 95' lang='lat'><strong>,</strong></span> <span class='ocrx_word' id='word_1_354' title='bbox 2624 2912 2786 2984; x_wconf 81' lang='lat' dir='ltr'><strong>Virgo</strong></span> <span class='ocrx_word' id='word_1_355' title='bbox 2817 2913 3015 2979; x_wconf 88' lang='lat' dir='ltr'><strong>Maria,</strong></span> <span class='ocrx_word' id='word_1_356' title='bbox 3051 2922 3140 2969; x_wconf 90' lang='lat' dir='ltr'><strong>tuo</strong></span> <span class='ocrx_word' id='word_1_357' title='bbox 3173 2932 3186 2968; x_wconf 91' lang='lat'><strong>:</strong></span> 
     </span>
    </p>
   </div>
   <div class='ocr_carea' id='block_1_30' title="bbox 312 2990 3368 3077">
    <p class='ocr_par' dir='ltr' id='par_1_30' title="bbox 312 2990 3368 3077">
     <span class='ocr_line' id='line_1_30' title="bbox 312 2990 3368 3077; baseline 0.005 -34"><span class='ocrx_word' id='word_1_358' title='bbox 312 2990 529 3061; x_wconf 87' lang='lat' dir='ltr'><strong>Incipit,</strong></span> <span class='ocrx_word' id='word_1_359' title='bbox 556 2994 805 3049; x_wconf 84' lang='lat' dir='ltr'><strong>undisoni</strong></span> <span class='ocrx_word' id='word_1_360' title='bbox 837 2997 979 3051; x_wconf 91' lang='lat' dir='ltr'><strong>inter</strong></span> <span class='ocrx_word' id='word_1_361' title='bbox 1003 3002 1371 3068; x_wconf 88' lang='lat' dir='ltr'><strong>promontoria</strong></span> <span class='ocrx_word' id='word_1_362' title='bbox 1400 3005 1572 3072; x_wconf 88' lang='lat' dir='ltr'><strong>ponti,</strong></span> <span class='ocrx_word' id='word_1_363' title='bbox 1997 3007 2053 3061; x_wconf 92' lang='lat' dir='ltr'><strong>In</strong></span> <span class='ocrx_word' id='word_1_364' title='bbox 2087 3023 2193 3077; x_wconf 91' lang='lat' dir='ltr'><strong>quo</strong></span> <span class='ocrx_word' id='word_1_365' title='bbox 2224 3015 2275 3062; x_wconf 90' lang='lat' dir='ltr'><strong>te</strong></span> <span class='ocrx_word' id='word_1_366' title='bbox 2307 3005 2506 3061; x_wconf 90' lang='lat' dir='ltr'><strong>nostris</strong></span> <span class='ocrx_word' id='word_1_367' title='bbox 2529 3007 2664 3060; x_wconf 91' lang='lat' dir='ltr'><strong>bene</strong></span> <span class='ocrx_word' id='word_1_368' title='bbox 2688 3004 2960 3059; x_wconf 89' lang='lat' dir='ltr'><strong>credimus</strong></span> <span class='ocrx_word' id='word_1_369' title='bbox 2987 3019 3107 3060; x_wconf 90' lang='lat' dir='ltr'><strong>esse</strong></span> <span class='ocrx_word' id='word_1_370' title='bbox 3133 3003 3368 3059; x_wconf 87' lang='lat' dir='ltr'><strong>futuram</strong></span> 
     </span>
    </p>
   </div>
   <div class='ocr_carea' id='block_1_31' title="bbox 385 3083 3308 3166">
    <p class='ocr_par' dir='ltr' id='par_1_31' title="bbox 385 3083 3308 3166">
     <span class='ocr_line' id='line_1_31' title="bbox 385 3083 3308 3166; baseline 0.004 -29"><span class='ocrx_word' id='word_1_371' title='bbox 385 3083 498 3150; x_wconf 87' lang='lat' dir='ltr'><strong>Qua</strong></span> <span class='ocrx_word' id='word_1_372' title='bbox 524 3085 640 3140; x_wconf 89' lang='lat' dir='ltr'><strong>loca</strong></span> <span class='ocrx_word' id='word_1_373' title='bbox 671 3088 946 3156; x_wconf 89' lang='lat' dir='ltr'><strong>reperiens</strong></span> <span class='ocrx_word' id='word_1_374' title='bbox 973 3105 1209 3162; x_wconf 87' lang='lat' dir='ltr'><strong>congrua</strong></span> <span class='ocrx_word' id='word_1_375' title='bbox 1235 3095 1396 3149; x_wconf 91' lang='lat' dir='ltr'><strong>corde</strong></span> <span class='ocrx_word' id='word_1_376' title='bbox 1425 3110 1523 3150; x_wconf 93' lang='lat' dir='ltr'><strong>suo</strong></span> <span class='ocrx_word' id='word_1_377' title='bbox 1557 3115 1569 3148; x_wconf 87' lang='lat'>:</span> <span class='ocrx_word' id='word_1_378' title='bbox 2063 3097 2279 3152; x_wconf 77' lang='lat' dir='ltr'><strong>Auxilio</strong></span> <span class='ocrx_word' id='word_1_379' title='bbox 2309 3097 2558 3166; x_wconf 89' lang='lat' dir='ltr'><strong>precibus</strong></span> <span class='ocrx_word' id='word_1_380' title='bbox 2577 3137 2592 3161; x_wconf 92' lang='lat'><strong>,</strong></span> <span class='ocrx_word' id='word_1_381' title='bbox 2625 3110 2838 3165; x_wconf 88' lang='lat' dir='ltr'><strong>semper</strong></span> <span class='ocrx_word' id='word_1_382' title='bbox 2864 3095 3071 3151; x_wconf 90' lang='lat' dir='ltr'><strong>honore</strong></span> <span class='ocrx_word' id='word_1_383' title='bbox 3099 3105 3308 3165; x_wconf 89' lang='lat' dir='ltr'><strong>potens.</strong></span> 
     </span>
    </p>
   </div>
   <div class='ocr_carea' id='block_1_32' title="bbox 311 3174 3202 3257">
    <p class='ocr_par' dir='ltr' id='par_1_32' title="bbox 311 3174 3202 3257">
     <span class='ocr_line' id='line_1_32' title="bbox 311 3174 3202 3257; baseline 0.005 -29"><span class='ocrx_word' id='word_1_384' title='bbox 311 3174 370 3229; x_wconf 89' lang='lat' dir='ltr'><strong>In</strong></span> <span class='ocrx_word' id='word_1_385' title='bbox 400 3177 597 3244; x_wconf 89' lang='lat' dir='ltr'><strong>quibus</strong></span> <span class='ocrx_word' id='word_1_386' title='bbox 624 3178 876 3235; x_wconf 82' lang='lat' dir='ltr'><strong>aetherios</strong></span> <span class='ocrx_word' id='word_1_387' title='bbox 904 3183 1075 3251; x_wconf 89' lang='lat' dir='ltr'><strong>possit</strong></span> <span class='ocrx_word' id='word_1_388' title='bbox 1103 3183 1390 3255; x_wconf 89' lang='lat' dir='ltr'><strong>decerpere</strong></span> <span class='ocrx_word' id='word_1_389' title='bbox 1421 3185 1579 3242; x_wconf 85' lang='lat' dir='ltr'><strong>ﬂores</strong></span> <span class='ocrx_word' id='word_1_390' title='bbox 1916 3174 1964 3238; x_wconf 85' lang='lat' dir='ltr'><strong>C</strong></span> <span class='ocrx_word' id='word_1_391' title='bbox 1993 3187 2072 3243; x_wconf 86' lang='lat' dir='ltr'><strong>Tu</strong></span> <span class='ocrx_word' id='word_1_392' title='bbox 2103 3187 2289 3244; x_wconf 89' lang='lat' dir='ltr'><strong>mundi</strong></span> <span class='ocrx_word' id='word_1_393' title='bbox 2314 3189 2477 3243; x_wconf 83' lang='lat' dir='ltr'><strong>vitam</strong></span> <span class='ocrx_word' id='word_1_394' title='bbox 2498 3230 2512 3254; x_wconf 95' lang='lat'><strong>,</strong></span> <span class='ocrx_word' id='word_1_395' title='bbox 2546 3187 2675 3244; x_wconf 88' lang='lat' dir='ltr'><strong>totis</strong></span> <span class='ocrx_word' id='word_1_396' title='bbox 2703 3197 2760 3242; x_wconf 87' lang='lat' dir='ltr'><strong>tu</strong></span> <span class='ocrx_word' id='word_1_397' title='bbox 2790 3189 2981 3257; x_wconf 86' lang='lat' dir='ltr'><strong>gaudia</strong></span> <span class='ocrx_word' id='word_1_398' title='bbox 3013 3188 3202 3250; x_wconf 88' lang='lat' dir='ltr'><strong>seclis,</strong></span> 
     </span>
    </p>
   </div>
   <div class='ocr_carea' id='block_1_33' title="bbox 383 3265 3332 3351">
    <p class='ocr_par' dir='ltr' id='par_1_33' title="bbox 383 3265 3332 3351">
     <span class='ocr_line' id='line_1_33' title="bbox 383 3265 3332 3351; baseline 0.005 -33"><span class='ocrx_word' id='word_1_399' title='bbox 383 3265 451 3318; x_wconf 86' lang='lat' dir='ltr'><strong>Et</strong></span> <span class='ocrx_word' id='word_1_400' title='bbox 477 3268 663 3321; x_wconf 90' lang='lat' dir='ltr'><strong>mundi</strong></span> <span class='ocrx_word' id='word_1_401' title='bbox 693 3271 836 3325; x_wconf 91' lang='lat' dir='ltr'><strong>curis</strong></span> <span class='ocrx_word' id='word_1_402' title='bbox 863 3271 998 3326; x_wconf 89' lang='lat' dir='ltr'><strong>liber</strong></span> <span class='ocrx_word' id='word_1_403' title='bbox 1026 3273 1216 3329; x_wconf 85' lang='lat' dir='ltr'><strong>abesse</strong></span> <span class='ocrx_word' id='word_1_404' title='bbox 1245 3277 1398 3332; x_wconf 89' lang='lat' dir='ltr'><strong>malis</strong></span> <span class='ocrx_word' id='word_1_405' title='bbox 1430 3298 1442 3332; x_wconf 87' lang='lat'><strong>:</strong></span> <span class='ocrx_word' id='word_1_406' title='bbox 2070 3281 2151 3337; x_wconf 90' lang='lat' dir='ltr'><strong>Tu</strong></span> <span class='ocrx_word' id='word_1_407' title='bbox 2178 3297 2358 3351; x_wconf 86' lang='lat' dir='ltr'><strong>regem</strong></span> <span class='ocrx_word' id='word_1_408' title='bbox 2395 3281 2514 3336; x_wconf 68' lang='lat' dir='ltr'><strong>cmli</strong></span> <span class='ocrx_word' id='word_1_409' title='bbox 2535 3321 2549 3346; x_wconf 94' lang='lat'><strong>,</strong></span> <span class='ocrx_word' id='word_1_410' title='bbox 2583 3289 2638 3335; x_wconf 93' lang='lat' dir='ltr'><strong>tu</strong></span> <span class='ocrx_word' id='word_1_411' title='bbox 2664 3275 2948 3334; x_wconf 87' lang='lat' dir='ltr'><strong>Dominum</strong></span> <span class='ocrx_word' id='word_1_412' title='bbox 2976 3289 3136 3350; x_wconf 89' lang='lat' dir='ltr'><strong>atque</strong></span> <span class='ocrx_word' id='word_1_413' title='bbox 3165 3279 3332 3334; x_wconf 87' lang='lat' dir='ltr'><strong>Deum</strong></span> 
     </span>
    </p>
   </div>
   <div class='ocr_carea' id='block_1_34' title="bbox 309 3351 3356 3442">
    <p class='ocr_par' dir='ltr' id='par_1_34' title="bbox 309 3351 3356 3442">
     <span class='ocr_line' id='line_1_34' title="bbox 309 3351 3356 3442; baseline 0.006 -35"><span class='ocrx_word' id='word_1_414' title='bbox 309 3351 356 3407; x_wconf 84' lang='grc' dir='ltr'><strong><em>Τ</em></strong></span> <span class='ocrx_word' id='word_1_415' title='bbox 358 3356 500 3410; x_wconf 90' lang='lat' dir='ltr'><strong>otius</strong></span> <span class='ocrx_word' id='word_1_416' title='bbox 529 3357 619 3412; x_wconf 88' lang='lat' dir='ltr'><strong>hic</strong></span> <span class='ocrx_word' id='word_1_417' title='bbox 645 3359 792 3414; x_wconf 91' lang='lat' dir='ltr'><strong>solus</strong></span> <span class='ocrx_word' id='word_1_418' title='bbox 822 3365 1080 3433; x_wconf 81' lang='lat' dir='ltr'><strong>transegit</strong></span> <span class='ocrx_word' id='word_1_419' title='bbox 1110 3375 1348 3437; x_wconf 88' lang='lat' dir='ltr'><strong>tempora</strong></span> <span class='ocrx_word' id='word_1_420' title='bbox 1373 3371 1516 3437; x_wconf 80' lang='lat' dir='ltr'><strong>vitae,</strong></span> <span class='ocrx_word' id='word_1_421' title='bbox 2000 3372 2216 3427; x_wconf 81' lang='lat' dir='ltr'><strong>Ventris</strong></span> <span class='ocrx_word' id='word_1_422' title='bbox 2244 3373 2297 3426; x_wconf 91' lang='lat' dir='ltr'><strong>in</strong></span> <span class='ocrx_word' id='word_1_423' title='bbox 2324 3371 2559 3441; x_wconf 89' lang='lat' dir='ltr'><strong>hospitio</strong></span> <span class='ocrx_word' id='word_1_424' title='bbox 2588 3371 2859 3442; x_wconf 79' lang='lat' dir='ltr'><strong>genuisti,</strong></span> <span class='ocrx_word' id='word_1_425' title='bbox 2889 3371 3040 3442; x_wconf 88' lang='lat' dir='ltr'><strong>virgo</strong></span> <span class='ocrx_word' id='word_1_426' title='bbox 3059 3371 3310 3441; x_wconf 90' lang='lat' dir='ltr'><strong>perennis</strong></span> <span class='ocrx_word' id='word_1_427' title='bbox 3342 3387 3356 3425; x_wconf 89' lang='lat'>:</span> 
     </span>
    </p>
   </div>
   <div class='ocr_carea' id='block_1_35' title="bbox 382 3445 3040 3532">
    <p class='ocr_par' dir='ltr' id='par_1_35' title="bbox 382 3445 3040 3532">
     <span class='ocr_line' id='line_1_35' title="bbox 382 3445 3040 3532; baseline 0.006 -33"><span class='ocrx_word' id='word_1_428' title='bbox 382 3445 550 3502; x_wconf 83' lang='lat' dir='ltr'><strong>Nocte</strong></span> <span class='ocrx_word' id='word_1_429' title='bbox 581 3447 665 3504; x_wconf 91' lang='lat' dir='ltr'><strong>die</strong></span> <span class='ocrx_word' id='word_1_430' title='bbox 695 3451 904 3520; x_wconf 84' lang='lat' dir='ltr'><strong>magnis</strong></span> <span class='ocrx_word' id='word_1_431' title='bbox 926 3453 1218 3521; x_wconf 89' lang='lat' dir='ltr'><strong>proficiens</strong></span> <span class='ocrx_word' id='word_1_432' title='bbox 1246 3459 1474 3513; x_wconf 91' lang='lat' dir='ltr'><strong>meritis.</strong></span> <span class='ocrx_word' id='word_1_433' title='bbox 2068 3461 2148 3516; x_wconf 91' lang='lat' dir='ltr'><strong>Tu</strong></span> <span class='ocrx_word' id='word_1_434' title='bbox 2174 3462 2331 3517; x_wconf 90' lang='lat' dir='ltr'><strong>nobis</strong></span> <span class='ocrx_word' id='word_1_435' title='bbox 2350 3462 2602 3532; x_wconf 90' lang='lat' dir='ltr'><strong>precibus</strong></span> <span class='ocrx_word' id='word_1_436' title='bbox 2627 3462 2888 3517; x_wconf 84' lang='lat' dir='ltr'><strong>auxiliare</strong></span> <span class='ocrx_word' id='word_1_437' title='bbox 2911 3462 3040 3517; x_wconf 91' lang='lat' dir='ltr'><strong>tuis.</strong></span> 
     </span>
    </p>
   </div>
   <div class='ocr_carea' id='block_1_36' title="bbox 311 3533 3403 3624">
    <p class='ocr_par' dir='ltr' id='par_1_36' title="bbox 311 3533 3403 3624">
     <span class='ocr_line' id='line_1_36' title="bbox 311 3533 3403 3624; baseline 0.006 -36"><span class='ocrx_word' id='word_1_438' title='bbox 311 3533 550 3592; x_wconf 82' lang='lat' dir='ltr'><strong>Plurima</strong></span> <span class='ocrx_word' id='word_1_439' title='bbox 575 3553 863 3608; x_wconf 91' lang='lat' dir='ltr'><strong>perpessus</strong></span> <span class='ocrx_word' id='word_1_440' title='bbox 891 3546 1156 3611; x_wconf 87' lang='lat' dir='ltr'><strong>serpentis</strong></span> <span class='ocrx_word' id='word_1_441' title='bbox 1183 3547 1321 3601; x_wconf 91' lang='lat' dir='ltr'><strong>bella</strong></span> <span class='ocrx_word' id='word_1_442' title='bbox 1354 3547 1592 3615; x_wconf 88' lang='lat' dir='ltr'><strong>nefandi,</strong></span> <span class='ocrx_word' id='word_1_443' title='bbox 1995 3553 2273 3624; x_wconf 90' lang='lat' dir='ltr'><strong>Carmiger</strong></span> <span class='ocrx_word' id='word_1_444' title='bbox 2303 3553 2552 3609; x_wconf 88' lang='lat' dir='ltr'><strong>indoctus</strong></span> <span class='ocrx_word' id='word_1_445' title='bbox 2581 3554 2779 3609; x_wconf 88' lang='lat' dir='ltr'><strong>cecinit</strong></span> <span class='ocrx_word' id='word_1_446' title='bbox 2805 3554 2904 3609; x_wconf 89' lang='lat' dir='ltr'><strong>hos</strong></span> <span class='ocrx_word' id='word_1_447' title='bbox 2930 3554 3155 3609; x_wconf 87' lang='lat' dir='ltr'><strong>Alcuine</strong></span> <span class='ocrx_word' id='word_1_448' title='bbox 3183 3569 3403 3619; x_wconf 88' lang='lat' dir='ltr'><strong>versus,</strong></span> 
     </span>
    </p>
   </div>
   <div class='ocr_carea' id='block_1_37' title="bbox 367 3623 3460 3717">
    <p class='ocr_par' dir='ltr' id='par_1_37' title="bbox 367 3623 3460 3717">
     <span class='ocr_line' id='line_1_37' title="bbox 367 3623 3460 3717; baseline 0.001 -25"><span class='ocrx_word' id='word_1_449' title='bbox 367 3623 486 3715; x_wconf 27' lang='lat' dir='ltr'><strong>.Qui</strong></span> <span class='ocrx_word' id='word_1_450' title='bbox 517 3628 654 3683; x_wconf 89' lang='lat' dir='ltr'><strong>solet</strong></span> <span class='ocrx_word' id='word_1_451' title='bbox 677 3629 730 3684; x_wconf 93' lang='lat' dir='ltr'><strong>in</strong></span> <span class='ocrx_word' id='word_1_452' title='bbox 757 3641 974 3687; x_wconf 86' lang='lat' dir='ltr'><strong>sanctos</strong></span> <span class='ocrx_word' id='word_1_453' title='bbox 999 3648 1148 3688; x_wconf 91' lang='lat' dir='ltr'><strong>arma</strong></span> <span class='ocrx_word' id='word_1_454' title='bbox 1174 3651 1389 3692; x_wconf 90' lang='lat' dir='ltr'><strong>movere</strong></span> <span class='ocrx_word' id='word_1_455' title='bbox 1417 3653 1534 3692; x_wconf 90' lang='lat' dir='ltr'><strong>sua.</strong></span> <span class='ocrx_word' id='word_1_456' title='bbox 2069 3623 2201 3710; x_wconf 71' lang='lat' dir='ltr'><strong>Cui,</strong></span> <span class='ocrx_word' id='word_1_457' title='bbox 2223 3659 2351 3717; x_wconf 85' lang='lat' dir='ltr'><strong>rogo</strong></span> <span class='ocrx_word' id='word_1_458' title='bbox 2369 3686 2382 3711; x_wconf 92' lang='lat'><strong>,</strong></span> <span class='ocrx_word' id='word_1_459' title='bbox 2412 3644 2638 3714; x_wconf 91' lang='lat' dir='ltr'><strong>quisque</strong></span> <span class='ocrx_word' id='word_1_460' title='bbox 2668 3645 2814 3716; x_wconf 84' lang='lat' dir='ltr'><strong>legas</strong></span> <span class='ocrx_word' id='word_1_461' title='bbox 2835 3685 2849 3712; x_wconf 94' lang='lat'><strong>,</strong></span> <span class='ocrx_word' id='word_1_462' title='bbox 2884 3645 2992 3712; x_wconf 91' lang='lat' dir='ltr'><strong>dic,</strong></span> <span class='ocrx_word' id='word_1_463' title='bbox 3020 3645 3276 3700; x_wconf 89' lang='lat' dir='ltr'><strong>miserere</strong></span> <span class='ocrx_word' id='word_1_464' title='bbox 3302 3645 3460 3698; x_wconf 91' lang='lat' dir='ltr'><strong>Deus.</strong></span> 
     </span>
    </p>
   </div>
   <div class='ocr_carea' id='block_1_38' title="bbox 382 3783 1707 3865">
    <p class='ocr_par' dir='ltr' id='par_1_38' title="bbox 382 3783 1707 3865">
     <span class='ocr_line' id='line_1_38' title="bbox 382 3783 1707 3865; baseline 0.014 -28"><span class='ocrx_word' id='word_1_465' title='bbox 382 3796 406 3824; x_wconf 73' lang='grc' dir='ltr'>ι</span> <span class='ocrx_word' id='word_1_466' title='bbox 448 3783 612 3850; x_wconf 84' lang='lat' dir='ltr'><strong>Mab.,</strong></span> <span class='ocrx_word' id='word_1_467' title='bbox 643 3785 903 3844; x_wconf 75' lang='lat' dir='ltr'><strong>Concessit</strong></span> <span class='ocrx_word' id='word_1_468' title='bbox 934 3791 1132 3856; x_wconf 79' lang='lat' dir='ltr'><strong>famulo</strong></span> <span class='ocrx_word' id='word_1_469' title='bbox 1159 3793 1303 3849; x_wconf 80' lang='lat' dir='ltr'><strong>clara</strong></span> <span class='ocrx_word' id='word_1_470' title='bbox 1335 3799 1567 3865; x_wconf 73' lang='lat' dir='ltr'><strong>trophwa</strong></span> <span class='ocrx_word' id='word_1_471' title='bbox 1594 3789 1707 3855; x_wconf 76' lang='lat' dir='ltr'><strong>suo.</strong></span> 
     </span>
    </p>
   </div>
   <div class='ocr_carea' id='block_1_39' title="bbox 311 3969 3568 4026">
    <p class='ocr_par' dir='ltr' id='par_1_39' title="bbox 311 3969 3568 4026">
     <span class='ocr_line' id='line_1_39' title="bbox 311 3969 3568 4026; baseline 0.004 -15"><span class='ocrx_word' id='word_1_472' title='bbox 311 3969 3568 4026; x_wconf 40' lang='grc' dir='ltr'>Μ</span> 
     </span>
    </p>
   </div>
   <div class='ocr_carea' id='block_1_40' title="bbox 916 4135 2922 4280">
    <p class='ocr_par' dir='ltr' id='par_1_40' title="bbox 916 4135 2922 4280">
     <span class='ocr_line' id='line_1_40' title="bbox 916 4135 2922 4280; baseline 0.004 -12"><span class='ocrx_word' id='word_1_473' title='bbox 916 4159 1485 4276; x_wconf 69' lang='lat' dir='ltr'><strong>sum</strong></span> <span class='ocrx_word' id='word_1_474' title='bbox 1563 4135 2202 4278; x_wconf 66' lang='lat' dir='ltr'><strong>unco!</strong></span> <span class='ocrx_word' id='word_1_475' title='bbox 2274 4164 2922 4280; x_wconf 66' lang='lat' dir='ltr'><strong>annm:</strong></span> 
     </span>
    </p>
   </div>
   <div class='ocr_carea' id='block_1_41' title="bbox 650 4448 2406 4687">
    <p class='ocr_par' dir='ltr' id='par_1_41' title="bbox 650 4448 2406 4687">
     <span class='ocr_line' id='line_1_41' title="bbox 650 4448 2406 4687; baseline 0.035 -63"><span class='ocrx_word' id='word_1_476' title='bbox 1485 4525 2406 4687; x_wconf 85' lang='lat' dir='ltr'><strong>ALCUINI</strong></span> 
     </span>
    </p>
   </div>
   <div class='ocr_carea' id='block_1_42' title="bbox 1403 4772 2458 4876">
    <p class='ocr_par' dir='ltr' id='par_1_42' title="bbox 1403 4772 2458 4876">
     <span class='ocr_line' id='line_1_42' title="bbox 1403 4772 2458 4876; baseline 0.004 -42"><span class='ocrx_word' id='word_1_477' title='bbox 1403 4772 1696 4876; x_wconf 82' lang='lat' dir='ltr'><strong>CAROLI</strong></span> <span class='ocrx_word' id='word_1_478' title='bbox 1760 4775 2018 4836; x_wconf 81' lang='lat' dir='ltr'><strong>MAGNI</strong></span> <span class='ocrx_word' id='word_1_479' title='bbox 2074 4776 2458 4838; x_wconf 80' lang='lat' dir='ltr'><strong>MAGISTRI</strong></span> 
     </span>
    </p>
   </div>
   <div class='ocr_carea' id='block_1_43' title="bbox 730 4935 3127 5190">
    <p class='ocr_par' dir='ltr' id='par_1_43' title="bbox 730 4935 3127 5190">
     <span class='ocr_line' id='line_1_43' title="bbox 730 4935 3127 5190; baseline 0.003 -96"><span class='ocrx_word' id='word_1_480' title='bbox 730 4935 1192 5094; x_wconf 77' lang='lat' dir='ltr'><strong>0PllIlUllI</strong></span> <span class='ocrx_word' id='word_1_481' title='bbox 1295 4937 1591 5096; x_wconf 77' lang='lat' dir='ltr'><strong>PARS</strong></span> <span class='ocrx_word' id='word_1_482' title='bbox 2215 5009 2452 5036; x_wconf 84' lang='lat'><strong>----</strong></span> <span class='ocrx_word' id='word_1_483' title='bbox 2557 4945 3127 5103; x_wconf 75' lang='lat' dir='ltr'><strong>GARMINA.</strong></span> 
     </span>
    </p>
   </div>
   <div class='ocr_carea' id='block_1_44' title="bbox 1284 5278 2568 5405">
    <p class='ocr_par' dir='ltr' id='par_1_44' title="bbox 1284 5278 2568 5405">
     <span class='ocr_line' id='line_1_44' title="bbox 1284 5278 2568 5405; baseline 0.009 -44"><span class='ocrx_word' id='word_1_484' title='bbox 1284 5278 1438 5348; x_wconf 80' lang='lat'><strong>201</strong></span> <span class='ocrx_word' id='word_1_485' title='bbox 1491 5291 1988 5405; x_wconf 77' lang='lat' dir='ltr'><strong>MONITUM</strong></span> <span class='ocrx_word' id='word_1_486' title='bbox 2050 5294 2568 5374; x_wconf 63' lang='lat' dir='ltr'><strong>PREVIUM.</strong></span> 
     </span>
    </p>
   </div>
   <div class='ocr_carea' id='block_1_45' title="bbox 375 5502 3561 5591">
    <p class='ocr_par' dir='ltr' id='par_1_45' title="bbox 375 5502 3561 5591">
     <span class='ocr_line' id='line_1_45' title="bbox 375 5502 3561 5591; baseline 0.003 -30"><span class='ocrx_word' id='word_1_487' title='bbox 375 5502 504 5591; x_wconf 54' lang='lat' dir='ltr'><strong>Qut;</strong></span> <span class='ocrx_word' id='word_1_488' title='bbox 539 5507 628 5563; x_wconf 89' lang='lat' dir='ltr'><strong>hic</strong></span> <span class='ocrx_word' id='word_1_489' title='bbox 650 5511 984 5591; x_wconf 71' lang='lat' dir='ltr'><strong>exhibemus</strong></span> <span class='ocrx_word' id='word_1_490' title='bbox 1017 5512 1176 5591; x_wconf 71' lang='lat' dir='ltr'><strong>beati</strong></span> <span class='ocrx_word' id='word_1_491' title='bbox 1196 5513 1406 5591; x_wconf 84' lang='lat' dir='ltr'><strong>Alcuini</strong></span> <span class='ocrx_word' id='word_1_492' title='bbox 1433 5511 1708 5591; x_wconf 86' lang='lat' dir='ltr'><strong>C_ar_mina,</strong></span> <span class='ocrx_word' id='word_1_493' title='bbox 1743 5515 1878 5569; x_wconf 88' lang='lat' dir='ltr'><strong>varii</strong></span> <span class='ocrx_word' id='word_1_494' title='bbox 1903 5523 1957 5582; x_wconf 84' lang='lat'><strong>1)</strong></span> <span class='ocrx_word' id='word_1_495' title='bbox 1987 5513 2103 5570; x_wconf 89' lang='lat' dir='ltr'><strong>loco</strong></span> <span class='ocrx_word' id='word_1_496' title='bbox 2130 5509 2278 5591; x_wconf 62' lang='lat' dir='ltr'><strong>clm“ﬂ</strong></span> <span class='ocrx_word' id='word_1_497' title='bbox 2311 5517 2371 5568; x_wconf 92' lang='lat' dir='ltr'><strong>D.</strong></span> <span class='ocrx_word' id='word_1_498' title='bbox 2399 5514 2665 5572; x_wconf 86' lang='lat' dir='ltr'><strong>Cateliuot</strong></span> <span class='ocrx_word' id='word_1_499' title='bbox 2689 5518 2739 5572; x_wconf 87' lang='lat' dir='ltr'><strong>in</strong></span> <span class='ocrx_word' id='word_1_500' title='bbox 2777 5535 2874 5575; x_wconf 89' lang='lat' dir='ltr'><strong>suo</strong></span> <span class='ocrx_word' id='word_1_501' title='bbox 2901 5520 3029 5591; x_wconf 91' lang='lat' dir='ltr'><strong>ms.)</strong></span> <span class='ocrx_word' id='word_1_502' title='bbox 3066 5519 3239 5587; x_wconf 74' lang='lat' dir='ltr'><strong>Trojze</strong></span> <span class='ocrx_word' id='word_1_503' title='bbox 3273 5517 3522 5591; x_wconf 83' lang='lat' dir='ltr'><strong>Incendia</strong></span> <span class='ocrx_word' id='word_1_504' title='bbox 3543 5554 3561 5580; x_wconf 88' lang='lat'><strong>,</strong></span> 
     </span>
    </p>
   </div>
   <div class='ocr_carea' id='block_1_46' title="bbox 301 5582 3566 5696">
    <p class='ocr_par' dir='ltr' id='par_1_46' title="bbox 301 5582 3566 5696">
     <span class='ocr_line' id='line_1_46' title="bbox 301 5582 3566 5696; baseline 0.006 -70"><span class='ocrx_word' id='word_1_505' title='bbox 301 5582 515 5696; x_wconf 52' lang='lat' dir='ltr'><strong>generis</strong></span> <span class='ocrx_word' id='word_1_506' title='bbox 541 5587 666 5658; x_wconf 74' lang='lat' dir='ltr'><strong>sunt</strong></span> <span class='ocrx_word' id='word_1_507' title='bbox 685 5619 699 5642; x_wconf 87' lang='lat'><strong>,</strong></span> <span class='ocrx_word' id='word_1_508' title='bbox 729 5582 984 5638; x_wconf 90' lang='lat' dir='ltr'><strong>nimirum</strong></span> <span class='ocrx_word' id='word_1_509' title='bbox 1014 5584 1423 5652; x_wconf 85' lang='lat' dir='ltr'><strong>Inscriptiones,</strong></span> <span class='ocrx_word' id='word_1_510' title='bbox 1456 5585 1877 5654; x_wconf 80' lang='lat' dir='ltr'><strong>Epigrammata,</strong></span> <span class='ocrx_word' id='word_1_511' title='bbox 1984 5601 2090 5639; x_wconf 89' lang='lat' dir='ltr'><strong>non</strong></span> <span class='ocrx_word' id='word_1_512' title='bbox 2121 5583 2480 5654; x_wconf 84' lang='lat' dir='ltr'><strong>Argonautas,</strong></span> <span class='ocrx_word' id='word_1_513' title='bbox 2511 5603 2616 5641; x_wconf 89' lang='lat' dir='ltr'><strong>non</strong></span> <span class='ocrx_word' id='word_1_514' title='bbox 2643 5591 2891 5656; x_wconf 89' lang='lat' dir='ltr'><strong>aprinum</strong></span> <span class='ocrx_word' id='word_1_515' title='bbox 2919 5582 3080 5662; x_wconf 83' lang='lat' dir='ltr'><strong>caput</strong></span> <span class='ocrx_word' id='word_1_516' title='bbox 3111 5609 3123 5644; x_wconf 90' lang='lat'>:</span> <span class='ocrx_word' id='word_1_517' title='bbox 3158 5582 3265 5645; x_wconf 77' lang='lat' dir='ltr'><strong>non</strong></span> <span class='ocrx_word' id='word_1_518' title='bbox 3293 5589 3566 5646; x_wconf 84' lang='lat' dir='ltr'><strong>celebrem</strong></span> 
     </span>
     <span class='ocr_line' id='line_1_47' title="bbox 351 5645 3522 5696; baseline 0 0"><span class='ocrx_word' id='word_1_519' title='bbox 351 5645 624 5696; x_wconf 68' lang='grc' dir='ltr'><strong>οιιθυιιιει.</strong></span> <span class='ocrx_word' id='word_1_520' title='bbox 668 5647 972 5696; x_wconf 67' lang='grc' dir='ltr'><strong>Ᾰζηίσηὶειίςδ</strong></span> <span class='ocrx_word' id='word_1_521' title='bbox 995 5693 1006 5696; x_wconf 84' lang='grc'><strong>-</strong></span> <span class='ocrx_word' id='word_1_522' title='bbox 1050 5653 1412 5696; x_wconf 70' lang='lat' dir='ltr'><strong>Salluntinan</strong></span> <span class='ocrx_word' id='word_1_523' title='bbox 1448 5663 1503 5696; x_wconf 67' lang='lat' dir='ltr'><strong>nt</strong></span> <span class='ocrx_word' id='word_1_524' title='bbox 1534 5655 1619 5696; x_wconf 64' lang='lat' dir='ltr'><strong>hic</strong></span> <span class='ocrx_word' id='word_1_525' title='bbox 1661 5655 1872 5696; x_wconf 68' lang='lat' dir='ltr'><strong>similia-</strong></span> <span class='ocrx_word' id='word_1_526' title='bbox 1984 5653 2267 5696; x_wconf 59' lang='lat' dir='ltr'><strong>&quot;omnium</strong></span> <span class='ocrx_word' id='word_1_527' title='bbox 2297 5663 2387 5696; x_wconf 71' lang='lat' dir='ltr'><strong>sint</strong></span> <span class='ocrx_word' id='word_1_528' title='bbox 2417 5655 2660 5696; x_wconf 70' lang='grc' dir='ltr'><strong>ΠΙνεςιηη</strong></span> <span class='ocrx_word' id='word_1_529' title='bbox 2720 5661 2794 5696; x_wconf 81' lang='lat' dir='ltr'><strong>mi</strong></span> <span class='ocrx_word' id='word_1_530' title='bbox 2831 5659 3121 5696; x_wconf 71' lang='lat' dir='ltr'><strong>&quot;nmornc-</strong></span> <span class='ocrx_word' id='word_1_531' title='bbox 3155 5676 3263 5696; x_wconf 81' lang='lat' dir='ltr'><strong>nnn</strong></span> <span class='ocrx_word' id='word_1_532' title='bbox 3301 5649 3522 5696; x_wconf 57' lang='lat' dir='ltr'><strong>L‘nnom</strong></span> 
     </span>
    </p>
   </div>
   <div class='ocr_carea' id='block_1_47' title="bbox 349 5645 3562 5730">
    <p class='ocr_par' dir='ltr' id='par_1_47' title="bbox 349 5645 3562 5730">
     <span class='ocr_line' id='line_1_48' title="bbox 349 5645 3562 5730; baseline 0.004 -30"><span class='ocrx_word' id='word_1_533' title='bbox 349 5645 588 5730; x_wconf 61' lang='lat' dir='ltr'><strong>pitaphia</strong></span> <span class='ocrx_word' id='word_1_534' title='bbox 608 5686 643 5730; x_wconf 31' lang='grc' dir='ltr'><strong>τι</strong></span> <span class='ocrx_word' id='word_1_535' title='bbox 668 5647 1027 5730; x_wconf 42' lang='lat' dir='ltr'><strong>ZEni‘gmata,</strong></span> <span class='ocrx_word' id='word_1_536' title='bbox 1050 5645 1418 5730; x_wconf 76' lang='lat' dir='ltr'><strong>Salutationes</strong></span> <span class='ocrx_word' id='word_1_537' title='bbox 1448 5645 1620 5730; x_wconf 48' lang='lat' dir='ltr'><strong>et’liis</strong></span> <span class='ocrx_word' id='word_1_538' title='bbox 1661 5645 1874 5730; x_wconf 55' lang='lat' dir='ltr'><strong>similia;</strong></span> <span class='ocrx_word' id='word_1_539' title='bbox 1984 5645 2271 5730; x_wconf 58' lang='lat' dir='ltr'><strong>Herculem</strong></span> <span class='ocrx_word' id='word_1_540' title='bbox 2296 5663 2388 5710; x_wconf 89' lang='lat' dir='ltr'><strong>aut</strong></span> <span class='ocrx_word' id='word_1_541' title='bbox 2417 5645 2692 5730; x_wconf 61' lang='lat' dir='ltr'><strong>Ulyssem:</strong></span> <span class='ocrx_word' id='word_1_542' title='bbox 2720 5661 2796 5714; x_wconf 90' lang='lat' dir='ltr'><strong>uti</strong></span> <span class='ocrx_word' id='word_1_543' title='bbox 2829 5645 3123 5724; x_wconf 70' lang='lat' dir='ltr'><strong>Homerus;</strong></span> <span class='ocrx_word' id='word_1_544' title='bbox 3155 5676 3263 5716; x_wconf 87' lang='lat' dir='ltr'><strong>non</strong></span> <span class='ocrx_word' id='word_1_545' title='bbox 3290 5645 3523 5714; x_wconf 51' lang='lat' dir='ltr'><strong>tineam</strong></span> <span class='ocrx_word' id='word_1_546' title='bbox 3547 5700 3562 5724; x_wconf 90' lang='lat'><strong>,</strong></span> 
     </span>
    </p>
   </div>
   <div class='ocr_carea' id='block_1_48' title="bbox 309 5712 3564 5801">
    <p class='ocr_par' dir='ltr' id='par_1_48' title="bbox 309 5712 3564 5801">
     <span class='ocr_line' id='line_1_49' title="bbox 309 5712 3564 5801; baseline 0.005 -34"><span class='ocrx_word' id='word_1_547' title='bbox 309 5731 329 5762; x_wconf 69' lang='grc' dir='ltr'>ς</span> <span class='ocrx_word' id='word_1_548' title='bbox 359 5712 478 5769; x_wconf 80' lang='lat' dir='ltr'><strong>Non</strong></span> <span class='ocrx_word' id='word_1_549' title='bbox 503 5715 646 5770; x_wconf 87' lang='lat' dir='ltr'><strong>canit</strong></span> <span class='ocrx_word' id='word_1_550' title='bbox 672 5712 884 5780; x_wconf 69' lang='lat' dir='ltr'><strong>quidém</strong></span> <span class='ocrx_word' id='word_1_551' title='bbox 910 5712 1069 5780; x_wconf 72' lang='lat' dir='ltr'><strong>poeta</strong></span> <span class='ocrx_word' id='word_1_552' title='bbox 1095 5731 1282 5777; x_wconf 89' lang='lat' dir='ltr'><strong>noster</strong></span> <span class='ocrx_word' id='word_1_553' title='bbox 1311 5725 1405 5790; x_wconf 89' lang='lat' dir='ltr'><strong>(ita</strong></span> <span class='ocrx_word' id='word_1_554' title='bbox 1430 5722 1752 5792; x_wconf 70' lang='lat' dir='ltr'><strong>przefabatur</strong></span> <span class='ocrx_word' id='word_1_555' title='bbox 1778 5725 1880 5781; x_wconf 87' lang='lat' dir='ltr'><strong>hoc</strong></span> <span class='ocrx_word' id='word_1_556' title='bbox 1985 5725 2058 5780; x_wconf 89' lang='lat' dir='ltr'><strong>uti</strong></span> <span class='ocrx_word' id='word_1_557' title='bbox 2089 5723 2373 5794; x_wconf 82' lang='lat' dir='ltr'><strong>Virgilius;</strong></span> <span class='ocrx_word' id='word_1_558' title='bbox 2422 5712 2528 5780; x_wconf 41' lang='lat' dir='ltr'><strong>novn</strong></span> <span class='ocrx_word' id='word_1_559' title='bbox 2557 5712 2694 5782; x_wconf 74' lang='lat' dir='ltr'><strong>bella</strong></span> <span class='ocrx_word' id='word_1_560' title='bbox 2722 5712 3564 5801; x_wconf 46' lang='lat' dir='ltr'><strong>ge&#39;staqifeﬁan&#39;id&#39;hiiiéﬁémni</strong></span> 
     </span>
    </p>
   </div>
  </div>
