3866 6170
543 443 682 499 Ecce
711 448 1015 497 transactus
1046 439 1197 495 labor
1223 447 1304 494 est
1331 437 1456 502 diei,

544 532 759 603 Nosque
788 540 841 588 te
867 531 967 585 tuti
997 545 1180 585 sumus
1210 537 1507 592 annuente;

546 626 627 682 En
659 627 752 682 tibi
783 633 964 698 grates
991 625 1200 696 agimus
1225 637 1489 693 perennes

831 715 1064 785 Tempus
1092 715 1144 768 in
1173 727 1349 767 omne.

549 805 688 860 Solis
718 807 1000 860 abscessus
1029 805 1276 858 tenebras
1306 803 1537 868 reduxit,

549 895 642 949 llle
659 895 736 949 sol
749 894 1088 949 nosinradiat
1100 890 1216 963 [F.,
1233 891 1481 962 inradict]
1495 905 1767 955 coruscus,

548 985 693 1041 Luce
719 985 811 1054 qui
838 984 981 1037 fulva
1009 982 1153 1037 fovet
1180 981 1492 1053 angelorum

828 1073 1056 1144 Agmina
1085 1081 1289 1129 sancta.

547 1166 769 1222 leitus
796 1166 979 1221 lumen
1010 1165 1226 1221 rutilum
1256 1164 1496 1229 refundc,

547 1257 615 1312 Et
641 1257 763 1326 fuga
792 1258 987 1312 mentis
1016 1257 1203 1326 tepidze
1231 1257 1478 1310 tenebras
1505 1273 1518 1309 :

546 1348 730 1404 Simus
757 1349 991 1415 accensi,
1020 1357 1080 1404 ut
1106 1350 1220 1404 face
1248 1347 1508 1418 spiritalis

829 1440 1056 1496 Vascula
1086 1439 1238 1494 lucis.

547 1529 694 1594 Quas
722 1528 834 1583 dies
859 1529 1042 1598 culpas
1068 1529 1325 1583 hodierna
1355 1525 1509 1590 texit,

548 1619 764 1674 Christe
791 1620 967 1674 deleto
994 1620 1114 1690 pius
1143 1628 1304 1688 atque
1332 1618 1479 1673 mitis
1510 1634 1522 1671 :

547 1709 744 1765 Pectus
767 1719 823 1764 et
845 1725 980 1780 puro
1007 1709 1190 1764 rutilct
1215 1709 1391 1763 nitore

832 1800 1095 1871 Tempore
1121 1800 1316 1856 noctis.

547 1891 632 1947 Sit
653 1891 840 1963 procul
868 1891 1039 1955 luxus,
1067 1891 1253 1962 procul
1276 1890 1453 1946 omnis
1479 1891 1669 1954 honor,

544 1981 718 2051 Atque
745 1982 1062 2052 phantasma
1093 1981 1403 2050 speciesque
1428 1979 1670 2049 pulchra,

547 2073 698 2130 Mens
722 2075 814 2130 sed
841 2075 1061 2129 inermis
1084 2073 1260 2128 valeat
1285 2086 1548 2142 supernos

828 2164 1059 2220 Cernere
1085 2165 1250 2219 cives.

549 2253 626 2311 Te
651 2255 821 2310 Deum
851 2270 1064 2324 semper
1088 2255 1316 2324 vigilans
1344 2253 1586 2323 requirat

547 2344 758 2415 Cogitet
785 2346 995 2401 cunctis
1025 2345 1258 2400 resoluta
1288 2344 1453 2408 curis,

548 2435 773 2492 Actibus
801 2437 1009 2492 cunctis
1037 2443 1199 2505 queat
1226 2443 1286 2489 ut
1313 2435 1528 2506 placere

831 2531 946 2585 Rex
976 2531 1072 2586 tibi
1103 2543 1331 2584 summe.

550 2619 1015 2684 Muniatfrontem,
1035 2619 1171 2684 loca,
1183 2620 1296 2673 sive
1305 2617 1481 2673 cordis
1493 2614 1564 2688 [Γ
1571 2656 1584 2669 .
1595 2655 1608 2682 ,
1624 2612 1810 2687 corda]

550 2713 742 2768 Sermo
769 2713 1002 2776 divinus,
1030 2710 1206 2766 crucis
1233 2717 1289 2765 et
1316 2719 1575 2778 tropaeum

551 2805 864 2860 Dccmonum
893 2804 1073 2859 vafros
1103 2804 1283 2876 abigat
1313 2802 1599 2858 meandros

834 2895 958 2951 Sive
989 2895 1224 2964 rapinas.

550 2985 810 3054 Membra,
840 3003 960 3059 quae
986 2996 1134 3043 casta
1162 2987 1406 3043 dabimus
1430 2985 1611 3049 cubili,

547 3081 800 3153 Prompta
827 3089 1154 3152 consurgant
1174 3094 1308 3149 opus
1332 3079 1398 3133 ad
1424 3078 1695 3140 diurnum,

547 3173 678 3240 Quae
697 3189 849 3229 suum
871 3173 1129 3230 mundum
1148 3171 1295 3226 venit
1311 3184 1428 3226 esse
1448 3168 1727 3238 templum,

834 3261 1066 3332 Spiritus
1093 3260 1283 3315 almus.

549 3353 702 3419 Quod
723 3355 844 3424 pius
871 3363 1039 3408 totum
1067 3354 1271 3407 habitet
1296 3367 1394 3421 per
1419 3363 1587 3405 aevum
1620 3363 1638 3406 :

549 3444 704 3499 nunc
730 3459 828 3500 nec
853 3445 1090 3499 offendat
1113 3445 1301 3498 vitium
1329 3444 1548 3512 luesque
1577 3459 1591 3494 :

553 3534 661 3592 Sed
688 3545 845 3593 vocet
869 3537 994 3591 vitae
1024 3536 1284 3606 probitas,
1314 3535 1534 3604 fiatque:

834 3625 1040 3680 Mansio
1066 3633 1238 3695 grata.

555 3714 661 3770 Sed
674 3715 758 3770 via
769 3717 1001 3785 prodens
1013 3714 1130 3788 [F.,
1143 3713 1422 3786 prudens],
1436 3713 1522 3769 via
1538 3713 1708 3779 fortis,
1725 3725 1870 3771 arcta

552 3802 703 3860 Justa
730 3820 823 3860 seu
847 3806 1036 3870 solers,
1064 3807 1200 3861 bene
1225 3814 1539 3874 temperata

551 3892 722 3964 Hujus
744 3902 805 3950 ut
829 3910 1019 3950 cursus
1044 3911 1362 3967 peragamus
1387 3896 1484 3950 aevi

838 3986 1077 4041 Tramite
1105 3995 1275 4042 recto.

554 4071 661 4129 Sex
687 4073 800 4130 dies
819 4073 996 4143 justos
1024 4089 1310 4147 operamur
1334 4086 1505 4144 actus,

555 4162 797 4236 Septimo
820 4174 1037 4236 captent
1061 4168 1241 4224 animo
1265 4169 1500 4238 quietem
1526 4187 1540 4225 :

556 4252 676 4309 Sint
703 4254 758 4308 in
782 4262 974 4310 octavo
1002 4257 1238 4312 rediviva
1262 4260 1418 4316 nobis

836 4342 1040 4398 Gaudia
1070 4347 1211 4401 vitae.

555 4431 752 4488 Gloria:
777 4432 989 4488 laudem
1016 4436 1102 4504 pia
1127 4437 1401 4505 plenitudo

557 4522 640 4578 Sit
663 4523 813 4578 Patri
837 4525 933 4579 soli
962 4523 1079 4596 [F.,
1107 4525 1288 4598 Filio],
1321 4528 1416 4583 tibi
1456 4529 1794 4604 Spintusque

559 4614 778 4683 Sancte,
803 4618 893 4687 qui
921 4618 1064 4672 trino
1087 4620 1239 4675 vehis
1261 4619 1400 4675 alma
1427 4635 1636 4692 sceptra

839 4707 1066 4764 Nomine
1094 4709 1256 4766 solus.

736 4832 1520 4915 INSCRIPTIONES

903 4961 1078 5004 SACRI
1120 4964 1386 5010 CODICIS.

1103 5062 1164 5117 ll.

347 5170 626 5246 Imcriptio
646 5174 785 5246 sacri
806 5170 1354 5246 codicisVallicellani,
1371 5194 1434 5232 ex
1452 5177 1665 5235 Barom‘i
1685 5190 1822 5237 tomo
1839 5180 1921 5235 IX

665 5243 854 5299 Annal.
884 5243 1085 5300 Eccles.
1116 5245 1185 5299 ad
1213 5264 1409 5302 annum
1439 5248 1540 5305 778
1565 5263 1612 5302 ιι.

349 5354 575 5410 Nomine
597 5354 903 5412 Pandecten
929 5357 1147 5427 proprio
1171 5359 1409 5416 vocitare
1435 5370 1704 5416 memento

419 5443 532 5500 Hoc
559 5459 752 5515 corpus
774 5461 1010 5512 sacrum,
1036 5445 1223 5514 lector,
1253 5448 1307 5503 in
1331 5464 1426 5504 ore
1452 5457 1562 5505 tuo.

421 5585 446 5611 ι
487 5572 713 5628 Exstant
745 5577 801 5631 hi
829 5593 1018 5634 versus
1044 5581 1110 5634 ad
1138 5582 1336 5638 calcem
1367 5581 1566 5637 codicis
1603 5581 1702 5636 SS.
1727 5581 1924 5637 Biblio-

353 5656 473 5718 Eunt
495 5641 828 5718 bibliotheca:
846 5646 1222 5718 Vallicellanaz,
1244 5652 1334 5718 qui
1360 5652 1664 5706 universam
1687 5653 1920 5706 divinam

355 5707 686 5768 Scripturam
713 5725 742 5762 e
767 5715 1142 5768 vetustioribus
1173 5707 1235 5769 ac
1262 5707 1561 5773 verioribus
1591 5719 1823 5774 fontibus
1853 5723 1920 5775 ab

1148 323 1210 378 Β.
1250 323 1312 378 F.
1349 321 1594 379 ALBINB
1617 319 1747 376 SEU
1788 317 2078 383 ALCUlNl,
2101 319 2383 376 OPERUM
2421 319 2600 376 PARS
2639 320 2723 374 Vl.

1929 438 1979 494 Α
2008 431 2158 500 Quod
2185 450 2325 488 nunc
2351 450 2378 487 a
2411 433 2595 488 multis
2624 439 2839 488 constat
2865 431 3193 488 Bibliotheca
3219 430 3366 487 dicta
3395 451 3407 486 :

3479 319 3586 376 728

2079 523 2302 579 Nomine
2325 540 2432 578 non
2458 522 2696 592 proprio,
2724 529 2783 576 ut
2804 521 2986 591 lingua
3009 521 3230 592 Pelasga
3258 523 3436 577 docet.
3499 507 3504 518 ’

2009 619 2173 686 lnque
2199 617 2302 671 hoc
2325 616 2470 669 dicta
2496 613 2592 667 Dei
2618 613 2922 668 conduntur
2945 613 3169 683 mystica
3196 614 3415 677 summi,

2079 707 2153 762 De
2176 707 2370 776 quibus
2391 704 2640 776 egregius
2662 712 2809 759 vates
2832 705 2884 758 in
2905 719 2998 758 ore
3016 705 3159 758 canit
3177 703 3349 776 (Psal.
3366 704 3591 775 cxvnt):

2011 799 2106 853 Est
2131 799 2261 853 mihi
2287 798 2372 852 lex
2397 797 2609 852 Domini
2635 796 2805 851 dulcis
2830 813 2991 867 super
3015 797 3194 852 omnia
3219 798 3396 864 mella,

2081 889 2311 945 Cliarior
2343 897 2501 960 atque
2529 890 2646 944 auri
2677 891 2840 945 millia
2871 891 3038 946 multa
3063 907 3240 961 super.

1903 1031 1910 1040 ,
2013 977 2276 1034 Strenuus
2303 979 2442 1034 hanc
2470 979 2678 1034 Domini
2708 979 2938 1035 famulus
2965 983 3231 1037 custodiet
3260 997 3469 1050 arcem,

2081 1071 2178 1128 Cui
2208 1085 2416 1127 merces
2442 1071 2564 1127 cmli
2594 1087 2788 1142 perpes
2818 1073 2872 1126 in
2904 1088 3029 1127 arce
3058 1082 3257 1129 manet.

2011 1161 2224 1217 Codicis
2249 1161 2395 1216 illius
2423 1170 2554 1229 quot
2577 1171 2704 1217 sunt
2729 1163 2781 1216 in
2809 1177 3034 1233 corpore
3061 1173 3247 1220 sancto

2082 1251 2316 1321 Depictte
2346 1251 2535 1306 formis
2562 1251 2810 1307 litterulae
2836 1253 3032 1318 variis;

2013 1343 2282 1399 Mercedes
2310 1344 2524 1408 habeat,
2551 1344 2766 1400 Christo
2793 1345 3044 1412 donante,
3069 1363 3168 1416 per
3190 1363 3362 1404 arvum

2083 1437 2189 1495 Tot
2210 1435 2435 1492 Carolus
2462 1452 2579 1501 rex,
2608 1437 2698 1506 qui
2727 1437 2964 1493 scribere
2981 1439 3142 1508 jussit
3165 1455 3308 1494 eum.

2012 1529 2138 1584 Hmc
2164 1531 2320 1584 dator
2343 1538 2578 1583 mternus
2603 1537 2939 1592 cunctorum,
2966 1529 3198 1597 Christe,
3229 1533 3508 1593 bonorum,

2081 1617 2300 1673 Munera
2331 1620 2395 1673 de
2421 1619 2576 1674 donis
2602 1619 2785 1689 accipe
2812 1627 2997 1674 sancta
3025 1620 3151 1675 tuis.

2014 1709 2144 1778 Quae
2171 1710 2266 1764 tibi
2295 1709 2486 1764 devoto
2511 1709 2736 1765 Carolus
2763 1725 2854 1765 rex
2886 1720 3103 1781 pectore
3132 1712 3354 1782 supplex

2083 1798 2326 1854 Nominis
2351 1798 2421 1853 ad
2447 1797 2658 1854 laudem
2686 1799 2881 1855 obtulit
2908 1815 3035 1855 ecce
3062 1801 3159 1854 tui.

2014 1888 2184 1956 Quem
2216 1895 2306 1941 tua
2336 1888 2612 1956 perpetuis
2640 1896 2922 1945 conservet
2951 1891 3141 1945 dextra
3171 1889 3382 1954 diebus,

2086 1977 2157 2034 Ut
2181 1976 2306 2032 felix
2338 1985 2516 2032 tecum
2544 1979 2692 2033 vivat
2721 1979 2774 2033 in
2803 1994 2927 2034 arce
2956 1979 3081 2050 poli.

2490 2092 2648 2146 Aliud
2678 2108 2886 2147 carmen
2914 2091 3124 2146 ibidem.

2015 2181 2141 2238 “me
2153 2182 2330 2238 divina
2349 2183 2444 2238 tibi
2461 2181 2587 2254 [Ed.
2598 2223 2611 2247 ,
2625 2183 2742 2256 Dei]
2758 2183 2964 2254 placeat
2977 2183 3251 2254 Scriptura
3262 2225 3275 2247 ,
3288 2196 3590 2253 precamur,

2087 2273 2347 2329 Sensibus
2371 2282 2531 2343 atque
2554 2274 2746 2338 oculis,
2773 2274 2942 2330 lector
2965 2274 3210 2338 honeste,
3236 2275 3362 2328 tuis.

2018 2363 2252 2435 Spiritus
2276 2366 2417 2419 hanc
2444 2364 2567 2419 σαεΙί
2598 2371 2818 2420 sanctus
2847 2364 3066 2419 dictavit
3097 2365 3164 2419 ab
3193 2379 3340 2428 arce,

2086 2455 2142 2509 ln
2172 2470 2278 2525 qua
2308 2469 2435 2510 vera
2466 2454 2600 2508 ﬁdes
2628 2453 2817 2525 fulget,
2845 2462 2900 2509 et
2927 2454 3068 2508 alma
3098 2454 3262 2510 salus.

2642 2580 2659 2596 °
2722 2565 2901 2620 Aliud.

2017 2659 2121 2714 Pro
2144 2673 2250 2723 me,
2275 2657 2504 2727 quisque
2532 2657 2678 2727 legas
2700 2673 2912 2720 versus,
2941 2671 3098 2711 orare
3123 2665 3412 2720 memento,

2087 2748 2275 2803 Alcuin
2301 2748 2454 2802 dicor
2477 2761 2597 2816 ego.
2627 2745 2726 2812 Tu,
2758 2748 2874 2800 sine
2900 2745 3006 2800 [inc
3034 2745 3178 2800 vale!

2719 2857 2898 2910 Aliud.

2019 2948 2194 3019 Magni
2223 2963 2416 3018 magna
2444 2948 2553 3011 Deo
2582 2956 2857 3018 portantes
2884 2962 3106 3002 munera
3135 2945 3349 3016 templo,

2088 3041 2232 3106 Quos
2259 3039 2492 3093 laudavit
2519 3053 2687 3093 ovans
2710 3053 2804 3092 ore
2829 3038 2918 3108 pio
2943 3037 3202 3107 populus;

1943 3108 1989 3170 (ἶ
2019 3127 2246 3182 Parvula
2274 3129 2367 3182 sed
2392 3128 2565 3181 vidua:
2587 3127 2846 3181 Dominus
2871 3127 2974 3182 duo
3000 3126 3274 3181 nummula
3300 3121 3532 3196 praefert,

2087 3218 2360 3273 Nobilium
2390 3219 2565 3283 donis,
2597 3217 2796 3273 famine
2822 3218 3078 3272 veridico.

2018 3306 2135 3362 Non
2165 3322 2262 3376 ego
2286 3322 2449 3376 parva
2484 3308 2610 3371 tuis,
2641 3318 2837 3372 rector,
2870 3307 3186 3362 munuscula
3212 3307 3359 3377 gazis

2088 3399 2284 3464 infero,
2311 3413 2540 3467 persona
2569 3400 2638 3454 sit
2665 3414 2783 3454 mea
2810 3415 2975 3468 parva
3004 3399 3144 3454 licet.

2018 3485 2235 3544 Munera
2264 3489 2358 3543 sed
2383 3487 2594 3542 Domini
2621 3488 2932 3545 coelestibus
2962 3489 3155 3558 inclyta
3186 3486 3365 3557 regnis

2086 3583 2248 3638 Porto
2273 3582 2367 3636 tibi
2394 3582 2586 3653 plenis,
2612 3584 2814 3654 optime
2845 3598 2958 3648 rex,
2986 3582 3250 3636 manibus.

2016 3673 2217 3744 Nempe
2243 3689 2394 3728 nova:
2420 3690 2482 3729 ac
2506 3675 2706 3729 veteris
2730 3675 2933 3743 pariter
2954 3673 3041 3744 pia
3069 3672 3266 3726 famina
3291 3669 3424 3740 legis

1998 3835 2014 3850 ο
2087 3767 2144 3820 1η
2173 3767 2382 3839 [Inque]
2411 3769 2514 3822 hoc
2543 3768 2862 3822 clauduntur
2887 3782 3114 3836 corpore
3138 3767 3332 3837 quippe
3360 3778 3533 3818 sacro.

2017 3855 2142 3911 “me
2166 3872 2264 3926 ego
2288 3865 2443 3925 porto
2469 3857 2640 3911 libens
2665 3857 2730 3911 ad
2757 3866 2940 3912 sancta
2967 3857 3203 3912 sacraria
3233 3854 3434 3927 templi,

2089 3945 2240 4012 Quod
2264 3953 2353 3999 tua
2377 3961 2528 4002 mens
2552 3947 2762 4001 noviter
2785 3948 3023 4002 condidit
3045 3946 3182 4000 alma
3207 3946 3336 4000 Deo.

2017 4033 2288 4089 Laudibus
2309 4043 2368 4088 ut
2390 4043 2584 4104 praesto
2605 4035 2806 4091 Christi
2832 4037 2904 4091 sit
2925 4051 3138 4107 semper
3162 4037 3214 4090 in
3240 4036 3328 4091 illo

2087 4123 2191 4180 Iste
2215 4125 2372 4191 liber,
2397 4140 2655 4181 resonans
2675 4127 2840 4182 verba
2863 4142 3094 4198 superna
3119 4127 3231 4181 Dci.

2619 4236 2782 4310 2M
2816 4237 2995 4291 Aliud.

2019 4345 2190 4400 Nauta
2221 4345 2371 4400 rudis
2397 4345 2572 4416 pelagi
2601 4347 2756 4401 saevis
2785 4356 3001 4418 ereptus
3032 4349 3098 4402 ab
3131 4347 3289 4402 undis

1942 4446 1996 4505 Β
2087 4436 2145 4490 lu
2173 4444 2391 4505 portum
2420 4436 2640 4490 veniens
2669 4447 2886 4505 pectora
2915 4438 3032 4492 laeta
3067 4447 3231 4492 tenet.

2025 4525 2112 4580 Sic
2137 4525 2366 4594 scriptor
2394 4523 2583 4587 fessus,
2614 4525 2878 4579 calamum
2904 4527 3001 4579 sub
3028 4527 3175 4580 calce
3205 4525 3406 4582 laboris

2092 4615 2392 4684 Deponcns,
2421 4613 2616 4668 habeat
2645 4625 2862 4684 pectora
2894 4615 3013 4670 laeta
3043 4616 3195 4670 satis.

2018 4705 2109 4760 llle
2136 4705 2242 4759 Deo
2267 4704 2412 4759 dicat
2435 4713 2615 4773 grates
2641 4722 2740 4775 pro
2763 4707 2964 4776 sospite
2988 4707 3115 4767 vita,

2089 4795 2301 4865 Proque
2324 4793 2524 4849 laboris
2550 4805 2674 4866 agat
2696 4796 2981 4864 fructibus,
3007 4808 3062 4852 et
3090 4797 3295 4868 requie.

2719 4910 2898 4966 Aliud.

2021 4998 2209 5069 Perge,
2240 4998 2418 5056 libelle
2445 5016 2615 5063 sacer,
2647 5003 2856 5056 cunctis
2884 5002 3192 5072 praeclarior
3217 5003 3356 5070 odis,

2090 5090 2370 5160 Prospere,
2399 5092 2622 5161 paciﬁce
2648 5108 2810 5157 nunc,
2840 5093 3129 5149 miserante
3153 5093 3264 5150 Deo
3288 5113 3304 5164 ;

2021 5179 2088 5233 Et
2110 5187 2229 5250 pete
2251 5181 2495 5249 przeclari
2522 5181 2778 5250 praeclara
2802 5181 3000 5252 palatia
3027 5182 3210 5253 Regis,

2093 5271 2164 5328 Ut
2189 5287 2411 5326 maneas
2435 5271 2633 5326 Christi
2659 5287 2870 5342 semper
2895 5273 2948 5326 in
2973 5273 3086 5327 aede
3109 5288 3284 5329 sacra.

2021 5365 2196 5433 Atque
2218 5363 2314 5419 Dei
2338 5363 2550 5418 famulis
2569 5362 2719 5433 pacis
2742 5362 2824 5418 fer
2847 5380 3070 5420 munera
3096 5365 3328 5429 cunctis,

2093 5454 2322 5510 Dextera
2348 5469 2484 5524 quos
2509 5454 2718 5509 Domini
2742 5463 2986 5527 protegat
3009 5464 3170 5525 atque
3192 5463 3364 5526 regat.

2022 5584 2246 5674 Alcuino
2267 5586 2620 5674 descriptam,
2634 5587 3040 5674 recognitam‘et
3064 5587 3426 5670 emendatam,
3453 5584 3598 5674 dein-

2023 5670 2149 5724 ceps
2175 5657 2243 5709 ab
2269 5654 2462 5711 eodeni
2481 5655 2713 5711 oblatam
2745 5654 2935 5713 Carolo
2961 5658 3151 5729 Magno
3181 5659 3434 5712 continet.
3468 5654 3592 5708 Vide

2025 5725 2308 5781 Baronium
2341 5727 2376 5778 l.
2410 5726 2503 5779 cit.
