3866 6170
189 312 298 369 729

1189 314 1518 372 CARMINA.
1551 345 1623 358 —
1657 313 2181 373 lNSCRlPTlONES
2220 316 2479 373 VARle.

3351 321 3454 379 750

187 428 337 496 Quos
360 425 482 482 colo
507 424 690 491 corde,
717 424 841 490 fide,
869 434 1055 483 sancto
1081 441 1292 497 quoque
1319 441 1534 497 semper
1558 440 1763 491 amore,
1795 430 1835 486 Α
1868 422 2058 479 Omnia
2087 440 2321 497 namque
2350 441 2501 482 nova:
2528 442 2592 483 ac
2616 428 2817 483 veteris
2842 429 3096 500 mysteria
3120 428 3273 501 legis.

253 518 393 576 Cum
418 517 672 590 lacrymis
695 525 909 587 optans,
937 525 997 573 ut
1021 520 1255 589 vigeant,
1281 519 1513 574 valeant.

941 628 1027 684 Ill.

238 718 309 777 In
337 736 374 774 ι
402 718 643 775 Curiones
673 719 888 775 Eusebii
915 738 1006 794 seu
1038 721 1463 777 concordantiam
1489 730 1716 794 quatuor

758 790 1211 862 evangelistarum.

256 878 432 946 Quam
461 878 729 949 imprimis
755 880 997 951 speciosa
1026 883 1315 952 quadriga!
1347 883 1529 947 homo,
1561 881 1665 948 leo,
1693 883 1773 936 vi-

186 971 332 1027 tulus
356 978 413 1026 et
438 969 645 1040 aquila,

258 1059 612 1130 Septuaginta
650 1073 819 1115 unum
854 1073 953 1131 per
991 1060 1252 1132 capitula,
1292 1059 1669 1131 colloquuntur
1705 1061 1771 1116 de

189 1148 417 1205 Domino
442 1149 617 1219 paria.

257 1239 315 1293 In
343 1240 581 1296 secunda
611 1240 1015 1311 subsequuntur
1037 1240 1301 1310 protinus,
1336 1240 1519 1307 homo,
1556 1240 1660 1306 leo,
1689 1240 1771 1296 lo-

190 1328 376 1397 quitur
398 1336 456 1383 et
477 1328 701 1396 vitulus,

257 1415 471 1484 Quibus
502 1418 644 1473 inest
669 1417 917 1474 ordinate
945 1419 1175 1490 positus,
1205 1419 1447 1476 decimus
1473 1427 1635 1490 atque
1667 1435 1768 1476 no-

188 1525 306 1564 vem
337 1523 613 1564 numerus.

259 1601 412 1657 Tunc
439 1602 629 1657 deinde
663 1602 856 1658 tertius
888 1602 943 1658 in
982 1602 1191 1669 ordine,
1229 1602 1413 1670 homo,
1450 1616 1636 1673 pecus,
1670 1600 1770 1657 bos

188 1693 429 1763 loquitur
456 1706 579 1748 cum
606 1692 858 1759 voluere;

1871 511 1973 567 Hie
2000 522 2083 567 est
2106 512 2227 569 fons
2250 515 2393 580 vitae,
2420 516 2507 571 hic
2531 527 2655 571 sunt
2681 528 2949 589 praecepta
2975 519 3186 585 salutis,

1872 604 2026 660 llune
2048 605 2283 662 dictante
2308 608 2420 664 Deo
2445 610 2712 680 scripsere
2736 612 2789 666 in
2816 612 3010 691 saecula
3036 614 3227 667 sancti.

1871 696 1998 752 Haec
2021 706 2104 752 est
2126 708 2310 754 sancta
2337 699 2491 765 fides,
2518 702 2644 757 hinc
2666 711 2750 758 est
2771 703 3004 759 caelestis
3028 704 3199 773 origo.

1868 785 2086 856 Legifer
2107 788 2197 843 ille
2216 790 2338 858 pius
2361 791 2620 861 quidquid
2638 792 2749 860 jam
2777 796 3065 864 scripserat
3090 795 3220 849 olim

1872 875 2192 942 Venturum,
2218 880 2476 949 quidquid
2504 883 2676 936 sancti
2704 885 2950 939 cecinere
2974 886 3253 955 propheta:

1870 965 2118 1023 Hebraici
2149 969 2348 1039 populi,
2375 979 2431 1026 et
2457 973 2717 1043 quidquid
2747 975 2970 1030 historia
2999 977 3189 1048 gessit,

1870 1056 2190 1127 Hymnidica
2218 1068 2312 1115 aut
2339 1061 2597 1131 quidquid
2623 1065 2819 1120 cecinit
2847 1065 2964 1121 laus
2993 1068 3221 1137 mystica
3248 1067 3414 1123 David
3436 1109 3452 1133 ,

1872 1146 1969 1203 Vel
1998 1149 2259 1220 quidquid
2288 1152 2614 1220 apostolicus
2641 1154 2824 1210 docuit
2848 1172 2948 1227 per
2976 1158 3171 1213 saecula
3201 1170 3393 1224 enatus,

1870 1234 1966 1291 Vel
1996 1237 2257 1307 quidquid
2286 1238 2536 1295 Salvator
2562 1243 2783 1298 veniens
2802 1243 2915 1312 jam
2943 1245 3069 1301 fecit
3095 1248 3149 1303 in
3175 1249 3328 1314 orbe,

1870 1327 2119 1385 Continet
2149 1330 2239 1385 hic
2269 1330 2415 1386 solus
2442 1333 2649 1401 pariter
2678 1335 2792 1389 htec
2818 1337 2998 1391 omnia
3025 1340 3214 1394 codex.

1869 1420 2109 1477 Jusserat
2134 1423 2276 1479 hunc
2303 1431 2508 1479 tomum
2532 1424 2811 1482 Gerfridus
2840 1438 2861 1466 ε
2891 1430 3131 1486 scribere
3153 1431 3352 1500 praesul

1869 1512 1926 1566 In
1951 1512 2161 1568 laudem
2186 1514 2410 1580 Christi,
2437 1517 2715 1586 genitricis
2738 1527 2794 1573 et
2815 1519 2957 1574 illius
2980 1520 3165 1589 almae;

1868 1603 2024 1659 Esset
2055 1606 2108 1659 in
2138 1605 2366 1660 ecclesia
2388 1615 2450 1659 ut
2472 1616 2670 1674 praesto
2696 1608 2996 1677 legentibus
3026 1610 3131 1665 ille.

1868 1697 1925 1751 In
1953 1713 2060 1767 quo
2086 1699 2314 1768 quisque
2342 1699 2487 1769 legat
2510 1698 2723 1754 Domini
2753 1702 3059 1758 dulcissima
3088 1701 3269 1765 verba,

257 1784 316 1839 ln
355 1799 582 1840 numero
609 1800 717 1855 quo
757 1784 953 1858 [Edit.,
980 1784 1037 1840 ln
1076 1784 1431 1860 numeroque]
1464 1785 1770 1842 consistunt
1800 1776 1842 1837 Β
1872 1789 1955 1845 Sit
1982 1806 2191 1846 memor
2216 1791 2470 1851 auctoris,
2506 1790 2654 1845 illum
2682 1791 2772 1860 qui
2804 1793 3041 1846 scribere
3062 1791 3243 1862 jussit.

190 1874 429 1944 antiqua:
453 1872 720 1943 alphabeti
747 1872 1092 1929 Hebraeorum
1117 1874 1329 1929 litterae.

258 1963 469 2032 Quarto
500 1964 615 2020 loco
646 1963 830 2020 fantur
858 1964 1104 2036 aequalia,
1135 1980 1242 2021 una
1264 1965 1449 2025 homo.
1476 1963 1582 2031 leo,
1607 1971 1768 2035 atque

192 2055 390 2110 aquila.

296 2070 390 2110 na.

222 2070 378 2201 q‘lllno
398 2159 496 2202 ore
513 2144 795 2217 loquentes
813 2143 1045 2215 capitula
1065 2143 1216 2200 verbi
1238 2144 1435 2200 summi
1456 2159 1584 2200 sena
1606 2152 1769 2215 atque

193 2252 382 2291 VlClna.

240 2253 453 2396 Cotile
478 2327 596 2384 vice
622 2327 952 2385 concordant
984 2326 1041 2381 in
1073 2325 1308 2396 loquela,
1342 2326 1504 2381 homo
1530 2325 1768 2396 prudens

192 2427 349 2490 atque
374 2418 525 2473 mitis
552 2418 754 2473 hostia.

255 2507 380 2566 Jesu
408 2508 610 2565 Christi
633 2508 908 2566 imitantes
930 2507 1146 2580 agmina
1169 2506 1306 2563 Juda
1330 2507 1449 2564 sine
1471 2506 1767 2565 Salvatoris

191 2598 404 2655 credula
433 2609 483 2654 ι.

256 2709 395 2767 Ecce
427 2719 582 2767 sexto
617 2710 760 2782 patri
793 2719 951 2767 sonat
983 2709 1219 2768 clamore
1247 2719 1407 2767 natus
1436 2710 1608 2766 Adam
1642 2725 1766 2767 cum

191 2800 426 2856 clamoso
455 2800 633 2858 leone.

1868 1877 2025 1933 Dicat
2048 1885 2103 1932 et
2129 1893 2223 1933 ore
2247 1878 2337 1947 pio
2369 1896 2382 1931 :
2414 1876 2745 1943 Gerfridum,
2774 1878 3006 1943 Christe,
3042 1888 3212 1942 tuere,

1868 1970 2095 2043 Semper
2121 1972 2179 2027 in
2206 1980 2468 2027 aeternum
2499 1974 2643 2027 vivat
2670 1972 2902 2029 feliciter
2930 1975 3040 2030 ille.

1869 2060 2057 2133 Tuque
2087 2061 2264 2117 valeto
2295 2061 2510 2133 legens,
2544 2063 2639 2118 tibi
2670 2065 2910 2118 maxima
2938 2079 3071 2119 cura
3102 2064 3298 2134 legenti
3336 2062 3452 2136 [F.,

3078 2195 3109 2220 ,
3147 2152 3382 2226 legendi]

1868 2240 1969 2307 Sit,
1998 2256 2211 2311 precor,
2242 2250 2302 2297 ut
2328 2250 2482 2297 recto
2511 2258 2731 2298 resones
2759 2243 2997 2298 cmlestia
3027 2260 3189 2300 sensu

1868 2332 2042 2388 Verba
2072 2332 2166 2387 Dei
2192 2332 2414 2396 Christi,
2444 2348 2654 2388 merces
2679 2334 2775 2387 tibi
2804 2350 2994 2405 magna
3022 2335 3280 2389 manebit.

1864 2423 1891 2463 ἀ
1925 2423 2051 2478 llmc
2077 2423 2271 2479 domus
2298 2424 2438 2478 alma
2467 2424 2581 2487 Dei,
2611 2424 2811 2479 Christi
2841 2434 2893 2480 et
2924 2425 3247 2481 venerabilis
3274 2423 3397 2478 aula

1867 2512 2130 2583 Tempore
2160 2514 2431 2585 praelongo
2459 2514 2616 2568 viluit
2645 2516 2822 2570 diruta
2852 2518 3044 2571 ruinis.

1867 2604 1974 2660 Sed
1998 2604 2127 2659 dum
2154 2603 2436 2659 Gerfridus
2465 2605 2819 2675 prtesulisque
2848 2617 2870 2645 ο
2905 2605 3172 2660 Sacerdos

1864 2694 2119 2750 Ecclesia:
2147 2694 2385 2765 regimen
2413 2703 2729 2765 susceperat
2756 2696 2911 2750 istius
2936 2695 3090 2749 almae

1867 2787 2067 2842 Ductus
2092 2802 2276 2843 amore
2300 2786 2396 2842 Dei
2425 2795 2594 2843 totam
2619 2793 2973 2842 renovaverat
3000 2786 3145 2849 illam
3178 2785 3197 2823 ί

256 2888 596 2960 Computatis
614 2889 826 2945 traditis
844 2905 944 2960 pro
962 2904 1185 2946 munere
1204 2890 1540 2946 sacerdotum
1559 2889 1769 2960 oppidis

1889 2876 2189 2941 >arietibus,
2222 2878 2399 2943 tectis,
2430 2877 2658 2947 picturis
2686 2886 2850 2947 atque
2876 2877 3158 2940 columnis,

189 2982 412 3038 honore.

256 3073 335 3129 En
360 3074 656 3145 loquuntur
679 3076 877 3146 septies
900 3074 954 3131 in
980 3076 1235 3147 septimo,
1262 3076 1446 3143 homo,
1474 3077 1610 3143 avis,
1638 3092 1767 3132 con-

193 3179 323 3220 sona
352 3165 421 3221 de
449 3165 696 3222 Domino.

256 3256 315 3311 ln
341 3263 537 3313 octavo
562 3273 706 3313 nunc
734 3257 943 3313 leonius
966 3256 1200 3323 catulus,
1225 3270 1456 3327 quorum
1481 3255 1771 3311 verborum

194 3356 539 3417 comparatur
564 3362 821 3403 numerus
846 3346 1057 3416 adjecto
1079 3347 1246 3404 Paulo
1272 3347 1533 3419 apostolo.

262 3434 451 3492 Nonus
468 3436 603 3493 ordo
621 3437 676 3491 in
696 3452 805 3508 quo
823 3436 931 3492 duo
952 3438 1161 3508 pariter
1178 3437 1557 3507 colloquuntur
1576 3435 1773 3490 vitulus

194 3535 248 3582 et
270 3526 509 3593 volucer,

262 3620 519 3691 lnspirati
556 3636 716 3677 sensu
759 3621 1078 3694 spiritaliter
1120 3621 1516 3691 proloquuntur
1560 3627 1772 3675 ternum

195 3710 533 3781 simpliciter.

263 3805 438 3861 Homo
463 3820 659 3876 nempe
685 3806 912 3862 verbum
948 3803 1154 3877 profert
1175 3803 1452 3876 proprium
1482 3816 1552 3856 ιι.
1584 3809 1641 3857 et
1677 3815 1775 3871 per

195 3895 302 3951 duo
331 3910 616 3952 numerum

265 3986 747 4057 Rugientemquem
776 3985 986 4042 leonem
1014 3983 1291 4041 audaciter
1319 3980 1495 4038 solum
1521 3994 1654 4039 sane
1680 3980 1774 4036 de-

197 4078 309 4133 cies
334 4086 390 4132 et
412 4075 615 4131 novies.

266 4166 468 4222 Bovem
486 4165 681 4239 [Edit.,
695 4165 921 4239 bonum]
938 4166 1107 4222 solum
1126 4164 1324 4220 fantem
1344 4164 1604 4228 invenies,
1621 4162 1774 4219 verbi

196 4256 338 4311 divis
366 4257 395 4296 ι)
421 4263 479 4311 et
503 4257 832 4328 septuagies.

269 4348 657 4405 Subvolantem
682 4350 750 4404 ad
777 4355 925 4404 astra
953 4344 1208 4418 reperies,
1236 4343 1495 4416 nonagies
1519 4343 1664 4414 loqui
1697 4350 1778 4399 at-

197 4455 304 4510 que
332 4442 553 4511 septies.
946 4506 1012 4563 Iv

339 4597 410 4653 In
435 4598 666 4653 codicem
680 4599 836 4669 jussu
859 4597 1093 4668 Gerfridi
1113 4598 1336 4669 episcopi
1358 4599 1632 4668 scriptum.

197 4688 454 4765 Continet
476 4690 565 4746 hic
588 4699 805 4748 sanctus
828 4705 936 4746 uno
962 4692 1063 4747 sub
1088 4705 1315 4760 corpore
1339 4691 1528 4756 codex,

270 4839 298 4868 ι
334 4826 515 4898 Locus
542 4835 849 4898 corruptus.

272 4898 308 4978 δᾈ
336 4897 515 4978 meus
551 4894 858 4967 corruptus.
902 4896 1065 4953 Forte
1098 4897 1229 4970 leg.,
1281 4894 1438 4951 Verbi
1476 4894 1575 4951 Dei
1617 4897 1695 4953 bis
1732 4907 1783 4953 et

199 4976 750 5093 Ὕαὲἵῖέῑὴθιὶηοι
777 5037 831 5093 in
868 5053 973 5094 ms.
1004 5052 1102 5093 suo
1133 5036 1435 5098 existimat,
1473 5036 1616 5092 hunc
1650 5036 1785 5093 Ger-

200 5107 401 5163 fridum
426 5106 594 5163 fuisse
617 5109 787 5163 sancti
815 5108 1046 5179 Ludgeri
1064 5147 1079 5171 ,
1108 5108 1201 5179 qui
1229 5122 1371 5179 anno
1397 5104 1502 5161 809
1525 5106 1687 5179 obiit,
1717 5122 1785 5163 ex

202 5193 391 5249 sorore
416 5186 688 5249 nepotem,
720 5193 784 5235 ac
816 5176 1229 5249 posteaLtamin
1256 5176 1566 5249 episcopatu
1596 5177 1783 5233 Mona-

201 5247 454 5303 steriensi
476 5264 642 5318 quam
673 5248 729 5303 in
761 5247 974 5318 abbatia
998 5247 1364 5318 Werthinensi
1393 5261 1784 5318 successorem.

201 5318 271 5388 At
294 5319 443 5374 enim
467 5317 728 5374 Alcuinus
750 5317 862 5386 jam
887 5319 1124 5388 quinque
1149 5317 1304 5371 annis
1329 5324 1619 5383 antequam
1651 5317 1788 5372 Ger-

200 5387 377 5445 fridus
400 5396 591 5444 sancto
616 5388 865 5456 Ludgero
890 5387 1179 5444 succedere
1201 5387 1392 5456 potuit,
1415 5395 1661 5456 mortuus
1680 5394 1783 5448 est,

201 5468 258 5514 et
289 5467 472 5514 tamen
498 5459 553 5514 in
580 5459 683 5513 hoc
706 5454 945 5513 carmine
978 5454 1259 5512 Gerfridus
1295 5454 1540 5525 praesulis
1570 5458 1788 5511 nomine

203 5529 516 5601 insignitur.
542 5528 626 5583 An
662 5529 709 5583 is
740 5529 955 5583 vivente
987 5527 1281 5582 etiamnum
1310 5525 1538 5581 Alcuino
1566 5526 1789 5582 alterius

203 5599 486 5632 οι-ἰηριιειηι
514 5599 755 5632 “(duim
778 5614 869 5632 ιω.-
894 5598 1174 5632 anicmnnc
1199 5612 1290 5632 non
1320 5598 1486 5632 nhhnc
1512 5594 1608 5632 fni!
1626 5598 1651 5632 9

202 5594 489 5667 cujusdam
513 5599 755 5654 ecclesiae
778 5614 872 5653 seu
894 5598 1176 5667 episcopus
1199 5612 1292 5652 seu
1319 5598 1487 5651 abbas
1512 5594 1651 5650 fuit?

272 5667 302 5709 ⁸
339 5670 545 5726 Versus
574 5670 665 5737 qui
698 5676 1015 5737 sequuntur,
1058 5680 1163 5720 non
1206 5667 1271 5737 ad
1314 5665 1546 5729 codicis,
1588 5667 1681 5720 sed
1723 5668 1790 5721 ad

204 5740 452 5796 ecclesiae
488 5755 518 5794 a
560 5736 811 5795 Gerfrido
850 5743 1160 5793 restaurata).
1201 5736 1579 5806 in~eriptiones
1619 5740 1787 5807 perti-

1805 4459 1859 4521 D

1868 2966 2120 3024 Vestibus
2148 2975 2203 3023 et
2230 2969 2392 3035 vasis,
2423 2969 2556 3025 cleri
2582 2970 2742 3025 simul
2769 2970 2957 3025 ordine
2984 2983 3161 3031 sacro,

1872 3057 1987 3113 Non
2012 3074 2240 3128 parcens
2262 3060 2499 3130 propriis
2521 3061 2732 3129 opibus.
2760 3059 2894 3113 Nam
2921 3059 3181 3129 quidquid
3206 3058 3457 3123 habebat,

1873 3151 2155 3206 Distribuit
2179 3151 2326 3223 larga
2354 3161 2531 3207 mente
2557 3152 2612 3206 in
2640 3152 2862 3207 donaria
2889 3150 3115 3216 Christi,

1874 3241 2091 3299 Viribus
2115 3243 2336 3299 intentis
2358 3251 2581 3299 ornaret
2604 3250 2664 3298 ut
2687 3242 2924 3313 undique
2951 3242 3228 3311 templum.

1871 3332 1945 3390 Ut
1968 3334 2132 3389 decus
2155 3333 2431 3405 egregium
2455 3333 2669 3390 Domini
2697 3332 2936 3388 fulsisset
2957 3334 3187 3397 honore,

1872 3423 2079 3479 Divinis
2108 3434 2418 3479 resonasset
2445 3440 2545 3479 nec
2574 3439 2680 3477 non
2710 3423 2959 3478 laudibus
2983 3422 3127 3486 aula,

1872 3511 2119 3578 Fecerat,
2143 3521 2204 3567 ut
2227 3512 2412 3568 dicunt
2437 3512 2569 3586 [ΛΙ.,
2592 3522 2653 3568 ut
2673 3511 2931 3585 Domini],
2957 3520 3207 3583 septenas
3231 3521 3340 3567 tota
3363 3527 3463 3582 per

2866 3616 2871 3623 '
3179 3602 3385 3675 (horas.

1873 3690 2097 3763 Suscipe
2121 3691 2337 3748 Christe
2359 3691 2503 3748 Deus
2528 3693 2766 3749 clemens
2788 3693 2905 3748 haec
2928 3692 3107 3749 omnia
3131 3703 3303 3763 grate,

1873 3782 2056 3853 Deque
2091 3782 2169 3836 tui
2200 3781 2388 3836 famuli
2419 3782 2669 3837 manibus
2700 3783 2817 3839 haec
2859 3790 2982 3838 vota
3028 3791 3281 3852 precatur
3324 3780 3460 3852 [Al.,

3079 3876 3412 3949 precamur],

1874 3966 2061 4036 Tuque
2088 3966 2186 4022 Dei
2215 3964 2444 4038 genitrix
2473 3965 2811 4021 sanctissima
2841 3966 2994 4037 virgo
3021 3966 3188 4021 Maria

1869 4055 2149 4112 Auxiliare
2173 4070 2365 4125 preces
2390 4052 2717 4109 famulorum
2741 4055 2897 4126 virgo
2923 4063 3160 4111 tuorum.

1874 4145 2001 4200 Hree
2025 4153 2237 4200 saerata
2260 4151 2355 4197 tuo
2380 4142 2635 4214 quoniam
2664 4151 2791 4199 sunt
2816 4144 3035 4199 nomine
3062 4145 3281 4216 templa,

1875 4236 1977 4292 llic
2005 4235 2141 4301 laus,
2171 4236 2371 4302 cultus,
2399 4237 2571 4291 honor
2595 4245 2849 4293 maneant
2876 4254 2975 4309 per
2999 4240 3193 4295 saecula
3222 4240 3457 4298 Christo.

1874 4324 1974 4382 Dic
1997 4338 2130 4397 rogo
2156 4333 2234 4394 tu,
2264 4324 2453 4394 lector,
2480 4324 2756 4392 Albinum,
2783 4325 3018 4396 Christe,
3046 4338 3217 4386 tuere.

2538 4479 2698 4551 205
2736 4480 2801 4535 V-

2007 4585 2011 4589 ’
2073 4589 2103 4645 I
2108 4608 2141 4646 η
2168 4607 2379 4646 sacrum
2403 4589 2649 4646 Codicem
2665 4590 2823 4660 jussu
2850 4589 2974 4646 Avo:
3000 4589 3273 4660 scriptum.

1882 4704 2037 4762 Hunc
2062 4704 2257 4760 ancilla
2284 4702 2381 4758 Dei
2404 4703 2515 4773 iam
2532 4702 2773 4772 iusserat
2794 4700 2911 4756 Ava
2938 4703 2966 4742 ⁸
2993 4701 3233 4758 libellum

1882 4842 2043 4899 nent;
2087 4848 2225 4902 quos
2256 4842 2435 4902 tamen
2470 4829 2594 4884 hinc
2614 4829 2874 4902 divellere
2909 4831 3198 4897 noluimus,
3228 4829 3369 4901 quod
3398 4828 3469 4885 ad

1882 4900 2132 4960 eumdem
2156 4900 2464 4957 Gerfridum
2491 4901 2815 4968 pertineant.

1959 4986 1983 5013 ο
2022 4973 2197 5095 ᾓοοιιε
2222 4967 2529 5039 corruptus.
2556 4969 2719 5025 Forte
2756 4970 2879 5042 Ieg.,
2912 4969 3109 5041 pra'sul
3133 4967 3291 5024 simul
3315 4977 3472 5039 atque

1959 5059 2033 5095 cer
2073 5059 2149 5095 os.

1884 5059 2149 5099 εαιεναοδ.

1959 5112 1981 5151 f
2020 5112 2145 5166 Hrec
2169 5108 2527 5179 prmlaudatus
2561 5110 2626 5165 D.
2650 5109 2965 5179 Cathelinotr
2984 5106 3473 5179 interpretatunde

1884 5182 2109 5237 basilica
2139 5175 2436 5235 salvatoris
2464 5180 2520 5233 in
2550 5181 2878 5236 monasterio
2900 5175 3264 5233 Werthinensi
3290 5175 3473 5244 (aulgo

1886 5252 2116 5306 Werden
2131 5250 2198 5304 ad
2216 5250 2418 5304 Ruram
2446 5248 2708 5320 ﬂuvium),
2734 5251 2827 5305 sed
2855 5250 2969 5320 bzcc
2990 5247 3217 5303 ecclesia
3243 5246 3471 5300 Aleuino

1887 5321 2102 5375 vivente
2136 5326 2404 5388 vetustate
2443 5320 2581 5373 dirui
2624 5321 2765 5375 haud
2808 5319 3002 5388 potuit,
3051 5323 3475 5388 quam__sanqus

1888 5390 2171 5460 Ludgerus
2199 5387 2316 5457 ejus
2343 5389 2636 5460 discipulus
2663 5383 2840 5460 primo
2870 5383 3187 5460 construxit.
3220 5384 3352 5460 Vid._
3366 5383 3476 5460 0b-

1889 5453 2802 5528 servationes'przevias'Mabillonii
2840 5459 2893 5512 in
2922 5457 3100 5528 Vitam
3130 5456 3309 5528 sancti
3331 5453 3476 5528 Lud-

1890 5530 2002 5601 geri
2025 5570 2039 5593 ,
2065 5525 2408 5601 parttrszec.
2446 5528 2795 5601 I_\[.._pag.__l_5,
2827 5545 2881 5583 n.
2910 5527 2944 5581 6
2969 5526 3335 5601 et];_Annal.
3372 5525 3477 5579 Be-

1891 5595 2013 5654 ned.
2047 5595 2178 5652 tom.
2203 5598 2267 5659 ll,
2297 5612 2420 5667 pag.
2445 5595 2570 5668 325,
2600 5595 2655 5668 η’.
2685 5598 2772 5659 5‘2,
2798 5606 2852 5652 et
2876 5596 3150 5668 pag.r'585,
3174 5611 3230 5668 n.
3255 5595 3343 5651 69.

1965 5671 1990 5709 ⁸
2031 5667 2085 5722 In
2118 5668 2276 5723 editis
2302 5666 2435 5721 loco
2465 5666 2573 5721 Ana
2608 5666 2891 5738 legebatur
2917 5667 3077 5731 Aula,
3107 5666 3294 5738 utique
3322 5679 3476 5738 luen-

1893 5740 2039 5795 dose.
2075 5738 2182 5793 Nos
2210 5753 2390 5794 veram
2421 5734 2726 5799 lectionem.
2760 5752 2919 5810 quam
2950 5739 3113 5793 etiam
3154 5737 3327 5791 celeb.
3359 5734 3474 5787 Ma-
