3866 6170
401 343 493 397 751

400 456 647 513 Scribere
673 467 786 522 prae
817 464 1010 519 magno
1039 446 1252 503 Domini
1279 445 1509 500 deducta
1533 443 1725 496 timore
1749 449 1774 478 α

401 549 482 604 Ad
511 549 672 603 decus
697 544 972 608 Ecclesiae,
1005 541 1278 610 propriam
1307 536 1466 592 simul
1492 535 1654 603 inque
1677 531 1902 586 salutem

399 639 592 696 Omnia
622 637 853 706 ﬂorigeri
881 636 908 674 ι’
937 634 1123 702 pandit
1148 629 1443 700 primordia
1466 623 1671 687 mundi,

399 733 740 797 Eventusque
769 725 927 782 simul
957 722 1135 779 saeculi
1164 735 1259 790 per
1288 726 1530 786 tempora
1550 715 1709 784 longa
1739 731 1751 764 :

400 822 530 889 Quae
555 820 701 875 dedit
726 817 1062 884 omnipotens
1089 810 1291 867 homini
1319 817 1373 862 et
1399 813 1667 875 prazcepta
1694 799 1905 865 salutis,

401 911 594 966 Omnia
623 907 932 964 celsithroni
964 918 1062 958 nec
1089 919 1196 956 non
1219 897 1478 953 miracula
1507 894 1728 956 Christi,

404 1004 472 1057 Et
495 1017 643 1071 spem
673 1006 942 1071 perpetua:
963 1003 1082 1065 post
1103 993 1218 1046 haec
1246 1004 1457 1060 quoque
1479 985 1673 1042 smcula
1695 984 1846 1047 vitae;

403 1094 652 1148 Continet
675 1093 773 1145 iste
797 1089 961 1143 etiam
985 1086 1164 1141 Codex
1192 1085 1308 1138 hinc
1329 1081 1509 1137 omnia
1539 1079 1684 1134 solus
1712 1095 1724 1129 :

408 1185 613 1238 idcirco
641 1183 694 1234 in
723 1193 918 1248 magno
944 1191 1152 1247 semper
1178 1176 1438 1227 habeatur
1462 1171 1684 1224 honore.

322 1273 326 1282 ⁵
403 1275 501 1338 Da,
530 1288 678 1342 rogo,
703 1271 916 1325 Christe
945 1277 1154 1339 potens,
1185 1273 1400 1320 aeternae
1422 1265 1643 1331 praamia
1670 1257 1814 1320 vitae,

403 1366 586 1432 Daque
611 1371 715 1416 tua:
735 1360 966 1422 famulae,
1001 1374 1118 1427 quae
1147 1351 1634 1421 scriberejusserat
1656 1350 1839 1410 istum,

408 1457 476 1512 Ut
505 1455 747 1526 requiem
785 1462 907 1522 post
936 1452 1077 1504 hanc
1117 1449 1283 1503 vitam
1315 1453 1587 1500 mereatur
1608 1441 1810 1496 habere

405 1534 747 1618 Perpetuam,
775 1558 1000 1598 numero
1031 1549 1340 1597 sanctorum
1362 1538 1549 1608 juncta
1575 1546 1671 1604 per
1696 1543 1892 1587 aevum.

1155 1650 1242 1706 Vl.

414 1785 435 1812 ε
471 1772 535 1826 1η
565 1788 773 1827 sacrum
829 1767 1070 1822 Codicem
1110 1781 1236 1819 cura
1289 1759 1524 1834 Radonis
1558 1755 1760 1812 abbatis
1801 1769 1984 1809 mona-
2013 1772 2061 1834 Β

799 1839 943 1893 sterii
983 1837 1042 1892 S.
1079 1834 1290 1889 Vedasti
1319 1833 1588 1901 scriptum.

405 1960 462 2013 In
495 1961 596 2013 hoe
623 1954 857 2025 quin'que
878 1951 1024 2016 libri,
1051 1949 1350 2004 retinentur
1371 1945 1565 2000 Codice
1588 1941 1772 2004 Mosis,

407 2048 552 2101 Bella
576 2047 726 2102 ducis
746 2044 926 2108 Josue,
958 2041 1230 2096 seniorum
1259 2045 1314 2091 et
1345 2045 1588 2104 tempora
1617 2040 1854 2101 patrum.

409 2138 572 2203 Ruth,
593 2137 714 2200 Job,
742 2143 797 2189 et
822 2133 1028 2202 Regum
1052 2131 1135 2185 bis
1163 2129 1273 2184 bini
1302 2139 1530 2194 namque
1558 2121 1751 2185 libelli;

405 2228 581 2297 Atque
607 2226 1002 2294 Prophetarum
1027 2220 1198 2276 sancti
1227 2219 1310 2273 bis
1329 2227 1449 2271 octo
1480 2213 1680 2277 libelli;

407 2319 660 2374 Carmina
683 2314 928 2386 pmclari
953 2310 1153 2368 Christi
1184 2308 1352 2380 patris
1376 2305 1629 2378 hymnica
1651 2302 1842 2366 David,

409 2409 477 2462 Et
504 2407 605 2461 tria
636 2403 846 2475 paciﬁci
875 2399 1179 2457 Salomonis
1204 2395 1461 2466 opuscula
1486 2393 1649 2463 regis.

407 2498 658 2568 Iungitur
695 2497 779 2549 his
810 2494 1023 2562 Sophiae
1047 2490 1174 2546 Iesu
1205 2487 1363 2543 simul
1392 2493 1552 2554 atque
1582 2481 1810 2546 libellus,

409 2590 477 2644 Et
506 2577 927 2656 Paralipomeuis
952 2583 1096 2638 enim
1124 2581 1228 2634 duo
1254 2591 1444 2644 nempe
1472 2573 1657 2629 libelli.

410 2678 546 2732 Hinc
568 2679 740 2739 Ezrm,
764 2673 1050 2734 Nelicmiae,
1087 2671 1300 2733 IIester,
1327 2666 1510 2721 Iudith
1536 2673 1698 2732 atque
1728 2661 1892 2716 libelli

410 2770 478 2824 Et
499 2770 602 2823 duo
632 2779 862 2836 namque
886 2765 1006 2818 libri
1039 2760 1342 2816 Machabata
1372 2757 1512 2812 bella
1543 2763 1804 2810 tenentes.

412 2860 646 2915 Matthzei
669 2867 724 2914 et
747 2858 932 2923 Marci,
964 2856 1126 2910 Lucae
1158 2854 1312 2917 liber,
1338 2859 1498 2919 atque
1519 2847 1739 2903 Joannis

409 2953 608 3023 Inclyta
634 2961 784 3021 gesta
817 2959 1002 3005 tenens
1029 2947 1285 3003 salvantis
1313 2944 1508 3000 saecula
1531 2941 1753 2997 Christi.

413 3046 644 3100 Sanctus
665 3043 1000 3115 Apostolicos
1025 3041 1200 3095 Lucas
1228 3037 1622 3108 conscripserat
1644 3032 1841 3095 Actus;

410 3136 501 3192 Bis
531 3145 734 3206 septem
761 3134 931 3189 sancti
963 3147 1059 3202 per
1079 3132 1296 3186 chartas
1331 3129 1578 3194 dogmata
1605 3121 1777 3187 Pauli,

410 3229 615 3293 Jacobi,
639 3227 815 3290 Petri,
837 3226 986 3282 Iuda:
1014 3232 1069 3280 et
1095 3224 1182 3294 pia
1209 3222 1349 3277 dicta
1373 3219 1593 3275 Joannis
1621 3233 1636 3270 :

412 3320 683 3376 Scribitur
708 3329 950 3374 extremo
971 3318 1190 3373 Joannis
1217 3317 1270 3370 in
1301 3315 1491 3368 ordine
1514 3321 1709 3365 tomus.

415 3411 523 3464 llos
547 3411 680 3480 lege,
709 3418 765 3463 tu
789 3410 959 3463 lector
983 3409 1128 3470 felix,
1163 3407 1392 3460 feliciter
1419 3417 1630 3465 omnes,

413 3502 493 3555 Ad
524 3500 733 3554 laudem
761 3498 959 3553 Christi
985 3497 1364 3566 propriamque
1392 3495 1443 3547 in
1473 3491 1630 3546 scccla
1669 3489 1915 3545 salutem.

415 3589 650 3644 Alterum
672 3589 902 3658 ejusdem
929 3587 1136 3658 Alcuini
1163 3602 1361 3658 poema,
1389 3582 1527 3658 quod
1547 3581 1855 3658 prmcedenti
1880 3581 1992 3634 sine

531 3659 639 3712 ullo
671 3651 798 3712 novo
835 3657 987 3712 titulo
1020 3651 1208 3710 ibidem
1235 3651 1585 3722 subjungitur,
1623 3651 1718 3703 hoc
1748 3660 1820 3704 est
1855 3667 1870 3703 :

415 3751 551 3805 Dum
573 3749 778 3819 primus
802 3749 1027 3818 pulchro
1055 3746 1229 3801 fuerat
1255 3745 1414 3799 homo
1437 3741 1623 3810 pulsus
1648 3741 1716 3793 ab
1740 3741 1917 3804 horto,

482 3841 538 3894 In
567 3841 727 3903 hanc,
753 3841 920 3909 proh!
951 3839 1202 3892 miseram
1234 3843 1427 3897 morte,
1461 3833 1643 3888 dolore
1665 3831 1805 3886 diem
1832 3849 1843 3882 :

413 3930 617 3984 Infandi
648 3938 702 3984 et
726 3929 928 3998 gemuit
955 3928 1220 3997 condigna
1250 3925 1459 3995 piacula
1485 3923 1634 3988 facti,

483 4022 617 4076 Cum
645 4029 753 4074 tota
781 4020 982 4090 pariter
1009 4017 1157 4088 prole
1183 4017 1370 4071 salutis
1399 4016 1572 4084 inops.

412 4113 530 4168 Non
565 4120 742 4166 tamen
779 4111 1119 4179 omnipotens
1147 4107 1360 4162 bonitas
1385 4106 1665 4159 dimiserat
1691 4118 1850 4159 omne

482 4204 538 4257 In
564 4201 793 4257 miseros
814 4215 1020 4270 magnae
1035 4198 1147 4266 jam
1176 4197 1394 4267 pietatis
1416 4211 1579 4264 opus;

411 4293 650 4348 Plurima
678 4291 772 4347 sed
800 4291 947 4344 mitis
972 4287 1224 4357 lacrymis
1247 4286 1434 4340 solatia
1462 4285 1658 4340 nostris

484 4384 678 4438 Attulit
705 4398 735 4437 e
761 4381 937 4446 cmlis,
970 4381 1024 4434 in
1053 4380 1291 4433 bonitate
1318 4393 1450 4439 sua;

410 4477 554 4531 Illius
580 4484 641 4530 ut
667 4488 879 4543 semper
904 4473 1076 4543 pietas
1104 4471 1372 4532 laudetur,
1404 4477 1634 4531 ametur,

483 4569 810 4623 Cunctorum
833 4566 1033 4636 pariter
1057 4571 1297 4635 pectore,
1327 4568 1525 4623 mente,
1551 4573 1733 4612 manu.

415 4658 684 4728 Quidquid
709 4658 912 4712 habere
940 4655 1064 4710 boni
1099 4653 1295 4724 poterit
1336 4666 1488 4706 mens
1517 4648 1732 4703 conscia
1763 4646 1915 4711 recti,

484 4749 631 4804 Illius
658 4749 762 4803 hoc
787 4755 960 4803 totum
986 4746 1158 4817 gratia
1189 4757 1398 4800 summa
1423 4740 1589 4796 dedit.

412 4839 556 4894 Inter
581 4853 702 4908 quae
725 4838 988 4907 siquidem
1015 4844 1139 4891 sunt
1170 4835 1404 4889 maxima
1433 4831 1571 4887 dona
1595 4829 1880 4892 librorum,

484 4929 586 4998 Qui
614 4929 783 4985 series
810 4943 989 4983 rerum
1016 4935 1070 4982 et
1096 4934 1336 4994 tempora
1360 4931 1556 4979 cuncta
1587 4931 1809 4984 canunt,

412 5083 665 5139 billonius
690 5077 1133 5149 deprehenderat,
1158 5075 1488 5149 restituimus
1514 5089 1583 5149 ex
1624 5080 1836 5126 vetusto
1866 5072 1986 5126 cod.

415 5171 517 5209 ms.
547 5145 842 5220 Salisburg.
871 5151 978 5220 Ana
1005 5164 1108 5220 non
1140 5147 1243 5220 alia
1287 5162 1404 5200 esse
1441 5145 1671 5220 videtur,
1703 5157 1878 5220 quam_
1895 5157 1989 5220 s9-

415 5240 508 5278 ror
532 5225 617 5289 illa
649 5211 831 5284 Gislai,
860 5217 1012 5285 cujus
1036 5217 1292 5289 Alcuinus
1317 5215 1561 5289 meminit
1587 5214 1641 5267 in
1674 5213 1830 5281 epist.
1858 5211 1982 5265 127.

415 5295 535 5349 Vid.
570 5285 746 5347 Mabil.
774 5289 964 5345 Annal.
995 5299 1123 5344 tom.
1149 5287 1212 5353 Il,
1243 5301 1364 5357 pag.
1395 5285 1519 5338 527.

487 5377 513 5405 α
554 5364 723 5426 Edit.,
752 5361 1005 5415 deductus
1033 5375 1228 5412 amore.

487 5435 514 5474 δ
553 5433 719 5496 Edit.,
742 5429 899 5485 simul
923 5429 1052 5500 geri,
1079 5428 1224 5500 nullo
1253 5441 1432 5482 sensu.

391 5503 398 5511 ’
488 5515 510 5541 ο
553 5503 665 5556 Hoc
689 5491 909 5556 carmen
923 5491 1000 5554 ἐκ
1025 5491 1210 5554 codice
1239 5513 1341 5552 ms.
1382 5499 1696 5566 pervetusto
1718 5491 1788 5566 ad
1815 5506 1988 5566 agrum

416 5573 594 5625 Caroli
623 5571 797 5641 Magni
829 5579 989 5641 atque
1019 5569 1353 5641 adeoAipsius
1384 5561 1549 5641 etiam
1578 5562 1789 5641 Alcni_n_i
1826 5561 1991 5641 perti-

419 5650 600 5700 ncutc,
628 5629 924 5705 qiifcxstat
966 5639 1019 5690 in
1048 5629 1379 5692 Bibliotheca
1427 5635 1672 5705 Cmsarea
1723 5629 1992 5705 Vindobo-

422 5708 596 5768 neasi,
619 5701 836 5762 exhibet
863 5707 1244 5762 celeberrimus
1267 5703 1584 5760 Lambecius
1610 5713 1738 5757 tom.
1767 5702 1808 5756 ll
1833 5701 1992 5756 Com-

1235 331 1297 386 B.
1339 330 1400 385 F.
1441 322 1664 383 ALBINI
1702 319 1834 376 SEU
1874 314 2151 372 ALCUINI
2189 314 2470 372 OPERUM
2511 313 2688 370 PARS
2722 313 2809 369 VI.

1993 434 2050 493 Α
2073 430 2139 485 Et
2164 431 2400 485 dictante
2426 430 2536 485 Deo
2564 430 2797 484 retinent
2820 427 3114 497 primordia
3143 427 3352 498 mundi,

3538 312 3658 368 Ἰδῆ

2145 522 2214 584 Et
2238 523 2510 578 Christum
2536 521 2710 576 saeclis
2737 521 3095 590 prsccecinere
3124 521 3303 590 pium;

2073 615 2131 671 In
2159 617 2350 685 quibus
2375 624 2428 669 et
2458 613 2659 669 homini
2688 613 2823 668 ratio
2852 623 2935 668 est
2960 613 3083 668 data
3107 621 3253 668 certa
3285 613 3497 669 colendi

2145 711 2262 780 Ipsa
2292 711 2480 773 Deum,
2515 722 2642 762 vera
2670 715 2752 762 est
2778 722 2896 775 quae
2926 707 3033 771 via,
3057 706 3189 771 vita,
3215 706 3379 762 salus.

2077 801 2186 855 I‘Ios
2209 799 2348 868 legat
2371 806 2424 854 et
2457 805 2656 862 teneat,
2682 797 2890 866 placeat
2919 798 3006 851 cui
3030 804 3248 866 pectore
3274 813 3412 868 puro

2149 893 2342 947 Vivere
2368 906 2492 947 cum
2519 890 2746 954 Christo,
2778 903 2970 957 perpes
3006 888 3060 941 in
3090 903 3214 942 arce
3243 888 3373 957 poli.

2082 985 2216 1040 Sunt
2237 998 2458 1037 numero
2486 982 2686 1052 pariter
2709 979 2830 1034 deni
2869 980 2974 1033 duo
3003 979 3203 1047 septies
3231 978 3258 1017 ά
3284 987 3452 1050 atque

2151 1077 2227 1128 De
2253 1074 2447 1143 quibus
2472 1079 2528 1126 et
2554 1070 2688 1125 nulli
2721 1070 2835 1140 jam
2867 1068 3116 1123 dubitare
3153 1068 3301 1124 licet.

2079 1166 2137 1220 In
2167 1163 2368 1218 Christi
2394 1163 2550 1216 nobis
2571 1176 2829 1214 numerus
2855 1159 3178 1214 venerabilis
3203 1160 3306 1216 iste

2154 1253 2377 1324 Myslice
2407 1251 2682 1321 discipulis
2711 1265 2943 1319 namque
2965 1259 3212 1306 sacratus
3237 1250 3407 1305 adest.

2082 1346 2178 1401 His
2207 1345 2372 1400 etiam
2403 1343 2556 1398 libris
2581 1343 2721 1396 inest
2750 1342 2986 1396 caelestis
3015 1341 3187 1411 origo,

2154 1442 2263 1498 Hos
2287 1443 2413 1512 quia
2445 1441 2668 1496 dictavit
2699 1439 2935 1510 Spiritus
2953 1439 3068 1508 ipse
3096 1438 3259 1493 Deus.

2083 1532 2334 1588 Continet
2362 1533 2461 1586 iste
2490 1547 2598 1586 uno
2627 1537 2814 1585 sancto
2838 1529 2936 1584 sub
2965 1544 3189 1598 corpore
3219 1528 3398 1584 Codex

2154 1624 2253 1678 Hic
2275 1622 2434 1677 simul
2460 1622 2560 1676 hos
2590 1629 2751 1684 totos,
2778 1634 3000 1673 munera
3029 1634 3223 1688 magna
3251 1619 3345 1673 Dei

2087 1714 2277 1771 Omnia
2308 1729 2540 1783 namque
2570 1712 2732 1766 Novae
2761 1726 2825 1766 ac
2853 1709 3062 1765 Veteris
3086 1711 3174 1779 pia
3203 1709 3401 1765 lamina
3429 1710 3589 1782 Legis

2155 1809 2317 1864 Hicce
2345 1823 2453 1862 non
2483 1806 2714 1869 dubites,
2748 1805 2936 1869 lector,
2965 1803 3163 1858 habere
3185 1804 3322 1872 pius.

2084 1901 2183 1956 Hic
2211 1901 2331 1954 vitae
2359 1898 2478 1953 fons
2506 1906 2608 1962 est,
2638 1899 2753 1952 haec
2781 1905 2864 1951 est
2895 1895 3155 1965 sapientia
3185 1911 3330 1959 vera,
3425 1953 3432 1961 ,

2155 1991 2248 2048 Hae
2278 2000 2403 2046 sunt
2424 1999 2694 2060 perpetua:
2717 2002 2948 2056 namque
2977 1987 3166 2042 salutis
3189 2001 3333 2055 opes.

2085 2087 2186 2155 Qui
2228 2085 2374 2155 cupit
2411 2084 2647 2140 inveniet
2685 2083 2992 2153 Scripturas
3025 2082 3203 2136 dicere
3234 2081 3386 2153 [Ms.,
3422 2081 3654 2153 discere]

3359 2173 3588 2246 [sacras

2156 2271 2478 2326 Sanctorum
2513 2267 2655 2323 dicta
2680 2267 2767 2323 hic
2793 2267 3099 2322 veneranda
3123 2265 3369 2320 Patrum.

2084 2359 2299 2432 Legifer
2323 2361 2409 2415 ille
2431 2361 2550 2430 pius
2575 2359 2832 2429 quidquid
2846 2358 2958 2427 jam
2987 2359 3276 2428 scripserat
3303 2357 3455 2426 olim,

2158 2455 2230 2508 De
2261 2453 2443 2507 mundi
2468 2467 2530 2506 ac
2558 2467 2738 2507 rerum
2764 2451 3028 2522 principio
3050 2451 3313 2521 siquidem
3346 2466 3362 2504 :

2088 2544 2328 2613 Qualiter
2352 2543 2702 2613 Omnipotens
2724 2551 2948 2597 naturas
2972 2543 3227 2597 conderet
3245 2555 3455 2604 omnes,
3538 2602 3541 2605 _

2157 2634 2373 2704 Ingenio
2403 2641 2667 2702 quantum
2694 2632 2836 2687 scire
2857 2632 2982 2686 licet
3007 2632 3262 2686 hominis.

2089 2726 2186 2783 llic
2213 2727 2376 2782 etiam
2408 2725 2602 2796 legitur
2624 2725 2858 2781 hominis
2883 2724 3090 2779 factura
3119 2724 3305 2788 creati,

2158 2818 2398 2884 Qualiter
2428 2825 2520 2871 aut
2544 2815 2743 2887 fugerit
2763 2816 2914 2871 exsul
2942 2817 3008 2870 ab
3034 2830 3130 2870 ore
3157 2831 3342 2880 sacro,

2088 2911 2288 2980 Impius
2316 2919 2410 2964 aut
2434 2908 2606 2964 frater
2627 2909 2941 2964 sceleratam
2970 2910 3228 2978 sanguine
3253 2909 3498 2965 dextram

2159 3002 2422 3056 Fraterno
2451 3001 2699 3071 impleret
2724 3017 2819 3057 cur
2847 3001 3062 3070 pietatis
3086 3001 3261 3070 inops.

2017 3117 2067 3182 ο
2095 3094 2225 3149 Post
2243 3094 2405 3176 etiam
2436 3094 2632 3148 retinet
2655 3108 2909 3148 numeros
2930 3101 2984 3148 et
3010 3094 3228 3148 nomina
3254 3093 3493 3158 Patrum,

2168 3171 2461 3239 Szeclorum
2485 3198 2582 3252 per
2607 3199 2744 3252 quos
2769 3183 2902 3238 ordo
2929 3185 3168 3240 cucurrit
3193 3199 3376 3238 ovans.

2095 3275 2220 3330 Inde
2247 3274 2360 3330 Noe
2392 3276 2606 3344 requies
2627 3275 2808 3330 mundi
2832 3276 2942 3346 jam
2966 3276 3204 3330 nascitur
3231 3276 3377 3339 almi,

2166 3365 2428 3436 Tempore
2453 3365 2552 3419 sub
2591 3365 2743 3434 cujus
2759 3367 2871 3436 jam
2896 3367 3247 3436 cataclysmus
3273 3373 3411 3431 erat,

2096 3458 2231 3512 Dum
2260 3463 2409 3510 natat
2437 3473 2563 3512 arca
2594 3457 2689 3512 Dei
2719 3457 2926 3528 pelago,
2955 3473 3074 3528 spes
3101 3456 3267 3511 altera
3299 3457 3488 3510 mundi

2166 3547 2353 3602 Totius
2383 3554 2436 3602 et
2462 3547 2605 3602 saecli
2632 3547 2784 3617 prole
2811 3547 3013 3616 repleta
3041 3546 3216 3602 simul.

2093 3637 2337 3693 Exstruit
2366 3639 2682 3694 immensam
2719 3639 3020 3703 damnanda
3047 3637 3291 3708 superbia
3323 3643 3564 3703 turrem,

2163 3729 2269 3783 Pro
2293 3745 2397 3799 qua
2431 3730 2687 3784 dividitur
2714 3744 2949 3785 consona
2986 3744 3087 3784 vox
3117 3728 3412 3783 hominum.

2094 3823 2230 3877 Tum
2255 3823 2416 3878 Pater
2443 3823 2715 3878 Abraham
2741 3822 2862 3877 caeli
2882 3823 3018 3876 bene
3043 3823 3230 3875 doctus
3259 3821 3312 3874 in
3342 3819 3523 3884 astris,

2165 3915 2262 3969 Cui
2292 3915 2590 3984 promissus
2613 3922 2730 3969 erat
2759 3913 2927 3968 Filius
2959 3914 3071 3983 ipse
3097 3912 3213 3967 Dei.

2093 4005 2294 4059 Exsilia
2319 4005 2443 4059 hinc
2465 4005 2632 4069 Isaac,
2658 4002 2824 4059 Iacob
2852 4017 3064 4072 quoque
3084 4001 3242 4072 longa
3269 4000 3541 4072 leguntur,

2165 4095 2372 4164 Perque
2395 4104 2576 4165 patres
2599 4095 2682 4148 bis
2706 4108 2800 4148 sex
2827 4095 2999 4162 gentis
3023 4093 3174 4163 origo
3201 4107 3386 4146 sacrae.

2093 4187 2354 4242 Vcnditur
2380 4187 2506 4240 hinc
2532 4184 2759 4238 fratrum
2785 4184 2986 4239 scelere
3014 4193 3067 4237 et
3095 4190 3397 4253 puer-tatur
3429 4192 3453 4221 ο
3482 4188 3605 4237 atro

2161 4276 2359 4345 Joseph
2386 4277 2441 4330 in
2466 4275 2775 4344 ZEgyptum,
2804 4283 2958 4343 patre
2984 4273 3196 4327 dolente
3217 4274 3326 4341 pio,

2093 4368 2195 4436 Qui
2221 4369 2372 4440 regni
2402 4377 2485 4422 est
2511 4369 2689 4422 subito
2711 4366 2885 4422 factus
2914 4367 2980 4420 de
3001 4380 3220 4420 carcere
3246 4373 3444 4428 rector,

2014 4482 2067 4543 ι)
2162 4457 2380 4514 Etcum
2412 4457 2564 4527 prole
2598 4464 2810 4526 patrem
2838 4455 2992 4510 duxit
3023 4455 3077 4509 in
3113 4471 3241 4509 arva
3283 4469 3468 4509 senem
3507 4453 3672 4526 [δίδη

3367 4544 3616 4617 [Cesen].

2089 4637 2342 4694 Continet
2365 4638 2481 4692 haec
2506 4636 2720 4692 Genesis
2741 4636 2944 4708 pariter
2968 4635 3106 4689 liber
3127 4634 3308 4689 omnia
3333 4635 3566 4704 primus,

2162 4731 2342 4800 Usque
2366 4729 2469 4785 fuit
2494 4730 2693 4801 Joseph
2721 4730 2911 4785 mortis
2933 4745 3117 4784 amara
3146 4729 3280 4782 dies.

2088 4819 2216 4877 Post
2238 4821 2391 4890 cujus
2421 4830 2646 4876 mortem
2676 4821 2888 4876 Pharao
2919 4835 3014 4874 rex
3042 4820 3238 4888 impius
3268 4819 3408 4872 alter

2165 4912 2423 4984 Imposuit
2447 4910 2663 4967 famulis
2687 4911 2898 4966 vincula
2930 4911 3063 4966 dura
3093 4910 3208 4963 Dei.

2093 5080 2257 5127 ment.
2291 5073 2428 5127 Bibl.
2465 5071 2646 5128 Caesar
2701 5085 2825 5141 pag.
2863 5071 2967 5125 405
3004 5077 3110 5123 vet.
3153 5068 3311 5141 ediL,
3357 5081 3510 5141 novae
3546 5081 3673 5141 vero

2091 5151 2217 5196 tom.
2237 5143 2278 5207 I,
2297 5158 2414 5211 pag.
2434 5142 2554 5196 618.
2579 5142 2636 5196 In
2655 5134 2763 5211 quo
2775 5134 3005 5196 carmini
3028 5139 3322 5211 praeﬁgitnr
3350 5135 3538 5211 titulus
3565 5154 3581 5211 _:
3607 5134 3672 5188 In

2088 5206 2600 5280 capite’liib‘liothecre
2641 5206 2705 5264 αὖ
2737 5211 2957 5264 Alcuino
2989 5206 3135 5280 editi,
3165 5206 3674 5280 subintelligendum

2092 5275 2188 5336 abs
2233 5282 2394 5337 dubio
2437 5282 2832 5336 substantivum
2879 5279 3084 5349 plurale
3121 5298 3133 5332 :
3180 5276 3390 5332 Versus.
3446 5275 3675 5330 Nomine

2093 5367 2221 5406 vero
2272 5352 2604 5406 bibliotheca:
2651 5353 2740 5406 hic
2786 5351 3123 5418 significatur
3165 5349 3436 5418 integrum
3477 5357 3674 5418 c_orpns

2092 5423 2255 5476 totius
2277 5423 2569 5491 Scriptura:
2588 5436 2756 5476 sacrae
2776 5415 2900 5476 eum
2928 5419 3156 5486 Veteris,
3183 5415 3300 5473 tuni
3321 5415 3458 5472 Novi
3485 5415 3675 5469 Testa-

2093 5493 2281 5546 menti.

2163 5560 2189 5600 ά
2227 5562 2281 5615 Id
2316 5569 2417 5625 est,
2446 5562 2780 5631 septuaginta
2812 5561 2937 5617 duo.

2171 5645 2192 5670 ο
2233 5632 2329 5688 Ms.
2342 5673 2355 5700 ,
2396 5641 2442 5686 et
2464 5648 2594 5703 puer
2619 5631 2864 5702 inclytus.
