3866 6170
178 341 283 397 733

175 461 306 513 Post
329 455 552 511 Exodus
573 454 734 509 habet
765 453 1008 524 praeclari
1038 463 1277 524 tempora
1298 453 1480 518 Mosis,

246 550 352 619 Qui
382 551 675 604 mandante
706 549 815 604 Deo
841 549 948 603 dux
976 549 1075 603 fuit
1102 549 1154 602 in
1190 548 1404 618 populo,

172 641 421 699 Fortiter
443 641 680 697 educens
701 638 919 709 [Egypti
948 639 1015 694 de
1037 648 1194 709 gente
1218 638 1472 709 maligna,

244 736 462 806 Perque
491 734 680 790 decem
707 731 909 801 plagas,
951 731 1164 802 agmina
1190 741 1373 786 sancta
1404 730 1521 795 Dei,

176 827 299 897 Egit
332 828 439 881 iter
458 824 686 896 populus
715 822 874 877 siccis
907 835 1004 890 per
1026 836 1243 889 aequora
1268 821 1482 891 plantis,

247 915 554 970 Cantantes
581 912 810 967 Domino
833 910 1072 965 carmina
1095 910 1314 964 laetitize.

177 1008 344 1078 206
369 1006 507 1060 Hinc
529 1007 654 1060 data
681 1012 766 1057 lex
796 1002 972 1057 fuerat
998 1001 1146 1056 Sinai
1171 1003 1238 1056 de
1261 1002 1459 1056 vertice
1485 1001 1656 1067 celso,

247 1094 309 1148 In
339 1093 536 1148 tabulis
574 1099 764 1146 saneto
786 1090 986 1160 scripta
1016 1090 1110 1144 Dei
1140 1090 1342 1158 digito;

179 1188 355 1254 Quam
381 1185 551 1240 turbis
577 1183 782 1248 retulit,
815 1182 1148 1238 deScendens
1176 1183 1379 1237 vertice
1404 1183 1624 1246 montis,

245 1277 489 1332 Cornuta
513 1274 652 1329 facie
683 1273 872 1344 legifer
899 1274 1012 1343 ipse
1047 1276 1190 1344 pius.

178 1369 366 1437 Longa
390 1366 607 1436 quidem
633 1363 843 1434 pepulis
868 1377 894 1404 ιι
919 1365 1004 1418 vix
1030 1379 1129 1434 per
1153 1366 1363 1420 deserta
1385 1371 1691 1435 vagantem.

248 1457 499 1512 Condere
524 1455 844 1524 praecipiens
869 1453 1008 1507 atria
1034 1462 1220 1509 sancta
1249 1453 1378 1508 Deo.

176 1549 317 1605 Cum
346 1547 573 1611 mensis,
602 1545 767 1609 vasis,
801 1543 1000 1599 tabulis
1025 1544 1183 1599 simul
1211 1553 1372 1614 atque
1400 1544 1655 1609 lucernis,

248 1642 563 1708 Sanctaque
587 1639 932 1702 Sanctorum,
957 1652 1064 1706 quo
1089 1636 1191 1691 fuit
1216 1652 1340 1691 arca
1365 1636 1478 1691 Dei.

174 1733 310 1790 Inde
337 1730 679 1788 sacerdotum
705 1727 964 1783 describit
992 1729 1044 1782 in
1075 1727 1263 1782 ordine
1292 1726 1488 1790 cultus,

247 1826 329 1880 Ac
357 1822 652 1877 Levitarum
680 1820 872 1876 tertius
900 1821 1014 1888 ipse
1033 1819 1192 1884 liber,

177 1918 454 1986 Tempora
482 1922 793 1969 sanctorum
822 1911 1095 1968 currentia
1116 1910 1252 1965 festa
1283 1909 1511 1976 dierum,

248 2011 320 2064 Et
352 2017 529 2063 vestes
554 2007 733 2061 Aaron
757 2005 1182 2076 progeniemque
1213 2017 1442 2058 sacram.

176 2100 457 2156 Scribitur
485 2098 539 2153 in
568 2106 760 2169 quarto
794 2095 1151 2150 Numerorum
1181 2092 1443 2164 mysticus
1467 2093 1619 2155 ordo,

247 2192 356 2246 Per
387 2190 564 2245 tribus
586 2197 641 2243 et
669 2196 875 2242 turmas
899 2201 1107 2241 summa
1137 2183 1233 2239 Dei
1259 2183 1476 2254 populo.

180 2280 408 2352 Mystica
446 2276 542 2333 sed
568 2276 785 2331 Balaam
811 2275 1040 2331 senioris
1065 2275 1230 2329 verba
1251 2273 1524 2344 prophetae

250 2371 390 2426 Vera
415 2383 616 2437 canens
642 2367 861 2436 quinam
892 2366 1123 2437 plurima
1158 2363 1488 2433 praececinit.

179 2465 423 2532 Quatuor
447 2433 589 2517 hinc.
601 2460 779 2515 decies
804 2475 901 2530 per
927 2466 1080 2513 vasta
1107 2456 1319 2512 silentia
1349 2455 1554 2517 mundi,

247 2556 467 2610 Erravit
489 2554 679 2609 sitiens
707 2552 860 2623 plebs
885 2551 1131 2606 malelida
1162 2551 1290 2605 Deo.

180 2651 296 2704 Dux
320 2655 546 2703 renovat
565 2647 738 2718 legem
769 2646 798 2686 δ
824 2645 980 2700 dictis
1007 2644 1348 2700 mordacibus
1369 2642 1584 2706 almam,

247 2741 499 2809 Dumque
523 2739 666 2794 diem
700 2744 891 2792 mortis
916 2736 1084 2790 sensit
1118 2735 1307 2790 adesse
1329 2733 1450 2787 sibi.

179 2831 290 2886 Hoc
320 2839 472 2885 tenet
499 2829 715 2901 egregio
745 2827 964 2898 quintus
994 2840 1242 2882 sermone
1265 2824 1492 2887 libellus,

246 2905 307 2976 In
332 2929 568 2976 mentem
609 2935 868 2974 revocans
895 2918 1034 2973 dona
1065 2917 1158 2971 Dei
1188 2915 1402 2985 populo.

177 3013 279 3071 Per
307 3014 525 3069 deserta
561 3028 760 3082 negans
795 3011 1081 3066 Dominum
1121 3009 1262 3080 perit
1299 3006 1541 3076 improba
1584 3007 1738 3061 turba

243 3106 325 3160 Ac
348 3103 642 3158 mandante
668 3103 777 3158 Deo
800 3101 990 3173 legifer
1017 3101 1188 3156 almus
1217 3111 1237 3138 ο
1273 3101 1410 3156 obit.

178 3197 341 3252 Iosue
366 3195 626 3259 surrexit,
659 3196 846 3250 turbas
875 3196 981 3249 dux
1013 3193 1249 3264 inclytus
1275 3193 1460 3252 armis.

244 3286 514 3342 lnducens
538 3286 792 3355 patriam,
821 3301 980 3355 quam
1013 3285 1154 3340 Deus
1182 3285 1296 3354 ipse
1324 3283 1472 3339 dedit
1499 3299 1512 3336 :

179 3376 414 3432 Plurima
446 3377 539 3446 qui
571 3377 736 3447 gessit
764 3375 1036 3446 praeclaris
1071 3374 1209 3430 bella
1239 3374 1546 3444 triumphis,

255 3471 584 3540 Dispergens
611 3468 637 3508 ἀ
670 3478 857 3540 gentes
883 3467 1162 3523 Cananeas
1186 3467 1394 3538 gladio;

180 3559 280 3616 Per
301 3561 476 3615 tribus
503 3569 555 3615 et
577 3568 771 3624 sortes,
800 3574 897 3630 per
921 3559 1136 3614 nomina
1163 3559 1305 3614 clara
1336 3570 1617 3629 parentum

247 3651 387 3722 lncly
399 3659 453 3705 ta
477 3651 807 3706 distribuens
836 3665 1000 3721 regna
1028 3649 1123 3704 Dei
1149 3649 1380 3719 populo;

181 3741 342 3810 Cujus
370 3751 520 3813 gesta
545 3751 688 3797 tenet
709 3742 820 3812 jam
850 3751 1036 3796 sextus
1057 3739 1111 3794 in
1133 3739 1322 3794 ordine
1353 3747 1548 3802 tomus,

247 3833 618 3889 Prmtitulatus
641 3835 786 3888 enim
810 3833 1027 3888 nomine
1050 3846 1284 3900 namque
1315 3846 1436 3885 suo.

179 3926 307 3981 Post
335 3934 567 3981 mortem
598 3924 750 3994 cujus
784 3925 1013 3996 populus
1040 3940 1163 3980 cum
1191 3931 1434 3994 tempore
1463 3921 1654 3984 multo,

253 4020 438 4090 Usque
462 4018 579 4073 dies
608 4017 778 4083 Sauli,
807 4018 1088 4072 Iudicibus
1114 4017 1340 4086 regitur,

179 4111 422 4179 Quorum
445 4120 616 4182 gesta,
639 4126 825 4180 genus,
844 4095 1072 4178 tempus,
1090 4109 1228 4172 loca,
1253 4106 1408 4170 bella,
1439 4106 1762 4174 triumphos,

249 4201 478 4255 Nomina
507 4215 738 4269 namque
767 4199 934 4254 refert
960 4198 1219 4266 septimus
1247 4197 1334 4251 ille
1362 4195 1528 4259 liber;

179 4293 244 4348 Et
274 4293 489 4363 patieus
523 4303 546 4330 ε
575 4291 719 4346 enim
746 4277 943 4345 librum
966 4289 1207 4344 decurrit
1233 4289 1286 4342 in
1311 4288 1470 4342 istum
1503 4306 1514 4338 :

248 4385 425 4452 Quem
457 4383 592 4437 Ruth
625 4382 974 4452 consequitur
1003 4381 1200 4436 femina
1237 4380 1382 4434 clara
1413 4378 1563 4432 satis.

180 4476 321 4532 llinc
347 4477 449 4530 Job
478 4476 775 4546 intrepidus
805 4474 927 4529 ﬁdei
956 4474 1185 4530 bellator
1211 4473 1264 4528 in
1295 4473 1479 4536 armis,

249 4569 597 4639 Przesignans
620 4567 820 4623 Christi
849 4576 1089 4637 tempora
1114 4580 1266 4620 sacra
1290 4565 1406 4620 Dei.

180 4657 318 4715 llinc
343 4659 656 4714 scribuntur
676 4660 818 4714 enim
848 4658 1110 4714 Samuelis
1135 4667 1283 4728 gesta
1309 4657 1600 4728 prophetm,

250 4749 492 4819 Saulquc
516 4749 790 4805 Philistaeo
813 4750 903 4820 qui
929 4749 1069 4819 perit
1099 4765 1226 4804 ense
1256 4747 1368 4803 fero
1397 4767 1408 4802 :

182 4840 425 4896 Israelita
447 4852 638 4911 potens
665 4843 855 4912 primis
881 4842 1085 4896 electus
1115 4842 1183 4896 ab
1211 4841 1386 4904 annis,

247 4931 381 4987 Post
407 4948 570 5002 quem
595 4931 825 4988 detinuit
850 4948 1013 5002 regna
1037 4932 1194 4986 beata
1222 4929 1408 4993 David,

183 5019 446 5094 Hymnica
477 5023 569 5092 qui
597 5022 795 5079 cecinit
818 5022 1154 5078 Psalmorum
1183 5019 1424 5076 carmina
1450 5026 1620 5078 vates.

250 5111 600 5168 Przetitulans
623 5112 823 5169 Christi
851 5120 1116 5182 tempora,
1144 5117 1318 5181 gesta,
1345 5108 1486 5162 diem
1516 5125 1528 5159 :

186 5202 405 5260 Semine
434 5204 501 5260 de
526 5203 679 5274 cujus
703 5204 868 5270 regali
898 5209 1183 5259 stemmate
1209 5199 1336 5255 felix

259 5349 286 5408 ξι
326 5336 489 5393 Forte
513 5337 644 5406 leg.,
686 5335 953 5408 populum.

256 5407 286 5448 ι’
324 5407 820 5464 Deuteronomium.

259 5487 284 5550 ἦ
323 5478 383 5550 ld
410 5490 513 5543 est,
543 5480 773 5550 Moyses.

259 5547 283 5587 ά
325 5549 452 5620 bis,
480 5547 805 5620 disperdens.

262 5629 285 5657 ο
323 5619 393 5674 Et
420 5617 644 5690 patiens.
683 5617 968 5690 Lambecio

185 5677 490 5745 emendatio
536 5691 714 5761 ignota
765 5688 884 5761 fuit.
918 5677 1027 5761 Abs
1071 5682 1232 5737 dubio
1264 5689 1451 5761 tamen
1484 5677 1766 5761 legendum

183 5768 270 5814 est
293 5750 584 5832 Eptaticus'
618 5775 711 5816 seu
763 5755 1089 5828 Heptaticus,
1138 5751 1280 5822 quod
1331 5750 1470 5805 idem
1521 5754 1676 5803 sonat
1705 5761 1769 5798 ac

1008 5611 1337 5684 praelaudato
1381 5608 1538 5684 hujus
1586 5605 1766 5684 mendi

1172 339 1497 396 CARMINA.
1537 373 1605 381 —
1641 342 2159 400 IL‘DUHIPTIONES
2199 345 2456 401 VARIE.

1785 3144 1833 3206 C

3345 352 3446 406 ’751

1793 458 1846 517 Α
1942 457 2094 511 Alma
2123 458 2216 513 Dei
2239 460 2470 529 genitrix
2499 462 2662 531 Virgo
2693 463 2858 519 Maria
2887 463 3004 518 fuit.

1868 548 2133 606 Paciﬁcus
2161 561 2282 622 post
2305 568 2463 622 quem
2493 552 2749 611 Salomon
2786 557 2807 594 τ
2841 573 3004 627 regna
3033 556 3269 626 regebat,

1937 641 2039 709 Qui
2071 645 2376 698 construxit
2403 660 2571 700 ovans
2595 648 2791 716 templa
2829 656 3042 703 sacrata
3072 647 3182 703 Deo
3216 664 3231 702 :

1865 736 1922 790 ln
1959 743 2086 789 nato
2112 734 2265 804 cujus
2292 734 2566 791 finduntur
2585 739 2794 793 viscera
2823 741 2994 807 regni,

1938 829 2005 883 Et
2031 827 2220 902 Judam
2252 836 2461 884 tantum
2492 831 2606 886 Rex
2633 831 2874 887 Roboam
2904 833 3096 887 tenuit.

1866 919 2043 974 Induit
2081 918 2403 975 Hieroboam
2435 920 2693 976 Samaria:
2724 930 3008 978 stemmate
3035 938 3232 992 parvus
3270 925 3296 963 ⁸

1937 1009 2039 1077 Qui
2068 1025 2255 1081 regum
2284 1010 2490 1079 primus
2518 1012 2752 1068 excoluit
2773 1014 2989 1068 vitulos.

1868 1099 2006 1155 llinc
2035 1101 2138 1154 sibi
2168 1115 2331 1170 regna
2356 1099 2462 1155 duo
2489 1101 2704 1156 fuerunt
2738 1103 3010 1158 contraria
3039 1119 3275 1174 semper,

1935 1194 2002 1248 Et
2035 1192 2232 1249 fratres
2257 1194 2398 1248 inter
2425 1195 2564 1249 bella
2596 1194 2745 1251 fuere
2774 1209 2885 1250 rea.

1869 1283 1961 1340 Sic
1984 1299 2168 1354 regum
2198 1285 2366 1340 series
2388 1301 2488 1354 per
2512 1295 2754 1355 tempora
2782 1287 2937 1356 longa
2960 1287 3218 1353 cucurrit,

1936 1375 2053 1430 Pra:
2084 1375 2264 1431 multis
2291 1376 2554 1432 scelerum
2583 1379 2742 1432 noxia
2772 1379 3091 1433 criminibus
3118 1398 3130 1432 :

1866 1467 2047 1521 Donec
2067 1469 2121 1521 in
2153 1476 2404 1522 externas
2426 1468 2655 1538 pepulus
2681 1485 2800 1522 cum
2830 1471 3071 1539 principe
3099 1477 3288 1540 gentes

1938 1558 2140 1612 Ductus
2164 1566 2299 1618 erat,
2328 1573 2518 1626 pmnas
2541 1556 2762 1626 jamque
2785 1559 2932 1614 luere
2963 1575 3108 1614 suas.

1868 1647 2110 1714 Quatuor
2138 1648 2254 1701 haec
2288 1647 2443 1701 libris
2468 1647 2794 1702 clauduntur
2821 1655 3058 1716 tempora
3090 1648 3308 1716 Regum.

1787 1792 1838 1809 h
1937 1738 2079 1794 Urbs
2104 1738 2246 1807 perit
2270 1753 2440 1807 usque
2468 1754 2644 1802 sacra,
2673 1753 2767 1791 rex
2795 1738 2951 1791 simul
2977 1747 3028 1792 (ε
3055 1737 3300 1806 populus.

1790 1792 1838 1852 Β
1862 1829 1989 1884 Inde
2022 1792 2404 1899 Prophetarum
2431 1828 2693 1899 prmclara
2722 1829 2997 1882 volumina
3036 1792 3304 1891 constant,

1933 1917 2203 1974 Venturos
2229 1919 2454 1984 Christi,
2480 1936 2600 1988 qum
2631 1921 2881 1974 cecinere
2908 1919 3055 1985 dies;

1862 2008 2178 2072 Nominibus
2205 2008 2440 2078 propriis
2461 2009 2552 2077 qui
2581 2018 2708 2064 sunt
2729 2009 2814 2063 bis
2840 2017 2962 2063 octo
2991 2009 3177 2073 libelli,

1933 2095 2218 2151 Hieremiae
2241 2096 2367 2150 hinc
2393 2097 2623 2164 gemitus
2648 2113 2746 2166 pro
2769 2097 2931 2153 Josua
2954 2106 3008 2152 et
3033 2098 3246 2168 populo.

1863 2188 2124 2259 liymnica
2148 2185 2468 2242 Psalterium
2498 2197 2711 2244 constat
2742 2205 2836 2258 per
2868 2191 3107 2245 carmina
3139 2199 3336 2254 tomus,

1932 2279 2063 2346 Quae
2092 2279 2289 2333 cecinit
2323 2279 2522 2334 Christi
2555 2297 2647 2334 rex
2678 2290 2834 2350 pater
2859 2282 2970 2350 ipse
2997 2281 3184 2334 David.

1863 2371 2000 2426 Tres
2024 2369 2273 2425 Salomon
2307 2371 2473 2427 libros
2497 2372 2758 2426 mirabilis
2786 2373 2956 2426 edidit
2980 2380 3186 2435 auctor,

1934 2461 2030 2516 His
2059 2462 2166 2516 duo
2187 2461 2488 2532 junguntur
2505 2478 2604 2531 per
2638 2464 2952 2533 paradigma
2979 2462 3098 2517 libri
3124 2479 3138 2526 ;

1864 2553 2106 2620 Quorum
2131 2554 2328 2623 quippe
2355 2554 2504 2624 prior
2536 2553 2804 2625 Sapientia
2829 2555 3025 2610 dicitur
3047 2554 3209 2618 alma,

1935 2643 2166 2698 Notatur
2188 2643 2315 2699 Iesu
2354 2645 2570 2700 nomine
2596 2646 2865 2714 posterior

1865 2735 2004 2792 Hinc
2035 2733 2528 2806 Paralipomenonis
2560 2736 2713 2791 adest
2742 2751 2896 2791 sacer
2923 2737 3012 2792 ille
3037 2735 3268 2800 libellus,

1917 2828 2040 2905 Qui
2066 2827 2267 2882 veteris
2293 2826 2452 2894 Legis
2481 2827 2679 2882 dicitur
2705 2827 2936 2896 epitome

1865 2920 2005 2975 Hinc
2029 2918 2202 2983 Ezraz,
2233 2917 2494 2982 Nehmiw,
2519 2917 2729 2982 Iudith,
2761 2917 3046 2988 Hesterque
3072 2915 3268 2978 libelli;

1937 3012 2088 3067 Tunc
2114 3010 2290 3066 Tobiw
2325 3011 2519 3080 pietas,
2545 3009 2786 3080 angelus,
2815 3018 2987 3072 actus,
3027 3009 3149 3062 iter.

1864 3103 2068 3174 Inclyta
2099 3118 2225 3158 nam
2260 3101 2404 3157 binis
2428 3101 2734 3155 Machabwa
2761 3100 2900 3154 bella
2927 3100 3120 3155 libellis

1937 3197 2284 3262 Scribuntur,
2313 3195 2473 3250 victis
2497 3195 2746 3266 gentibus
2773 3200 2828 3249 et‘
2852 3195 3080 3265 populis.

1862 3291 1991 3346 Hmc
2015 3297 2099 3344 est
2127 3296 2313 3345 sancta
2347 3288 2565 3358 quidem
2592 3287 2752 3356 chis
2779 3286 3060 3358 Scriptura
3087 3285 3344 3350 Vetusta,

1934 3379 2140 3434 Divinis
2170 3387 2282 3433 tota
2313 3393 2433 3448 qua:
2463 3377 2635 3432 titulis
2666 3377 2889 3432 redolet.

1863 3469 2130 3540 Tempora
2158 3469 2412 3539 Baptistae
2435 3469 2729 3524 decurrens
2755 3483 2926 3536 usque
2954 3467 3196 3531 Joannis,

1935 3558 2167 3614 Sanctus
2197 3557 2468 3629 Evangelii
2502 3559 2628 3613 hinc
2656 3558 2961 3613 celebratur
2990 3556 3192 3622 honor;

1863 3647 1922 3703 ln
1949 3662 2056 3717 quo
2083 3656 2225 3703 tecta
2252 3648 2343 3702 ditt
2370 3662 2650 3703 sacrorum
2679 3654 2828 3718 gesta
2853 3647 3136 3710 librorum,

1934 3737 1992 3790 In
2016 3735 2218 3790 Christi
2245 3737 2476 3791 adventu
2501 3737 2614 3806 jam
2644 3743 2886 3790 reserata
2918 3744 3126 3804 patent,

1867 3826 1953 3888 Et,
1985 3827 2233 3882 veniente
2256 3827 2367 3880 Deo
2393 3827 2668 3895 praeclarae
2694 3826 2829 3879 lucis
2858 3825 2910 3877 in
2938 3824 3150 3886 orbem,

1943 3915 2269 3972 Umbrarum
2299 3917 2533 3970 tenebrze
2564 3930 2688 3969 mox
2711 3915 2893 3968 abiere
2924 3912 3110 3981 procul
3137 3925 3150 3963 :

1868 4003 2006 4059 llinc
2035 4007 2298 4077 quadriga
2327 4004 2445 4068 Dei,
2468 4003 2729 4058 cherubin
2758 4001 3070 4064 comitante,
3103 3997 3331 4069 refulget

1940 4101 2070 4167 Quae
2099 4097 2302 4153 Christi
2330 4096 2382 4148 in
2412 4093 2668 4148 mundum
2698 4101 2940 4158 tempora
2968 4103 3121 4142 sacra
3149 4096 3334 4151 sonat;

1869 4189 2172 4252 Mattlurus,
2207 4186 2440 4249 Marcus,
2481 4182 2648 4236 Lucas
2687 4181 2846 4237 simul
2873 4189 3036 4250 atque
3072 4179 3326 4241 Joannes,

1940 4283 2250 4340 Scribentcs
2284 4278 2486 4334 Christi
2521 4287 2671 4348 gesta
2699 4282 2914 4332 sacrata
2944 4274 3058 4329 Dei.

1874 4376 2110 4432 Sanctus
2132 4371 2457 4443 Apostolicos
2487 4369 2661 4424 Lucas
2699 4367 3059 4436 descripserat
3092 4365 3272 4428 Actus,

1943 4469 2227 4540 Dogmata,
2259 4465 2486 4520 sudores
2512 4469 2674 4533 atque
2703 4460 2903 4516 laboris
2931 4460 3049 4514 iter.

1869 4560 1959 4614 Bis
1985 4567 2191 4628 septem
2223 4553 2428 4610 Paulus
2456 4553 2734 4623 rescripsit
2764 4551 2817 4605 in
2847 4551 3035 4604 ordine
3063 4547 3270 4601 chartas

1942 4647 2251 4719 Discipulis,
2284 4661 2384 4701 nec
2423 4659 2529 4700 non
2566 4643 2793 4698 urbibus
2824 4647 2878 4694 et
2907 4637 3117 4707 populis
3147 4654 3159 4689 :

1868 4742 1913 4796 Α
1939 4740 2168 4794 Domino
2192 4738 2398 4791 electus
2422 4732 2674 4803 specialis
2705 4731 2760 4783 in
2783 4729 2912 4783 orbe
2952 4727 3230 4796 magister,

1939 4831 2203 4886 Gentibus
2233 4825 2531 4881 innumeris
2564 4822 2814 4891 dogmata
2845 4833 2996 4873 sacra
3024 4815 3226 4872 ferens.

1869 4921 2006 4976 Hinc
2033 4917 2284 4980 Iacobus,
2318 4915 2529 4978 Petrus,
2551 4911 2726 4965 Iudas
2751 4909 2909 4965 simul
2939 4916 3102 4978 atque
3125 4906 3356 4962 Ioannes

1941 4993 2220 5080 Scripsere
2249 5005 2418 5061 titulis
2445 5003 2673 5074 mystica
2702 5002 2866 5056 verba
2895 4998 3089 5054 sacris.

1871 5104 1971 5158 llic
1993 5104 2155 5157 etiam
2180 5097 2412 5153 recubus
2445 5095 2611 5150 divini
2633 5092 2868 5164 pectoris
2897 5091 3089 5152 almus,
3191 5127 3212 5136 -

1941 5190 2105 5246 Exsul
2135 5189 2204 5244 ab
2228 5188 2464 5243 humano
2489 5182 2777 5253 expellitur
2801 5180 2932 5234 orbe
2957 5177 3107 5247 pius;

1875 5325 2282 5398 Heptateucltus,
2328 5334 2423 5398 sep
2459 5330 2638 5398 tomus
2667 5315 2881 5398 primus
2919 5305 3447 5398 sacrorum‘B'i'llilio-I

1872 5376 2323 5451 ihiﬁ'lbhii'néas
2375 5376 2795 5460 Pentateuchum
2852 5397 2945 5436 seu
2978 5380 3230 5460 qttinque
3279 5376 3445 5460 libros

1873 5446 2358 5537 lli—avsisiduosque
2397 5465 2702 5528 sequentes,
2739 5453 2901 5537 Jostte
2929 5446 3292 5537 let-ludicum.
3323 5446 3443 5503 Vid.

1871 5520 2204 5591 Glossarium
2230 5520 2292 5585 D'.
2324 5520 2594 5599 Ducange,
2622 5520 2774 5590 voce,
2807 5520 3132 5592 lleptaticus.

1948 5605 1964 5644 ί
2024 5605 2120 5659 Ms.
2149 5604 2295 5665 add.,
2331 5617 2438 5653 rex.

1946 5677 1972 5716 ⁸
2015 5675 2193 5740 Forte,
2223 5687 2432 5742 pravus.
