3866 6170
413 311 515 368 755

409 426 753 497 Plurimaque
788 439 1016 482 cernens
1053 424 1227 481 saeclis
1246 432 1475 479 ventura
1503 423 1725 488 futuris,

480 519 610 587 Quae
638 520 710 574 sit
738 534 894 589 paena
924 517 1102 583 malis,
1131 517 1299 588 gloria
1335 529 1521 587 quaeve
1545 516 1724 571 bonis.

412 610 510 665 llic
538 610 674 665 liber
702 617 975 666 extremus
1004 608 1296 678 Scriptura:
1323 606 1639 661 inscribitur
1666 605 1842 670 almae,

482 702 686 757 Divinis
715 710 858 757 totus
885 701 1155 772 mysteriis
1191 697 1438 753 redolens
1464 710 1490 737 α

410 793 537 851 Hmc
562 802 686 849 sunt
716 794 852 849 dona
880 793 972 847 Dei
1005 792 1314 847 cmlestibus
1343 789 1541 860 inclyta
1564 789 1734 858 gazis,

480 886 538 942 In
567 886 652 941 his
685 887 819 950 vita,
852 885 1016 947 salus,
1047 882 1241 953 gloria,
1271 881 1489 936 divitia).

410 977 507 1032 His
538 978 652 1032 sine
672 992 831 1031 nemo
859 976 1025 1030 Deum
1057 972 1257 1044 poterit
1280 982 1608 1043 cognoscere
1644 984 1829 1031 sensu,

483 1069 576 1125 Vel
602 1077 868 1140 pnecepta
899 1065 1016 1131 Dei,
1045 1072 1139 1118 aut
1166 1078 1331 1134 regna
1352 1063 1509 1117 beata
1534 1060 1664 1131 poli.

408 1159 467 1214 In
496 1157 581 1212 his
606 1173 732 1213 vera
762 1157 976 1227 quidem
1004 1154 1171 1225 fulget
1204 1153 1467 1223 sapientia
1495 1160 1729 1216 tantum,

478 1251 535 1305 In
560 1250 645 1306 his
672 1249 808 1317 laus,
832 1265 1061 1310 merces.
1084 1248 1213 1310 vita,
1244 1247 1389 1303 salus
1416 1247 1717 1302 hominum.

408 1342 504 1398 His
526 1343 641 1398 sine
670 1343 880 1398 seducit
905 1341 1043 1397 male
1078 1341 1214 1396 falsa
1237 1339 1462 1395 scientia
1489 1346 1749 1404 mentem,

479 1434 697 1489 Discere
727 1449 832 1489 non
867 1447 1064 1488 curans
1089 1432 1251 1486 verba
1282 1439 1496 1485 sacrata
1522 1429 1618 1483 Dei
1653 1446 1667 1481 :

406 1526 465 1581 lu
495 1527 690 1595 quibus
720 1535 935 1581 mternze
967 1541 1096 1580 vera
1124 1533 1207 1579 est
1233 1524 1495 1594 sapientia
1522 1524 1668 1588 vitm,

476 1613 682 1678 Gloria,
706 1614 817 1678 lux,
847 1615 1038 1683 pietas,
1062 1621 1224 1668 notus
1248 1621 1302 1667 et
1325 1613 1438 1683 ipse
1467 1613 1629 1667 Deus.

408 1703 643 1774 Quisque
669 1705 811 1775 legat
835 1705 993 1774 hujus
1024 1713 1235 1760 sacrato
1263 1704 1317 1758 in
1344 1718 1569 1775 corpore
1589 1703 1736 1770 libri,

479 1793 669 1849 Lector
697 1795 751 1848 in
782 1795 1033 1860 ecclesia,
1058 1794 1221 1849 verba
1251 1808 1482 1862 superna
1510 1793 1627 1858 Dei,

407 1883 575 1953 207
598 1883 898 1955 Distinguat
926 1899 1134 1949 sensus,
1152 1883 1359 1949 titulos,
1386 1883 1525 1948 cola,
1544 1893 1813 1939 commata
1835 1899 1989 1948 voce,

478 1976 634 2031 Dicat
671 1974 784 2048 [Ρη
820 1975 1044 2048 discat],
1075 1984 1135 2030 ut
1164 1986 1419 2032 accentus
1445 1992 1541 2032 ore
1570 1993 1765 2033 sonare
1795 1979 1952 2035 sciat.

405 2065 640 2122 Auribus
672 2066 914 2123 ecclesiae
939 2077 1155 2122 resonet
1180 2082 1285 2122 vox
1312 2067 1492 2121 vinula
1519 2068 1547 2107 ι)
1577 2068 1754 2141 longe,

477 2157 665 2213 Omnis
691 2166 751 2213 ut
775 2159 990 2213 auditor
1016 2158 1196 2213 laudet
1227 2159 1296 2214 ab
1319 2174 1414 2214 ore
1445 2159 1637 2214 Deum.

405 2249 714 2321 Regnorum
744 2251 857 2322 regi
878 2250 1126 2317 Christo,
1157 2260 1212 2307 et
1236 2250 1465 2307 Domino
1493 2253 1834 2308 dominorum

474 2340 676 2407 Gloria,
711 2341 823 2409 lux,
847 2342 1046 2407 virtus,
1077 2342 1401 2417 laus,honor
1434 2352 1597 2414 atque
1624 2344 1771 2401 salus
1800 2363 1813 2399 :

404 2431 505 2499 Qui
532 2433 669 2504 regit
692 2434 920 2502 imperio
959 2441 1180 2498 terram,
1213 2434 1540 2505 pelagusque
1569 2435 1879 2507 polumque,

475 2524 577 2591 Qui
607 2524 774 2580 voluit
799 2524 939 2579 scire
962 2521 1116 2594 [Hs.,
1140 2524 1326 2594 scribi]
1355 2540 1546 2579 nomen
1570 2525 1624 2578 in
1651 2526 1783 2580 orbe
1808 2543 1986 2581 suum.

402 2612 473 2667 Et
504 2629 674 2685 genus
701 2614 995 2667 humanum
1019 2613 1315 2668 clementer
1343 2615 1411 2669 ab
1437 2615 1593 2669 hoste
1619 2615 1877 2686 maligno,

473 2704 530 2758 In
556 2720 717 2760 cruce
734 2703 847 2773 jam
872 2704 1109 2760 moriens
1134 2720 1317 2771 carne,
1345 2706 1574 2761 redemit
1597 2722 1806 2774 ovans;

402 2795 505 2864 Qui
532 2795 688 2852 solita
717 2794 970 2850 Carolum
996 2810 1179 2867 regem
1204 2796 1404 2866 pietate
1430 2797 1712 2868 gubernet,

474 2884 700 2956 Semper
732 2884 788 2939 in
815 2894 1077 2940 mternum
1106 2894 1350 2957 protegat
1370 2894 1531 2957 atque
1562 2890 1732 2959 regat.

402 2973 558 3029 Dicat
579 2980 634 3030 et
655 2974 832 3029 omnis
859 2973 1028 3028 Amen
1053 2974 1373 3045 populorum
1403 2978 1560 3032 turba
1588 2993 1686 3048 per
1722 2979 1907 3035 orbem
1934 2997 1948 3032 :

471 3069 585 3127 Hoc
615 3071 819 3126 tribuat
850 3070 971 3127 εαξιί
994 3070 1242 3127 Christus
1270 3071 1338 3126 ab
1360 3086 1486 3126 arce
1513 3070 1654 3140 pius.

403 3161 474 3216 Ut
503 3162 684 3217 multis
709 3163 853 3217 vivat
880 3160 1007 3217 felix
1036 3161 1265 3218 feliciter
1291 3162 1465 3223 annis,

471 3251 601 3307 Post
633 3252 749 3308 haec
776 3260 833 3307 et
866 3260 1048 3307 teneat
1068 3268 1234 3323 regna
1259 3252 1416 3307 beata
1449 3252 1564 3307 Dei.

400 3341 688 3399 Codicibus
710 3344 881 3398 sacris
908 3344 1090 3397 hostili
1120 3343 1270 3398 clade
1293 3345 1554 3414 perustis,

472 3432 540 3487 Et
568 3431 718 3487 Rado
745 3443 767 3471 ο
797 3432 1011 3488 fervens
1042 3433 1144 3488 hoc
1170 3435 1443 3504 reparavit
1467 3450 1603 3505 Opus
1627 3452 1642 3501 ;

401 3515 515 3577 Hoc
537 3536 692 3591 opus,
725 3522 830 3577 hoc
852 3522 1053 3578 etenim
1081 3521 1314 3577 ﬂammis
1342 3531 1396 3577 te
1426 3525 1694 3580 subtrahit
1721 3526 1877 3593 atris,

470 3610 517 3667 0
540 3612 726 3675 lector,
764 3612 810 3668 si
846 3620 903 3668 tu
930 3612 1078 3685 pacis
1101 3628 1285 3669 amore
1314 3613 1468 3684 legis.

747 3811 1261 3890 HISTOBL‘E
1321 3814 1648 3893 VARIJE

667 4005 931 4050 VB’I’EBIS
968 4008 1047 4050 ET
1094 4008 1244 4053 NOV!
1290 4010 1715 4056 TESTAMENTI.

1129 4152 1241 4208 VII.

877 4281 956 4337 De
985 4283 1193 4339 Christo
1225 4285 1519 4343 Saluatore.

399 4413 651 4471 Nascitur
672 4416 902 4471 humana
929 4417 1107 4472 celsus
1135 4419 1202 4474 de
1226 4435 1390 4475 carne
1418 4420 1661 4486 Creator,

472 4506 543 4562 Ut
565 4506 728 4563 homo
753 4522 850 4578 per
882 4507 1154 4564 hominem
1181 4500 1406 4566 scandat
1431 4513 1499 4567 ad
1523 4521 1669 4568 astra
1700 4514 1887 4572 Deum.

398 4596 539 4652 Ecce
566 4597 670 4664 leo,
704 4597 853 4656 Iudae
880 4607 1038 4656 natus
1067 4600 1134 4655 de
1157 4602 1417 4673 germine,
1452 4605 1708 4661 mundum

468 4686 715 4757 Liberat,
764 4699 819 4745 et
860 4690 998 4747 laetis
1044 4689 1163 4764 [F.,
1211 4691 1366 4767 lethi]
1419 4701 1631 4766 sceptra
1684 4698 1980 4770 triumphat

1697 4789 1906 4862 levans.

400 4865 586 4924 Hostia
620 4884 828 4926 summa
857 4870 1034 4928 Patris
1062 4874 1299 4943 pretioso
1328 4877 1586 4947 sanguine
1609 4877 1878 4947 Christus,

471 4958 841 5018 Permundans
869 4965 1075 5026 orbem,
1103 4980 1267 5034 regna
1295 4970 1395 5024 sub
1421 4969 1530 5025 alta
1554 4979 1727 5026 vocat.

397 5051 706 5123 Assumptis
731 5053 923 5126 aquilae
947 5053 1197 5112 Christus
1223 5058 1359 5127 petit
1386 5060 1585 5116 aethera
1609 5065 1820 5131 pennis,

467 5142 877 5218 Conregnatque
901 5146 1008 5217 poli
1035 5161 1228 5218 perpes
1254 5149 1310 5205 in
1338 5165 1464 5207 arce
1493 5151 1662 5208 Patri.

473 5307 501 5370 9
530 5295 906 5370 evocalypsis.

469 5365 500 5406 ι’
530 5365 644 5443 νόει
675 5365 874 5443 uinum.
904 5386 945 5443 Α
966 5367 1250 5443 Vinnolata
1273 5386 1378 5427 vox
1411 5381 1495 5429 est
1518 5372 1653 5429 levis
1681 5381 1737 5430 et
1774 5376 1971 5443 mollis,

397 5445 560 5519 atque
593 5435 861 5519 ﬂexibilis.
904 5440 1268 5519 Etﬂvinnolata
1290 5442 1435 5519 dicta
1468 5460 1499 5497 a
1529 5445 1715 5519 vinno,
1742 5444 1846 5500 hoc
1868 5435 1973 5519 est,

397 5509 671 5587 cincinno,
708 5509 940 5587 molliter
970 5511 1127 5568 ﬂexo.
1159 5530 1179 5564 ι
1226 5511 1306 5567 lta
1332 5513 1567 5570 Isidorus
1599 5509 1724 5571 libr.
1764 5531 1827 5571 ιιι
1855 5509 1975 5573 Οιίὲ

399 5580 582 5645 ginum
606 5591 721 5645 cap.
750 5580 837 5634 l9.

403 5710 436 5725 η
473 5642 915 5725 c_ﬁado..Abbas_
940 5649 1271 5725 celeberrimi
1304 5654 1617 5725 monasterii
1641 5654 1973 5725 Benedictini

402 5710 461 5765 S.
511 5708 724 5766 Vedasti
778 5716 918 5784 apud
958 5717 1269 5784 Atrebates,
1308 5721 1399 5789 qui
1443 5708 1973 5781 annovChristirv'iﬂS'

2010 3130 2060 3193 C

2000 4478 2057 4538 D

1229 310 1293 366 Β.
1329 309 1392 365 F.
1435 308 1662 365 ALBINI
1705 306 1838 364 SEU
1877 304 2155 363 ALCUINI
2195 305 2480 368 OPERUM
2516 311 2698 370 PARS
2738 315 2823 371 VI.
3006 336 3021 353 ι
3569 316 3668 372 736

2017 421 2071 482 Δ

2817 424 2949 480 VIlI.

2326 516 2595 588 Apparitio
2622 517 2794 588 angeli
2824 517 2965 587 facta
2991 527 3171 571 sancto
3192 517 3445 589 losepho.

2088 606 2324 677 Angelus
2351 609 2574 662 illaesum
2614 607 2794 663 Mariae
2822 624 2918 677 per
2952 609 3160 663 somnia
3186 606 3384 679 Ioseph

2089 696 2411 767 Conjugium
2436 712 2658 753 servare
2684 707 2865 754 monet
2892 714 2906 764 ;
2953 698 3041 753 hic
3066 698 3221 753 docte
3258 696 3376 771 [F.,
3407 698 3558 774 dote]
3593 718 3675 760 re-

2090 876 2323 946 Spiritus
2344 878 2468 943 hoc,
2497 877 2641 947 quod
2668 877 2740 933 sit
2766 877 3018 948 ﬂagrans,
3048 876 3296 934 Salvator
3330 789 3611 938 Magi-12!:

2827 968 2921 1023 IX.

2465 1064 2543 1120 De
2573 1074 2755 1120 sancto
2783 1064 2991 1120 Joanne
3019 1064 3284 1137 Baptista.

2088 1152 2341 1210 Ostendis
2369 1151 2644 1209 Christum
2672 1154 2884 1226 populis
2910 1155 3151 1224 Baptista
3179 1155 3437 1223 Joannes,

2089 1246 2187 1302 Hic
2210 1262 2335 1303 ecce
2356 1246 2558 1317 Agnus,
2588 1255 2644 1303 et
2666 1248 2775 1314 hic,
2808 1247 2900 1316 qui
2934 1246 3074 1302 tollit
3096 1246 3326 1303 crimina
3353 1251 3564 1308 mundi.

2843 1338 2913 1394 Χ.

2619 1427 2782 1484 Fides
2818 1432 3160 1485 centurionis.

2090 1523 2156 1577 Et
2182 1522 2312 1577 mihi
2338 1522 2605 1588 Salvator,
2636 1522 2833 1577 salvari
2863 1538 3050 1578 servus
3076 1521 3332 1578 anhelat:

2091 1612 2206 1668 Non
2232 1629 2330 1683 ego
2363 1629 2483 1668 sum
2512 1613 2725 1685 dignus,
2759 1612 2911 1682 cujus
2940 1621 2997 1668 tu
3028 1621 3170 1668 tecta
3199 1628 3457 1682 capessas
3483 1629 3497 1667 :

2092 1703 2199 1758 Sed
2226 1704 2389 1759 verbo
2411 1718 2603 1759 sanare
2623 1715 2797 1774 potes,
2825 1719 2950 1760 nam
2981 1702 3179 1759 suﬂicis
3208 1705 3423 1760 absens.

2844 1794 2936 1849 XI.

2386 1885 2567 1941 Versio
2591 1901 2743 1956 aqua:
2778 1886 2832 1939 in
2860 1886 3034 1939 vinum
3072 1886 3140 1939 ad
3166 1888 3396 1955 nuptias.

2092 1975 2311 2045 lnsipidi
2335 1975 2605 2045 quondam
2636 1976 2811 2032 laticis
2844 1976 3107 2032 elementa
3131 1992 3378 2046 saporem

2093 2066 2397 2137 Flagrantis
2421 2083 2698 2140 sumpsere
2727 2069 2899 2134 meri;
2931 2084 3057 2124 nam
3086 2071 3338 2140 providus
3366 2080 3562 2130 auctor

2092 2159 2313 2215 Munera
2339 2160 2558 2226 laetitire,
2593 2161 2854 2216 virtutum
2879 2160 3102 2216 exordia
3129 2160 3273 2217 fecit.

2820 2250 2933 2305 XII.

2494 2339 2727 2411 Refectio
2758 2340 2938 2412 populi
2964 2342 3019 2395 in
3046 2342 3267 2396 deserto.

2092 2431 2191 2487 llic
2215 2431 2446 2501 panibus
2469 2439 2697 2501 septem,
2726 2431 3045 2501 populorum
3074 2433 3245 2488 millia
3268 2436 3449 2503 pascit

2090 2525 2351 2593 Quatuor,
2383 2532 2438 2579 et
2457 2525 2616 2594 pauci
2644 2532 2889 2580 saturant
2918 2523 3162 2597 [satiant]
3194 2528 3442 2581 convivia
3469 2528 3664 2597 pisces:

2090 2616 2223 2672 Nam
2254 2624 2459 2687 septem
2482 2616 2722 2687 reliquas
2749 2626 2965 2687 sportas
2989 2616 3287 2687 fragmenta
3315 2618 3541 2689 replevit
3570 2631 3614 2674 ο.

2817 2706 2933 2762 XIII

2440 2798 2665 2854 Sanatio
2688 2797 3006 2854 miraculosa
3036 2815 3316 2869 agrorum.

2089 2889 2192 2944 Dat
2220 2890 2463 2944 dextram
2493 2888 2745 2952 miseris;
2774 2888 3145 2958 miseransque
3172 2888 3367 2944 attollit
3390 2889 3457 2945 ab
3486 2890 3662 2956 humo,

2088 2979 2258 3046 Quam
2286 2978 2575 3051 longinqua
2602 2978 2684 3034 sui
2708 2987 3004 3033 curvarant
3032 2981 3163 3034 vitia
3202 2981 3411 3044 morbo,

2091 3069 2307 3142 Surgite
2333 3077 2481 3125 recta
2519 3068 2646 3134 ﬂde,
2675 3070 2899 3125 mundat
2939 3086 3092 3127 mens
3129 3072 3218 3141 pia
3247 3072 3572 3128 credentem.

2806 3160 2946 3216 XIV.

2420 3251 2499 3305 De
2523 3249 2699 3304 Maria
2728 3260 2777 3305 et
2806 3250 3019 3305 Martha
3045 3253 3330 3307 sororibus.

2087 3337 2277 3410 Arguit
2305 3339 2589 3393 immeritis
2612 3350 2921 3394 consortem
2948 3340 3153 3395 Martha
3179 3342 3436 3412 querelis,

2088 3428 2239 3495 Quod
2264 3436 2419 3483 vaczzt
2443 3428 2622 3484 ofﬁcio
2647 3446 2661 3496 ;
2693 3430 2780 3485 cui
2809 3446 2972 3485 verax
2998 3431 3198 3485 arbiter
3234 3432 3407 3503 inquit
3434 3450 3449 3486 :

2088 3518 2247 3573 Utilis
2271 3534 2400 3574 cura
2428 3519 2638 3584 domus,
2669 3519 2864 3575 melior
2886 3536 3006 3589 qua:
3031 3535 3239 3590 semper
3262 3520 3516 3577 habetur.

2815 3610 2911 3665 XV

2561 3697 2635 3752 De
2663 3696 2875 3754 Ζαεήιεὶ
2910 3702 3197 3755 vocatione.

2086 3787 2268 3843 Dulcis
2295 3788 2468 3842 honor
2496 3788 2707 3843 Domini
2738 3788 2963 3844 Zachzeo
2990 3789 3137 3845 fulsit
3160 3791 3354 3857 amico,

2086 3878 2363 3949 Maiestate
2385 3895 2605 3945 sonans,
2638 3880 2797 3935 hodie
2820 3881 2953 3936 mihi
2973 3883 3195 3952 proﬁcis
3218 3884 3414 3953 hospes

2084 3971 2165 4024 Ad
2202 3969 2424 4041 majora,
2457 3971 2525 4026 de
2547 3972 2631 4027 his
2660 3974 2832 4029 ramis
2858 3974 3125 4031 descende
3156 3976 3375 4032 relictis.

2816 4066 2950 4121 XVI.

2591 4155 2670 4211 De
2698 4155 2845 4212 Iuda
2871 4159 3155 4229 proditore.

2084 4243 2300 4298 Nummi
2337 4245 2451 4300 dira
2479 4244 2646 4301 fames
2671 4248 2943 4317 compellit
2966 4249 3198 4304 vendere
3222 4245 3441 4315 Iudam,

2082 4335 2141 4390 In
2177 4350 2388 4407 poenam
2421 4338 2599 4409 regale
2625 4349 2807 4408 caput,
2836 4341 3162 4395 commercia
3188 4341 3323 4396 tanti

2086 4423 2374 4497 Sanguinis
2402 4428 2596 4500 exiguo
2623 4430 2833 4499 peragit
2856 4444 3010 4485 mens
3036 4430 3200 4500 impia
3226 4430 3395 4485 lucro.

2796 4518 2958 4575 XVII.

2564 4606 2649 4661 Ad
2679 4624 2833 4662 cruce
2857 4606 3184 4679 pendentem.

2076 4694 2264 4752 Gestat
2288 4697 2621 4753 onerandum
2650 4699 2926 4754 cunctis...
2959 4697 3128 4753 indita
3155 4712 3343 4770 regum
3376 4695 3424 4753 ι.

2077 4787 2223 4854 Quos
2246 4793 2433 4843 escant
2461 4790 2486 4829 δ
2517 4788 2626 4844 sint
2651 4790 2888 4859 pendere
2913 4787 3131 4843 victima
3161 4789 3368 4855 mundi,

2077 4880 2351 4936 Perditam
2379 4889 2442 4937 ut
2468 4882 2681 4938 miseris
2705 4883 2895 4938 reddat
2928 4897 3078 4937 mors
3104 4897 3211 4937 una
3233 4882 3486 4940 salutem.

2788 4973 2971 5029 XVIII.

2614 5062 2694 5119 De
2715 5064 2850 5119 bona
2882 5063 3107 5120 latrone.

2078 5155 2286 5212 Sacrati
2325 5157 2562 5214 nemoris
2590 5155 2804 5212 Domini
2827 5153 2854 5193 ιι
2881 5172 2981 5227 per
3007 5172 3223 5213 amcena
3248 5157 3445 5224 vireta,

2074 5312 2345 5383 abbatiam
2365 5312 2615 5383 obtinuit.
2642 5303 2778 5367 Vide
2801 5328 2923 5383 quae
2949 5311 3017 5383 de
3036 5312 3649 5370 Radoneadaotavimut

2074 5383 2141 5437 ad
2170 5382 2348 5436 Vitam
2380 5381 2438 5437 S.
2468 5382 2689 5438 Vedasti
2723 5381 2888 5438 supra
2911 5382 3012 5437 col.
3041 5383 3164 5438 665.

2144 5452 2171 5492 ἀ
2204 5453 2385 5523 Forte,
2412 5470 2689 5523 prtegnam
2720 5452 2956 5508 solvatur
2988 5453 3201 5508 honore.

2134 5534 2171 5583 κβ
2199 5522 2382 5587 Forte,
2411 5521 2693 5592 replerunt.

2152 5592 2171 5666 ξ
2200 5592 2383 5666 Forte,
2409 5592 2775 5647 honorandum
2803 5594 3003 5648 cunctis
3031 5610 3162 5650 crux
3198 5594 3390 5666 inclyta
3418 5605 3599 5664 regem.

2149 5665 2173 5743 ἕ
2200 5661 2375 5743 [iocus
2402 5669 2705 5743 corruptus.

2145 5733 2170 5771 ιι
2202 5731 2385 5800 Forte,
2424 5730 2765 5788 Domino.....
2805 5734 2955 5789 duce.
