3866 6170
137 218 229 274 737

137 332 272 388 Felix
308 330 451 384 latro
479 327 615 384 duce
643 327 936 397 hospitium
963 326 1126 382 vitale
1148 335 1407 382 meretur.

139 423 442 483 Gratificata
473 420 606 475 ﬁdes
633 421 804 475 vincit
825 426 906 475 tot
931 420 1156 474 crimina
1184 420 1325 474 Viue.

848 508 991 563 XIX.

675 598 754 653 De
781 607 994 670 peccato
1019 597 1166 653 Em.

138 695 289 750 Evam
314 692 536 762 viperea
567 689 794 744 vetitum
822 688 1114 760 decerpere
1140 703 1359 758 pomum

116 784 341 845 .Invidus
372 789 491 837 arte
516 788 695 852 parat,
723 786 1041 849 tentataque
1063 781 1246 835 nescia
1274 778 1501 844 fraudis,

140 876 369 934 Credidit
395 873 579 931 infelix
611 886 767 929 sacro
798 870 916 944 [F.,
947 870 1117 943 socio]
1146 871 1384 942 peritura
1413 871 1628 925 marito.

860 964 981 1020 XX.

475 1058 556 1113 De
585 1074 736 1130 pinna
760 1058 1051 1127 primorum
1077 1064 1376 1127 parentum.

140 1147 362 1203 Pellibus
387 1144 648 1201 accinctis
674 1142 885 1213 peccati
914 1142 1068 1213 signa
1096 1140 1357 1206 ferentes,

142 1241 422 1296 Poenarum
446 1236 655 1303 famuli,
683 1235 933 1305 linquunt
956 1233 1138 1290 felicia
1168 1249 1330 1305 regna
1359 1251 1373 1287 :

144 1331 359 1400 Semper
382 1327 556 1384 amica
584 1326 712 1396 piis,
738 1331 1027 1395 peccantes
1056 1325 1284 1396 respuit,
1310 1323 1453 1379 aula.

850 1439 991 1495 XXI.

234 1534 313 1590 De
343 1551 472 1590 area
501 1531 616 1588 Noe
642 1541 690 1587 et
723 1532 921 1586 uisione
965 1532 1133 1586 sancti
1163 1528 1310 1585 Petri
1339 1531 1396 1584 in
1424 1529 1608 1601 Joppe.

142 1626 231 1684 llic
251 1626 525 1692 volucres,
554 1631 821 1688 armenta,
853 1623 1018 1687 viros,
1046 1636 1215 1692 genus
1239 1636 1399 1676 omne
1427 1619 1688 1685 ferarum,

141 1719 339 1774 Cuncta
366 1731 436 1772 ne
463 1717 721 1772 diluvium
747 1716 941 1786 perdat
963 1714 1218 1771 violentia
1249 1727 1275 1755 ιι
1302 1712 1414 1769 Noe

141 1808 370 1880 Colligit,
395 1816 555 1877 atque
580 1821 743 1861 unam
765 1813 1074 1861 creaturam
1099 1805 1283 1861 condit
1310 1805 1363 1858 in
1392 1818 1542 1858 arca.

146 1901 302 1971 208
328 1897 650 1969 Reptilium,
694 1898 1086 1969 pecudumque.
1115 1937 1127 1951 .
1156 1937 1169 1951 .
1207 1908 1537 1967 cunctasque
1573 1895 1722 1949 volu-

1508 1986 1652 2059 [cres

149 2081 332 2138 Discus
377 2080 579 2147 habet,
626 2095 745 2150 quae
776 2085 983 2159 cuncta
1015 2077 1169 2149 jubet
1215 2079 1380 2133 Pater
1420 2078 1581 2133 edere
1624 2075 1724 2130 Pe-

1464 2166 1651 2238 [trum,

151 2262 226 2319 liii
252 2278 543 2320 commune
570 2269 789 2333 putans,
821 2260 966 2332 quod
993 2259 1177 2315 mundi
1204 2266 1426 2315 auctore
1450 2263 1687 2312 creatur.

479 2464 733 2534 Confusio
757 2470 806 2517 et
835 2463 1035 2517 donum
1065 2460 1388 2532 linguarum.

152 2552 383 2609 Exstruit
414 2552 698 2607 immensis
720 2551 912 2621 opibus
939 2549 1187 2620 superbia
1211 2557 1438 2614 turrem,

153 2642 246 2699 Sed
272 2642 461 2713 populi
484 2657 694 2697 summa
720 2641 750 2681 ιι
775 2640 822 2695 is
850 2640 1034 2694 turbat
1056 2638 1323 2708 colloquia
1351 2637 1550 2693 summi

151 2734 220 2791 Ne
242 2735 374 2806 quid
411 2732 574 2788 stulta
603 2746 797 2786 manus
824 2729 965 2784 ultra
1000 2744 1096 2784 sua
1114 2727 1237 2797 jura
1268 2735 1506 2798 pararet.

151 2824 390 2883 Consona
427 2825 671 2879 diversas
697 2821 888 2876 fundat
924 2831 945 2859 ο
977 2819 1288 2888 praedicatio
1308 2819 1542 2889 linguas,

151 2917 379 2973 Barbara
403 2929 636 2987 quaeque
662 2926 815 2968 suam
843 2910 1118 2981 cognoscit
1147 2911 1296 2965 natio
1322 2926 1535 2976 vocem,

150 3007 307 3077 Quam
342 3022 505 3064 sacer
533 3007 772 3061 humano
797 3002 1056 3074 prmfatur
1083 3001 1318 3073 Spiritus
1340 3016 1454 3057 ore.

840 3118 1007 3174 XXIII

704 3208 943 3263 Venditio
973 3207 1188 3279 Ioseph.

151 3306 241 3362 llic
266 3304 581 3376 conjuratos
607 3316 925 3374 germanum
946 3301 1185 3356 vendere
1213 3298 1426 3363 fratres,

154 3398 300 3471 Cogit
323 3399 469 3453 livor
488 3396 648 3461 edax,
679 3400 907 3464 prosunt
929 3392 1198 3448 contraria
1224 3389 1407 3459 justis.

155 3489 259 3545 [loc
283 3503 426 3560 opus
447 3495 533 3543 est
555 3485 744 3555 gratia:
768 3493 829 3539 ut
858 3484 951 3552 qui
980 3481 1222 3538 vendidit
1248 3479 1275 3519 ἀ
1306 3481 1515 3537 adoret.

845 3594 1033 3650 XXIV.

621 3688 697 3744 De
720 3704 918 3742 manna
951 3687 1007 3741 in
1036 3685 1261 3739 deserto.

152 3783 248 3840 llic
271 3784 462 3839 avidos
483 3780 661 3836 carnis
686 3780 851 3835 missa
871 3777 1222 3848 ortigometra
1249 3783 1500 3845 pascunt,

150 3875 561 3945 lmmeritosque
614 3873 786 3945 replet
854 3870 1093 3928 caelestis
1144 3870 1299 3941 copia
1344 3886 1558 3926 mensas
1619 3868 1735 3942 [F.,

1406 3976 1624 4015 mensml
1651 3978 1664 4015 Ξ

1121 4006 1128 4013 .
1406 3976 1602 4018 mensae
1651 3978 1666 4028 ;

153 4056 284 4112 Nam
311 4057 529 4129 dignis,
571 4069 948 4127 quemcunque
976 4052 1136 4119 velit,
1175 4052 1300 4118 dat,
1344 3959 1541 4107 τέθηπε
1578 3961 1737 4123 slpo-

1508 4144 1666 4218 [τετυ.

870 4235 1039 4302 XXV.

623 4333 702 4388 De
726 4333 834 4405 lege
865 4332 1035 4405 Moysi
1063 4333 1272 4389 tradita.

154 4427 430 4484 Veridicae
453 4424 630 4481 Moses
653 4427 837 4495 pandit
860 4426 1157 4497 penetralia
1180 4425 1335 4497 legis,

159 4523 314 4589 Quod
342 4536 595 4577 summus
620 4520 827 4576 cunctis
851 4535 991 4575 unus
1025 4519 1095 4575 sit
1119 4518 1293 4575 lector
1324 4530 1348 4559 ε
1375 4528 1428 4575 et
1455 4519 1597 4576 idem
1622 4538 1635 4587 ;

223 4668 249 4696 ι
280 4655 475 4720 Forte,
504 4653 691 4708 diluvii
726 4652 991 4709 violentia.

223 4725 255 4765 ιι
279 4725 473 4789 Forte,
498 4722 777 4778 stulta.....
816 4722 984 4779 stulti.

228 4805 251 4833 ε
292 4795 488 4860 Forte,
518 4792 709 4862 fundit.

228 4863 255 4903 ἀ
282 4864 561 4919 Producta
590 4870 677 4918 est
710 4863 885 4920 media
919 4863 1089 4931 vocis,
1120 4865 1368 4920 vendidit.

236 4945 261 4972 ο
284 4934 481 4998 Forte,
515 4943 703 4987 rector.

234 5002 257 5042 ί
288 5004 464 5059 Forte
507 5004 626 5059 hmo
657 5004 999 5076 intelligenda
1041 5005 1108 5061 de
1155 5005 1356 5062 Christi
1400 5021 1648 5062 sermone
1698 5006 1754 5061 in

162 5081 382 5129 monte.

230 5147 258 5185 ε
282 5143 479 5210 Forte,
508 5144 621 5201 uale
655 5146 851 5202 dicens.

222 5214 256 5255 ὶ
286 5213 487 5281 Forte,
513 5216 744 5270 verbum.

229 5285 251 5356 ξ
286 5283 486 5356 Forte,
514 5297 751 5356 peragat.

226 5352 244 5438 ξ
287 5353 485 5438 forte,
514 5352 1054 5438 inexpertaproprite.

225 5434 255 5464 ι
275 5424 609 5508 .Sequgntes
634 5424 1262 5508 inscgiﬁiduesnusque.
1287 5427 1353 5480 ad
1379 5442 1443 5480 xc
1475 5427 1540 5479 ad
1570 5442 1760 5508 mona-

151 5498 403 5618 gtf'riurn
432 5494 736 5551 Elnonense
768 5494 824 5552 εξ
857 5496 1087 5552 Amandi
1126 5494 1400 5566 pertinere
1437 5506 1620 5552 censet
1653 5497 1762 5552 Ma-

191 5581 206 5618 t
253 5579 454 5618 anius.

191 5579 454 5618 IIIOﬂIUS.

232 5636 251 5674 ι
294 5624 491 5699 Forte,
532 5634 875 5689 cumulatum.

1119 208 1447 270 CARMINA.
1488 244 1560 256 --
1595 214 2114 273 INSCRIPTIONES
2149 200 2405 271 VARUE.

1735 331 1789 390 Α
1815 324 1925 382 Nec
1957 327 2126 383 divisa
2164 335 2316 399 regat
2344 325 2621 390 mundum,
2657 328 2753 383 sed
2783 326 2895 382 sola
2924 330 3187 399 potestas.

3288 214 3395 273 758

2509 413 2701 471 XXVI.

2414 502 2490 557 De
2523 504 2705 558 cadent
2735 504 2779 559 τ.

1817 592 1998 651 Monte
2027 594 2165 650 valle
2194 595 2386 650 sedens
2416 596 2441 634 ε
2464 596 2665 665 grande
2690 604 2749 651 et
2769 596 3106 652 immutabile
3130 609 3319 652 verum
3339 596 3371 638 ι

1822 689 1889 746 Et
1912 689 2000 760 pia
2019 686 2240 758 justitiae
2268 689 2478 759 populis
2508 697 2774 760 przecepta
2806 688 3072 761 profatur,

1819 777 2056 849 Quaeque
2084 780 2228 835 intra
2264 794 2383 835 sese
2406 787 2593 850 pergat
2622 781 2637 821 ί
2676 781 2939 850 sapientia
2960 787 3245 838 monstrat.

2505 870 2716 926 XXVII.

2264 961 2338 1015 De
2370 960 2725 1015 immolatione
2749 960 2927 1016 Isaac.

1818 1054 1993 1111 Caedis
2016 1054 2327 1124 inexpertas
2353 1055 2571 1124 propria
2602 1053 2614 1104 i
2655 1054 2761 1110 fert
2788 1056 2964 1111 hostia
2989 1056 3215 1127 lignum,

1819 1143 1955 1199 Nam
1985 1146 2209 1200 charum
2240 1146 2499 1203 obediens
2523 1146 2717 1217 pignus
2741 1154 2978 1201 mactare
3002 1155 3244 1217 paratur.

1818 1234 1977 1290 Ducit
2012 1235 2214 1292 Abram
2242 1236 2367 1292 fidei
2401 1237 2674 1302 meritum,
2703 1252 2810 1291 nou
2837 1250 3065 1306 parcere
3098 1245 3247 1292 nato.

2031 1362 2819 1442 INSCBIPTIONES
2892 1362 3222 1439 VARUE

1919 1490 2430 1557 ECCLESIARUM,
2470 1490 2832 1547 ALTARIUM
2860 1532 2874 1557 ,
2916 1487 3311 1545 SEPULCRO—

2417 1582 2566 1637 RUM
2596 1622 2612 1648 ,
2652 1580 2805 1635 ETC.

1747 1685 1795 1749 Β
1820 1709 1872 1756 ι.
1900 1708 1991 1756 ιιι
2015 1707 2392 1755 ιααιιιιι
2419 1705 2847 1753 ουσυιυιι
2877 1698 3405 1755 Μοιιιτειη,

2083 1765 2503 1825 rei-rans:
2541 1775 3048 1825 nummatus
3088 1763 3139 1816 κ.

2497 1877 2732 1934 XXVIII.

1984 1968 2067 2023 Ad
2093 1968 2367 2025 ecclesiam
2391 1978 2438 2025 et
2474 1969 2772 2040 sepulcrum
2796 1968 2965 2023 sancti
2998 1966 3227 2021 Amandi

1823 2060 1949 2116 llaec
1974 2069 2057 2115 est
2080 2061 2202 2116 aula
2224 2060 2341 2125 Dei,
2366 2062 2539 2117 venia:
2571 2060 2783 2127 domus,
2812 2060 2934 2115 aula
2964 2058 3170 2126 salutis,

1894 2151 1996 2207 Hic
2023 2151 2201 2206 cultus
2233 2150 2460 2217 Christi,
2482 2152 2574 2208 hic
2596 2153 2816 2222 pietatis
2843 2153 3034 2208 honor.

1823 2240 1925 2296 llic
1948 2240 2177 2310 populus
2201 2242 2426 2297 veniens
2452 2242 2668 2297 veniam
2693 2243 2932 2312 rogitare
2957 2242 3197 2309 suescit;

1892 2331 2146 2388 Creditur
2166 2333 2257 2388 hic
2279 2348 2522 2403 praesens
2549 2350 2763 2407 semper
2790 2336 2982 2392 adesse
3002 2336 3164 2391 Deus.

1824 2425 1925 2481 Hic
1951 2427 2093 2481 Deus
2118 2427 2339 2481 exaudit
2362 2424 2689 2483 famulorum
2716 2434 2841 2482 vola
2866 2442 3087 2483 suorum
3113 2444 3128 2493 ;

1895 2518 2142 2588 Largiter
2163 2518 2254 2573 hic
2274 2518 2548 2589 lacrymas
2572 2520 2734 2588 tergit
2761 2522 2831 2574 ab
2861 2534 2956 2575 ore
2985 2535 3135 2576 suas.

1826 2608 1927 2664 Hic
1955 2617 2110 2678 pater
2136 2615 2189 2662 et
2218 2616 2425 2677 pastor,
2450 2608 2647 2677 praesul
2677 2610 2971 2679 requiescit
2992 2609 3289 2676 Amandus,

1898 2700 1997 2755 Vir
2017 2700 2220 2755 virtute
2243 2707 2457 2769 potens,
2482 2707 2538 2754 et
2558 2699 2759 2769 pietate
2793 2699 2987 2755 bonus.

1827 2792 2060 2861 Adjuvat
2085 2792 2187 2846 iste
2212 2806 2405 2862 preces
2434 2790 2615 2860 populi
2646 2789 2931 2846 clamantis
2954 2791 3023 2847 ad
3049 2801 3219 2873 astra,

1899 2881 1997 2949 Qui
2028 2880 2254 2936 Domino
2285 2881 2497 2936 assistit
2531 2895 2745 2949 semper
2769 2880 2825 2934 in
2845 2895 2972 2936 arce
2993 2881 3123 2951 poli.

2523 2971 2716 3026 XXIX.

1751 3043 1802 3107 (ἶ
1858 3060 1940 3114 Ad
1967 3059 2213 3132 templum
2244 3062 2413 3115 sancti
2444 3060 2720 3116 Michaelis
2742 3060 2806 3114 ab
2830 3060 3041 3114 Arnone
3071 3068 3392 3132 reparatum.

1831 3154 1966 3207 Dum
1996 3168 2150 3208 sacra
2173 3153 2457 3224 praesentis
2480 3155 2719 3225 pervasit
2740 3154 2931 3208 limina
2966 3153 3165 3224 templi,

1833 3244 2041 3314 Saepius
2065 3260 2382 3301 accrescens
2410 3246 2715 3301 cumulatur
2744 3245 2761 3285 ι
2797 3247 3007 3319 gurgite
3031 3246 3229 3302 ﬂumen
3256 3255 3318 3300 ιη.

1832 3336 1950 3392 Non
1979 3337 2101 3392 tulit
2126 3336 2379 3392 Arnonus
2402 3337 2597 3394 fcedari
2624 3339 2820 3410 templa
2856 3339 3108 3395 sacerdos
3133 3350 3159 3377 υ
3184 3357 3200 3406 ;

1832 3424 2076 3480 Iusserat
2100 3425 2152 3479 in
2183 3426 2374 3481 melius
2402 3428 2650 3483 renovari
2676 3429 2792 3483 haec
2816 3428 2996 3483 omnia
3024 3428 3242 3499 praesul,

1832 3518 2020 3575 Latior
2042 3526 2101 3573 ut
2137 3517 2291 3573 ﬁeret
2318 3528 2528 3591 crypta,
2554 3528 2610 3575 et
2635 3520 2920 3576 sublimior
2944 3520 3067 3585 ista,

1838 3608 2156 3680 Supponens
2184 3610 2338 3665 testis
2366 3609 2608 3666 ﬁrmatos
2631 3620 2715 3666 ter
2743 3618 2936 3681 quater
2962 3626 3161 3666 arcus:

1839 3702 2097 3772 Mysticus
2122 3710 2181 3755 ut
2207 3710 2379 3756 totam
2410 3702 2653 3756 ﬁrmaret
2673 3702 2911 3757 calculus
2935 3701 3116 3755 aulam
3141 3719 3155 3754 :

1836 3795 2067 3851 Parvula
2101 3794 2361 3865 praecelso
2389 3810 2717 3851 consecrans
2750 3803 2891 3850 tecta
2915 3794 3167 3849 ministro

1840 3885 2121 3951 Michaelo,
2149 3884 2272 3943 caeli
2298 3882 2516 3939 Christo
2541 3884 2633 3953 qui
2656 3884 2872 3939 adsistit
2898 3884 2952 3938 in
2981 3898 3108 3938 arce
3132 3900 3148 3949 ;

1841 3977 2019 4047 Atque
2045 3991 2236 4046 preces
2269 3973 2425 4031 ofl‘ert
2446 3983 2759 4031 sanctorum
2786 3988 2913 4045 rege
2946 3973 3219 4043 polorum.

1845 4066 1943 4121 llic
1976 4079 2188 4134 quoque
2210 4072 2397 4121 nostra
2423 4064 2582 4130 ferat,
2608 4064 2927 4136 rogitamus,
2964 4072 3089 4119 vota
3124 4063 3379 4128 Tonanti,

1844 4152 2169 4224 Auxilioque
2192 4154 2282 4226 pio
2307 4163 2520 4210 nosmet
2544 4152 2801 4210 defendat
2825 4153 3045 4225 ubique.

1848 4245 2158 4302 Hlotharius
2183 4252 2367 4301 custos
2393 4243 2520 4301 fecit
2544 4244 2837 4301 mandante
2865 4244 3165 4316 magistro;

1771 4354 1820 4414 υ
1848 4338 2076 4409 Semper
2100 4337 2154 4393 in
2185 4346 2449 4393 aeternum
2482 4336 2731 4393 Christus
2755 4344 3040 4392 conservet
3067 4344 3346 4403 utrosque.

1848 4431 1949 4499 Qui
1976 4429 2105 4499 legit
2133 4430 2235 4486 hos
2259 4445 2450 4486 versus
2476 4430 2641 4495 dicat,
2671 4443 2823 4500 rogo,
2852 4435 3070 4498 pectore
3100 4440 3255 4495 puro,

1849 4521 2079 4577 Alcuino
2108 4528 2133 4557 °
2161 4521 2377 4577 veniam
2406 4521 2670 4577 scelerum
2704 4520 2793 4584 da,
2825 4518 3058 4581 Christe,
3090 4529 3398 4586 precamur.

1922 4670 1963 4697 ιη
2000 4655 2247 4712 Flumen.
2286 4657 2411 4713 Haec
2458 4653 2800 4709 Mabillonius
2838 4649 3033 4706 Annal.
3067 4649 3265 4705 Bened.
3306 4657 3438 4703 tom.

1850 4728 1915 4792 Il,
1945 4743 2065 4798 pag.
2097 4728 2222 4793 306,
2253 4743 2402 4798 num.
2433 4725 2521 4791 71,
2572 4725 2956 4798 interpretatur
2980 4722 3045 4776 de
3082 4719 3445 4798 exundatione

1855 4788 1994 4855 alvei
2006 4788 2233 4870 ‘Scarpi',
2261 4796 2451 4870 aruni_s_
2470 4788 2811 4870 monasterio
2828 4790 3124 4870 Elnonensi
3154 4788 3416 4870 proximi.

1926 4878 1953 4906 ιι
1982 4859 2245 4921 Amonus.
2285 4866 2363 4920 Ex
2393 4863 2684 4920 Elnonensi
2727 4863 2921 4917 abbate
2967 4859 3261 4931 Salisburg.
3306 4859 3447 4931 anti-

1856 4946 1989 5002 stes,
2019 4937 2111 5058 qui
2135 4937 2251 5019 ejus
2280 4936 2385 4990 loci
2410 4935 2800 5007 providentiam
2838 4932 3131 5004 quamdam
3153 4928 3442 4986 retinebat.

1858 5007 2030 5061 (Mabi
2055 5006 2092 5059 ι.
2125 5006 2162 5060 l.
2200 5009 2317 5061 ett.)
3089 5030 3123 5061 ι,
3156 5042 3174 5061 ί.

1943 5007 2092 5061 abill.
2125 5007 2162 5060 l.
2200 5007 2317 5065 cit.)
3089 5030 3123 5065 δ
3156 5042 3174 5063 ί.

1858 5008 2092 5081 (Mabill.
2125 5008 2162 5060 ι.
2200 5008 2317 5074 cit.)
3089 5030 3123 5065 ι,
3156 5042 3174 5063 ί.

1876 5087 1956 5149 πο
1990 5075 2233 5149 Alauiuo.
2280 5076 2553 5149 Laudatus
2596 5074 2940 5149 Mabillonius
2984 5073 3087 5149 hoc
3116 5071 3448 5149 epigramma

1857 5147 2069 5221 Alcuini
2088 5146 2489 5221 interpretatur
2518 5147 2584 5201 de
2617 5147 2852 5221 secunda
2878 5144 3175 5221 elevatione
3193 5144 3452 5221 _corp_qr_is

1859 5218 2031 5274 sancti
2055 5208 2326 5291 Amandi,
2373 5232 2711 5291 quam__anno
2746 5215 2850 5271 809
2878 5214 3099 5291 factum
3132 5208 3452 5291 fuissellililo

1859 5289 2158 5345 monachus
2182 5296 2237 5341 et
2260 5279 2492 5341 Annales
2514 5287 2847 5341 Elnonenses
2870 5284 3030 5339 ﬁdem
3058 5281 3280 5337 faciunt.
3313 5279 3452 5333 Iliuc

1860 5357 2221 5432 verosimilius
2245 5373 2363 5413 esse
2384 5358 2715 5432 cen_set,_l_ios
2736 5370 2925 5432 versus
2954 5369 3058 5432 non
3082 5368 3201 5432 esse
3213 5350 3450 5432 Alcuini2

1860 5431 1957 5486 sed
1987 5428 2207 5482 alterius
2240 5437 2412 5496 poetae
2436 5426 2554 5495 ejus
2580 5421 2855 5496 discipuli,
2890 5426 2982 5496 qui
3017 5421 3453 5496 animm_Alcuini

1860 5501 2001 5555 bene
2025 5490 2280 5567 precatu-5
2321 5499 2391 5551 sit
2430 5490 2612 5553 amore
2637 5490 2871 5567 Arnonis
2908 5490 3171 5566 episc0pi.
3220 5490 3336 5546 Non
3367 5505 3455 5545 as-

1862 5566 2068 5624 sentior
2091 5569 2209 5622 viro
2235 5568 2609 5631 celeberrimo,
2646 5568 2715 5622 ob
2736 5566 2955 5621 ultimos
2989 5574 3221 5631 quatuor
3241 5576 3451 5627 versus,

1866 5641 1919 5694 in
1945 5638 2140 5709 quibus
2174 5647 2329 5708 poeta
2356 5647 2412 5694 et
2451 5638 2656 5693 Arnoni
2686 5647 2740 5693 et
2774 5635 3053 5694 Hlothario
3097 5638 3239 5693 bona
3263 5646 3462 5705 preca:
