3866 6170
524 270 627 323 739

862 444 1045 500 Oratio
1073 440 1141 494 ad
1175 367 1413 494 εαξὲιξῆι
1442 434 1757 490 Amandum.

520 539 723 598 Praesul
754 537 994 593 Amande
1032 536 1164 599 Deo,
1200 531 1294 586 tali
1325 540 1381 585 ιιι
1411 528 1626 583 nomine
1661 526 1895 596 dignus;

520 634 813 696 Auxiliare,
840 631 1022 693 Pater,
1052 624 1375 690 famulorum
1401 627 1525 674 vota
1566 626 1796 678 tuorum,

523 727 590 780 Et
625 723 867 787 defende,
900 722 1004 790 piis
1029 718 1297 789 precibus,
1332 711 1666 780 famulosque
1694 707 2040 776 domumque.

720 889 801 939 Ad
828 899 974 938 aram
1003 887 1169 935 sancti
1197 804 1447 946 Sitiﬁm
1470 871 1888 942 protomartyris.

523 980 650 1035 limo
679 975 937 1045 Stephani
968 971 1135 1040 fulget
1162 967 1372 1021 meritis
1402 961 1814 1035 protomartyris
1838 973 1950 1022 ara,

595 1068 694 1134 Qui
731 1064 934 1134 lapides
960 1061 1100 1114 inter
1125 1058 1260 1112 vidit
1284 1056 1336 1110 in
1377 1069 1501 1109 arce
1527 1053 1716 1107 Deum.

525 1161 624 1228 Qui
649 1159 859 1212 veniam
893 1154 1134 1224 rogitans
1160 1149 1410 1213 inimicis,
1445 1155 1617 1202 morte
1646 1147 1746 1201 sub
1773 1145 1906 1214 ipsa,

594 1251 699 1304 Pro
725 1248 936 1302 famulis
963 1245 1176 1299 veniam
1199 1257 1446 1313 poscere,
1479 1249 1624 1296 certe
1649 1238 1808 1293 valet.

522 1341 757 1411 Inclytus
784 1348 838 1393 et
859 1337 1056 1391 Christi
1088 1333 1382 1403 praeclarus
1407 1339 1619 1384 amatus
1643 1327 1938 1392 Amandus,

599 1432 665 1486 Et
689 1431 852 1485 decus
884 1436 938 1483 et
960 1435 1165 1496 pastor,
1193 1422 1364 1478 dulcis
1398 1433 1659 1489 amorque
1695 1417 1825 1472 suis.

1218 1512 1433 1569 XXXII.

1022 1587 1101 1640 Ad
1126 1594 1330 1656 portam
1362 1581 1611 1636 ecclesicc.

529 1682 653 1737 Haec
683 1688 835 1750 porta
865 1686 946 1733 est
965 1677 1110 1740 coeli,
1142 1684 1356 1730 aeterna:
1385 1673 1500 1726 hmo
1525 1668 1788 1738 cstjanua
1820 1666 1965 1732 vitae,

596 1773 701 1826 Ista
723 1771 985 1825 viatorem
1021 1767 1172 1823 ducit
1199 1766 1266 1820 ad
1290 1773 1438 1820 astra
1463 1777 1641 1818 suum.

524 1862 835 1932 Ingrediens
861 1859 1044 1919 istam,
1078 1865 1294 1928 portam
1315 1853 1622 1924 penetravit
1646 1863 1669 1891 α
1699 1848 1942 1921 Olympi;

599 1955 689 2010 Sic
726 1952 830 2024 [Si]
859 1951 1148 2006 comitetur
1179 1963 1301 2003 eum
1324 1988 1338 2012 ,
1367 1960 1596 2016 spesque
1628 1943 1866 2012 fidesque
1893 1937 2074 1994 simul.

525 2047 618 2102 Hae
642 2046 843 2115 petitur
874 2041 1045 2095 veniae
1069 2041 1096 2079 δ
1123 2056 1140 2105 ;
1171 2039 1364 2093 devoto
1394 2037 1534 2089 hanc
1561 2032 1746 2097 corde,
1769 2031 1944 2084 viator

598 2136 806 2204 Stepius
833 2147 866 2187 ο
889 2133 903 2185 l
937 2130 1164 2201 pedibus
1188 2135 1429 2182 transeat
1465 2125 1580 2194 ipse
1605 2124 1738 2179 suis.

526 2226 688 2298 209
717 2224 816 2278 llic
843 2235 1055 2293 quoque
1083 2228 1336 2290 peccator
1361 2217 1655 2272 sceleratos
1676 2213 1859 2271 abluat
1887 2221 2062 2277 actus,

596 2319 661 2373 Et
688 2315 942 2386 lacrymis
977 2313 1118 2368 lavet
1145 2312 1331 2366 limina
1371 2325 1527 2366 sacra
1552 2308 1684 2364 suis.

521 2410 792 2480 Purgatus
817 2404 1094 2476 lacrymis,
1120 2403 1310 2457 humili
1339 2402 1556 2464 decore,
1585 2398 1845 2468 profusis,

594 2501 675 2555 Ad
703 2503 819 2556 loca
848 2504 1035 2552 sancta
1065 2494 1160 2548 Dei
1189 2493 1402 2562 dignior
1426 2501 1485 2544 ut
1510 2489 1708 2552 veniat,

527 2591 700 2645 Credo
729 2589 852 2658 pius
874 2585 1032 2640 Jesus
1058 2583 1242 2650 culpas
1274 2580 1502 2649 ignoscit
1528 2590 1583 2633 et
1612 2579 1711 2642 illi,

597 2679 656 2733 Si
683 2676 865 2732 veniat
894 2673 1086 2737 tristis,
1118 2671 1291 2725 laetior
1320 2678 1381 2723 ut
1411 2669 1616 2724 redeat.
1673 2672 1679 2678 '

1204 2783 1438 2838 XXXIII.

913 2879 996 2933 Ad
1021 2893 1171 2932 aram
1196 2877 1366 2931 sancti
1396 2875 1685 2930 Laurentii.

527 2973 680 3031 Hanc
707 2969 870 3025 levita
899 2969 995 3023 Dei
1025 2975 1193 3022 totam
1219 2966 1549 3021 Laurentius
1575 2966 1752 3020 aulam

596 3060 909 3122 Conservet,
940 3055 1197 3126 quoniam
1225 3055 1340 3110 hate
1370 3069 1462 3108 ara
1485 3054 1663 3109 dicata
1693 3053 1794 3108 sibi
1823 3060 1928 3108 est.

524 3151 624 3206 Vir
651 3151 868 3213 virtute,
904 3147 1027 3211 ﬁde,
1051 3145 1388 3199 flammarum
1418 3145 1666 3199 incendia
1682 3144 1812 3198 vicit

600 3243 790 3300 Omnia
820 3247 1090 3295 tormenta
1117 3245 1170 3292 et
1195 3238 1325 3292 vicit
1350 3251 1533 3292 amore
1556 3235 1672 3290 Dei.

529 3333 866 3401 Pauperibus
895 3331 1160 3393 tribuens,
1190 3329 1243 3382 in
1273 3328 1474 3382 mundo
1505 3325 1768 3395 quidquid
1795 3323 2050 3388 habebat,

602 3423 660 3478 In
689 3422 827 3476 ccelo
854 3428 914 3474 ut
933 3419 1134 3474 Christi
1164 3419 1380 3473 divitias
1407 3425 1642 3486 caperet.

1198 3529 1438 3583 XXXIV.

887 3602 964 3657 Ad
993 3601 1260 3657 ecclesiam
1285 3599 1451 3652 sancti
1474 3597 1690 3652 Martini
1717 3609 1764 3652 ε.

532 3697 797 3755 Martinus
819 3695 1026 3750 meritis
1055 3691 1264 3746 Domini
1293 3689 1594 3760 condignus
1616 3704 1820 3754 amore,

603 3787 705 3854 Qui
735 3785 837 3841 sibi
865 3791 1133 3839 sacratam
1158 3782 1301 3836 hanc
1327 3780 1466 3850 regit
1487 3778 1772 3835 ecclesiam
1799 3796 1814 3832 :

530 3879 792 3951 Egregius
819 3874 1016 3946 praesul
1047 3881 1159 3929 toto
1182 3871 1475 3943 praeclarus
1502 3871 1556 3925 in
1579 3869 1732 3935 orbe,

599 3971 815 4026 Turona
838 3982 1072 4037 pausans
1095 3973 1280 4036 pastor
1310 3965 1363 4018 in
1388 3963 1520 4018 urbe
1545 3962 1695 4034 [Ed.,
1720 3959 1874 4036 orbe]
1896 3961 2038 4033 pius.

531 4061 659 4117 Haec
679 4059 872 4116 domus
901 4057 1041 4112 alma
1066 4057 1175 4111 Deo
1194 4056 1368 4126 prima
1394 4064 1476 4110 est
1489 4054 1711 4110 fundata
1725 4056 1975 4120 Tonanti,

599 4151 740 4206 Ante
764 4149 869 4203 alia
896 4154 951 4204 et
980 4147 1122 4202 sacri
1152 4154 1302 4216 septa
1331 4145 1668 4201 monasterii.

529 4241 714 4297 Crevit
737 4242 911 4294 honor
935 4239 1153 4303 horum,
1179 4237 1408 4292 Domino
1428 4237 1682 4304 donante,
1703 4237 1968 4306 locorum,

600 4329 670 4383 Et
689 4326 860 4395 major
883 4325 1110 4380 Domino
1135 4333 1221 4378 est
1248 4325 1511 4380 :edificata
1542 4327 1754 4382 domus.

529 4419 666 4473 Dum
704 4424 922 4472 sanctus
949 4412 1142 4484 przesul
1171 4414 1260 4467 hic
1288 4413 1611 4469 inhabitavit
1635 4415 1930 4483 Amandus,

599 4507 782 4564 Crevit
806 4507 977 4562 honor
1003 4505 1201 4570 Patris,
1224 4503 1397 4557 crevit
1429 4511 1482 4556 et
1513 4504 1615 4557 iste
1644 4504 1813 4559 locus.

1217 4611 1434 4666 XXXV.

761 4707 842 4761 Ad
874 4707 1164 4761 oratorium
1188 4705 1356 4758 sancti
1386 4703 1609 4758 Andrea:
1633 4705 1876 4775 apostoli.

531 4797 747 4854 Primus
776 4797 1101 4866 apostolicos
1152 4795 1427 4851 Christum
1456 4795 1545 4864 qui
1572 4805 1865 4865 agnoverat
1885 4798 2026 4854 inter

599 4891 863 4957 Andreas,
898 4890 1122 4945 fratrem
1145 4896 1404 4944 convocat
1433 4897 1594 4958 atque
1625 4904 1802 4944 suum.

531 5056 658 5114 tur;
697 5047 798 5103 sibi
823 5061 953 5101 vero
993 5053 1054 5100 ut
1084 5045 1297 5100 veniam
1333 5045 1608 5116 aChristo
1651 5056 1904 5116 precetur
1921 5048 2109 5116 lector,

529 5125 768 5188 exoptat.
813 5117 928 5191 Quo
957 5118 1115 5191 modo
1141 5115 1417 5191 scribendi
1460 5117 1552 5169 vix
1589 5115 1748 5191 alius,
1772 5136 1960 5191 quam
1998 5115 2113 5191 ipse

531 5185 719 5244 auctor
742 5204 871 5244 usus
899 5186 1103 5243 fuisset.
1141 5185 1251 5241 Nec
1272 5201 1496 5240 securus
1516 5194 1599 5240 est
1618 5185 1853 5244 calculus
1877 5185 2108 5255 Milonis,

529 5259 646 5330 qui,
681 5259 794 5330 ipso
817 5257 1122 5330 Mabillonio
1147 5258 1199 5311 in
1225 5256 1368 5312 notis
1387 5256 1443 5310 in
1475 5257 1657 5311 Vitam
1681 5260 1854 5314 sancti
1880 5259 2111 5317 Amandi

530 5328 775 5396 censore,
809 5328 1002 5399 smpius
1025 5331 1257 5384 aberrat.

604 5412 629 5470 ξ
664 5400 844 5470 Forte,
870 5399 1176 5470 penetrabit.

603 5469 632 5508 ι’
661 5469 839 5541 Locus
865 5469 1170 5541 Corruptus.
1197 5469 1360 5541 Forte
1387 5470 1518 5541 leg.,
1553 5469 1652 5524 Hic
1676 5471 1870 5540 petitur
1903 5472 2070 5526 venia.

607 5539 828 5620 °"I10c__
843 5539 1083 5620 carmen.
1112 5541 1242 5620 clar.
1276 5539 1580 5620 Cathelinot
1629 5539 2110 5620 interpretaturnde

531 5607 761 5686 basilica
786 5609 1107 5686 Turonensi,
1140 5611 1229 5664 ubi
1254 5619 1473 5686 sanctus
1493 5607 1790 5686 Amandus,
1818 5620 1878 5665 ut
1905 5613 1958 5666 in
1979 5611 2108 5686 _Vita

534 5677 702 5740 ipsius
748 5677 962 5746 legitur,
1007 5694 1217 5734 comam
1248 5680 1442 5750 capitis
1466 5681 1665 5750 posuit,
1695 5681 1920 5752 adeptus
1947 5681 2104 5737 cleri-

1341 257 1402 312 D.
1440 257 1502 312 F.
1545 252 1769 310 ALBINI
1811 251 1942 306 SEU
1985 242 2257 303 ALCL'INI
2297 238 2582 296 OPERUM
2620 234 2797 291 PARS
2837 233 2926 287 V'l.

2127 357 2179 416 Α
2207 352 2283 406 Ita
2308 349 2420 404 suis
2443 347 2649 402 meritis
2672 344 2785 414 jam
2815 349 2957 396 tecta
2999 344 3210 393 sacrata
3233 343 3434 400 tuetur,

3697 225 3803 277 7&0

2276 442 2346 501 Ut
2371 437 2561 512 procul
2585 434 2808 504 effugiat
2833 429 3007 486 hostis
3035 429 3102 483 ab
3125 427 3240 482 aede
3265 441 3384 482 sua.

2836 538 3076 595 XXXVI.

2465 638 2544 693 Ad
2570 636 2858 690 oratorium
2887 631 3052 686 sancti
3081 626 3228 681 Petri
3258 626 3500 694 apostoli.

2204 734 2396 788 Petrus
2425 727 2749 799 apostolicus
2772 725 3046 794 princeps,
3075 729 3368 790 pastorque
3400 719 3597 783 fidelis,

2276 823 2394 878 Jam
2423 821 2602 893 gregis
2625 817 2867 882 aetherei,
2892 814 3006 884 jam
3040 813 3204 868 decus
3233 811 3508 866 Ecclesire.

2208 915 2309 983 Qui
2331 922 2479 968 tenet
2504 911 2694 967 :eterni
2719 909 2898 964 claves
2923 920 3020 976 per
3047 903 3241 958 saecula
3265 903 3442 974 regni,

2281 1007 2501 1065 SOIvere
2533 1003 2619 1059 vel
2647 1003 2762 1058 sola
2789 1015 2918 1055 voce
2940 999 3111 1070 ligare
3134 1004 3346 1066 potens.

2209 1099 2374 1168 Cujus
2404 1099 2608 1153 honore
2636 1110 2794 1151 sacro
2823 1107 3068 1164 praesens
3096 1091 3212 1145 base
3239 1089 3364 1143 aula
3392 1087 3570 1144 dicata
3596 1097 3705 1155 est,

2279 1191 2556 1260 Protegat,
2582 1197 2741 1256 atque
2765 1193 2917 1254 regat
2945 1193 3134 1254 pastor
3154 1180 3293 1235 ovile
3319 1195 3499 1234 suum.

2211 1278 2576 1352 Digneturque
2603 1279 2714 1333 suis
2741 1283 2928 1346 portas
2955 1273 3188 1342 aperire,
3217 1285 3520 1340 precamur,

2283 1371 2572 1427 E‘thereas
2597 1367 2810 1431 ovibus,
2839 1377 3062 1420 munere
3083 1369 3362 1432 perpetuo.

2859 1472 3118 1529 XXXV-II.

2490 1570 2572 1624 Ad
2586 1585 2735 1622 aram
2762 1565 2932 1621 sancti
2960 1562 3232 1618 Michaelis
3255 1560 3577 1632 archangeli.

2216 1659 2441 1716 Michael
2475 1660 2743 1714 :ethereus
2767 1657 3040 1726 princeps,
3067 1653 3385 1723 primusque
3411 1651 3690 1722 magister,
3709 1665 3721 1676 '

2286 1751 2500 1807 Etcrni
2527 1750 2699 1820 regni,
2724 1763 2966 1804 summus
2991 1747 3045 1801 in
3076 1761 3199 1800 arce
3223 1743 3349 1815 poli,

2215 1842 2509 1899 Conservet
2529 1841 2685 1896 donis
2712 1841 2872 1895 istam
2894 1836 3170 1893 vivacibus
3199 1851 3371 1901 aram,

2285 1932 2414 2000 Quae
2441 1941 2650 1988 sacrata
2679 1930 2843 1986 micat
2863 1929 3077 1984 nomine
3105 1943 3335 1997 namque
3364 1942 3484 1984 suo.

2213 2025 2355 2083 Ante
2385 2023 2677 2093 oculosque
2706 2021 2802 2077 Dei
2837 2020 3035 2076 summi
3058 2020 3111 2073 in
3138 2027 3344 2075 secreta
3372 2019 3623 2088 polorum

2287 2115 2474 2173 Ollicio
2501 2123 2686 2171 nostro
2712 2113 2739 2154 ἀ
2771 2113 2984 2179 offerat,
3018 2122 3178 2182 atque
3204 2126 3412 2182 preces.

2859 2227 3140 2283 XXXVIII.

2405 2322 2486 2378 Ad
2505 2337 2654 2376 aram
2683 2329 2985 2374 sanctorum
3015 2317 3214 2371 Hilarii
3245 2326 3294 2370 et
3337 2315 3579 2370 Victoris.

2215 2415 2328 2471 Hoc
2359 2413 2528 2468 altare
2546 2420 2699 2482 pater
2723 2409 2918 2480 praesul
2955 2407 3191 2462 Ililarius
3218 2415 3400 2474 ornat,

2285 2504 2454 2560 Notus
2482 2505 2536 2558 in
2561 2503 2691 2557 orbe
2717 2500 2905 2570 procul
2932 2499 3122 2554 doctor
3150 2497 3346 2568 ubique
3366 2499 3509 2568 pius,

2214 2599 2328 2654 Hac
2352 2597 2561 2667 magnis
2589 2595 2773 2649 Victor
2800 2593 3012 2648 meritis
3033 2600 3366 2647 memoratur
3388 2593 3438 2646 in
3469 2607 3586 2657 ara,

2284 2690 2483 2762 Inclyta
2508 2688 2803 2761 przeclarus
2823 2687 2978 2742 miles
3010 2687 3064 2740 in
3099 2701 3252 2741 arma
3275 2694 3488 2755 potens.

2873 2801 3112 2856 XXXIX.

2285 2877 2365 2930 Ad
2387 2875 2617 2930 tumbam
2639 2875 2807 2928 sancti
2833 2873 3059 2927 Amandi
3077 2873 3143 2926 ab
3171 2872 3381 2927 Arnone
3407 2880 3726 2941 reuocatam,

2218 2967 2458 3022 Antistes
2485 2965 2702 3021 humilis
2730 2964 2964 3030 Domini,
2993 2972 3048 3018 et
3076 2964 3302 3019 devotus
3329 2964 3532 3018 honore

2137 3051 2184 3113 C
2215 3056 2466 3113 Arnonus
2497 3069 2541 3122 ο,
2574 3055 2747 3111 sancti
2775 3053 3012 3109 tumbam
3042 3053 3586 3118 renovavitAmandi,

2217 3148 2334 3204 Non
2361 3163 2588 3218 parcens
2614 3147 2806 3214 opibus
2830 3162 2844 3211 ;
2872 3146 3086 3201 miseris
3114 3161 3241 3200 nam
3270 3145 3530 3216 quidquid
3565 3145 3788 3201 habebat

2219 3239 2526 3309 Sparserat,
2548 3247 2602 3292 et
2627 3237 2828 3292 Christi
2851 3237 3080 3307 compsit
3099 3252 3253 3292 sacra
3278 3237 3476 3308 templa
3502 3238 3782 3293 sacerdos:

2216 3329 2324 3386 Pro
2349 3344 2476 3400 quo,
2501 3327 2728 3398 quisque
2760 3327 2909 3396 legas
2935 3342 3150 3393 versus,
3178 3341 3336 3382 orare
3362 3336 3652 3384 memento.

2981 3440 3092 3496 XL.

2369 3535 2476 3589 ‘De
2498 3543 2676 3590 sancto
2706 3535 2945 3588 Amando
2975 3535 3207 3604 episcopo
3249 3532 3599 3602 Trajectensi.

2219 3625 2318 3680 Hic
2345 3633 2496 3696 pater
2518 3634 2573 3680 et
2598 3634 2785 3695 pastor
2807 3640 3056 3695 magnus,
3088 3623 3395 3694 Christique
3422 3623 3677 3679 sacerdos

2221 3717 2453 3772 Sanctus
2473 3716 2751 3772 Amandus
2764 3716 2895 3781 obit,
2911 3714 3188 3769 Christum
3213 3714 3304 3783 qui
3319 3728 3533 3782 semper
3558 3711 3775 3767 amavit:

2217 3805 2459 3862 Plurima
2487 3807 2577 3878 qui
2630 3807 2853 3862 veniens
2884 3803 3000 3877 [F.,
3032 3804 3245 3876 vivens]
3281 3804 3495 3858 meritis
3529 3800 3769 3857 miracula

3515 3892 3716 3966 [εωίις

2217 3986 2383 4056 Cujus
2410 3989 2517 4043 vita
2547 3987 2650 4042 fuit
2672 3987 2942 4052 doctrina,
2967 3988 3223 4058 salusque
3257 4002 3478 4043 suorum

2219 4075 2320 4157 Qui
2351 4078 2464 4147 jam
2496 4077 2708 4132 divitias
2731 4077 2875 4132 saecli
2907 4079 3232 4147 contempsit
3257 4078 3478 4143 habere,

2218 4165 2476 4221 Eternas
2501 4164 2702 4220 Christi
2737 4173 2797 4219 ut
2826 4167 2948 4220 caeli
2972 4167 3212 4222 lucraret
3237 4167 3290 4220 in
3315 4167 3457 4220 aula.

2219 4256 2739 4327 Multiplicavitopes
2767 4257 3072 4311 animarum
3103 4258 3292 4312 doctor
3312 4257 3528 4326 ubique,

2218 4348 2492 4418 Exemplis
2522 4348 2778 4415 formans,
2809 4357 2864 4402 ct
2897 4348 2916 4386 ΐ
2946 4349 3166 4403 doctore
3193 4349 3465 4418 magister.

2138 4403 2192 4466 Β
2216 4439 2314 4494 Hic
2341 4403 2494 4508 pater
2519 4403 2778 4510 egregius,
2798 4439 3014 4493 Christo
3046 4439 3150 4493 hoc
3172 4403 3414 4492 fundavit
3442 4437 3593 4513 ovile.

2213 4531 2280 4585 Et
2304 4540 2424 4602 post
2449 4533 2695 4601 perpetui
2724 4547 2842 4600 quae
2872 4531 3071 4600 sparsit
3106 4532 3312 4585 semina
3335 4531 3490 4601 regni

2211 4623 2268 4678 In
2292 4623 2535 4693 populos,
2560 4632 2804 4679 nostrum
2841 4623 2995 4692 longe
3019 4623 3231 4691 lateque
3254 4638 3350 4692 per
3375 4623 3582 4676 orbem.

2211 4712 2340 4767 Post
2365 4713 2572 4768 fructus
2597 4715 2767 4779 verbi,
2796 4729 2937 4768 saeva
2964 4721 3019 4766 et
3043 4721 3164 4782 post
3190 4712 3375 4783 praelia
3405 4713 3590 4768 mundi

2212 4803 2665 4875 Contemplativos
2688 4805 2890 4875 placuit
2912 4805 3000 4859 hic
3025 4819 3245 4873 carpere
3274 4803 3502 4859 fructus.

2211 4893 2386 4965 Atque
2412 4894 2522 4949 Deo
2557 4895 2657 4950 soli
2683 4903 2892 4949 tantum
2916 4894 3120 4950 servire
3153 4894 3389 4964 quietus,

2141 1709 2192 1770 B

2212 5063 2367 5109 catus
2411 5054 2690 5109 honorem.
2725 5053 2854 5108 Mihi
2896 5052 3258 5109 verosimilius
3305 5052 3539 5114 videtur,
3594 5045 3764 5104 intellii

2213 5125 2444 5195 gendum
2471 5140 2593 5178 esse
2619 5125 2700 5195 fde
2741 5125 2916 5194 prima
2967 5125 3194 5179 ecclesia
3241 5122 3448 5176 Elnone
3498 5119 3760 5195 honoribus

2212 5186 2383 5249 sancti
2415 5194 2628 5248 Martini
2660 5186 3010 5259 constructa;
3045 5203 3232 5264 postea
3272 5209 3302 5246 a
3333 5200 3521 5264 sancto
3550 5186 3762 5264 Amantio

2212 5265 2534 5336 amplificata
2567 5280 2752 5336 :nunc
2786 5255 3090 5336 parcecialis
3120 5262 3503 5336 oppidisancti
3541 5255 3760 5336 Amandi.

2211 5329 2321 5388 sub
2339 5335 2645 5390 Patrocinio
2675 5329 2846 5389 sancti
2872 5335 3107 5400 Martini,
3142 5329 3451 5389 Mabillonio
3485 5340 3631 5395 teste,
3658 5329 3760 5382 Act-

2212 5403 2312 5460 SS.
2338 5422 2461 5460 szec.
2494 5422 2568 5470 Iv,
2593 5413 2730 5475 part.
2763 5422 2802 5470 ι,
2831 5421 2954 5475 pag.
2992 5406 3078 5460 65.

2281 5475 2308 5515 ά
2349 5475 2388 5546 ξ
2393 5485 2530 5538 orte,
2558 5477 2737 5546 ofﬁcia
2766 5487 2965 5530 nostra.

2287 5557 2311 5586 ο
2348 5545 2481 5600 Vide
2505 5546 2753 5603 superius
2776 5561 2923 5600 num.
2955 5546 3024 5601 28
3047 5554 3101 5603 et
3125 5545 3213 5602 29.

2288 5616 2308 5657 ί
2345 5616 2526 5674 Forte.
2556 5616 2762 5673 Christo
2791 5617 3019 5673 doctore.
