3866 6170
437 245 541 301 745
1276 230 1336 283 Β.
1377 227 1439 281 F.
1480 223 1704 280 ALBINI
1745 221 1875 278 SEU
1910 216 2190 276 ALCUINI
2229 213 2507 273 OPERUM
2544 210 2722 267 PARS
2761 209 2847 264 VI.
3587 198 3692 254 τω

435 361 569 417 Lilia
601 373 725 416 cum
756 355 897 411 rosis
923 348 1199 420 fulgentia
1231 343 1435 400 vertice
1470 334 1722 409 quai-um,

507 451 576 506 Et
600 450 807 518 lampas
836 442 1020 524 rutilat
1041 440 1161 495 luce
1187 446 1421 507 perenne
1450 428 1628 486 simul.

1176 528 1284 582 LII.

439 632 522 686 Ad
547 646 692 685 aram
720 635 914 684 sancta:
935 622 1117 680 Crucis
1150 630 1197 675 et
1224 627 1525 674 sanctorum
1561 613 1794 685 Crispini
1824 620 1872 667 et
1898 609 1998 665 Cri

1074 707 1303 763 spimant

442 793 569 849 Ilaec
594 797 676 846 est
704 804 797 844 ara
826 786 1016 844 Crucis
1043 790 1240 839 sancta:
1267 787 1485 835 sacrata
1517 773 1828 845 triumphis,

511 886 569 940 In
589 899 693 955 qua
716 883 829 953 jam
858 876 1043 933 mundi
1070 875 1177 929 vita
1209 872 1356 928 salus
1401 869 1628 941 patitur.

446 975 695 1048 Martyris
730 970 927 1043 egregii
952 965 1182 1035 Crispini
1206 972 1261 1019 et
1285 959 1631 1032 Crispiniani,

512 1065 828 1122 Nominibus
859 1072 1086 1131 quorum
1113 1055 1278 1127 fulget
1305 1062 1360 1109 et
1384 1052 1476 1108 illa
1498 1049 1690 1107 sacris.

1162 1168 1293 1223 LIII.

549 1266 629 1321 Ad
654 1282 803 1320 aram
838 1264 1001 1318 beata:
1040 1260 1270 1331 Virginis
1300 1267 1350 1314 et
1374 1257 1544 1313 sancti
1577 1252 1878 1311 Clementis.

446 1363 561 1418 Hoc
591 1361 761 1416 altare
794 1360 889 1414 Dei
924 1356 1154 1428 genitrix
1178 1354 1267 1425 pia
1290 1353 1443 1424 virgo
1471 1350 1640 1405 Maria

513 1452 775 1522 Aspiciat,
807 1449 964 1504 solita
989 1462 1112 1502 cum
1140 1445 1344 1516 pietate
1371 1450 1565 1512 potens

447 1542 777 1599 Pontificalis
804 1554 963 1609 apex,
982 1536 1127 1592 Petri
1152 1548 1437 1589 successor
1461 1539 1517 1587 et
1540 1528 1691 1596 almi,

518 1634 800 1689 Praeclaris
819 1631 1068 1686 Clemens
1096 1633 1292 1699 augeat
1325 1632 1381 1681 et
1406 1623 1637 1680 meritis.

1169 1739 1302 1796 LIV.

659 1834 741 1888 Ad
767 1851 916 1889 aram
947 1842 1247 1889 sanctorum
1267 1830 1492 1887 Joannis
1516 1837 1565 1884 et
1592 1826 1854 1884 Matthwi.

452 1925 565 1981 Hoc
593 1925 811 1980 sinistra
839 1924 935 1980 Dei
962 1932 1140 1979 teneat
1165 1924 1337 1979 altare
1368 1921 1631 1986 Joannes,

524 2018 791 2073 Mattheus
812 2032 846 2072 ο
864 2017 1075 2072 meritis
1098 2024 1256 2072 ornet
1277 2024 1331 2071 et
1352 2016 1470 2085 ipse
1505 2014 1623 2068 suis
1645 2013 1659 2066 ι

453 2112 518 2167 Ili
545 2111 811 2180 scripsere
835 2109 1052 2180 quidem
1075 2109 1275 2164 Christi
1303 2122 1455 2163 sacra
1486 2113 1639 2178 gesta
1670 2101 1957 2169 Tonantis,

525 2203 860 2274 Quapropter
885 2200 1089 2272 pariter
1112 2201 1229 2256 haec
1258 2205 1407 2255 tenet
1431 2213 1527 2252 ara
1548 2197 1705 2252 duos.

1208 2310 1317 2367 LV.

659 2405 728 2459 4d
753 2421 904 2459 aram
933 2412 1232 2460 sanctorum
1258 2400 1495 2455 Platonii
1516 2411 1564 2455 et
1589 2398 1818 2471 Georgii.

455 2498 731 2553 Platonius
756 2504 978 2567 martyr,
1006 2495 1286 2564 victorque
1313 2492 1577 2564 Georgius
1601 2507 1752 2546 aram

529 2590 855 2644 Prtesentem
881 2593 1123 2648 teneant,
1148 2584 1307 2637 ambo
1328 2582 1434 2651 piis
1467 2582 1701 2637 meritis.

461 2681 561 2748 Qui
584 2695 683 2750 pro
702 2691 834 2747 pace
862 2677 959 2731 Dei
987 2675 1236 2730 vicerunt
1261 2673 1445 2744 prmlia
1466 2672 1679 2737 mundi,

531 2769 599 2823 Et
626 2779 876 2821 meruere
900 2778 1139 2829 sacrum,
1177 2776 1299 2820 rore
1323 2763 1570 2828 rubente,
1591 2760 1793 2831 polum.

1178 2876 1309 2932 LVI.

569 2972 649 3027 At!
671 2987 820 3026 aram
840 2977 1136 3025 sanctorum
1161 2967 1405 3034 Joannis,
1438 2963 1618 3033 Pauli,
1639 2963 1931 3021 Laurentii.

466 3063 722 3129 Joannes,
752 3062 950 3117 Paulus
982 3047 1203 3131 pariter,
1226 3057 1555 3114 Laurentius
1586 3065 1746 3127 atque

534 3155 867 3211 Conservent
890 3169 1037 3208 aram
1058 3152 1215 3217 hanc,
1251 3152 1545 3207 miserante
1570 3149 1700 3204 Deo.

465 3248 564 3302 IIic
591 3247 753 3301 levita
786 3244 905 3309 fuit,
946 3244 1022 3298 illi
1062 3244 1156 3299 sed
1180 3242 1443 3313 sanguine
1465 3241 1600 3306 fuso,

537 3335 794 3405 Martyrio
824 3334 923 3388 toti
949 3331 1067 3405 [Ρη
1091 3331 1241 3403 forti]
1269 3346 1433 3401 regna
1461 3328 1619 3383 beata
1647 3335 1848 3384 tenent.

1144 3439 1299 3495 LVII.

754 3532 835 3587 Ad
858 3530 1101 3602 teMplum
1129 3532 1299 3585 sancti
1332 3529 1474 3585 Petri
1501 3529 1743 3601 apostoli.

471 3626 717 3695 Claviger
747 3623 1035 3687 aethereus,
1061 3631 1244 3676 servat
1267 3621 1358 3690 qui
1389 3620 1629 3691 regmina
1656 3619 1799 3687 cteli,

541 3717 758 3773 Solvere
786 3728 1010 3786 quaeque
1028 3713 1220 3785 placet,
1253 3721 1415 3784 atque
1432 3713 1600 3793 ligare
1621 3721 1831 3783 potens.

468 3809 715 3864 Piscator
735 3804 1026 3876 quondam,
1063 3804 1186 3860 coeli
1207 3820 1350 3860 nunc
1370 3805 1577 3875 ianitor
1597 3804 1793 3874 almus,

541 3896 795 3953 Ecclesia:
814 3895 1081 3966 princeps,
1111 3901 1301 3964 pastor
1327 3901 1381 3948 et
1407 3894 1522 3966 ipse
1549 3895 1742 3951 bonus.

471 3988 569 4046 Cui
599 3986 949 4056 Christusque
978 4000 1134 4040 suum
1159 3985 1480 4041 servandum
1508 3985 1674 4042 tradit
1696 3985 1836 4042 ovile

542 4082 676 4136 Dum
703 4079 843 4135 redit
866 4078 932 4133 ad
958 4077 1135 4132 Patris
1166 4093 1333 4147 regna
1360 4078 1517 4132 beata
1543 4078 1645 4133 sui.

473 4173 630 4244 211
660 4170 704 4227 Ο
731 4171 957 4229 nimium
987 4168 1132 4232 felix,
1158 4177 1304 4224 totus
1329 4185 1488 4239 quem
1516 4170 1687 4241 diligit
1724 4171 1905 4228 orbis!

545 4264 681 4319 Huic
709 4263 956 4319 Christus
991 4277 1186 4315 nomen
1213 4261 1407 4317 Petrus
1435 4263 1634 4318 habere
1666 4265 1831 4319 dedit.

474 4358 590 4415 Hoc
613 4357 815 4428 pietate
839 4369 936 4409 sua
965 4353 1242 4422 templum,
1267 4368 1479 4424 precor,
1515 4356 1753 4424 undique
1775 4356 1976 4429 cingat,

547 4449 899 4515 Adventuque
930 4459 1029 4500 suo
1050 4450 1316 4514 protegat,
1346 4452 1509 4513 atque
1540 4454 1713 4515 regat.

477 4536 858 4604 Auxiliumque
882 4532 994 4589 suis
1020 4530 1238 4587 famulis
1262 4539 1541 4602 protector
1567 4532 1623 4586 in
1655 4533 1769 4590 illo.

552 4626 816 4692 Perierat,
841 4633 895 4680 et
918 4623 1164 4695 precibus
1188 4622 1329 4677 adsit
1353 4622 1553 4692 ubique
1575 4623 1706 4677 suis.

480 4721 726 4777 Dirutum
753 4716 983 4771 ﬂammis
1018 4720 1374 4771 renovaverat
1397 4713 1500 4768 hoc
1520 4728 1732 4783 quoque
1756 4713 1909 4771 Rado
1931 4727 1979 4781 ο,

552 4810 649 4868 Cui
674 4824 804 4880 rogo
838 4807 1141 4864 mercedem
1171 4804 1367 4860 reddat
1393 4813 1449 4860 et
1473 4804 1588 4875 ipse
1606 4804 1819 4862 Petrus.

1183 4917 1359 4973 LVIII.

811 5010 893 5064 Ad
915 5025 1062 5063 aram
1094 5008 1327 5078 ejusdem
1352 5011 1519 5064 sancti
1549 5006 1716 5065 Pem.

485 5107 636 5162 Hanc
664 5116 876 5173 quoque
899 5106 1144 5156 servator
1169 5099 1353 5169 templi
1380 5101 1645 5157 tutabitur
1675 5118 1826 5159 aram

554 5194 807 5252 Ecclesiae
835 5191 1109 5263 princeps,
1138 5196 1284 5246 totus
1308 5198 1364 5244 et
1394 5191 1509 5261 ipse
1533 5193 1648 5248 Dei.

484 5286 713 5357 Adjuvet
742 5290 902 5354 atque
931 5282 1041 5336 Deo
1062 5280 1277 5336 Christo
1303 5280 1392 5335 hic
1427 5289 1549 5336 vota
1587 5281 1841 5352 ferentes,

554 5375 827 5431 Lzetemur
858 5386 1072 5441 semper
1103 5370 1244 5425 illius
1270 5377 1331 5425 ut
1368 5372 1598 5429 meritis.

560 5500 586 5528 ει
622 5485 758 5541 Vide
780 5486 1025 5551 superius
1048 5500 1285 5551 carmen,
1310 5484 1399 5539 41.

557 5557 586 5597 b
614 5557 796 5618 Forte,
827 5556 1070 5609 Joannis.

560 5636 583 5661 ι
616 5624 712 5676 IJic
744 5625 877 5675 forte
900 5624 1271 5693 supplendum,
1296 5624 1427 5679 Iure.

2035 336 2089 395 Α

2898 319 2946 374 Χ

2874 321 2946 375 IX

2446 420 2526 474 Ad
2562 432 2710 471 aram
2742 322 2910 469 sanlcti
2938 408 3098 464 Pauli
3117 407 3362 479 apostoli.

2114 513 2222 568 Ara
2246 511 2465 582 quidem
2490 522 2729 579 praesens
2759 511 2973 561 sacrata
3001 508 3084 557 est
3109 500 3330 555 nomine
3358 499 3538 567 Pauli,

2186 604 2288 670 Qui
2314 601 2544 673 populos
2578 596 2762 653 mundi
2789 595 2944 651 duxit
2969 593 3038 648 ad
3064 599 3208 647 astra
3230 590 3361 662 poli,

2116 692 2380 749 Gentibus
2408 698 2463 746 et
2489 688 2717 761 populis,
2749 687 2930 759 regnis
2954 694 3117 756 atque
3142 683 3371 739 urbibus
3395 681 3501 737 iste

2189 784 2232 839 A
2263 782 2493 839 Domino
2517 781 2724 837 electus
2747 779 2938 837 doctor
2958 776 3156 847 ubique
3179 773 3301 829 fuit.

2419 962 2503 1018 Ad
2528 978 2680 1017 aram
2705 869 3133 1016 sanctliindrew
3155 955 3399 1029 apostoli.

2191 1057 2394 1113 Doctor
2421 1055 2751 1127 apostolicus
2773 1055 2942 1126 (hunc
2962 1054 3081 1109 haec
3104 1067 3208 1107 vox
3227 1051 3367 1106 alma
3394 1048 3635 1106 Joannes
3653 1049 3695 1115 ιι,

2194 1150 2332 1206 Ecce
2353 1150 2453 1205 Dei
2472 1150 2695 1206 veniens
2713 1165 2880 1220 agnus
2905 1147 2975 1202 ab
2998 1162 3126 1203 arce
3144 1146 3345 1211 Patris,

2124 1240 2345 1297 Miserat
2371 1240 2439 1295 ad
2464 1239 2765 1305 Christum,
2795 1252 3012 1309 semper
3031 1244 3353 1307 sequeretur
3375 1243 3436 1290 ut
3460 1232 3634 1305 illum)

2190 1331 2445 1387 Andreas
2476 1344 2625 1385 aram
2650 1335 2831 1385 servet
2857 1328 2927 1382 ab
2955 1327 3113 1385 hoste
3140 1341 3314 1382 suam.

2841 1417 2977 1473 LXI.

2380 1500 2464 1567 Ad
2508 1526 2660 1566 aram
2710 1509 2880 1563 sancti
2923 1505 3148 1563 Joannis
3182 1504 3458 1577 Baptism.

2128 1609 2245 1669 [Ioc
2270 1608 2444 1665 altare
2474 1615 2623 1663 tenet
2653 1612 2873 1662 sanctus
2899 1602 3140 1673 Baptista
3170 1600 3432 1666 Joannes,

2052 1671 2108 1737 θ
2201 1700 2511 1757 Prtecursor
2538 1696 2766 1761 Christi,
2795 1671 3022 1766 magnus
3049 1692 3101 1767 in
3127 1694 3279 1756 orbe,
3310 1691 3429 1749 Dei.

2133 1792 2235 1861 Qui
2263 1790 2412 1847 solus
2438 1789 2607 1861 digito
2635 1786 2911 1843 Christum
2936 1785 3259 1840 monstravit
3285 1783 3505 1847 adesse,

2202 1882 2310 1937 Iste
2331 1893 2519 1954 preces
2546 1886 2763 1934 nostras
2791 1875 3029 1945 adjuvet,
3060 1883 3204 1947 opto,
3233 1874 3369 1931 suis.

2842 1967 3000 2021 LXII.

2517 2060 2600 2115 Ad
2641 2076 2793 2113 aram
2834 2058 3005 2112 sancti
3048 2055 3294 2112 Germani

2204 2153 2459 2211 Prwsulis
2484 2163 2505 2193 ο
2534 2152 2791 2208 Germani
2814 2166 3006 2223 magna
3033 2157 3117 2206 est
3146 2164 3238 2203 ara
3265 2149 3469 2216 dicata,

2277 2248 2452 2317 Quam
2478 2246 2640 2303 modo
2661 2244 2773 2316 jam
2801 2244 3004 2309 cernis,
3027 2256 3155 2298 ecce
3180 2241 3357 2297 viator
3378 2246 3577 2298 ovans!

2834 2331 3019 2388 LXIII.

2562 2427 2644 2481 Ad
2672 2442 2824 2481 aram
2848 2426 3016 2480 sancti
3046 2424 3297 2481 Amandi.
3384 2416 3399 2431 ⁸
3472 2466 3479 2475 .

2207 2520 2359 2576 Hanc
2389 2533 2541 2575 aram
2567 2518 2773 2575 Christi
2808 2518 3100 2589 praeclarus
3126 2527 3338 2574 amator
3366 2517 3633 2574 Amandus

2279 2608 2545 2666 Defendat
2563 2608 2775 2665 meritis
2797 2623 3012 2677 semper
3036 2608 3105 2664 ab
3135 2610 3289 2665 hoste
3312 2608 3450 2666 suis.

2843 2698 3025 2756 LXIV.

2140 2793 2223 2850 Ad
2249 2808 2400 2848 aram
2430 2791 2599 2847 sancti
2630 2789 2873 2858 Quintini
2905 2793 3149 2913 e;.sancti
3179 2790 3453 2848 Michaelis
3487 2793 3698 2845 archan-

2870 2878 2930 2913 σε
2954 2880 2993 2913 ι.

2869 2878 2993 2932 gen.

2140 2954 2391 3027 Martyris
2415 2954 2616 3026 egregii
2641 2952 2883 3021 Quintini
2908 2953 3079 3009 altare
3106 2954 3393 3024 triumphis

2210 3047 2326 3102 Hoc
2353 3045 2543 3117 fulget,
2567 3044 2764 3116 popqu
2787 3043 2876 3100 hic
2906 3044 2999 3115 qui
3023 3043 3164 3100 ferat
3192 3045 3469 3101 auxilium.

2140 3135 2406 3208 Alligeros
2436 3135 2580 3189 inter
2604 3134 2802 3200 socios,
2837 3149 3183 3204 summosque
3207 3135 3487 3190 ministros

2213 3225 2443 3282 Michael
2466 3226 2735 3296 princeps,
2759 3225 2968 3296 primus
2993 3227 3048 3281 in
3079 3240 3205 3281 arce
3233 3226 3369 3295 poli,

2140 3316 2267 3374 Haec
2293 3317 2411 3373 loca
2439 3325 2722 3373 conservet
2742 3332 2935 3388 magna
2967 3317 3169 3387 pietate
3199 3316 3478 3383 Tonantis,

2217 3408 2283 3463 Et
2308 3408 2533 3464 veniens
2560 3409 2772 3463 veniam
2803 3417 2991 3482 poscat
3017 3418 3072 3463 et
3099 3409 3217 3481 ipse
3246 3424 3419 3483 suam.

2856 3497 3016 3556 LXV.
3204 3536 3219 3553 ,ι
3236 3488 3253 3514 θ’

2564 3590 2645 3645 Ad
2681 3599 2917 3645 sanctam
2959 3588 3297 3661 Cenovefam.

2145 3683 2313 3756 Virgo
2342 3692 2561 3740 sacrata
2590 3686 2701 3740 Deo
2730 3686 3040 3741 caelestibus
3071 3687 3274 3759 inclyta
3306 3686 3480 3753 donis,

2214 3774 2450 3830 Ltetetur
2476 3775 2619 3830 votis
2642 3775 2733 3831 hic
2756 3775 3026 3832 Genovefa
3056 3776 3184 3831 tuis.

2181 3877 2299 3924 ιιι.
2341 3875 2431 3923 Il
2470 3876 2804 3940 ρυουιι
2844 3878 3407 3943 ηοκιιιιειιονη
3430 3878 3665 3930 ιοιπ

2691 3948 3183 3996 τσιοαιιηι.

2850 4023 3035 4080 LXVI.

2563 4112 2643 4168 De
2677 4113 2857 4168 schola
2881 4124 2930 4169 et
2959 4115 3310 4172 scholasticis.

2148 4202 2248 4259 IIic
2280 4204 2436 4275 pueri
2459 4204 2669 4259 discant
2689 4206 2922 4261 senioris
2942 4208 3012 4262 ab
3036 4223 3135 4264 ore
3161 4209 3435 4281 magistri,

2220 4294 2572 4366 Hymnidicas
2600 4296 2784 4353 laudes
2805 4306 2864 4353 ut
2893 4314 3150 4358 resonare
3171 4312 3390 4372 queant.

2075 4365 2125 4426 υ
2151 4365 2376 4442 Hauriat
2398 4402 2461 4442 os
2488 4374 2998 4461 tenerum‘lymphas
3019 4365 3210 4448 devote
3234 4392 3449 4458 salutis,

2223 4476 2431 4532 Forsan
2452 4477 2507 4532 in
2528 4477 2755 4533 ecclesia
2790 4495 2858 4535 ne
2883 4480 3037 4536 sileat
3066 4482 3266 4538 senior.

2155 4564 2293 4620 Sunt
2321 4565 2447 4618 anni
2470 4564 2732 4634 juvenum
2763 4569 2970 4626 habiles
2998 4571 3275 4630 addiscere
3308 4575 3623 4646 quidquam:

2231 4652 2370 4710 Usus
2391 4654 2448 4709 in
2475 4657 2715 4726 antiquis
2740 4660 2978 4728 postulat
2996 4661 3269 4727 Ecclesiae,

2152 4742 2390 4799 Instruat
2413 4746 2468 4800 in
2496 4746 2690 4804 studiis
2709 4749 2969 4818 iuvenum
2994 4753 3135 4808 bona
3165 4761 3411 4825 tempora
3438 4757 3638 4821 doctor,

2226 4838 2361 4894 Nam
2393 4839 2608 4910 fugiunt
2627 4842 2755 4897 anni
2780 4859 2932 4899 more
2954 4844 3169 4901 ﬂuentis
3197 4863 3377 4919 aquae.

2155 4928 2409 4984 Annosus
2430 4929 2459 4969 ἀ
2488 4931 2653 5002 sylvis
2678 4945 2910 5001 quercus
2936 4935 3024 4989 vix
3050 4934 3286 4992 ﬂectitur
3316 4953 3573 5010 unquam,

2228 5020 2335 5077 Sed
2360 5021 2560 5093 frangit
2587 5022 2821 5079 hominis
2847 5026 3037 5081 dextra
3070 5028 3307 5098 potentis
3337 5045 3480 5085 eam.

2157 5110 2294 5167 Nam
2322 5122 2347 5152 ο
2379 5128 2481 5167 nec
2511 5113 2693 5168 senior
2715 5114 2902 5170 multis
2929 5115 3152 5172 adsueta
3182 5120 3390 5188 rapinis

2229 5204 2344 5259 Sub
2367 5202 2497 5275 juga
2523 5203 2829 5259 nullatenus
2861 5204 3024 5262 fortia
3049 5208 3183 5263 colla
3206 5209 3378 5265 dabit.

2158 5292 2269 5350 Nec
2309 5294 2447 5349 bene
2488 5309 2723 5364 namque
2748 5310 2912 5351 senex
2935 5299 3135 5368 poterit
3159 5299 3426 5369 ediscere,
3451 5316 3545 5373 per
3562 5311 3700 5371 quem

2231 5384 2566 5442 Tondentem
2595 5386 2613 5425 ί
2641 5387 2694 5441 in
2720 5389 2987 5457 gremium
3009 5393 3237 5449 candida
3260 5394 3431 5451 barba
3460 5393 3608 5453 cadit.

2229 5497 2256 5537 δ
2286 5497 2469 5573 Forte,
2498 5515 2698 5553 annosa
2723 5500 2777 5555 in
2802 5500 2977 5573 sylvis.

2236 5579 2261 5639 ξ
2289 5566 2464 5639 Locus
2487 5578 2792 5639 corruptus.

2235 5636 2258 5676 ί
2290 5635 2413 5704 Ms.,
2449 5640 2633 5707 poterit
2652 5635 2733 5695 rel
2759 5641 2957 5699 discere
2983 5654 3253 5716 postquam
3286 5645 3532 5701 tondenti.
