3866 6170
256 251 358 307 745

253 368 386 423 Esto
406 367 551 436 pius,
577 369 760 438 pueris
781 371 1050 427 studiosus
1074 382 1130 428 et
1151 385 1268 430 esto
1298 379 1574 448 magister,

326 457 435 512 Vos
466 466 697 523 vestros,
726 462 904 528 pueri,
937 477 1152 533 semper
1176 476 1354 521 amate
1381 477 1585 537 patres.

253 549 327 604 Ut
349 556 570 604 maneat
599 551 757 606 nobis
791 554 964 610 dulcis
989 556 1292 612 benedictio
1318 559 1513 627 Patris,

321 640 388 694 Et
411 656 480 695 ne
503 657 630 696 nam
653 654 813 700 natus
837 658 862 686 α
892 658 1074 703 mente
1099 657 1316 706 tenente
1345 652 1500 708 duos.

944 760 1147 818 LXVII.

570 848 654 902 Ad
681 866 936 905 muswum
961 851 1119 908 libros
1155 858 1510 913 scribentium.

247 935 350 992 Hic
382 937 608 992 sedeant
631 955 800 995 sacrae
823 942 1123 998 scribentes
1145 944 1348 1002 famina
1375 949 1528 1019 legis,

317 1027 430 1082 Nec
453 1043 562 1084 non
589 1040 899 1087 sanctorum
921 1034 1063 1089 dicta
1087 1046 1296 1092 sacrata
1322 1037 1564 1094 Patrum.

245 1120 374 1177 Haec
397 1123 724 1179 interserere
750 1136 978 1180 caveant
1011 1143 1107 1182 sua
1137 1127 1327 1184 frivola
1354 1133 1554 1195 verbis,

315 1211 530 1268 Frivola
566 1229 668 1269 nec
693 1225 913 1285 propter
938 1218 967 1256 ι)
993 1227 1140 1273 erret
1161 1227 1216 1274 et
1242 1221 1357 1289 ipsa
1381 1238 1572 1279 manus
1592 1243 1608 1276 :

237 1302 642 1374 'Correctosque
672 1307 773 1361 sibi
799 1319 1045 1377 qmerant
1076 1313 1314 1368 studiose
1338 1313 1565 1379 libellos,

318 1394 562 1450 Tramite
591 1412 697 1465 quo
729 1406 876 1454 recto
898 1415 1074 1469 penna
1102 1403 1334 1459 volantis
1364 1414 1473 1460 eat.

241 1483 348 1540 Per
371 1487 488 1541 cola
513 1488 847 1558 distinguant
873 1493 1142 1561 pr0prios,
1170 1503 1225 1549 et
1246 1506 1513 1550 commata
1537 1512 1743 1561 sensus,

312 1577 382 1631 Et
406 1586 636 1647 punctos
660 1588 861 1648 ponant
880 1583 1069 1636 ordine
1090 1598 1334 1653 quosque
1365 1601 1486 1639 suo.

237 1666 321 1722 Ne
348 1669 433 1723 vel
469 1669 601 1724 falsa
638 1671 801 1740 legat,
832 1678 1005 1727 taceat
1029 1674 1113 1728 vel
1140 1674 1281 1728 forte
1308 1685 1546 1744 repente,

309 1759 450 1813 Ante
473 1761 590 1828 pios
612 1759 831 1825 fratres,
867 1762 1036 1816 lector
1060 1763 1115 1816 in
1137 1764 1397 1820 Ecclesia.

237 1845 336 1902 Est
366 1865 501 1918 opus
523 1852 795 1921 egregium
825 1868 1008 1908 sacros
1031 1853 1145 1922 jam
1176 1855 1414 1911 scribere
1443 1856 1629 1923 libros,

311 1937 423 1994 Nec
445 1944 690 1996 mercede
718 1959 814 1998 sua
848 1945 1083 2015 scriptor
1110 1953 1163 2000 et
1188 1948 1300 2016 ipse
1322 1958 1492 2003 caret.

235 2029 448 2084 Fodere
471 2045 630 2098 quam
657 2033 814 2098 vites,
845 2035 1037 2091 melius
1063 2045 1148 2091 est
1173 2039 1413 2094 scribere
1439 2041 1626 2108 libros,

308 2119 400 2174 Ille
429 2135 526 2175 suo
559 2123 735 2176 ventri
758 2125 978 2189 serviet,
1013 2125 1113 2181 iste
1138 2128 1352 2182 animm.

238 2213 332 2265 Vel
354 2228 513 2279 nova,
542 2214 627 2268 vel
647 2223 830 2270 vetera
860 2219 1059 2286 poterit
1086 2219 1331 2288 proferre
1357 2223 1616 2292 magister

305 2305 563 2371 Plurima,
595 2308 822 2378 quisque
848 2309 980 2379 legit
1005 2311 1148 2366 dicta
1175 2323 1389 2368 saerata
1421 2315 1660 2371 Patrum.

900 2425 1129 2482 LXVIII.

336 2513 574 2568 Elevatio
595 2517 781 2571 mentis
806 2534 838 2592 a_
867 2520 1084 2592 terrenis
1119 2522 1329 2592 palatiis
1357 2525 1427 2579 ad
1450 2525 1698 2582 caelestem

817 2587 1210 2645 habitationem.

231 2695 469 2765 Quisque
491 2697 678 2767 legens
701 2713 890 2754 versus
910 2715 1006 2769 per
1030 2701 1174 2756 celsa
1202 2703 1399 2772 palatia
1431 2707 1627 2769 curris,

301 2787 530 2856 Semper
556 2790 750 2845 habeto
778 2789 872 2846 Dei
903 2807 1098 2847 nomen
1119 2794 1177 2848 in
1205 2811 1302 2850 ore
1331 2805 1443 2851 tuo.

233 2877 297 2932 Et
325 2879 454 2933 dum
481 2879 660 2950 lingua
690 2881 806 2950 pias
828 2891 1046 2937 resonat
1067 2899 1164 2953 per
1189 2886 1427 2940 carmina
1455 2886 1658 2954 laudes,

300 2967 533 3023 Ferveat
557 2969 699 3024 illius
721 2980 909 3039 pectus
933 2986 1118 3026 amore
1149 2982 1322 3028 tuum.

233 3060 367 3116 Dum
398 3071 454 3115 tu
484 3061 708 3130 pulchra
730 3063 918 3118 domus
943 3064 1172 3133 pedibus
1200 3065 1396 3119 solaria
1425 3068 1674 3133 scandes,

297 3155 589 3210 Immemor
614 3155 757 3210 haud
783 3164 901 3211 esto
930 3158 1190 3213 scandere
1214 3167 1393 3214 mente
1420 3160 1619 3231 polum.

230 3246 321 3300 Sol
347 3247 576 3302 rutilans
593 3248 776 3308 ,radiis
799 3248 1046 3304 domibus
1070 3249 1396 3318 splendescit
1419 3251 1473 3304 in
1501 3251 1656 3318 altis;

298 3338 524 3393 Lumine
539 3346 810 3410 perpetuo
833 3339 1080 3395 Christus
1108 3341 1161 3394 in
1194 3355 1322 3396 arce
1347 3342 1477 3411 poli.

231 3429 301 3483 Ut
329 3432 408 3486 sol
434 3432 667 3486 illustrat
691 3441 836 3489 totus
855 3434 1202 3505 prmfulgidus
1222 3438 1427 3499 orbem,

302 3520 394 3574 Sic
416 3519 621 3591 fulgent
652 3523 823 3577 sancti
851 3538 1064 3593 semper
1093 3525 1145 3578 in
1174 3541 1298 3580 arce
1325 3525 1519 3581 Patris.

230 3605 368 3661 Sunt
395 3624 426 3662 a
457 3609 570 3664 sole
594 3610 784 3664 domus
806 3611 963 3665 celsa:
989 3612 1184 3666 solaria
1223 3614 1388 3678 dicta,

297 3699 341 3750 Α
363 3697 582 3752 Christo
609 3706 853 3752 sanctum
879 3714 1075 3754 nomen
1109 3702 1370 3756 habemus
1399 3702 1548 3758 item.

227 3789 285 3843 Si
318 3799 368 3844 te
391 3790 621 3845 delectet
649 3792 896 3846 manibus
924 3792 1183 3846 habitatio
1212 3792 1354 3848 facta
1379 3811 1394 3860 ;

297 3881 416 3936 Non
444 3884 692 3937 manibus
713 3883 911 3938 factam
935 3883 1056 3952 plus
1083 3883 1178 3937 tibi
1209 3899 1390 3952 quaere
1419 3886 1655 3940 domum.

227 3971 493 4041 Quidquid
528 3974 583 4028 in
622 3974 752 4027 urbe
781 3987 974 4028 manus
1009 3973 1242 4029 hominis
1280 3982 1660 4030 construxerat
1694 3993 1794 4031 un-

1590 4067 1794 4139 [quam,

295 4154 491 4209 Omnia
517 4171 640 4210 nam
665 4164 910 4225 pereunt,
951 4158 1003 4211 in
1034 4157 1350 4226 cineresque
1376 4166 1560 4212 ruunt.

219 4244 493 4314 Quidquid
524 4248 744 4302 honoris
774 4249 972 4302 habent
994 4249 1167 4303 sancti
1190 4264 1288 4318 per
1317 4250 1509 4318 gaudia
1536 4250 1682 4316 cmli,

290 4333 425 4389 Cum
459 4334 674 4391 Christo
698 4337 903 4405 pariter
932 4353 1144 4408 semper
1177 4339 1378 4394 habere
1409 4349 1634 4409 queunt.

219 4425 338 4491 Quo
369 4435 421 4480 te
454 4427 613 4481 ducat
647 4443 818 4495 amor,
847 4429 1038 4498 rapiat,
1075 4431 1252 4484 trahat
1277 4431 1526 4486 omnibus
1550 4431 1717 4496 boris,

290 4516 356 4569 Et
376 4531 505 4585 rape
529 4532 614 4571 me
640 4525 838 4582 tecum,
866 4533 1066 4588 quzeso,
1092 4520 1198 4575 tuis
1224 4521 1494 4590 precibus.

220 4607 299 4664 Sit
325 4609 446 4674 tibi,
479 4609 653 4680 sitque
687 4611 818 4665 mihi
852 4610 1102 4668 Christus
1131 4613 1474 4668 currentibus
1502 4613 1630 4668 illuc

286 4701 588 4765 Protector,
615 4711 814 4768 rector,
847 4701 962 4768 lux,
994 4703 1103 4768 via,
1133 4704 1264 4770 vita,
1295 4704 1457 4758 salus.

809 4818 969 4887 212
1007 4817 1194 4871 ωαχ.

747 4919 769 4948 ε
799 4909 880 4962 Ad
914 4910 1296 4964 dormitorium.

215 5018 313 5084 Qui
350 5018 458 5072 vim
488 5027 792 5082 ventorum,
820 5018 994 5088 pelagi
1023 5021 1112 5088 qui
1141 5020 1354 5089 mitigat
1380 5019 1570 5083 undas,

215 5106 376 5162 Israel
405 5105 496 5174 qui
525 5115 727 5171 servat,
759 5107 908 5162 nullo
935 5109 1028 5177 qui
1058 5109 1296 5163 dormiat
1325 5124 1477 5174 :evo;

215 5197 498 5254 Fratribus
523 5199 625 5256 hac
644 5203 887 5273 requiem
907 5204 1116 5259 dulcem
1138 5204 1398 5258 concedat
1424 5202 1478 5257 in
1505 5202 1649 5268 aula,

280 5390 306 5449 ξι
341 5377 518 5449 Locus
542 5391 846 5449 corruptus.

280 5445 310 5485 δ
338 5447 530 5520 forte,
553 5445 855 5520 properans.

283 5527 306 5555 ε
337 5515 677 5590 Praevie'hic
699 5530 853 5575 notes
898 5521 1057 5575 velim
1087 5522 1192 5574 duo
1228 5520 1508 5590 sequentia
1542 5521 1784 5576 carmina

214 5601 274 5659 ex
299 5589 487 5659 codice
518 5603 620 5642 ms.
654 5587 1051 5659 Salisburgensi
1076 5604 1196 5645 esse
1234 5587 1537 5653 emendata,
1580 5601 1635 5645 et
1664 5593 1786 5647 titu-

217 5655 292 5712 los
315 5657 546 5715 additos.
904 5655 926 5659 ⁷
1052 5743 1053 5746 η

615 5747 886 5809 Pyram.
943 5749 1041 5810 CI.

1236 267 1564 322 CARMINA.
1603 297 1674 309 —
1708 267 2224 325 INSCRIPTIONES
2262 270 2514 326 VARIE.

3405 276 3503 331 75C-

1857 387 1908 442 Α
1937 382 2002 436 Et
2031 399 2165 452 quos
2189 384 2430 439 immittit
2455 401 2643 441 somno
2670 388 2750 443 vis
2773 388 2926 459 nigra
2959 391 3198 456 timores,

1931 472 2248 542 Compescat
2286 475 2523 530 clemens
2561 479 2793 545 Domini,
2834 495 2985 551 rogo,
3027 482 3215 536 dextra
3242 482 3495 551 potentis.

1932 565 2141 636 Quique
2169 568 2308 621 diem
2338 570 2522 623 statuit
2545 570 2747 625 homini
2779 574 2878 627 sub
2908 573 3026 628 luce
3047 573 3248 633 labore.

1931 655 2190 710 Noctibus
2217 665 2273 710 et
2295 659 2535 727 requiem
2565 663 2831 717 concessit
2857 676 3082 734 corpore
3105 664 3268 730 fesso,

1929 745 2012 800 Ad
2039 745 2354 815 laudemque
2382 763 2534 802 suam
2563 750 2724 806 faciet
2749 767 3075 824 consurgere
3106 769 3284 808 sanos.

2635 862 2797 916 LXX.

2348 951 2430 1004 Ad
2467 952 2740 1007 latrinium
2768 955 3083 1028 [latrinam].

1929 1063 2222 1117 Luxuriam
2248 1065 2272 1103 ά
2298 1067 2521 1131 ventris,
2559 1067 2745 1132 lector,
2775 1083 3040 1138 cognosce
3067 1071 3328 1133 vorantis,

1900 1150 1914 1168 '
1999 1154 2220 1207 Putrida
2247 1157 2340 1223 qui
2363 1159 2532 1211 sentis
2566 1166 2808 1213 stercora
2841 1175 2973 1215 nare
3000 1168 3111 1215 tuo.

1924 1243 2214 1313 Ingluviem
2241 1244 2412 1314 fugito
2438 1249 2660 1310 ventris,
2691 1259 3018 1318 quapropter
3042 1251 3096 1304 in
3120 1264 3243 1315 ore,

1995 1332 2258 1402 Tempore
2293 1335 2364 1388 sit
2388 1345 2536 1391 certo
2558 1338 2738 1392 sobria
2766 1339 2876 1392 vita
2903 1339 3021 1394 tibi.

2606 1446 2792 1500 LXXI.

1919 1535 2218 1591 Admonitio
2274 1538 2528 1607 juvenum
2582 1538 2943 1608 religiosorum
2998 1541 3067 1593 ad
3127 1539 3492 1593 excutiendum

2575 1625 2835 1662 somnum.

1845 1725 1892 1782 Β
1920 1712 2028 1768 Res
2060 1724 2146 1770 est
2172 1716 2308 1770 mira
2339 1716 2582 1785 quidem,
2623 1717 2738 1771 vult
2777 1733 2939 1787 quam
2971 1719 3070 1773 tibi
3093 1719 3272 1773 dicere
3295 1727 3446 1773 vates
3472 1735 3488 1769 :

1916 1805 2150 1861 Letheus
2169 1806 2429 1875 juvenum
2449 1809 2718 1877 percussit
2739 1817 2977 1878 tempora
3007 1825 3208 1876 ramus,

1917 1897 1987 1953 Ut
2014 1899 2210 1967 hospes
2228 1899 2412 1954 clauso
2431 1901 2697 1969 patuisset
2715 1900 2899 1954 limine
2921 1900 3104 1970 templi
3130 1918 3143 1954 :

1914 1987 2153 2058 Quisque
2177 1998 2353 2060 potest
2376 2006 2520 2046 caeco
2547 1992 2738 2046 melius
2765 1993 2908 2046 hunc
2933 2007 3155 2047 cernere
3176 1993 3316 2055 visu,

1914 2080 2173 2135 Sensibus
2200 2089 2255 2134 et
2278 2082 2466 2150 sopitis
2496 2081 2690 2136 melius
2714 2081 2957 2152 proferre
2979 2082 3240 2151 loquelas,

1910 2171 2123 2241 Ignotas
2153 2173 2416 2242 siquidem
2445 2175 2626 2228 varias
2649 2183 2703 2228 et
2730 2175 2930 2244 ﬁngere
2957 2175 3182 2230 formas.

1910 2260 2182 2328 Cernitur,
2216 2263 2450 2327 auditur,
2479 2262 2655 2318 fuerat
2681 2266 2772 2334 qui
2802 2274 3043 2335 tempore
3070 2267 3252 2321 nullo:

1909 2353 2168 2409 Noctibus
2198 2357 2360 2420 hunc,
2387 2356 2624 2426 juvenis,
2656 2367 2770 2413 toto
2801 2359 2896 2414 tibi
2925 2361 3085 2415 corde
3110 2369 3316 2415 caveto.

1909 2444 2136 2500 Subruit
2161 2447 2250 2501 hic
2281 2463 2494 2514 sensus,
2529 2448 2686 2504 binos
2716 2461 2739 2490 ε
2765 2458 2820 2504 et
2844 2451 3046 2507 claudit
3072 2453 3273 2507 ocellos

1910 2536 2197 2608 Splendida
2221 2540 2478 2609 stelligeri
2513 2542 2696 2598 videas
2727 2559 2793 2598 ne
2821 2543 3023 2600 lumina
3058 2546 3200 2600 coeli.

1905 2626 2014 2682 Aut
2035 2636 2123 2681 tua
2140 2629 2252 2698 jam
2276 2647 2437 2686 voces
2462 2633 2699 2688 doctoris
2723 2635 2939 2690 hauriat
2961 2639 3131 2703 auris,

1909 2717 2004 2772 Vel
2035 2733 2132 2787 pes
2154 2719 2436 2775 ecclesiam
2462 2730 2727 2778 nocturno
2757 2732 2997 2795 tempore
3025 2737 3230 2782 currat.

1906 2807 2098 2878 Hujus,
2126 2825 2328 2879 qureso,
2357 2822 2519 2883 caput
2545 2815 2722 2870 valido
2748 2827 3032 2884 percutere
3058 2817 3076 2856 ί
3110 2832 3311 2888 pugno,

1905 2895 1984 2952 Ne
2011 2897 2110 2953 tibi
2131 2910 2414 2956 cernentes
2439 2904 2635 2974 hospes
2663 2914 2899 2961 excmcet
2920 2908 3143 2975 ocellos,

1902 2986 2013 3043 Aut
2043 2995 2260 3060 torpore
2290 2993 2431 3047 malo
2454 3009 2644 3049 sensus
2677 2997 2773 3052 tibi
2803 2998 3026 3052 subruat
3053 3014 3276 3066 omnes;

1807 3097 1853 3154 ρ
1901 3078 2014 3139 Sed
2041 3081 2137 3136 tibi
2167 3083 2448 3155 collyrium
2477 3087 2624 3142 visus
2654 3088 2876 3144 infunde
2901 3092 3089 3146 salutis
3113 3108 3127 3146 :

1909 3176 1978 3233 Ut
2005 3173 2188 3232 valeas
2215 3176 2352 3244 signi
2378 3191 2539 3232 voces
2565 3179 2752 3233 audire
2776 3182 3016 3236 sonantis

1899 3266 2054 3334 Quod
2081 3275 2133 3321 te
2154 3267 2349 3337 quippe
2371 3276 2546 3334 vocat,
2577 3268 2762 3324 laudes
2788 3280 3009 3326 cantare
3030 3272 3316 3329 Tonantis.
3361 3289 3366 3296 '

1899 3363 2136 3418 Consere
2178 3363 2376 3433 quippe
2420 3379 2634 3431 manus,
2685 3365 2898 3420 modico
2924 3367 3157 3421 dormire
3186 3376 3477 3427 memento,

1900 3449 2044 3506 Neve
2073 3459 2290 3521 repente
2314 3453 2409 3507 tibi
2437 3454 2621 3507 veniat
2640 3453 2912 3523 praefortis
2940 3465 3173 3527 egestas,

1901 3541 1971 3596 Ut
1998 3551 2178 3597 monet
2211 3543 2428 3614 egregio
2452 3543 2708 3599 Salomon
2731 3560 2977 3602 sermone
3005 3545 3262 3618 legentes.

2583 3658 2792 3714 LXXII.

2409 3754 2478 3810 In
2502 3757 2584 3810 via
2611 3757 2680 3810 ad
2713 3758 2949 3811 chorum.

1899 3847 2036 3912 Non,
2069 3861 2219 3916 rogo,
2251 3845 2387 3899 dura
2416 3844 2512 3897 tibi
2542 3846 2794 3900 videatur
2815 3848 3007 3901 semita
3041 3847 3294 3913 fratrum,

1968 3939 2093 3993 Haec
2119 3947 2172 3991 te
2201 3943 2508 3990 currentem
2533 3934 2681 3988 ducit
2708 3937 2776 3988 ad
2799 3937 3107 3990 ecclesiam.

1812 4054 1815 4057 -
1897 4027 2014 4082 Non
2039 4028 2127 4081 hic
2159 4025 2316 4079 turba
2341 4030 2498 4077 sonat
2527 4025 2550 4063 8
2573 4023 2774 4092 populi,
2805 4039 2913 4078 non
2943 4024 3084 4080 forte
3107 4028 3396 4086 tumultus:

1967 4119 2074 4172 Vos
2096 4119 2236 4170 inter
2265 4113 2442 4168 nullus
2473 4113 2565 4168 hic
2597 4113 2804 4169 alienus
2834 4124 2941 4170 cat.

1897 4207 2021 4262 lizec
2041 4207 2125 4259 via
2151 4219 2248 4259 vos
2281 4203 2486 4274 pariter
2513 4203 2765 4259 concordi
2796 4214 3014 4275 pectore
3042 4209 3222 4274 ducat,

1965 4297 2235 4353 Laudibus
2257 4298 2492 4351 intentos
2515 4297 2581 4350 ad
2607 4297 2695 4367 pia
2725 4297 2882 4353 laude
2909 4300 2936 4340 ιι
2965 4301 3078 4355 Dei.

1899 4389 2048 4447 Unus
2078 4405 2229 4446 amor
2255 4391 2503 4447 Christus
2532 4393 2685 4448 nobis
2713 4393 2826 4460 fiat,
2860 4404 3021 4465 atque
3043 4396 3145 4451 iter
3173 4412 3361 4464 unum,

1965 4483 2057 4538 llle
2081 4493 2164 4538 est
2187 4492 2335 4539 certa
2367 4484 2529 4549 salus,
2561 4501 2702 4554 spes,
2729 4487 2894 4541 decus
2919 4497 2974 4542 et
2999 4489 3255 4543 Charitas.

1897 4573 2012 4630 Non
2033 4585 2091 4630 tu
2118 4578 2422 4648 somnigere
2450 4578 2617 4632 vadas
2642 4585 2858 4647 torpore
2882 4595 2979 4648 per
3001 4580 3186 4643 istum,

1968 4665 2075 4721 Sed
2104 4667 2219 4722 laus
2249 4669 2389 4722 alma
2421 4669 2512 4723 Dei
2543 4683 2756 4737 semper
2778 4669 2831 4721 in
2861 4684 2955 4723 ore
2980 4679 3152 4723 sonet.

1894 4760 2129 4831 Angelus
2149 4769 2208 4814 ut
2233 4769 2410 4814 tecum
2434 4760 2638 4814 cmlesti
2665 4769 2852 4813 currat
2874 4762 2940 4815 ab
2965 4777 3114 4827 arce,

1966 4851 2102 4903 Dum
2131 4849 2309 4903 videat
2338 4849 2524 4902 laudes
2553 4855 2604 4901 te
2633 4863 2889 4904 resonare
2918 4850 3033 4904 Dei.

1901 4943 1978 4999 Te
2003 4957 2216 5013 quoque
2245 4944 2522 4998 consociat
2548 4950 2858 4998 sanctorum
2877 4955 3099 5013 pectore
3127 4944 3266 5006 laeto,

1969 5033 2303 5088 Gaudentem
2325 5031 2527 5088 Christi
2557 5042 2730 5088 coetus
2753 5034 2805 5088 in
2836 5033 3082 5099 ecclesia,

1899 5122 2178 5190 Relliquize
2203 5137 2434 5191 quorum
2464 5123 2643 5177 multa:
2671 5124 2975 5178 conduntur
3011 5124 3064 5178 in
3095 5123 3209 5184 illa,

1969 5211 2095 5266 Ilaec
2118 5227 2378 5280 superans
2403 5227 2595 5266 munus
2625 5212 2771 5268 mille
2802 5214 2999 5268 talenta
3024 5215 3191 5287 pium.

1962 5382 1986 5419 ά
2017 5382 2138 5446 Ms.,
2161 5382 2446 5436 luxuriam.

1968 5463 1990 5521 ς
2019 5453 2096 5504 lta
2123 5452 2260 5521 lego,
2289 5454 2425 5514 loco,
2453 5453 2630 5506 bonos.

1970 5519 1993 5592 εν
2017 5521 2142 5592 llis,
2174 5519 2230 5575 tu
2257 5533 2483 5592 percute.

1971 5591 2006 5644 ε.
2025 5589 2120 5643 Ms.
2132 5631 2146 5655 ,
2176 5589 2340 5647 sonet.

1967 5658 1994 5698 ιι
2019 5659 2142 5730 Ms.,
2179 5661 2248 5717 ad
2266 5664 2355 5733 pia
2379 5663 2588 5732 templa.
