3866 6170
284 352 391 406 755

280 467 461 536 Atque
516 472 752 535 emptam
808 464 957 522 Patri
1008 468 1304 526 Benedicto
1322 473 1544 528 tradidit
1590 474 1757 541 illam,

282 557 357 612 Ut
386 555 528 611 foret
571 557 800 626 emptori
822 573 946 613 cum
983 559 1142 616 Patre
1164 561 1218 615 in
1242 563 1438 618 smcula
1466 580 1695 619 merces.

281 645 433 701 Hanc
459 654 660 701 tamen
702 647 985 703 ecclesiam
1012 651 1218 704 sacrari
1242 652 1480 721 iusserat
1506 653 1595 708 ille

280 737 565 808 Clavigero
598 738 733 799 ,cmli
775 738 937 793 Petro
952 739 1066 809 jam
1101 741 1344 811 principe
1363 758 1575 814 magno,

277 828 457 898 Atque
484 828 558 896 pii
597 829 801 898 pariter
838 827 1113 885 Benedicti
1140 834 1358 887 nomine
1387 832 1585 899 Patris,

281 918 431 973 Illius
453 928 513 973 ut
543 928 794 989 regerent
835 920 1092 990 precibus
1143 936 1243 988 per
1278 922 1472 977 saecula
1498 924 1683 991 vitam,

280 1008 457 1079 Atque
488 1010 684 1065 animm
712 1009 954 1079 requiem
1004 1008 1422 1084 [rogitasscnta]
1471 1014 1630 1069 ambo
1676 1030 1862 1085 peren-

1642 1103 1809 1175 [nem.

281 1191 359 1243 Tu
406 1205 647 1260 quoque,
676 1191 768 1261 qui
799 1192 1012 1246 titulum
1046 1193 1264 1259 recitas,
1303 1194 1538 1265 rogitare
1568 1206 1854 1261 memento,

278 1279 518 1337 Obsecro
570 1282 598 1322 Β
648 1297 747 1352 pro
782 1282 942 1337 Patre
982 1283 1273 1354 Magnull‘o,
1320 1284 1491 1340 lector
1521 1287 1711 1341 amice.

276 1371 351 1426 'I‘e
376 1386 591 1443 quoque
619 1382 901 1428 conservet
954 1373 1155 1429 Christi
1176 1375 1467 1430 clementia
1498 1392 1732 1447 seraper.

276 1465 531 1536 Protegat
551 1473 714 1535 atque
768 1474 922 1536 regat
974 1466 1267 1522 clementer
1295 1468 1411 1523 hmo
1442 1469 1560 1523 loca
1584 1468 1851 1525 Christus.

277 1553 439 1620 Laus,
464 1554 637 1610 honor
664 1563 719 1609 et
740 1555 913 1610 virtus
947 1567 969 1594 ο
999 1556 1122 1611 istic
1150 1558 1222 1612 sit
1266 1574 1481 1629 semper
1505 1567 1559 1613 et
1581 1560 1708 1614 illic.

404 1696 517 1744 1η.
555 1697 646 1744 ΙΙ
686 1694 1213 1747 ιοκιιηιιο
1251 1700 1311 1748 Ι.
1346 1700 1717 1750 πηοιιι.

1010 1840 1141 1897 CIV.

274 1932 355 1987 De
402 1932 633 2009 sepulcro
658 1936 823 1988 sancti
847 1934 1079 2009 Nabqris
1115 1936 1180 1990 ab
1220 1937 1577 2009 Angilramno,
1606 1940 1849 2009 episcopo

415 2004 590 2057 ornari
619 2015 797 2073 carpta,
820 2012 890 2059 et
916 2023 949 2059 ιι
986 2005 1223 2062 Vascone
1242 2004 1428 2062 abbate
1455 2004 1705 2079 perfecta.

270 2093 600 2155 Pontificalis
628 2111 766 2166 apex
821 2106 1026 2167 pastor,
1076 2100 1409 2168 patriarcha,
1443 2100 1719 2165 sacerdos,

266 2184 647 2256 Angilramnus
684 2186 712 2226 ἀ
742 2204 932 2256 ovans,
1001 2189 1174 2246 fretus
1200 2192 1401 2262 pietate
1428 2193 1707 2264 magistra,

268 2274 519 2347 Martyris
566 2281 764 2351 egregii
812 2281 1041 2337 Nahoris
1064 2284 1326 2340 deductus
1355 2300 1562 2350 amore,

264 2366 533 2437 Coeperat,
560 2370 798 2426 intentus
819 2387 973 2429 sacro
1000 2385 1024 2414 ε
1061 2376 1264 2430 vestire
1299 2376 1628 2447 sepulcrum,

262 2456 569 2513 Anxiliante
625 2460 717 2529 pio
740 2460 954 2529 Carolo,
1020 2480 1115 2534 per
1140 2480 1384 2531 munera,
1410 2482 1557 2538 rege.

262 2542 338 2598 Ne
371 2546 667 2616 compleret
712 2564 866 2618 opus,
898 2553 1076 2621 rapuit
1105 2568 1251 2610 mors
1275 2556 1517 2625 improba
1544 2556 1761 2613 Patrem
1787 2559 1809 2598 ί

260 2635 389 2690 Post
424 2636 583 2692 levita
608 2639 829 2697 humilis
875 2659 971 2699 vas
999 2646 1025 2684 8
1059 2647 1422 2717 compleverat
1447 2648 1597 2706 illud.

258 2726 361 2790 Qui
390 2726 569 2797 legitis
602 2745 792 2786 versus
816 2734 1021 2799 ambos,
1062 2739 1422 2795 commendite
1473 2740 1712 2808 Christo,

263 2814 331 2872 Ut
381 2818 690 2889 quicunque
725 2838 822 2877 sua
862 2826 1072 2879 venerit
1113 2827 1204 2882 hic
1227 2829 1438 2884 solvere
1470 2838 1617 2896 vota,

257 2905 396 2962 Cum
430 2907 594 2965 Patre
622 2911 941 2984 discipulum
970 2917 1151 2972 verbis
1181 2934 1482 2975 memorare
1503 2921 1769 2994 benignis.

256 2997 453 3071 Incipit
508 3000 600 3057 ille
632 3004 801 3073 prior,
857 3006 952 3064 sed
968 3006 1084 3081 jam
1116 3007 1417 3081 perfecerat
1442 3010 1565 3068 iste.

259 3091 439 3147 Unum
459 3109 595 3163 opus
622 3098 901 3154 amborum
929 3117 945 3155 :
973 3098 1223 3157 Christus
1243 3112 1528 3159 conservet
1554 3111 1832 3177 utrosque.

256 3184 323 3238 Et
355 3192 434 3252 tu,
473 3196 656 3244 sancte
689 3189 784 3245 Dei
810 3199 1037 3264 martyr,
1095 3194 1295 3251 invicte
1326 3198 1634 3274 triumphis,

254 3276 533 3334 Auxiliare
565 3281 690 3347 tuis,
717 3293 919 3352 pastor,
951 3286 1115 3341 Pater
1136 3288 1356 3358 optime,
1380 3291 1570 3347 servis.

1005 3400 1114 3457 CV.

470 3507 692 3565 Carmen
734 3512 899 3582 priori
922 3513 1158 3570 additum
1198 3519 1267 3571 ad
1308 3518 1610 3575 Vasconem.

255 3616 346 3672 llis
369 3627 592 3688 septena
637 3620 736 3677 tibi
765 3623 937 3679 direxi
982 3628 1222 3681 carmina
1275 3628 1449 3684 Vasco
1472 3630 1527 3695 ιι,

254 3705 335 3762 Tu
372 3708 499 3778 quia
527 3711 721 3766 misisti
774 3714 1036 3769 butristas
1079 3716 1095 3755 ί
1134 3724 1192 3769 ut
1218 3731 1430 3787 quoque
1453 3720 1652 3775 binas:

251 3796 344 3853 Bis
392 3806 523 3870 puto
553 3811 773 3872 septena
799 3802 1035 3874 caligesi
1063 3805 1176 3875 jam
1206 3804 1343 3860 forte
1379 3814 1641 3875 tenentes,

254 3890 322 3945 Et
345 3893 432 3948 bis
480 3904 729 3964 septenas
754 3896 956 3952 habeas
987 3912 1081 3967 per
1128 3898 1368 3952 carmina
1424 3909 1623 3970 grates.

252 3976 362 4032 Sed
388 3994 519 4049 rogo
540 3996 639 4036 nos
668 3997 909 4038 memora
925 3985 1193 4054 precibus,
1222 3994 1543 4055 nostrosque
1555 3997 1830 4056 parentes,

250 4068 494 4133 Quorum
519 4086 750 4141 namque
774 4068 928 4129 vidé‘s
955 4084 1011 4129 et
1035 4076 1232 4147 scripta
1260 4076 1389 4131 hinc
1423 4078 1639 4133 nomina
1668 4081 1831 4136 sedis.

252 4160 481 4230 Semper
506 4162 561 4216 in
585 4171 846 4219 mternum
877 4165 1148 4222 valeas....
1203 4166 1447 4221 carmina
1470 4182 1601 4223 vasa
1639 4169 1666 4209 ιι

320 4327 348 4389 ξ
375 4315 555 4389 Edit.,
575 4319 903 4389 cogitassent.

320 4384 351 4425 δ
377 4386 477 4440 Ms.
524 4384 655 4451 831.,
690 4389 921 4444 obsecra.

318 4466 341 4494 ο
391 4456 525 4511 Cod.
576 4458 710 4523 Sal.,
758 4471 804 4513 et
827 4460 1019 4514 cultus.

1277 355 1605 413 CARMINA.
1645 390 1715 400 —
1749 359 2267 419 INSCRIPTIONES
2298 364 2555 421 VARUS.

3435 376 3535 432 754

1889 480 1942 538 Δ
1967 476 2062 531 Fel
2098 476 2115 515 ι
2172 480 2321 534 venit
2369 481 2435 535 ad
2458 480 2711 536 Flaccum
2756 483 2899 539 hunc
2948 500 3034 541 me
3058 486 3342 546 benedicat
3373 492 3541 550 bucca

3160 579 3420 653 [Maronis

2031 657 2219 722 Hodie,
2251 659 2294 712 si
2318 659 2513 729 placet,
2546 661 2836 731 Virgiliace
2866 679 3022 734 puer.

1993 783 2135 830 νιι.
2170 785 2261 831 II
2293 786 2815 838 ιουιιτειιιο
2845 792 3473 847 αοιωιαιιιηι.

2691 891 2821 947 CVI.

1961 982 2001 1010 ω
2028 970 2109 1026 De
2146 973 2290 1029 cellae
2336 976 2773 1105 Cormaricensljs’J
2796 987 3107 1051 prmatantia
3167 1004 3277 1057 pra:
3328 990 3533 1056 maqnis

2625 1068 2690 1103 ur
2724 1069 2739 1105 ι
2781 1069 2860 1105 us.

2625 1068 2860 1106 urowus.

1961 1132 2191 1190 Urbibus
2218 1138 2473 1208 egregiis,
2538 1157 2769 1210 quarum
2807 1160 2944 1200 nova
3001 1148 3234 1204 culmina
3284 1160 3545 1224 surgunt,

2028 1225 2324 1298 Famigerze
2355 1228 2541 1287 laudes
2575 1242 2631 1288 et
2662 1250 2822 1306 super
2848 1245 2995 1293 astra
3022 1240 3238 1307 volant;

1956 1313 2253 1372 Vatiferem
2281 1329 2310 1357 ιι
2368 1329 2611 1377 veterum
2646 1325 2923 1381 celebrant
2950 1343 3086 1397 quas
3113 1331 3355 1387 carmine
3382 1332 3528 1397 libri,

2028 1404 2350 1477 Multiplices
2371 1412 2489 1465 auri
2542 1427 2643 1468 nec
2666 1427 3022 1471 numerantur
3042 1433 3193 1488 opes.

1956 1496 2082 1553 Haec
2123 1508 2228 1568 est,
2275 1518 2436 1573 quam
2458 1506 2654 1570 cernis,
2688 1507 2923 1564 silvestri
2948 1512 3147 1569 ruStica
3169 1520 3333 1581 tecto,

2025 1588 2348 1663 Constructa
2375 1596 2429 1650 in
2468 1611 2656 1652 eremo
2702 1599 2894 1655 cellula
2930 1601 3178 1657 nobilior.

1956 1681 2119 1753 216
2158 1683 2284 1742 Haec
2305 1687 2498 1742 studiis
2539 1687 2693 1744 ﬂoret
2717 1692 2889 1747 sacris
2917 1701 2974 1748 et
2994 1695 3221 1765 sophica
3254 1704 3278 1732 ο
3302 1696 3428 1769 jura

2026 1771 2273 1845 Perleglt,
2322 1785 2378 1831 et
2409 1784 2607 1832 tractat
2628 1779 2870 1835 clancula
2897 1782 3039 1837 dicta
3074 1797 3282 1840 senum.

1956 1860 2210 1917 Venditor
2230 1872 2392 1934 atque
2425 1881 2617 1921 senum
2646 1868 2867 1924 volvunt
2922 1881 2949 1921 ι)
2995 1873 3281 1929 mendacia
3303 1872 3452 1933 mille

2016 1953 2164 2019 Illic;
2221 1963 2283 2015 ut
2316 1958 2498 2028 capiat
2518 1957 2707 2015 fraude
2733 1961 2877 2016 mala
2905 1963 3120 2019 socium
3156 1983 3169 2019 :

1946 2043 2215 2111 Quaeritur
2257 2047 2348 2103 hic
2395 2063 2582 2105 verum
2607 2065 2706 2120 per
2734 2047 3070 2124 syllogistica
3104 2066 3130 2105 ει
3160 2071 3408 2125 sacrum,

2015 2135 2262 2193 Claustra
2318 2140 2493 2195 modis
2520 2141 2688 2197 variis
2710 2142 2909 2199 famine
2935 2144 3182 2214 paciﬁca.

1946 2228 2153 2300 Saepius
2175 2231 2410 2288 ebrietas
2438 2248 2656 2289 sensum
2696 2235 2838 2289 mala
2876 2235 3089 2292 subruit
3112 2237 3251 2305 illic;

2015 2322 2239 2378 Ducitur
2266 2332 2320 2377 et
2350 2323 2535 2378 famuli
2579 2325 2669 2379 vix
2696 2324 2956 2381 Dominus
3012 2327 3281 2383 manibus.

1942 2411 2148 2483 Aspicit
2182 2412 2272 2469 hic
2319 2421 2500 2469 vester
2541 2423 2564 2451 τ
2588 2413 2797 2485 jejunia
2826 2416 2983 2488 longa
3018 2416 3308 2491 legentum,

2011 2503 2188 2572 Atque
2221 2503 2395 2572 epulis
2420 2506 2597 2574 pascit
2616 2506 2795 2560 sobria
2824 2508 2985 2562 corda
3016 2509 3204 2563 sacris.

1942 2591 2020 2647 Ad
2042 2600 2111 2653 te,
2144 2591 2378 2660 Christe,
2418 2609 2607 2664 preces
2638 2597 2876 2662 veniant,
2912 2598 3220 2666 mitissime,
3253 2607 3468 2667 nostrm,

2010 2682 2090 2737 Ad
2135 2698 2234 2739 nos
2267 2683 2517 2739 adveniat
2546 2687 2739 2757 gratia,
2768 2686 3006 2755 Christe,
3036 2697 3127 2743 tua
3156 2701 3201 2743 ο.

1941 2804 2115 2850 πω.
2148 2805 2239 2855 ut
2274 2808 2803 2881 305911;:er
2832 2811 3188 2874 quonon,
3221 2813 3355 2861 cur
3386 2813 3522 2881 Ar.-

2374 2879 2679 2927 αυηηη
2709 2880 3092 2930 Ριεισιτ.

2661 2980 2815 3036 CVII.

2364 3071 2379 3106 ί
2409 3069 2507 3125 Ubi
2533 3070 2654 3125 libri
2697 3074 3085 3128 custodiuntur.

1869 3163 1917 3230 ο
1945 3157 2172 3214 Parvula
2222 3165 2360 3213 tecta
2415 3168 2599 3215 tenent
2626 3161 2864 3216 caelestis
2900 3162 3038 3217 dona
3066 3163 3301 3232 sophite,

2012 3249 2142 3316 Quae
2193 3257 2270 3316 tu,
2317 3250 2486 3305 lector
2512 3265 2699 3317 ovans,
2754 3259 2973 3322 pectore
2998 3252 3144 3308 disce
3164 3253 3272 3324 pio.

1941 3342 2202 3398 Omnibus
2230 3350 2314 3398 est
2350 3343 2498 3413 gazis
2545 3343 2735 3399 melior
2756 3344 3017 3414 sapientia
3038 3345 3214 3412 donis,

2009 3432 2179 3498 Quam
2207 3433 2364 3488 modo
2410 3433 2503 3504 qui
2531 3434 2774 3504 sequitur
2801 3433 2936 3489 lucis
2988 3434 3349 3493 habebititer.

2658 3522 2833 3579 CVIII.

2500 3615 2580 3671 Ad
2609 3632 2939 3688 campanam.

1937 3701 2162 3772 Semper
2189 3703 2243 3757 in
2302 3712 2562 3760 aeternum
2593 3704 2757 3761 faciat
2785 3707 2900 3762 haec
2924 3707 3131 3764 elocula
3153 3718 3359 3767 tantum

1935 3791 2218 3857 Carmina;
2260 3795 2357 3867 sed
2378 3801 2597 3848 resonet
2614 3795 2769 3849 nobis
2789 3795 2930 3849 bona
2953 3797 3133 3853 clocca
3164 3814 3435 3855 cocorum.

2664 3884 2798 3940 CIX.

2170 3976 2254 4028 Ad
2280 3975 2452 4029 locum
2490 3991 2518 4028 e
2544 3989 2647 4043 quo
2690 3975 2760 4027 ad
2784 3991 3017 4031 mensam
3044 3977 3254 4047 legitur.

1931 4066 2216 4121 Fratribus
2250 4081 2321 4122 ex
2340 4066 2447 4121 alta
2486 4072 2703 4120 resonet
2746 4065 2887 4121 bona
2912 4077 2941 4106 ιι
2991 4066 3151 4122 lectio
3179 4069 3329 4135 sedc,

1934 4156 2240 4211 Exhortans
2296 4156 2505 4212 animos
2530 4170 2744 4226 semper
2780 4156 3044 4213 meditare
3092 4172 3346 4230 superna.

2012 4310 2028 4350 ι
2065 4313 2240 4384 Locus
2268 4322 2574 4384 corruptus.

2004 4382 2366 4457 mASequimur
2409 4382 2818 4457 celeberrimum
2862 4384 3246 4457 Malnillonium,
3290 4386 3394 4457 qui
3446 4397 3501 4442 et

1932 4453 2047 4527 ipse
2066 4454 2171 4509 hoc
2209 4455 2539 4527 epigramma
2575 4455 2645 4527 de
2668 4453 3075 4527 ACormaricensi
3104 4456 3234 4512 cella
3284 4453 3498 4527 intelligi

315 4525 343 4565 ιι
384 4518 768 4604 ᾼ-ῐξείιτεωηύε
796 4530 1087 4604 cpiscopus
1112 4529 1211 4585 fuit
1255 4530 1528 4599 Metensis,
1577 4533 1813 4604 quiobiil

1949 4518 2125 4604 felle-re
2141 4518 2431 4604 existimat,
2463 4525 2585 4580 Act.
2605 4524 2753 4604 -S_S.,
2766 4541 2889 4582 szec.
2916 4541 2991 4592 ιν,
3009 4535 3149 4596 part.
3175 4544 3212 4593 ι,
3231 4541 3352 4598 pag.
3379 4518 3500 4583 Πῧ.

242 4611 392 4651 anno
414 4596 512 4669 ’ξω
576 4606 632 4651 et
661 4596 898 4669 sepultus
925 4596 1008 4655 est
1029 4601 1082 4655 in
1106 4604 1434 4658 monasterio
1457 4596 1629 4659 sancti
1651 4604 1829 4661 Nabo-

243 4668 346 4731 ris,
388 4666 497 4720 alio
537 4666 752 4724 nomine
796 4671 1142 4726 Nova-Cella.

318 4749 344 4777 ο
383 4738 569 4804 Forte,
625 4757 852 4794 sacrum.

320 4807 341 4847 ί
384 4807 583 4893 Rapuit
632 4809 1294 4893 nforaimprobafatrem.
1346 4812 1423 4893 Eg
1459 4813 1825 4893 ltisconfuta-

239 4886 335 4933 tur
365 4878 607 4951 calculus
631 4878 918 4947 Meurissii,
965 4882 1056 4950 qui
1088 4879 1423 4951 Angilramni
1451 4884 1823 4951 pontificatum

240 4963 308 5022 ac
328 4950 499 5022 vitam
520 4958 777 5022 prorogat
804 4952 880 5022 ad
911 4967 1109 5022 annum
1133 4950 1236 5007 808
1263 4952 1419 5022 longe
1450 4950 1580 5022 post
1617 4954 1822 5022 obitum

243 4966 308 5002 ac
328 4966 499 5031 Vlla-In
517 4966 777 5074 Erorogat
800 4966 880 5032 ,αα
911 4967 1109 5033 annum
1133 4966 1419 5073 suntonfe
1457 4966 1580 5032 post
1617 4966 1821 5036 obitum

243 5018 677 5160 Sgguigéafqus
730 5022 986 5091 epitaphu
1045 5031 1281 5075 auctoris
1317 5018 1339 5092 (
1370 5019 1571 5086 labtll.,
1624 5021 1660 5074 ι.
1706 5032 1821 5090 cu.,

271 5105 361 5141 aa.
392 5105 513 5141 ους).

237 5105 361 5197 ΜΖ.
573 5158 760 5214 Vasco.

311 5228 341 5301 ll
377 5228 733 5301 Bis'septena,
779 5240 884 5284 etc.
916 5229 973 5285 Id
1019 5236 1121 5295 est,
1178 5231 1584 5301 quatuordeeim
1629 5247 1823 5290 versus

240 5298 443 5367 prioris
477 5298 737 5355 carminis
779 5301 899 5355 IOI.

318 5369 665 5441 _i_Butristas.
725 5370 1027 5441 Legendum
1077 5369 1320 5425 fortassis
1371 5369 1626 5426 Buttistas
1646 5380 1703 5427 et
1751 5375 1824 5429 si-

240 5437 500 5507 gniﬁcare
549 5437 822 5495 videntur'
845 5455 975 5495 vasa
1022 5441 1258 5504 vinaria,
1309 5449 1558 5509 septenos
1612 5443 1816 5499 calices

240 5518 575 5580 seuseptetn
608 5520 783 5565 certas
830 5526 1116 5566 mensuras
1145 5510 1589 5580 capientestV'id.
1641 5511 1816 5569 Gloss.

242 5576 521 5651 Watclieri
572 5594 704 5636 voce
754 5581 925 5635 Butte.
968 5576 1225 5651 Ducangc'
1261 5596 1391 5637 voce
1427 5579 1594 5637 Βαινο
1615 5590 1667 5638 ει
1703 5583 1816 5638 Ba-

242 5648 444 5701 tristris.

318 5717 331 5765 ἱ
382 5718 563 5783 Forte,
601 5728 835 5783 septenos
872 5722 1077 5778 (ηιατυς.

313 5786 340 5826 ἀ
379 5787 562 5857 Forte,
621 5786 807 5850 Vasco.

2002 4604 2027 4632 ο
2057 4594 2241 4666 Forte,
2274 4596 2581 4666 veliferam,
2600 4595 2763 4666 idest
2792 4605 2987 4653 vatum.

2003 4672 2026 4699 °
2063 4665 2229 4737 [Edit.,
2272 4664 2536 4737 esophica,
2566 4664 2790 4727 Mabill.,
2818 4665 3164 4737 tlteosophica.

2004 4745 2030 4784 ιι
2066 4735 2251 4801 Forte,
2302 4734 2475 4788 volvit.

1997 4815 2023 4854 ει
2063 4804 2227 4867 Edit.,
2287 4802 2711 4873 Singulogistica.

2002 4884 2022 4910 τ
2059 4873 2101 4942 ξεῖ
2104 4884 2241 4937 orte,
2287 4889 2481 4942 vesper.

1999 4953 2019 4980 ⁸
2062 4941 2161 4996 Hic
2219 4941 2641 5011 abrumpentium
2672 4942 2857 4997 censui
2893 4956 3113 4997 carmen
3160 4943 3261 4999 198
3291 4944 3344 4999 in
3367 4946 3498 4999 edit.

1926 5010 2278 5084 Quercetani;
2328 5010 2470 5080 quad
2517 5012 2794 5084 sequentia
2847 5026 2970 5084 cum
3024 5014 3292 5084 prioribus
3326 5013 3504 5084 plane

1923 5096 2031 5153 non
2066 5081 2389 5153 cohaereant,
2443 5089 2499 5136 et
2529 5082 2618 5137 hic
2645 5083 2803 5153 solita
2848 5082 3081 5153 clausula
3111 5081 3369 5153 carminis
3405 5098 3511 5153 po.

1926 5150 2026 5220 sita
2065 5151 2152 5205 sit.
2183 5150 2411 5205 Carmen
2459 5166 2585 5205 vero
2609 5152 2908 5206 subnexum
2937 5152 3030 5217 ibi,
3060 5152 3288 5220 mnigma
3317 5150 3495 5208 est'de

1922 5218 2334 5344 agr‘naceéetguod
2358 5221 2479 5277 vide
2502 5220 2727 5276 inferius
2750 5222 2890 5275 inter
2905 5220 3008 5274 alia
3034 5218 3317 5298 aanigﬁ'mata
3339 5237 3492 5280 num.

1962 5326 1993 5343 ..
2059 5305 2089 5344 e
2248 5330 2260 5343 .

1962 5292 2020 5343 21
2059 5299 2114 5344 et
2136 5292 2260 5344 222.

2002 5362 2020 5397 ί
2062 5360 2162 5415 Hic
2180 5368 2265 5415 est
2291 5361 2474 5415 titulus
2503 5359 2661 5429 huius
2690 5358 2947 5416 carminis
2975 5358 3027 5413 in
3052 5359 3169 5414 cod.
3189 5375 3292 5415 ms.
3325 5358 3493 5416 Salis-

1921 5429 2196 5501 bnrgensi,
2252 5445 2360 5501 quo
2399 5431 2481 5484 usi
2516 5428 2729 5501 sumus.
2772 5428 3061 5501 Sequentia
3097 5430 3201 5484 duo
3250 5430 3492 5501 carmina

1919 5500 1975 5554 in
1998 5498 2187 5555 eodem
2210 5498 2328 5556 cod.
2385 5508 2571 5555 carent
2594 5498 2783 5561 titulis,
2839 5498 2870 5553 a
2897 5498 3061 5567 priori
3100 5505 3277 5567 tamen
3315 5499 3492 5554 divi‘sa

1919 5578 2061 5631 sunt,
2104 5585 2225 5640 qum
2263 5570 2317 5624 in
2341 5570 2469 5624 edit.
2509 5569 2758 5636 Quercet.
2803 5566 2951 5624 num.
2979 5567 3086 5622 205
3114 5566 3340 5624 indivise
3364 5583 3497 5624 cur-

1921 5648 2065 5694 runt.

1988 5721 2015 5747 ιι
2044 5708 2168 5776 Ms.,
2193 5726 2364 5763 sacra.
