3890 6160
334 332 440 388 755

332 442 590 507 Esuriens
611 445 837 518 dapibus
881 458 1077 514 corpus
1102 426 1228 498 dum
1253 443 1494 515 pascitur
1518 440 1666 509 illud,

333 540 487 598 biens
505 538 592 610 pia
622 536 875 608 pascatur
918 535 1102 591 verbis
1149 534 1460 591 caelestibus
1488 532 1602 587 illa.
1642 578 1646 581 .

332 634 402 692 Et
449 634 568 689 laus
593 632 731 687 alma
780 631 892 686 Deo
920 638 1036 686 tota
1084 630 1358 700 capitatur
1384 639 1410 668 ι
1440 628 1495 683 in
1518 626 1665 692 aula,

222 728 227 731 ’
332 725 497 781 Plena
520 724 633 779 Suis
660 722 878 778 famulis
923 722 1153 793 dapibus
1198 735 1319 792 qum
1349 719 1379 760 δ
1409 718 1616 775 fercula
1664 725 1908 788 prastat.

330 820 507 892 Atque
534 821 775 875 animum
834 819 1040 889 pariter
1068 817 1275 875 cmlcsti
1304 831 1442 889 pane
1476 813 1700 872 cibavit.

1069 928 1181 985 CX.

902 1034 925 1064 ⁸
967 1022 1050 1077 Ad
1081 1037 1335 1077 mensam.

331 1104 560 1172 FerCuia
590 1112 775 1171 nostra
814 1113 937 1184 pios
973 1112 1221 1169 Christus
1244 1108 1530 1166 benedicat
1562 1107 1617 1163 in
1639 1102 1787 1174 auia,

329 1206 397 1261 Et
424 1221 520 1261 sua
543 1202 862 1275 multiplicat
905 1203 1202 1259 clementer
1221 1212 1445 1256 munera
1472 1199 1643 1255 servis
1660 1197 1712 1252 ά.

329 1298 433 1367 Qui
486 1306 739 1353 mannam
766 1297 964 1368 pbpulo
1019 1295 1229 1351 caelesti
1285 1293 1514 1349 misitin
1552 1292 1747 1355 imbre,

328 1389 575 1459 Rupibus
607 1396 665 1444 et
681 1388 763 1443 sic
797 1388 848 1442 ei
879 1394 905 1424 θ
935 1385 1139 1442 sitienti
1170 1376 1391 1458 fiumina
1418 1376 1593 1437 fudit:

326 1478 566 1536 Panibus
611 1486 667 1536 et
702 1479 882 1551 quinis
927 1477 1148 1535 Satiavit
1185 1475 1352 1532 miilia
1390 1474 1628 1545 quinque
1663 1491 1677 1527 :

328 1573 431 1641 Qui
468 1573 736 1628 convertit
783 1572 952 1642 aquas
998 1568 1232 1625 mirandi
1281 1567 1336 1621 in
1362 1567 1487 1620 vina
1534 1560 1769 1634 Saporis,

327 1667 439 1722 hos
468 1668 525 1722 et
562 1670 747 1720 nostra
799 1661 959 1719 simul
986 1660 1271 1719 benedicat
1322 1646 1529 1715 fercula
1575 1657 1745 1720 mitis,

326 1756 727 1827 Conservetquc
770 1764 898 1812 suos
931 1750 1163 1810 {amulos
1203 1753 1259 1807 in
1278 1762 1413 1823 pace
1450 1762 1668 1814 serena,

324 1848 599 1905 Laudibus
644 1856 807 1919 atque
849 1849 961 1904 Suis
982 1847 1148 1902 faciat
1180 1845 1475 1902 consistere
1499 1851 1681 1899 sanos.

325 1940 588 1998 Paciﬁcas
625 1948 827 2007 mores,
860 1937 1078 2005 fratres,
1111 1942 1210 1994 Vos
1242 1946 1459 2007 semper
1492 1940 1693 1996 amate,

326 2036 553 2106 Semper
600 2042 750 2090 amat
790 2033 1046 2105 quoniam
1090 2038 1279 2102 pacem
1331 2034 1429 2084 res
1473 2027 1589 2097 ipse
1622 2023 1896 2096 polorum.

324 2129 483 2185 Pacis
529 2133 800 2183 amatores
840 2125 952 2181 nati
976 2130 1103 2180 sunt
1136 2130 1264 2179 ecce
1300 2112 1584 2176 Tonantis.

328 2220 351 2260 ί
386 2220 486 2276 Hic
516 2219 720 2291 pariter
759 2216 956 2273 fratres
981 2210 1195 2273 Domini
1225 2218 1349 2272 cum
1373 2208 1624 2267 laudibus
1675 2207 1904 2270 intrent,

324 2311 552 2383 Semper
571 2313 625 2367 in
645 2316 741 2367 ore
785 2308 941 2366 sonat
967 2312 1199 2381 quorum
1219 2306 1339 2361 laus
1360 2303 1532 2376 gloria
1559 2300 1798 2359 Christo.

327 2405 449 2461 Haec
492 2415 576 2461 est
601 2419 754 2460 sacra
782 2403 891 2466 via,
944 2401 1175 2472 pedibus
1225 2400 1345 2454 hzec
1384 2396 1571 2468 pervia
1606 2386 1863 2456 fratrum,

325 2497 485 2553 Solus
512 2494 717 2551 amicus
742 2494 911 2550 ovans
955 2493 1155 2564 plantis
1179 2495 1523 2562 pertranseat
1543 2486 1713 2540 illam.

324 2586 443 2645 Non
470 2588 679 2644 alienus
724 2586 845 2641 eam
870 2585 1097 2655 pedibus
1124 2586 1407 2653 percurrat
1435 2577 1657 2648 iniquis,

324 2680 440 2735 Non
464 2679 569 2745 fur,
593 2678 909 2746 falsiloquus
939 2673 1245 2744 quisquam,
1272 2685 1379 2725 non
1407 2676 1586 2723 mente
1616 2666 1851 2738 maligna
1890 2680 1905 2720 :

324 2758 434 2826 sed
471 2762 745 2826 fraternus
786 2782 940 2822 amor
971 2765 1181 2838 pariter
1201 2763 1490 2820 comitetur
1508 2771 1720 2819 euntes.

325 2866 393 2920 Et
428 2880 534 2935 pax
579 2870 744 2934 atque
777 2856 910 2916 iides
934 2858 1127 2930 pietas,
1158 2854 1466 2921 concordia,
1489 2871 1663 2923 sacra,

327 2958 391 3012 Et
420 2954 601 3011 divina
630 2952 790 3010 simul
838 2959 1058 3008 resonet
1076 2949 1195 3004 laus
1225 2962 1439 3018 semper
1469 2948 1524 3001 in
1546 2962 1660 3002 ore.

323 3046 538 3103 Currite
565 3044 706 3119 [vos]
743 3044 969 3115 juvenes
998 3040 1202 3097 Christi
1229 3032 1586 3110 properanter
1618 3036 1688 3093 ad
1708 3033 1907 3101 aulam,

326 3138 658 3208 Intentisque
699 3134 895 3191 animis
934 3140 1096 3190 v'oces
1145 3128 1330 3187 audite
1374 3142 1656 3200 supernas.

326 3232 447 3288 Non
487 3246 584 3286 vos
608 3228 842 3299 decipiat
893 3216 1051 3282 fallax
1096 3223 1325 3281 dulcedo
1356 3223 1624 3294 iocorum,

325 3322 445 3378 Non
477 3318 711 3376 carnalis
739 3332 913 3383 amor,
963 3313 1146 3381 ludus,
1188 3312 1504 3386 petulantia,
1536 3312 1702 3367 risus.

325 3413 467 3469 Dum
488 3411 633 3479 viget
656 3417 681 3454 κ
707 3418 871 3476 atque
890 3405 1035 3460 valet
1055 3404 1231 3459 caiido
1254 3401 1368 3474 [de]
1393 3401 1657 3472 sanguine
1688 3413 1909 3469 corpus.

330 3503 530 3559 Discite
573 3499 824 3571 ﬂorigera
853 3504 1123 3553 sacratam
1152 3496 1312 3550 aetate
1347 3494 1618 3563 sopbiam,

330 3595 478 3652 More
506 3590 721 3648 ﬂuentis
758 3603 913 3660 aquae
957 3586 1169 3658 fugiunt
1215 3585 1342 3656 quia
1381 3592 1623 3656 tempora
1673 3598 1907 3654 semper.

912 3770 913 3775 γ
1063 3694 1200 3760 CXI.

632 3821 715 3875 Ad
743 3812 893 3874 aram
915 3818 1086 3874 sancti
1130 3816 1356 3871 Joannis
1385 3814 1667 3886 Baptism.

329 3939 638 3994 Pracursor
674 3932 889 3989 Domini
917 3940 1145 4001 magnus
1166 3928 1407 4000 Baptista
1437 3924 1694 3991 Joannes,

326 4031 482 4088 Ilanc
508 4033 667 4084 ornat
700 4030 945 4081 sanctam
970 4022 1180 4077 meritis
1205 4019 1526 4076 sublimibus
1550 4017 1750 4073 aulam.

328 4123 430 4191 Qui
466 4121 568 4177 fuit
630 4119 883 4175 humanm
908 4117 1247 4173 venerandus
1265 4126 1446 4185 praeco
1473 4112 1692 4177 solutis,

328 4215 431 4272 llic
460 4213 602 4270 ierat
629 4213 889 4267 auxilium
933 4209 1091 4264 nobis
1112 4208 1318 4262 virtute
1335 4219 1592 4277 superna.

1064 4345 1222 4401 CXII.

682 4441 765 4497 Ad
791 4444 941 4496 arani
968 4436 1136 4493 sancti
1158 4434 1326 4491 Saleii
1346 4434 1617 4505 martyris.

332 4558 544 4617 Salvius
573 4557 664 4615 hic
687 4552 883 4628 praesul
912 4549 1123 4608 meritis
1167 4554 1223 4604 et
1244 4555 1457 4618 martyr
1484 4547 1772 4610 honestus,

330 4651 590 4711 Praseuti
612 4650 785 4707 sacris
803 4646 943 4703 votis
967 4649 1298 4699 memoratur
1319 4641 1373 4694 in
1396 4652 1517 4695 ara.

1023 4755 1202 4813 CXIII.

366 4930 369 4937 Ι
749 4853 832 4909 Ad
858 4868 1006 4908 aram
1034 4850 1202 4904 sancti
1228 4844 1476 4901 Bavonis.

334 4930 463 5006 lizec
492 4946 609 5003 loca
638 4942 939 5001 sanctiﬁcet
963 4936 1300 4995 venerandus
1340 4930 1495 4990 Bavo
1530 4922 1805 4997 sacerdos,

335 5040 637 5113 Discipulos
660 5038 771 5092 vita
818 5032 998 5089 Patris
1033 5031 1334 5100 condignus
1359 5025 1611 5083 Amandi.

408 5230 433 5258 ι
474 5206 597 5279 Ms,
629 5223 886 5268 cantetur.

407 5288 438 5327 δ
477 5285 597 5349 Ms,
627 5285 739 5356 qui.

409 5368 432 5395 ε
460 5338 550 5411 113'
562 5338 665 5411 hoc
689 5369 906 5409 carmen
935 5350 1250 5409 inscribitur
1270 5346 1327 5402 in
1346 5344 1466 5401 cod.
1500 5359 1606 5399 ms.
1639 5338 1838 5400 Salisb.

406 5425 434 5466 δ
471 5425 561 5481 Sic
584 5425 769 5479 ﬁnitur
790 5440 1006 5479 carmen
1038 5423 1092 5477 in
1118 5421 1305 5477 eodem
1328 5416 1449 5473 cod.
1483 5429 1611 5481 ms.,
1638 5417 1914 5472 continua-

339 5503 429 5550 tur
456 5510 584 5565 vero
615 5495 668 5548 in
691 5494 927 5565 editione
955 5491 1298 5561 Quercetani.

416 5576 440 5603 °
479 5563 602 5628 Ms,
633 5574 681 5616 et
701 5564 873 5617 siccis.

416 5632 437 5672 f
464 5632 594 5698 Quae
627 5633 715 5700 hic
733 5641 1051 5700 sequuntur,
1097 5646 1204 5686 non
1234 5636 1302 5688 ad
1322 5649 1584 5697 mensam,
1612 5631 1706 5689 sed
1742 5630 1808 5685 ad
1834 5627 1914 5682 in-

338 5714 622 5783 ςιιηιηίιιιο
642 5699 846 5783 iratres
868 5704 934 5755 ad
967 5704 1213 5783 chomrn,
1250 5705 1316 5757 ad
1338 5704 1622 5783 colloquia,
1655 5703 1720 5756 ad
1758 5702 1916 5755 scho-

344 5772 449 5826 iam
492 5772 568 5824 ire
600 5779 1015 5829 consueverunt,
1053 5771 1325 5839 pertinere
1357 5771 1622 5827 videntur.

1184 330 1245 384 Β.
1280 330 1340 384 r.
1382 312 1608 383 nam
1643 325 1776 382 SEU
1808 316 2087 381 ALCUlNi
2124 316 2409 382 OPERUM
2444 317 2626 381 PARS
2659 325 2747 379 v1.

1934 440 1988 501 Α

1935 3136 1983 3198 (2

1937 4480 1991 4547 D

3480 294 3595 350 ’ἰεῦ

2723 434 2906 495 CXIV.

2723 440 2838 495 CXI
2893 477 2906 489 .

2117 536 2200 590 Ad
2221 537 2490 591 ecclesiam
2524 534 2699 588 sancti
2717 440 2973 602 Stepzani
2986 536 3391 601 p‘rdtomartyru
3407 528 3463 583 ἓ.

2013 653 2125 709 Hac
2149 668 2376 724 magnus
2398 650 2595 705 colitur
2625 646 2930 717 Stephanus
2964 642 3331 716 protomartyr
3354 643 3413 700 in
3440 640 3602 710 auia,

2012 746 2114 814 Qui
2149 745 2252 800 fuit
2273 743 2522 815 egregius
2566 738 2778 796 meritis
2828 740 2884 792 et
2906 737 3121 791 nomine
3146 732 3347 791 clarus.

2011 834 2113 901 Qui
2142 832 2345 903 lapides
2368 830 2510 885 inter
2548 824 2821 883 Christum
2850 822 3104 879 cernebat
3127 820 3183 876 in
3211 836 3358 887 arce,

2011 927 2093 982 Ad
2142 924 2496 992 deitramquc
2538 919 2633 975 Dei
2669 926 2899 975 stantem
2927 928 3090 986 Super
3113 916 3279 970 ardua
3315 908 3443 969 coeli

2011 1018 2277 1083 Culmina,
2314 1015 2459 1072 ferre
2501 1028 2599 1069 suo
2650 1007 2905 1079 suffragia
2943 1014 3181 1078 martyre
3204 1014 3421 1075 magna.

2011 1112 2179 1184 Cujus
2201 1112 2407 1168 bOnore
2434 1108 2526 1179 pio
2551 1105 2680 1161 fecit
2729 1101 3051 1167 Ambrosius
3072 1099 3264 1160 aedem,

2011 1208 2131 1264 Jam
2190 1203 2442 1276 precibus
2463 1199 2674 1255 veniam
2722 1198 3025 1251 mereretur
3050 1194 3066 1234 ί
3097 1200 3157 1247 ut
3186 1186 3327 1245 illius
3356 1188 3541 1244 almis.

2011 1301 2118 1357 Pro
2142 1313 2249 1371 quo
2274 1297 2502 1368 quisque
2528 1292 2679 1362 legas
2711 1288 2927 1344 titulum
2952 1292 3182 1341 eiorare
3222 1290 3523 1346 memento,

2014 1394 2192 1465 thue
2217 1404 2376 1447 suum
2419 1380 2680 1443 famulum
2731 1378 2978 1435 Christus
2999 1374 3282 1435 conservet
3312 1375 3365 1430 in
3391 1380 3594 1429 aevum.

2364 1592 2447 1671 Ad
2467 1606 2616 1648 aram
2638 1493 2990 1643 sanc‘tzixlfetri
3013 1580 3257 1653 apostoli.

2012 1714 2128 1769 Rex
2150 1707 2375 1768 Carolus
2395 1696 2595 1762 Christi
2627 1673 2822 1770 magno
2848 1695 3070 1752 devotus
3121 1688 3327 1754 amore,

1941 1789 1987 1851 Β
2014 1802 2259 1861 Iusserat
2289 1800 2429 1855 hanc
2452 1809 2603 1850 aram
2629 1789 2805 1847 sacris
2862 1786 3061 1842 vestire
3087 1782 3317 1839 metallis

2006 1895 2090 1953 Ad
2124 1895 2288 1952 decus
2313 1888 2586 1952 Ecclesiae,
2612 1882 2888 1954 propriam
2914 1877 3236 1946 sibimetque
3261 1873 3510 1929 salutem.

2004 1989 2199 2046 Petrus
2223 1982 2518 2056 προδιοιὶὰο
2568 1977 2822 2050 princeps
2848 1973 2904 2027 in
2936 1970 3148 2042 agmine
3166 1969 3373 2040 prinum

2005 2081 2120 2136 Hoc
2148 2079 2319 2133 altare
2366 2077 2538 2144 regat,
2578 2068 2739 2127 simul
2766 2074 2823 2122 et
2846 2068 2961 2123 haec
2986 2063 3186 2133 tempia
3216 2064 3426 2128 tuetur;

2004 2172 2235 2243 Adjuvet
2263 2176 2319 2224 et
2347 2166 2602 2239 precibus
2630 2154 2956 2217 famulorum
2989 2166 3115 2213 vota
3152 2169 3392 2213 suorum.

2006 2266 2119 2323 Hoc
2144 2278 2280 2334 opus
2306 2260 2532 2317 antistes
2560 2262 2686 2326 rege
2713 2253 3004 2308 mandante
3024 2248 3254 2321 peregit,

2005 2352 2360 2415 IIildiibaidus
2399 2348 2413 2402 i
2454 2354 2622 2405 ovans
2660 2343 2919 2415 Agripina
2942 2340 3139 2412 praesul
3168 2341 3223 2395 in
3250 2338 3404 2395 urbe.

2007 2448 2170 2521 217
2207 2444 2307 2501 ilic
2349 2457 2451 2515 pro
2495 2446 2641 2509 rege,
2694 2437 2917 2498 Patres,
2967 2430 3187 2488 Christo
3223 2431 3312 2501 pia
3351 2436 3578 2484 Munera

3318 2520 3481 2593 [terte
3500 2561 3519 2585 ,

2013 2630 2082 2685 Ut
2108 2628 2396 2683 conservet
2418 2620 2542 2679 eum
2563 2620 2804 2676 caelestis
2838 2615 3011 2687 gratia
3042 2623 3277 2684 semper.

2009 2719 2136 2774 Haec
2166 2710 2251 2771 est
2283 2713 2425 2768 alma
2448 2712 2640 2767 domus
2662 2707 2817 2763 donis
2846 2700 3070 2760 solidata
3098 2701 3367 2773 supernis.

2011 2809 2162 2864 Hanc
2187 2803 2341 2877 regat
2368 2803 2730 2872 omnipotens,
2765 2808 2963 2868 magno
2990 2803 3114 2851 cum
3132 2793 3379 2863 principe
3400 2786 3585 2848 Petro.

2014 2900 2098 2956 Sit
2132 2896 2226 2953 tibi
2254 2903 2403 2952 certa
2431 2894 2601 2955 salus,
2631 2890 2806 2946 venite
2825 2896 2969 2959 spes,
2998 2886 3168 2956 ianua
3188 2882 3335 2945 vlue,

2013 2990 2267 3061 Quisquis
2290 2987 2456 3044 corde
2475 2985 2566 3055 pio‘
2589 2984 2862 3054 lacrymas
2889 2972 2993 3034 bac
3017 2977 3199 3033 fundis
3226 2976 3282 3030 in
3297 2974 3440 3029 aula.

2204 3196 2285 3252 Ad
2319 3194 2668 3251 conditorium
2706 3090 3009 3245 ﬁxum
3049 3174 3411 3259 reliquiarum.

2014 3315 2159 3381 Hmc,
2186 3321 2242 3369 tu
2263 3327 2425 3383 quam
2449 3308 2629 3365 cernis
2647 3350 2661 3372 ,
2691 3310 2990 3376 praeparata
3013 3295 3359 3361 domtmcula,
3389 3290 3577 3357 lector,

2012 3404 2311 3476 Relliquias
2346 3409 2570 3472 propter
2594 3404 2781 3454 sacras
2795 3396 2909 3466 jam
2938 3392 3153 3448 condita
3176 3394 3393 3444 constat

2013 3498 2084 3555 Ut
2108 3497 2257 3552 locus
2274 3494 2365 3550 hic
2389 3490 2624 3547 mundus
2651 3487 2906 3557 ‘suti‘ragia
2930 3480 3115 3538 sancta
3142 3488 3354 3535 teneret
3386 3495 3402 3532 :

2014 3587 2271 3645 Servatus
2289 3593 2351 3641 ut
2377 3581 2579 3640 Christi
2606 3579 2831 3635 veniens
2862 3582 3045 3631 oraret
3077 3573 3132 3626 in
3158 3571 3288 3633 isto,

2014 3677 2258 3734 Iusserat
2273 3673 2501 3730 Albinus
2523 3678 2677 3725 vates
2696 3668 2815 3722 haec
2841 3674 2985 3722 tecta
3009 3676 3231 3734 parare,

2011 3770 2119 3827 Pro
2140 3783 2270 3839 quo,
2290 3764 2384 3837 qui
2406 3762 2621 3819 titulum
2641 3759 2844 3821 videas,
2873 3769 3031 3810 orare
3050 3756 3348 3809 memento.

2703 3867 2907 3924 CXVII.

2440 3964 2517 4019 De
2538 3958 2787 4016 ruricnlis
2814 3955 3157 4027 castigandis.

2013 4074 2253 4134 Venerat
2285 4073 2466 4131 infelix
2497 4069 2738 4127 rurensis
2762 4067 2919 4123 turba
2946 4066 3165 4129 timore,

2014 4172 2186 4241 Quam
2215 4169 2416 4243 premit
2438 4167 2659 4238 opiﬁces
2679 4166 2708 4204 ιε
2736 4163 2843 4219 illis
2874 4164 3145 4218 inamatus
3173 4152 3475 4214 Amantius.

2014 4265 2153 4333 Quid
2178 4264 2384 4319 faciunt
2410 4259 2638 4316 miseri?
2678 4258 3018 4325 Rumpantur
3044 4253 3205 4309 dorsa
3234 4248 3488 4321 ﬂagellis.

2015 4358 2102 4413 Sit
2120 4371 2211 4412 rea
2235 4352 2490 4410 ruriculis
2508 4356 2719 4405 tantum
2739 4345 3039 4403 substantia
3068 4342 3240 4400 salva.

2692 4458 2923 4516 CXVIII.

2267 4558 2344 4615 De
2368 4556 2569 4614 (edibus
2594 4555 2762 4611 sacris
2783 4554 2848 4609 ab
2870 4550 3095 4607 Alauiuo
3118 4549 3350 4620 refectis.

2014 4674 2242 4732 Albinus
2264 4673 2489 4728 veniens
2512 4668 2802 4742 peregrino
2827 4665 2971 4722 vatis
2998 4664 3066 4720 ab
3087 4660 3241 4727 orbe,

2016 4767 2113 4823 His
2148 4776 2312 4836 quem
2348 4762 2550 4820 direxit
2576 4760 2837 4833 praeclara
2860 4756 3139 4814 Britannia
3166 4754 3353 4810 terris.

2019 4859 2262 4930 Suscipit
2282 4856 2429 4913 hunc
2461 4853 2710 4919 Carolus,
2738 4850 2900 4921 hujus
2926 4865 3023 4905 rex
3051 4848 3287 4917 inclytus
3319 4841 3492 4907 orbis,

2016 4952 2149 5008 Cum
2173 4952 2371 5023 pietate
2392 4958 2561 5004 sacra:
2584 4946 2787 5017 sophia:
2810 4954 2925 4999 tum
2948 4949 3172 5014 propter
3193 4948 3456 4993 amorem.

2015 5026 2115 5099 Iiic
2140 5043 2318 5098 diruta
2345 5039 2434 5097 diu
2464 5052 2808 5095 camerarum
2837 5033 3075 5090 culmina
3095 5029 3287 5100 jussit,

2086 5218 2114 5261 ⁸
2145 5214 2311 5284 Edit.,
2334 5217 2459 5272 viret
2480 5224 2547 5271 et.

2083 5290 2111 5329 ιι
2146 5271 2266 5344 Iioc
2297 5271 2512 5359 pariter
2561 5293 2616 5343 et
2643 5284 2976 5353 subsequens
3015 5288 3233 5336 carmen
3279 5271 3594 5331 contulimus

2013 5375 2140 5414 cum
2187 5375 2291 5413 ms.
2310 5356 2530 5413 'Salisb.

2091 5431 2108 5470 ί
2161 5428 2293 5485 Cod.
2335 5428 2468 5491 Sal.,
2496 5434 2744 5483 meretur.

2088 5496 2101 5549 i
2167 5476 2958 5556 Εῑάίιὶἇὶξίιιὲῗῐὶίιὰέὶιαιάιιε,
3015 5487 3387 5561 Hildeboldup,

2014 5546 2760 5692 gmigg‘esféss'c'oan‘a
2775 5546 3240 5634 sesamum
3257 5546 3447 5631 palatii
3467 5546 3595 5608 obiit

2018 5655 2165 5694 anno
2193 5655 2318 5692 διν.

2091 5710 2114 5747 ιι
2156 5709 2358 5763 Sensus
2381 5708 2664 5764 obscurus.
